<?xml version="1.0" encoding="UTF-8"?>
<!DOCTYPE html PUBLIC "-//W3C//DTD XHTML 1.0 Transitional//EN"
    "http://www.w3.org/TR/xhtml1/DTD/xhtml1-transitional.dtd">
<html xmlns="http://www.w3.org/1999/xhtml" xml:lang="en" lang="en">
 <head>
  <title>
</title>
<meta http-equiv="Content-Type" content="text/html;charset=utf-8" />
  <meta name='ocr-system' content='tesseract 3.04.00' />
  <meta name='ocr-capabilities' content='ocr_page ocr_carea ocr_par ocr_line ocrx_word'/>
</head>
<body>
  <div class='ocr_page' id='page_1' title='image "./robertistephanil01esti/robertistephanil01esti_0038.png"; bbox 0 0 2667 4145; ppageno 0'>
   <div class='ocr_carea' id='block_1_1' title="bbox 183 85 1352 178">
    <p class='ocr_par' dir='ltr' id='par_1_1' title="bbox 183 85 1352 178">
     <span class='ocr_line' id='line_1_1' title="bbox 183 85 1352 178; baseline -0.025 -14"><span class='ocrx_word' id='word_1_1' title='bbox 183 122 221 178; x_wconf 65' lang='grc' dir='ltr'>(ς</span> <span class='ocrx_word' id='word_1_2' title='bbox 630 85 1352 161; x_wconf 75' lang='lat' dir='ltr'>PRAEFAri</span> 
     </span>
    </p>
   </div>
   <div class='ocr_carea' id='block_1_2' title="bbox 189 191 1381 3353">
    <p class='ocr_par' dir='ltr' id='par_1_2' title="bbox 189 191 1381 3353">
     <span class='ocr_line' id='line_1_2' title="bbox 189 191 1344 270; baseline -0.034 -7"><span class='ocrx_word' id='word_1_3' title='bbox 189 227 254 263; x_wconf 83' lang='lat' dir='ltr'>tria</span> <span class='ocrx_word' id='word_1_4' title='bbox 268 220 546 270; x_wconf 85' lang='lat' dir='ltr'>Neapolitanum</span> <span class='ocrx_word' id='word_1_5' title='bbox 565 224 641 250; x_wconf 87' lang='lat' dir='ltr'>non</span> <span class='ocrx_word' id='word_1_6' title='bbox 658 206 905 246; x_wconf 85' lang='lat' dir='ltr'>distrahenius,</span> <span class='ocrx_word' id='word_1_7' title='bbox 932 209 1022 252; x_wconf 79' lang='lat' dir='ltr'>quos</span> <span class='ocrx_word' id='word_1_8' title='bbox 1044 204 1162 249; x_wconf 78' lang='lat' dir='ltr'>neque</span> <span class='ocrx_word' id='word_1_9' title='bbox 1186 191 1344 228; x_wconf 86' lang='lat' dir='ltr'>distraxit</span> 
     </span>
     <span class='ocr_line' id='line_1_3' title="bbox 191 239 1347 310; baseline -0.032 -1"><span class='ocrx_word' id='word_1_10' title='bbox 191 274 346 310; x_wconf 77' lang='lat' dir='ltr'>Sabellicus.</span> <span class='ocrx_word' id='word_1_11' title='bbox 409 272 430 286; x_wconf 88' lang='lat'><strong>“</strong></span> <span class='ocrx_word' id='word_1_12' title='bbox 458 263 626 310; x_wconf 90' lang='lat' dir='ltr'>Subjiciet</span> <span class='ocrx_word' id='word_1_13' title='bbox 653 260 707 296; x_wconf 87' lang='lat' dir='ltr'>his</span> <span class='ocrx_word' id='word_1_14' title='bbox 744 255 868 301; x_wconf 88' lang='lat' dir='ltr'>aliquis</span> <span class='ocrx_word' id='word_1_15' title='bbox 892 247 986 286; x_wconf 90' lang='lat' dir='ltr'>haud</span> <span class='ocrx_word' id='word_1_16' title='bbox 1009 248 1192 298; x_wconf 80' lang='lat' dir='ltr'>immerito</span> <span class='ocrx_word' id='word_1_17' title='bbox 1210 239 1347 288; x_wconf 76' lang='lat' dir='ltr'>johan..</span> 
     </span>
     <span class='ocr_line' id='line_1_4' title="bbox 194 288 1351 358; baseline -0.033 2"><span class='ocrx_word' id='word_1_18' title='bbox 194 327 218 344; x_wconf 91' lang='lat'><strong>“</strong></span> <span class='ocrx_word' id='word_1_19' title='bbox 243 333 326 358; x_wconf 90' lang='lat' dir='ltr'>nem</span> <span class='ocrx_word' id='word_1_20' title='bbox 347 314 565 355; x_wconf 89' lang='lat' dir='ltr'>Tortellium</span> <span class='ocrx_word' id='word_1_21' title='bbox 585 309 770 348; x_wconf 89' lang='lat' dir='ltr'>Aretinuni</span> <span class='ocrx_word' id='word_1_22' title='bbox 786 304 821 339; x_wconf 59' lang='grc' dir='ltr'>ὃς</span> <span class='ocrx_word' id='word_1_23' title='bbox 838 299 1030 348; x_wconf 82' lang='lat' dir='ltr'>Junianum</span> <span class='ocrx_word' id='word_1_24' title='bbox 1052 292 1193 330; x_wconf 80' lang='lat' dir='ltr'>Maium</span> <span class='ocrx_word' id='word_1_25' title='bbox 1207 288 1351 327; x_wconf 84' lang='lat' dir='ltr'>Parthe-</span> 
     </span>
     <span class='ocr_line' id='line_1_5' title="bbox 193 336 1352 416; baseline -0.033 -7"><span class='ocrx_word' id='word_1_26' title='bbox 193 376 217 392; x_wconf 87' lang='lat'><strong>“</strong></span> <span class='ocrx_word' id='word_1_27' title='bbox 241 378 419 416; x_wconf 82' lang='lat' dir='ltr'>nopaeuni.</span> <span class='ocrx_word' id='word_1_28' title='bbox 468 361 642 411; x_wconf 88' lang='lat' dir='ltr'>Juverunt</span> <span class='ocrx_word' id='word_1_29' title='bbox 663 355 716 392; x_wconf 89' lang='lat' dir='ltr'>illi</span> <span class='ocrx_word' id='word_1_30' title='bbox 740 349 904 389; x_wconf 85' lang='lat' dir='ltr'>industria</span> <span class='ocrx_word' id='word_1_31' title='bbox 926 352 1076 397; x_wconf 83' lang='lat' dir='ltr'>uterque</span> <span class='ocrx_word' id='word_1_32' title='bbox 1103 340 1159 378; x_wconf 88' lang='lat' dir='ltr'>sua</span> <span class='ocrx_word' id='word_1_33' title='bbox 1177 350 1248 395; x_wconf 79' lang='lat' dir='ltr'>nec</span> <span class='ocrx_word' id='word_1_34' title='bbox 1259 336 1352 374; x_wconf 49' lang='lat' dir='ltr'>mula</span> 
     </span>
     <span class='ocr_line' id='line_1_6' title="bbox 194 389 1346 455; baseline -0.031 2"><span class='ocrx_word' id='word_1_35' title='bbox 194 424 219 441; x_wconf 74' lang='lat'>‘⁶</span> <span class='ocrx_word' id='word_1_36' title='bbox 243 426 319 455; x_wconf 91' lang='lat' dir='ltr'>tum</span> <span class='ocrx_word' id='word_1_37' title='bbox 329 418 421 452; x_wconf 89' lang='lat' dir='ltr'>inter</span> <span class='ocrx_word' id='word_1_38' title='bbox 433 412 465 448; x_wconf 92' lang='lat' dir='ltr'>se</span> <span class='ocrx_word' id='word_1_39' title='bbox 478 407 609 447; x_wconf 86' lang='lat' dir='ltr'>diversa</span> <span class='ocrx_word' id='word_1_40' title='bbox 621 405 814 442; x_wconf 89' lang='lat' dir='ltr'>verborum</span> <span class='ocrx_word' id='word_1_41' title='bbox 833 394 1011 449; x_wconf 76' lang='lat' dir='ltr'>utriusque</span> <span class='ocrx_word' id='word_1_42' title='bbox 1024 392 1155 438; x_wconf 72' lang='lat' dir='ltr'>linguae</span> <span class='ocrx_word' id='word_1_43' title='bbox 1164 399 1310 435; x_wconf 89' lang='lat' dir='ltr'>copiam</span> <span class='ocrx_word' id='word_1_44' title='bbox 1320 389 1346 421; x_wconf 70' lang='lat'>⁵³.</span> 
     </span>
     <span class='ocr_line' id='line_1_7' title="bbox 195 440 1353 504; baseline -0.028 -2"><span class='ocrx_word' id='word_1_45' title='bbox 195 467 341 503; x_wconf 66' lang='lat' dir='ltr'>Sabellicus</span> <span class='ocrx_word' id='word_1_46' title='bbox 362 463 406 499; x_wconf 80' lang='lat' dir='ltr'>de</span> <span class='ocrx_word' id='word_1_47' title='bbox 423 460 463 498; x_wconf 91' lang='lat' dir='ltr'>L.</span> <span class='ocrx_word' id='word_1_48' title='bbox 479 459 519 498; x_wconf 89' lang='lat' dir='ltr'>L.</span> <span class='ocrx_word' id='word_1_49' title='bbox 540 452 808 504; x_wconf 79' lang='lat' dir='ltr'>reparatoribus.</span> <span class='ocrx_word' id='word_1_50' title='bbox 860 441 1004 490; x_wconf 83' lang='lat' dir='ltr'>Scripsit</span> <span class='ocrx_word' id='word_1_51' title='bbox 1037 440 1167 494; x_wconf 72' lang='lat' dir='ltr'>Miiiu</span> <span class='ocrx_word' id='word_1_52' title='bbox 1180 450 1196 474; x_wconf 91' lang='lat' dir='ltr'>s</span> <span class='ocrx_word' id='word_1_53' title='bbox 1226 442 1353 495; x_wconf 63' lang='lat' dir='ltr'>praeter</span> 
     </span>
     <span class='ocr_line' id='line_1_8' title="bbox 194 484 1354 563; baseline -0.03 -10"><span class='ocrx_word' id='word_1_54' title='bbox 194 513 428 563; x_wconf 88' lang='lat' dir='ltr'>Epistolarum</span> <span class='ocrx_word' id='word_1_55' title='bbox 447 508 490 545; x_wconf 91' lang='lat' dir='ltr'>ad</span> <span class='ocrx_word' id='word_1_56' title='bbox 506 504 660 544; x_wconf 89' lang='lat' dir='ltr'>diversos</span> <span class='ocrx_word' id='word_1_57' title='bbox 679 502 808 537; x_wconf 87' lang='lat' dir='ltr'>librum</span> <span class='ocrx_word' id='word_1_58' title='bbox 833 507 844 530; x_wconf 88' lang='lat'>1</span> <span class='ocrx_word' id='word_1_59' title='bbox 878 493 914 529; x_wconf 88' lang='lat'>&amp;</span> <span class='ocrx_word' id='word_1_60' title='bbox 932 489 1107 528; x_wconf 88' lang='lat' dir='ltr'>nonnulla</span> <span class='ocrx_word' id='word_1_61' title='bbox 1122 488 1187 524; x_wconf 85' lang='lat' dir='ltr'>aha</span> <span class='ocrx_word' id='word_1_62' title='bbox 1213 484 1290 542; x_wconf 44' lang='grc' dir='ltr'>[ιφ</span> <span class='ocrx_word' id='word_1_63' title='bbox 1310 484 1354 520; x_wconf 90' lang='lat' dir='ltr'>li-</span> 
     </span>
     <span class='ocr_line' id='line_1_9' title="bbox 195 534 1356 608; baseline -0.029 -6"><span class='ocrx_word' id='word_1_64' title='bbox 195 567 299 602; x_wconf 89' lang='lat' dir='ltr'>brum</span> <span class='ocrx_word' id='word_1_65' title='bbox 318 562 362 598; x_wconf 93' lang='lat' dir='ltr'>de</span> <span class='ocrx_word' id='word_1_66' title='bbox 380 558 575 608; x_wconf 88' lang='lat' dir='ltr'>priscorum</span> <span class='ocrx_word' id='word_1_67' title='bbox 594 551 809 600; x_wconf 81' lang='lat' dir='ltr'>proprietate</span> <span class='ocrx_word' id='word_1_68' title='bbox 832 543 1026 579; x_wconf 89' lang='lat' dir='ltr'>verborum</span> <span class='ocrx_word' id='word_1_69' title='bbox 1041 566 1050 580; x_wconf 95' lang='lat'>,</span> <span class='ocrx_word' id='word_1_70' title='bbox 1077 537 1146 574; x_wconf 89' lang='lat' dir='ltr'>five</span> <span class='ocrx_word' id='word_1_71' title='bbox 1169 534 1356 592; x_wconf 66' lang='lat' dir='ltr'>Didiiona-</span> 
     </span>
     <span class='ocr_line' id='line_1_10' title="bbox 196 584 1353 660; baseline -0.03 -9"><span class='ocrx_word' id='word_1_72' title='bbox 196 616 288 651; x_wconf 87' lang='lat' dir='ltr'>rium</span> <span class='ocrx_word' id='word_1_73' title='bbox 309 609 408 660; x_wconf 89' lang='lat' dir='ltr'>quod</span> <span class='ocrx_word' id='word_1_74' title='bbox 429 605 565 655; x_wconf 90' lang='lat' dir='ltr'>prodiit</span> <span class='ocrx_word' id='word_1_75' title='bbox 584 601 696 645; x_wconf 86' lang='lat' dir='ltr'>Neap.</span> <span class='ocrx_word' id='word_1_76' title='bbox 720 605 823 640; x_wconf 80' lang='lat'>1475.</span> <span class='ocrx_word' id='word_1_77' title='bbox 851 591 911 628; x_wconf 87' lang='lat' dir='ltr'>fol.</span> <span class='ocrx_word' id='word_1_78' title='bbox 928 590 1073 646; x_wconf 17' lang='lat' dir='ltr'>&amp;tmox</span> <span class='ocrx_word' id='word_1_79' title='bbox 1094 584 1226 640; x_wconf 66' lang='lat' dir='ltr'>Tarvis3</span> <span class='ocrx_word' id='word_1_80' title='bbox 1251 594 1353 628; x_wconf 79' lang='lat'><strong>¹477·</strong></span> 
     </span>
     <span class='ocr_line' id='line_1_11' title="bbox 197 634 1354 705; baseline -0.029 -5"><span class='ocrx_word' id='word_1_81' title='bbox 197 662 258 700; x_wconf 81' lang='lat' dir='ltr'>fol.</span> <span class='ocrx_word' id='word_1_82' title='bbox 278 663 477 705; x_wconf 84' lang='lat' dir='ltr'>iterumque</span> <span class='ocrx_word' id='word_1_83' title='bbox 497 652 580 690; x_wconf 85' lang='lat' dir='ltr'>ibid.</span> <span class='ocrx_word' id='word_1_84' title='bbox 607 654 711 694; x_wconf 81' lang='lat'>1480.</span> <span class='ocrx_word' id='word_1_85' title='bbox 731 641 892 682; x_wconf 88' lang='lat' dir='ltr'>recusum</span> <span class='ocrx_word' id='word_1_86' title='bbox 919 638 1055 694; x_wconf 47' lang='lat' dir='ltr'>deinde⁴</span> <span class='ocrx_word' id='word_1_87' title='bbox 1071 634 1228 691; x_wconf 80' lang='lat' dir='ltr'>Neapoli</span> <span class='ocrx_word' id='word_1_88' title='bbox 1249 643 1354 688; x_wconf 65' lang='lat'>1490.</span> 
     </span>
     <span class='ocr_line' id='line_1_12' title="bbox 198 679 1356 749; baseline -0.029 0"><span class='ocrx_word' id='word_1_89' title='bbox 198 711 252 749; x_wconf 90' lang='lat' dir='ltr'>Ad</span> <span class='ocrx_word' id='word_1_90' title='bbox 273 710 345 746; x_wconf 91' lang='lat' dir='ltr'>hoc</span> <span class='ocrx_word' id='word_1_91' title='bbox 366 707 528 744; x_wconf 78' lang='lat' dir='ltr'>Lexicon</span> <span class='ocrx_word' id='word_1_92' title='bbox 551 700 627 735; x_wconf 86' lang='lat' dir='ltr'>sunt</span> <span class='ocrx_word' id='word_1_93' title='bbox 652 696 712 744; x_wconf 92' lang='lat' dir='ltr'>qui</span> <span class='ocrx_word' id='word_1_94' title='bbox 741 693 953 729; x_wconf 81' lang='lat' dir='ltr'>arbitrantur</span> <span class='ocrx_word' id='word_1_95' title='bbox 983 687 1137 734; x_wconf 89' lang='lat' dir='ltr'>digitum</span> <span class='ocrx_word' id='word_1_96' title='bbox 1170 679 1356 720; x_wconf 79' lang='lat' dir='ltr'>intendisse</span> 
     </span>
     <span class='ocr_line' id='line_1_13' title="bbox 201 734 1355 795; baseline -0.025 -1"><span class='ocrx_word' id='word_1_97' title='bbox 201 760 434 795; x_wconf 78' lang='lat' dir='ltr'>Volaterranum.</span> <span class='ocrx_word' id='word_1_98' title='bbox 486 755 506 768; x_wconf 84' lang='lat'>“</span> <span class='ocrx_word' id='word_1_99' title='bbox 533 744 739 786; x_wconf 87' lang='lat' dir='ltr'>Chalcidius</span> <span class='ocrx_word' id='word_1_100' title='bbox 766 741 977 779; x_wconf 85' lang='lat' dir='ltr'>Graecorum</span> <span class='ocrx_word' id='word_1_101' title='bbox 1008 747 1090 789; x_wconf 67' lang='lat' dir='ltr'>nori</span> <span class='ocrx_word' id='word_1_102' title='bbox 1111 740 1184 771; x_wconf 89' lang='lat' dir='ltr'>erat</span> <span class='ocrx_word' id='word_1_103' title='bbox 1212 734 1355 779; x_wconf 83' lang='lat' dir='ltr'>ignarus</span> 
     </span>
     <span class='ocr_line' id='line_1_14' title="bbox 197 780 1357 851; baseline -0.027 -6"><span class='ocrx_word' id='word_1_104' title='bbox 197 812 223 831; x_wconf 89' lang='lat'>·“</span> <span class='ocrx_word' id='word_1_105' title='bbox 245 818 312 844; x_wconf 91' lang='lat' dir='ltr'>nec</span> <span class='ocrx_word' id='word_1_106' title='bbox 334 802 517 851; x_wconf 89' lang='lat' dir='ltr'>imperitus</span> <span class='ocrx_word' id='word_1_107' title='bbox 545 794 830 834; x_wconf 84' lang='lat' dir='ltr'>Grammaticus,</span> <span class='ocrx_word' id='word_1_108' title='bbox 857 795 1012 825; x_wconf 81' lang='lat' dir='ltr'>attamen</span> <span class='ocrx_word' id='word_1_109' title='bbox 1033 786 1145 821; x_wconf 83' lang='lat' dir='ltr'>inians</span> <span class='ocrx_word' id='word_1_110' title='bbox 1174 782 1209 818; x_wconf 71' lang='grc' dir='ltr'>δε</span> <span class='ocrx_word' id='word_1_111' title='bbox 1229 780 1357 827; x_wconf 86' lang='lat' dir='ltr'>absque</span> 
     </span>
     <span class='ocr_line' id='line_1_15' title="bbox 201 832 1357 904; baseline -0.026 -11"><span class='ocrx_word' id='word_1_112' title='bbox 201 861 223 876; x_wconf 89' lang='lat'><strong>“</strong></span> <span class='ocrx_word' id='word_1_113' title='bbox 249 856 368 904; x_wconf 86' lang='lat' dir='ltr'>genio.</span> <span class='ocrx_word' id='word_1_114' title='bbox 417 847 645 888; x_wconf 55' lang='lat' dir='ltr'>Distionibus</span> <span class='ocrx_word' id='word_1_115' title='bbox 675 845 712 879; x_wconf 90' lang='lat' dir='ltr'>in</span> <span class='ocrx_word' id='word_1_116' title='bbox 740 840 864 889; x_wconf 89' lang='lat' dir='ltr'>primis</span> <span class='ocrx_word' id='word_1_117' title='bbox 883 835 1112 883; x_wconf 76' lang='lat' dir='ltr'>invigilabat,</span> <span class='ocrx_word' id='word_1_118' title='bbox 1139 832 1357 885; x_wconf 80' lang='lat' dir='ltr'>lexiconque</span> 
     </span>
     <span class='ocr_line' id='line_1_16' title="bbox 196 879 1359 946; baseline -0.026 -4"><span class='ocrx_word' id='word_1_119' title='bbox 196 910 223 929; x_wconf 67' lang='lat' dir='ltr'>,a</span> <span class='ocrx_word' id='word_1_120' title='bbox 249 900 458 942; x_wconf 77' lang='lat' dir='ltr'>condiderat</span> <span class='ocrx_word' id='word_1_121' title='bbox 486 895 586 946; x_wconf 90' lang='lat' dir='ltr'>quod</span> <span class='ocrx_word' id='word_1_122' title='bbox 615 895 717 931; x_wconf 90' lang='lat' dir='ltr'>obitu</span> <span class='ocrx_word' id='word_1_123' title='bbox 743 888 848 937; x_wconf 90' lang='lat' dir='ltr'>ipsius</span> <span class='ocrx_word' id='word_1_124' title='bbox 883 884 1170 933; x_wconf 83' lang='lat' dir='ltr'>superveniente,</span> <span class='ocrx_word' id='word_1_125' title='bbox 1191 879 1359 936; x_wconf 51' lang='grc' dir='ltr'>ι,Ῑονωιεμ</span> 
     </span>
     <span class='ocr_line' id='line_1_17' title="bbox 200 926 1358 996; baseline -0.025 -5"><span class='ocrx_word' id='word_1_126' title='bbox 200 959 225 974; x_wconf 87' lang='grc'><strong><em>“</em></strong></span> <span class='ocrx_word' id='word_1_127' title='bbox 250 964 314 990; x_wconf 90' lang='lat' dir='ltr'>nus</span> <span class='ocrx_word' id='word_1_128' title='bbox 337 952 410 996; x_wconf 83' lang='lat' dir='ltr'>ejus</span> <span class='ocrx_word' id='word_1_129' title='bbox 432 945 621 993; x_wconf 90' lang='lat' dir='ltr'>discipulus</span> <span class='ocrx_word' id='word_1_130' title='bbox 641 941 704 979; x_wconf 90' lang='lat' dir='ltr'>fibi</span> <span class='ocrx_word' id='word_1_131' title='bbox 722 937 918 975; x_wconf 81' lang='lat' dir='ltr'>vindicavit</span> <span class='ocrx_word' id='word_1_132' title='bbox 936 938 965 970; x_wconf 69' lang='lat'>³³.</span> <span class='ocrx_word' id='word_1_133' title='bbox 1015 933 1056 970; x_wconf 90' lang='lat' dir='ltr'>In</span> <span class='ocrx_word' id='word_1_134' title='bbox 1069 930 1273 986; x_wconf 38' lang='lat' dir='ltr'>prae&#39;fatione</span> <span class='ocrx_word' id='word_1_135' title='bbox 1288 926 1358 964; x_wconf 83' lang='lat' dir='ltr'>Au-</span> 
     </span>
     <span class='ocr_line' id='line_1_18' title="bbox 200 977 1358 1041; baseline -0.026 0"><span class='ocrx_word' id='word_1_136' title='bbox 200 1006 287 1041; x_wconf 84' lang='lat' dir='ltr'>tori&#39;s</span> <span class='ocrx_word' id='word_1_137' title='bbox 312 999 355 1036; x_wconf 88' lang='lat' dir='ltr'>ad</span> <span class='ocrx_word' id='word_1_138' title='bbox 379 1001 544 1033; x_wconf 72' lang='lat' dir='ltr'>Hernicum</span> <span class='ocrx_word' id='word_1_139' title='bbox 563 993 598 1028; x_wconf 87' lang='lat' dir='ltr'>de</span> <span class='ocrx_word' id='word_1_140' title='bbox 624 988 801 1036; x_wconf 78' lang='lat' dir='ltr'>Lunguardo</span> <span class='ocrx_word' id='word_1_141' title='bbox 830 983 1011 1023; x_wconf 88' lang='lat' dir='ltr'>Siculum,</span> <span class='ocrx_word' id='word_1_142' title='bbox 1039 977 1358 1035; x_wconf 83' lang='lat' dir='ltr'>Archiepiscopum</span> 
     </span>
     <span class='ocr_line' id='line_1_19' title="bbox 200 1026 1358 1091; baseline -0.027 -2"><span class='ocrx_word' id='word_1_143' title='bbox 200 1049 482 1091; x_wconf 84' lang='lat' dir='ltr'>Acheruntinum</span> <span class='ocrx_word' id='word_1_144' title='bbox 507 1045 542 1080; x_wconf 89' lang='lat'>&amp;</span> <span class='ocrx_word' id='word_1_145' title='bbox 567 1042 815 1079; x_wconf 84' lang='lat' dir='ltr'>Materanuni,</span> <span class='ocrx_word' id='word_1_146' title='bbox 839 1031 1021 1069; x_wconf 83' lang='lat' dir='ltr'>Ferdinando</span> <span class='ocrx_word' id='word_1_147' title='bbox 1037 1030 1129 1077; x_wconf 85' lang='lat' dir='ltr'>Regi</span> <span class='ocrx_word' id='word_1_148' title='bbox 1149 1026 1358 1074; x_wconf 81' lang='lat' dir='ltr'>Neapolita-</span> 
     </span>
     <span class='ocr_line' id='line_1_20' title="bbox 201 1077 1358 1139; baseline -0.025 -1"><span class='ocrx_word' id='word_1_149' title='bbox 201 1113 252 1139; x_wconf 87' lang='lat' dir='ltr'>no</span> <span class='ocrx_word' id='word_1_150' title='bbox 274 1112 291 1135; x_wconf 91' lang='lat' dir='ltr'>a</span> <span class='ocrx_word' id='word_1_151' title='bbox 314 1097 415 1135; x_wconf 89' lang='lat' dir='ltr'>sacris</span> <span class='ocrx_word' id='word_1_152' title='bbox 434 1091 729 1132; x_wconf 78' lang='lat' dir='ltr'>conieffioiiibiiS‚</span> <span class='ocrx_word' id='word_1_153' title='bbox 759 1086 834 1122; x_wconf 84' lang='lat' dir='ltr'>haec</span> <span class='ocrx_word' id='word_1_154' title='bbox 853 1095 930 1132; x_wconf 81' lang='lat' dir='ltr'>quae</span> <span class='ocrx_word' id='word_1_155' title='bbox 950 1081 1160 1125; x_wconf 87' lang='lat' dir='ltr'>subjecimus</span> <span class='ocrx_word' id='word_1_156' title='bbox 1180 1077 1358 1133; x_wconf 61' lang='lat' dir='ltr'>legunturt</span> 
     </span>
     <span class='ocr_line' id='line_1_21' title="bbox 203 1124 1361 1191; baseline -0.025 -4"><span class='ocrx_word' id='word_1_157' title='bbox 203 1154 225 1169; x_wconf 92' lang='lat'><strong>“</strong></span> <span class='ocrx_word' id='word_1_158' title='bbox 250 1148 374 1186; x_wconf 88' lang='lat' dir='ltr'>Visum</span> <span class='ocrx_word' id='word_1_159' title='bbox 399 1145 466 1186; x_wconf 90' lang='lat' dir='ltr'>est,</span> <span class='ocrx_word' id='word_1_160' title='bbox 507 1153 584 1191; x_wconf 84' lang='lat' dir='ltr'>quae</span> <span class='ocrx_word' id='word_1_161' title='bbox 606 1139 710 1188; x_wconf 85' lang='lat' dir='ltr'>prisci</span> <span class='ocrx_word' id='word_1_162' title='bbox 741 1132 967 1180; x_wconf 84' lang='lat' dir='ltr'>recentesque</span> <span class='ocrx_word' id='word_1_163' title='bbox 994 1129 1228 1167; x_wconf 87' lang='lat' dir='ltr'>Grammatici</span> <span class='ocrx_word' id='word_1_164' title='bbox 1257 1124 1301 1160; x_wconf 92' lang='lat' dir='ltr'>de</span> <span class='ocrx_word' id='word_1_165' title='bbox 1324 1135 1361 1159; x_wconf 85' lang='lat' dir='ltr'>vi</span> 
     </span>
     <span class='ocr_line' id='line_1_22' title="bbox 201 1173 1361 1238; baseline -0.025 -1"><span class='ocrx_word' id='word_1_166' title='bbox 201 1203 225 1218; x_wconf 87' lang='lat'><strong>“</strong></span> <span class='ocrx_word' id='word_1_167' title='bbox 249 1194 511 1235; x_wconf 87' lang='lat' dir='ltr'>vocabulorum</span> <span class='ocrx_word' id='word_1_168' title='bbox 528 1198 695 1238; x_wconf 84' lang='lat' dir='ltr'>tanquam</span> <span class='ocrx_word' id='word_1_169' title='bbox 712 1197 776 1234; x_wconf 91' lang='lat' dir='ltr'>per</span> <span class='ocrx_word' id='word_1_170' title='bbox 794 1181 926 1220; x_wconf 88' lang='lat' dir='ltr'>divulsa</span> <span class='ocrx_word' id='word_1_171' title='bbox 936 1178 1097 1216; x_wconf 86' lang='lat' dir='ltr'>membra</span> <span class='ocrx_word' id='word_1_172' title='bbox 1111 1173 1361 1222; x_wconf 83' lang='lat' dir='ltr'>conscripsere,</span> 
     </span>
     <span class='ocr_line' id='line_1_23' title="bbox 202 1222 1362 1291; baseline -0.025 -5"><span class='ocrx_word' id='word_1_173' title='bbox 202 1253 225 1267; x_wconf 86' lang='lat'><strong>“</strong></span> <span class='ocrx_word' id='word_1_174' title='bbox 250 1260 295 1284; x_wconf 89' lang='lat' dir='ltr'>ne</span> <span class='ocrx_word' id='word_1_175' title='bbox 316 1241 577 1291; x_wconf 88' lang='lat' dir='ltr'>incompositos</span> <span class='ocrx_word' id='word_1_176' title='bbox 615 1239 650 1275; x_wconf 60' lang='grc' dir='ltr'>ὃς</span> <span class='ocrx_word' id='word_1_177' title='bbox 675 1235 772 1273; x_wconf 89' lang='lat' dir='ltr'>velut</span> <span class='ocrx_word' id='word_1_178' title='bbox 795 1231 966 1280; x_wconf 83' lang='lat' dir='ltr'>congerie</span> <span class='ocrx_word' id='word_1_179' title='bbox 995 1226 1148 1277; x_wconf 87' lang='lat' dir='ltr'>quadam</span> <span class='ocrx_word' id='word_1_180' title='bbox 1171 1222 1362 1278; x_wconf 82' lang='lat' dir='ltr'>congestos</span> 
     </span>
     <span class='ocr_line' id='line_1_24' title="bbox 207 1271 1363 1344; baseline -0.024 -10"><span class='ocrx_word' id='word_1_181' title='bbox 207 1301 230 1317; x_wconf 79' lang='lat'>‘⁶</span> <span class='ocrx_word' id='word_1_182' title='bbox 253 1298 367 1344; x_wconf 89' lang='lat' dir='ltr'>jacere</span> <span class='ocrx_word' id='word_1_183' title='bbox 392 1304 432 1330; x_wconf 89' lang='lat' dir='ltr'>ac</span> <span class='ocrx_word' id='word_1_184' title='bbox 456 1289 652 1327; x_wconf 89' lang='lat' dir='ltr'>sordescere</span> <span class='ocrx_word' id='word_1_185' title='bbox 673 1291 889 1334; x_wconf 89' lang='lat' dir='ltr'>pateremur,</span> <span class='ocrx_word' id='word_1_186' title='bbox 918 1281 955 1315; x_wconf 88' lang='lat' dir='ltr'>in</span> <span class='ocrx_word' id='word_1_187' title='bbox 982 1288 1094 1314; x_wconf 89' lang='lat' dir='ltr'>unum</span> <span class='ocrx_word' id='word_1_188' title='bbox 1114 1285 1245 1321; x_wconf 90' lang='lat' dir='ltr'>corpus</span> <span class='ocrx_word' id='word_1_189' title='bbox 1269 1271 1363 1308; x_wconf 86' lang='lat' dir='ltr'>redi-</span> 
     </span>
     <span class='ocr_line' id='line_1_25' title="bbox 204 1319 1363 1394; baseline -0.028 -10"><span class='ocrx_word' id='word_1_190' title='bbox 204 1350 228 1366; x_wconf 92' lang='lat'><strong>“</strong></span> <span class='ocrx_word' id='word_1_191' title='bbox 259 1356 354 1394; x_wconf 88' lang='lat' dir='ltr'>gere.</span> <span class='ocrx_word' id='word_1_192' title='bbox 392 1339 543 1380; x_wconf 82' lang='lat' dir='ltr'>Extabat</span> <span class='ocrx_word' id='word_1_193' title='bbox 558 1346 678 1374; x_wconf 89' lang='lat' dir='ltr'>tamen</span> <span class='ocrx_word' id='word_1_194' title='bbox 696 1344 787 1381; x_wconf 89' lang='lat' dir='ltr'>opus</span> <span class='ocrx_word' id='word_1_195' title='bbox 807 1329 1016 1368; x_wconf 88' lang='lat' dir='ltr'>inchoatum</span> <span class='ocrx_word' id='word_1_196' title='bbox 1028 1326 1072 1362; x_wconf 89' lang='lat' dir='ltr'>de</span> <span class='ocrx_word' id='word_1_197' title='bbox 1086 1324 1281 1381; x_wconf 79' lang='lat' dir='ltr'>verborum</span> <span class='ocrx_word' id='word_1_198' title='bbox 1295 1319 1363 1359; x_wconf 77' lang='lat' dir='ltr'>La..</span> 
     </span>
     <span class='ocr_line' id='line_1_26' title="bbox 205 1370 1364 1436; baseline -0.025 -3"><span class='ocrx_word' id='word_1_199' title='bbox 205 1399 230 1415; x_wconf 88' lang='lat'><strong>“</strong></span> <span class='ocrx_word' id='word_1_200' title='bbox 254 1397 414 1432; x_wconf 89' lang='lat' dir='ltr'>tinorum</span> <span class='ocrx_word' id='word_1_201' title='bbox 435 1386 747 1436; x_wconf 83' lang='lat' dir='ltr'>interpretatione,</span> <span class='ocrx_word' id='word_1_202' title='bbox 771 1382 828 1418; x_wconf 89' lang='lat' dir='ltr'>cui</span> <span class='ocrx_word' id='word_1_203' title='bbox 847 1390 930 1417; x_wconf 91' lang='lat' dir='ltr'>cum</span> <span class='ocrx_word' id='word_1_204' title='bbox 951 1375 1063 1413; x_wconf 91' lang='lat' dir='ltr'>multa</span> <span class='ocrx_word' id='word_1_205' title='bbox 1077 1373 1185 1410; x_wconf 80' lang='lat' dir='ltr'>adimi</span> <span class='ocrx_word' id='word_1_206' title='bbox 1202 1400 1212 1414; x_wconf 92' lang='lat'>‚</span> <span class='ocrx_word' id='word_1_207' title='bbox 1238 1370 1364 1408; x_wconf 84' lang='lat' dir='ltr'>multa-</span> 
     </span>
     <span class='ocr_line' id='line_1_27' title="bbox 206 1421 1364 1493; baseline -0.024 -11"><span class='ocrx_word' id='word_1_208' title='bbox 206 1449 231 1464; x_wconf 90' lang='lat'><strong>“</strong></span> <span class='ocrx_word' id='word_1_209' title='bbox 255 1456 324 1493; x_wconf 89' lang='lat' dir='ltr'>que</span> <span class='ocrx_word' id='word_1_210' title='bbox 343 1441 423 1478; x_wconf 85' lang='lat' dir='ltr'>addi</span> <span class='ocrx_word' id='word_1_211' title='bbox 451 1437 548 1487; x_wconf 83' lang='lat' dir='ltr'>poffe</span> <span class='ocrx_word' id='word_1_212' title='bbox 566 1435 795 1473; x_wconf 86' lang='lat' dir='ltr'>viderentur,</span> <span class='ocrx_word' id='word_1_213' title='bbox 837 1429 926 1466; x_wconf 87' lang='lat' dir='ltr'>alios</span> <span class='ocrx_word' id='word_1_214' title='bbox 951 1425 1068 1480; x_wconf 77' lang='lat' dir='ltr'>adhuc</span> <span class='ocrx_word' id='word_1_215' title='bbox 1089 1421 1261 1478; x_wconf 83' lang='lat' dir='ltr'>quosdam</span> <span class='ocrx_word' id='word_1_216' title='bbox 1277 1431 1364 1477; x_wconf 34' lang='lat' dir='ltr'>‘non</span> 
     </span>
     <span class='ocr_line' id='line_1_28' title="bbox 206 1474 1366 1542; baseline -0.024 -11"><span class='ocrx_word' id='word_1_217' title='bbox 206 1498 230 1514; x_wconf 89' lang='lat'><strong>“</strong></span> <span class='ocrx_word' id='word_1_218' title='bbox 255 1504 367 1542; x_wconf 90' lang='lat' dir='ltr'>parvo</span> <span class='ocrx_word' id='word_1_219' title='bbox 387 1500 472 1526; x_wconf 89' lang='lat' dir='ltr'>meo</span> <span class='ocrx_word' id='word_1_220' title='bbox 490 1487 612 1524; x_wconf 89' lang='lat' dir='ltr'>labore</span> <span class='ocrx_word' id='word_1_221' title='bbox 631 1494 748 1530; x_wconf 89' lang='lat' dir='ltr'>neque</span> <span class='ocrx_word' id='word_1_222' title='bbox 771 1477 947 1516; x_wconf 89' lang='lat' dir='ltr'>mediocri</span> <span class='ocrx_word' id='word_1_223' title='bbox 967 1474 1100 1516; x_wconf 88' lang='lat' dir='ltr'>studio,</span> <span class='ocrx_word' id='word_1_224' title='bbox 1127 1478 1257 1521; x_wconf 89' lang='lat' dir='ltr'>partim</span> <span class='ocrx_word' id='word_1_225' title='bbox 1274 1475 1366 1524; x_wconf 76' lang='lat' dir='ltr'>inte-</span> 
     </span>
     <span class='ocr_line' id='line_1_29' title="bbox 209 1520 1365 1591; baseline -0.023 -11"><span class='ocrx_word' id='word_1_226' title='bbox 209 1547 233 1562; x_wconf 90' lang='lat'>“</span> <span class='ocrx_word' id='word_1_227' title='bbox 258 1554 343 1591; x_wconf 89' lang='lat' dir='ltr'>gros</span> <span class='ocrx_word' id='word_1_228' title='bbox 360 1536 585 1577; x_wconf 88' lang='lat' dir='ltr'>inserendos,</span> <span class='ocrx_word' id='word_1_229' title='bbox 612 1534 742 1581; x_wconf 89' lang='lat' dir='ltr'>partim</span> <span class='ocrx_word' id='word_1_230' title='bbox 764 1541 809 1566; x_wconf 89' lang='lat' dir='ltr'>ne</span> <span class='ocrx_word' id='word_1_231' title='bbox 825 1528 978 1565; x_wconf 86' lang='lat' dir='ltr'>nimium</span> <span class='ocrx_word' id='word_1_232' title='bbox 992 1534 1084 1571; x_wconf 89' lang='lat' dir='ltr'>opus</span> <span class='ocrx_word' id='word_1_233' title='bbox 1106 1520 1315 1558; x_wconf 87' lang='lat' dir='ltr'>incresceret</span> <span class='ocrx_word' id='word_1_234' title='bbox 1327 1529 1365 1554; x_wconf 89' lang='lat' dir='ltr'>in</span> 
     </span>
     <span class='ocr_line' id='line_1_30' title="bbox 207 1569 1365 1638; baseline -0.024 -8"><span class='ocrx_word' id='word_1_235' title='bbox 207 1597 232 1612; x_wconf 90' lang='lat'><strong>“</strong></span> <span class='ocrx_word' id='word_1_236' title='bbox 258 1587 518 1638; x_wconf 87' lang='lat' dir='ltr'>compendium</span> <span class='ocrx_word' id='word_1_237' title='bbox 550 1582 708 1621; x_wconf 75' lang='lat' dir='ltr'>redactos</span> <span class='ocrx_word' id='word_1_238' title='bbox 734 1578 904 1626; x_wconf 82' lang='lat' dir='ltr'>adjunxi,</span> <span class='ocrx_word' id='word_1_239' title='bbox 930 1574 1107 1623; x_wconf 83' lang='lat' dir='ltr'>praecipue</span> <span class='ocrx_word' id='word_1_240' title='bbox 1132 1569 1365 1608; x_wconf 88' lang='lat' dir='ltr'>Laurentium</span> 
     </span>
     <span class='ocr_line' id='line_1_31' title="bbox 208 1615 1366 1679; baseline -0.023 0"><span class='ocrx_word' id='word_1_241' title='bbox 208 1647 232 1662; x_wconf 86' lang='lat'><strong>“</strong></span> <span class='ocrx_word' id='word_1_242' title='bbox 256 1640 399 1678; x_wconf 85' lang='lat' dir='ltr'>Vallam</span> <span class='ocrx_word' id='word_1_243' title='bbox 415 1634 704 1679; x_wconf 88' lang='lat' dir='ltr'>Tortelliumque</span> <span class='ocrx_word' id='word_1_244' title='bbox 718 1655 728 1671; x_wconf 89' lang='lat'>,</span> <span class='ocrx_word' id='word_1_245' title='bbox 753 1637 909 1676; x_wconf 89' lang='lat' dir='ltr'>quorum</span> <span class='ocrx_word' id='word_1_246' title='bbox 928 1635 1005 1660; x_wconf 89' lang='lat' dir='ltr'>non</span> <span class='ocrx_word' id='word_1_247' title='bbox 1021 1628 1094 1658; x_wconf 88' lang='lat' dir='ltr'>tam</span> <span class='ocrx_word' id='word_1_248' title='bbox 1112 1620 1223 1657; x_wconf 86' lang='lat' dir='ltr'>fuerat</span> <span class='ocrx_word' id='word_1_249' title='bbox 1235 1646 1245 1660; x_wconf 94' lang='lat'><strong>‚</strong></span> <span class='ocrx_word' id='word_1_250' title='bbox 1271 1624 1310 1654; x_wconf 90' lang='lat' dir='ltr'>ut</span> <span class='ocrx_word' id='word_1_251' title='bbox 1318 1615 1366 1653; x_wconf 86' lang='lat' dir='ltr'>sic</span> 
     </span>
     <span class='ocr_line' id='line_1_32' title="bbox 207 1667 1368 1731; baseline -0.024 -2"><span class='ocrx_word' id='word_1_252' title='bbox 207 1696 231 1713; x_wconf 89' lang='lat'><strong><em>“</em></strong></span> <span class='ocrx_word' id='word_1_253' title='bbox 257 1690 410 1728; x_wconf 83' lang='lat' dir='ltr'>dixerim</span> <span class='ocrx_word' id='word_1_254' title='bbox 424 1714 434 1729; x_wconf 90' lang='lat'>,</span> <span class='ocrx_word' id='word_1_255' title='bbox 460 1681 657 1731; x_wconf 88' lang='lat' dir='ltr'>castiganda</span> <span class='ocrx_word' id='word_1_256' title='bbox 674 1678 833 1718; x_wconf 83' lang='lat' dir='ltr'>luxuria,</span> <span class='ocrx_word' id='word_1_257' title='bbox 859 1685 966 1724; x_wconf 88' lang='lat' dir='ltr'>quam</span> <span class='ocrx_word' id='word_1_258' title='bbox 988 1667 1276 1709; x_wconf 89' lang='lat' dir='ltr'>commendanda</span> <span class='ocrx_word' id='word_1_259' title='bbox 1288 1676 1368 1714; x_wconf 87' lang='lat' dir='ltr'>par-</span> 
     </span>
     <span class='ocr_line' id='line_1_33' title="bbox 207 1716 1369 1777; baseline -0.024 2"><span class='ocrx_word' id='word_1_260' title='bbox 207 1745 232 1762; x_wconf 87' lang='lat'><strong><em>“</em></strong></span> <span class='ocrx_word' id='word_1_261' title='bbox 254 1739 412 1777; x_wconf 89' lang='lat' dir='ltr'>fimonia.</span> <span class='ocrx_word' id='word_1_262' title='bbox 464 1734 560 1772; x_wconf 88' lang='lat' dir='ltr'>Nam</span> <span class='ocrx_word' id='word_1_263' title='bbox 593 1731 726 1767; x_wconf 90' lang='lat' dir='ltr'>horum</span> <span class='ocrx_word' id='word_1_264' title='bbox 752 1724 925 1764; x_wconf 89' lang='lat' dir='ltr'>curiosam</span> <span class='ocrx_word' id='word_1_265' title='bbox 954 1720 1136 1759; x_wconf 85' lang='lat' dir='ltr'>censuram</span> <span class='ocrx_word' id='word_1_266' title='bbox 1165 1716 1369 1755; x_wconf 70' lang='lat' dir='ltr'>cumulum-</span> 
     </span>
     <span class='ocr_line' id='line_1_34' title="bbox 209 1765 1368 1838; baseline -0.024 -10"><span class='ocrx_word' id='word_1_267' title='bbox 209 1794 232 1810; x_wconf 89' lang='lat'><strong><em>“</em></strong></span> <span class='ocrx_word' id='word_1_268' title='bbox 259 1801 328 1838; x_wconf 90' lang='lat' dir='ltr'>que</span> <span class='ocrx_word' id='word_1_269' title='bbox 350 1784 601 1832; x_wconf 83' lang='lat' dir='ltr'>exemplorum</span> <span class='ocrx_word' id='word_1_270' title='bbox 631 1782 669 1816; x_wconf 91' lang='lat' dir='ltr'>in</span> <span class='ocrx_word' id='word_1_271' title='bbox 690 1777 894 1815; x_wconf 89' lang='lat' dir='ltr'>breviorem</span> <span class='ocrx_word' id='word_1_272' title='bbox 910 1771 1011 1810; x_wconf 90' lang='lat' dir='ltr'>usum</span> <span class='ocrx_word' id='word_1_273' title='bbox 1036 1771 1191 1807; x_wconf 89' lang='lat' dir='ltr'>coercui.</span> <span class='ocrx_word' id='word_1_274' title='bbox 1241 1765 1368 1804; x_wconf 73' lang='lat' dir='ltr'>Praete-</span> 
     </span>
     <span class='ocr_line' id='line_1_35' title="bbox 209 1815 1367 1885; baseline -0.024 -8"><span class='ocrx_word' id='word_1_275' title='bbox 209 1843 233 1859; x_wconf 87' lang='lat'><strong>“</strong></span> <span class='ocrx_word' id='word_1_276' title='bbox 258 1851 316 1875; x_wconf 90' lang='lat' dir='ltr'>rea</span> <span class='ocrx_word' id='word_1_277' title='bbox 337 1847 413 1885; x_wconf 86' lang='lat' dir='ltr'>quae</span> <span class='ocrx_word' id='word_1_278' title='bbox 431 1834 571 1871; x_wconf 89' lang='lat' dir='ltr'>Servius</span> <span class='ocrx_word' id='word_1_279' title='bbox 587 1828 797 1867; x_wconf 87' lang='lat' dir='ltr'>Honoratus</span> <span class='ocrx_word' id='word_1_280' title='bbox 810 1850 820 1867; x_wconf 75' lang='lat'>,</span> <span class='ocrx_word' id='word_1_281' title='bbox 846 1834 923 1873; x_wconf 83' lang='lat' dir='ltr'>quae</span> <span class='ocrx_word' id='word_1_282' title='bbox 931 1820 1099 1860; x_wconf 87' lang='lat' dir='ltr'>Donatus</span> <span class='ocrx_word' id='word_1_283' title='bbox 1118 1821 1155 1855; x_wconf 91' lang='lat' dir='ltr'>in</span> <span class='ocrx_word' id='word_1_284' title='bbox 1170 1815 1367 1874; x_wconf 65' lang='lat' dir='ltr'>Virgilium</span> 
     </span>
     <span class='ocr_line' id='line_1_36' title="bbox 208 1864 1369 1926; baseline -0.023 1"><span class='ocrx_word' id='word_1_285' title='bbox 208 1892 235 1910; x_wconf 74' lang='lat'>‘⁶</span> <span class='ocrx_word' id='word_1_286' title='bbox 259 1900 299 1926; x_wconf 87' lang='lat' dir='ltr'>ac</span> <span class='ocrx_word' id='word_1_287' title='bbox 315 1886 527 1924; x_wconf 89' lang='lat' dir='ltr'>Terentium</span> <span class='ocrx_word' id='word_1_288' title='bbox 549 1877 784 1916; x_wconf 88' lang='lat' dir='ltr'>commentati</span> <span class='ocrx_word' id='word_1_289' title='bbox 806 1873 902 1914; x_wconf 90' lang='lat' dir='ltr'>sunt,</span> <span class='ocrx_word' id='word_1_290' title='bbox 930 1882 1007 1919; x_wconf 85' lang='lat' dir='ltr'>quae</span> <span class='ocrx_word' id='word_1_291' title='bbox 1023 1868 1253 1917; x_wconf 82' lang='lat' dir='ltr'>Porphyrion</span> <span class='ocrx_word' id='word_1_292' title='bbox 1270 1865 1307 1901; x_wconf 87' lang='lat'>&amp;</span> <span class='ocrx_word' id='word_1_293' title='bbox 1321 1864 1369 1901; x_wconf 80' lang='lat' dir='ltr'>A-</span> 
     </span>
     <span class='ocr_line' id='line_1_37' title="bbox 210 1914 1371 1976; baseline -0.023 0"><span class='ocrx_word' id='word_1_294' title='bbox 210 1943 235 1958; x_wconf 89' lang='lat'><strong>“</strong></span> <span class='ocrx_word' id='word_1_295' title='bbox 261 1948 352 1976; x_wconf 89' lang='lat' dir='ltr'>eron</span> <span class='ocrx_word' id='word_1_296' title='bbox 375 1937 413 1971; x_wconf 90' lang='lat' dir='ltr'>in</span> <span class='ocrx_word' id='word_1_297' title='bbox 442 1930 659 1970; x_wconf 89' lang='lat' dir='ltr'>Horatium,</span> <span class='ocrx_word' id='word_1_298' title='bbox 706 1936 784 1974; x_wconf 81' lang='lat' dir='ltr'>quae</span> <span class='ocrx_word' id='word_1_299' title='bbox 807 1922 979 1961; x_wconf 89' lang='lat' dir='ltr'>Asconius</span> <span class='ocrx_word' id='word_1_300' title='bbox 1013 1918 1203 1958; x_wconf 84' lang='lat' dir='ltr'>Pedianus,</span> <span class='ocrx_word' id='word_1_301' title='bbox 1230 1914 1371 1969; x_wconf 68' lang='lat' dir='ltr'>Priscia‹</span> 
     </span>
     <span class='ocr_line' id='line_1_38' title="bbox 209 1962 1371 2028; baseline -0.024 -2"><span class='ocrx_word' id='word_1_302' title='bbox 209 1991 235 2008; x_wconf 88' lang='lat'>“</span> <span class='ocrx_word' id='word_1_303' title='bbox 259 1997 325 2025; x_wconf 86' lang='lat' dir='ltr'>nus</span> <span class='ocrx_word' id='word_1_304' title='bbox 340 2012 350 2028; x_wconf 89' lang='lat'>,</span> <span class='ocrx_word' id='word_1_305' title='bbox 375 1981 585 2022; x_wconf 82' lang='lat' dir='ltr'>Macrobius</span> <span class='ocrx_word' id='word_1_306' title='bbox 599 2006 608 2020; x_wconf 95' lang='lat'>‚</span> <span class='ocrx_word' id='word_1_307' title='bbox 635 1976 665 2014; x_wconf 85' lang='lat' dir='ltr'>A</span> <span class='ocrx_word' id='word_1_308' title='bbox 686 1974 824 2013; x_wconf 86' lang='lat' dir='ltr'>Gellius</span> <span class='ocrx_word' id='word_1_309' title='bbox 846 1972 1029 2009; x_wconf 87' lang='lat' dir='ltr'>breviores</span> <span class='ocrx_word' id='word_1_310' title='bbox 1043 1975 1163 2004; x_wconf 89' lang='lat' dir='ltr'>tamen</span> <span class='ocrx_word' id='word_1_311' title='bbox 1179 1975 1286 2013; x_wconf 89' lang='lat' dir='ltr'>quam</span> <span class='ocrx_word' id='word_1_312' title='bbox 1305 1962 1371 1999; x_wconf 90' lang='lat' dir='ltr'>suis</span> 
     </span>
     <span class='ocr_line' id='line_1_39' title="bbox 210 2012 1372 2082; baseline -0.022 -8"><span class='ocrx_word' id='word_1_313' title='bbox 210 2041 235 2058; x_wconf 86' lang='lat'>“</span> <span class='ocrx_word' id='word_1_314' title='bbox 261 2031 567 2082; x_wconf 76' lang='lat' dir='ltr'>congressionibus</span> <span class='ocrx_word' id='word_1_315' title='bbox 593 2026 831 2073; x_wconf 86' lang='lat' dir='ltr'>disputarunt,</span> <span class='ocrx_word' id='word_1_316' title='bbox 857 2030 935 2070; x_wconf 84' lang='lat' dir='ltr'>quae</span> <span class='ocrx_word' id='word_1_317' title='bbox 957 2018 1097 2059; x_wconf 83' lang='lat' dir='ltr'>Varro,</span> <span class='ocrx_word' id='word_1_318' title='bbox 1122 2015 1240 2053; x_wconf 86' lang='lat' dir='ltr'>Festus</span> <span class='ocrx_word' id='word_1_319' title='bbox 1262 2012 1372 2068; x_wconf 83' lang='lat' dir='ltr'>Pom-</span> 
     </span>
     <span class='ocr_line' id='line_1_40' title="bbox 212 2061 1372 2134; baseline -0.024 -10"><span class='ocrx_word' id='word_1_320' title='bbox 212 2090 236 2107; x_wconf 85' lang='lat'><strong><em>“</em></strong></span> <span class='ocrx_word' id='word_1_321' title='bbox 261 2086 361 2134; x_wconf 89' lang='lat' dir='ltr'>peius</span> <span class='ocrx_word' id='word_1_322' title='bbox 375 2111 384 2124; x_wconf 92' lang='lat'><em>‚</em></span> <span class='ocrx_word' id='word_1_323' title='bbox 409 2080 553 2120; x_wconf 86' lang='lat' dir='ltr'>Nonius</span> <span class='ocrx_word' id='word_1_324' title='bbox 574 2074 765 2114; x_wconf 86' lang='lat' dir='ltr'>Marcellus</span> <span class='ocrx_word' id='word_1_325' title='bbox 783 2082 823 2108; x_wconf 89' lang='lat' dir='ltr'>ac</span> <span class='ocrx_word' id='word_1_326' title='bbox 839 2069 922 2120; x_wconf 88' lang='lat' dir='ltr'>Jure</span> <span class='ocrx_word' id='word_1_327' title='bbox 941 2065 1127 2120; x_wconf 59' lang='lat' dir='ltr'>Consulti,</span> <span class='ocrx_word' id='word_1_328' title='bbox 1154 2075 1231 2112; x_wconf 84' lang='lat' dir='ltr'>quae</span> <span class='ocrx_word' id='word_1_329' title='bbox 1255 2061 1372 2111; x_wconf 88' lang='lat' dir='ltr'>Jovia-</span> 
     </span>
     <span class='ocr_line' id='line_1_41' title="bbox 213 2110 1373 2173; baseline -0.023 0"><span class='ocrx_word' id='word_1_330' title='bbox 213 2139 237 2155; x_wconf 86' lang='lat'><strong>“</strong></span> <span class='ocrx_word' id='word_1_331' title='bbox 262 2146 328 2172; x_wconf 92' lang='lat' dir='ltr'>nus</span> <span class='ocrx_word' id='word_1_332' title='bbox 345 2132 527 2170; x_wconf 74' lang='lat' dir='ltr'>Fontanus</span> <span class='ocrx_word' id='word_1_333' title='bbox 554 2127 598 2163; x_wconf 91' lang='lat' dir='ltr'>de</span> <span class='ocrx_word' id='word_1_334' title='bbox 622 2123 831 2173; x_wconf 85' lang='lat' dir='ltr'>aspiratione</span> <span class='ocrx_word' id='word_1_335' title='bbox 854 2116 1081 2157; x_wconf 82' lang='lat' dir='ltr'>eruditiffime</span> <span class='ocrx_word' id='word_1_336' title='bbox 1099 2112 1254 2161; x_wconf 73' lang='lat' dir='ltr'>scripsit,</span> <span class='ocrx_word' id='word_1_337' title='bbox 1282 2110 1373 2148; x_wconf 88' lang='lat' dir='ltr'>Stra-</span> 
     </span>
     <span class='ocr_line' id='line_1_42' title="bbox 213 2159 1373 2229; baseline -0.023 -7"><span class='ocrx_word' id='word_1_338' title='bbox 213 2188 238 2204; x_wconf 83' lang='lat'>‘&#39;</span> <span class='ocrx_word' id='word_1_339' title='bbox 261 2181 435 2229; x_wconf 90' lang='lat' dir='ltr'>bonisque</span> <span class='ocrx_word' id='word_1_340' title='bbox 458 2180 494 2216; x_wconf 89' lang='lat'>&amp;</span> <span class='ocrx_word' id='word_1_341' title='bbox 514 2188 559 2214; x_wconf 81' lang='lat' dir='ltr'>ex</span> <span class='ocrx_word' id='word_1_342' title='bbox 575 2174 650 2212; x_wconf 88' lang='lat' dir='ltr'>aliis</span> <span class='ocrx_word' id='word_1_343' title='bbox 669 2171 828 2221; x_wconf 88' lang='lat' dir='ltr'>pluribus</span> <span class='ocrx_word' id='word_1_344' title='bbox 845 2169 946 2207; x_wconf 90' lang='lat' dir='ltr'>claris</span> <span class='ocrx_word' id='word_1_345' title='bbox 978 2164 1176 2203; x_wconf 63' lang='lat' dir='ltr'>austoribus</span> <span class='ocrx_word' id='word_1_346' title='bbox 1197 2159 1373 2199; x_wconf 85' lang='lat' dir='ltr'>nonnulla</span> 
     </span>
     <span class='ocr_line' id='line_1_43' title="bbox 213 2209 1374 2271; baseline -0.023 0"><span class='ocrx_word' id='word_1_347' title='bbox 213 2238 238 2254; x_wconf 84' lang='lat'><strong><em>“</em></strong></span> <span class='ocrx_word' id='word_1_348' title='bbox 263 2230 392 2270; x_wconf 75' lang='lat' dir='ltr'>dioessi.</span> <span class='ocrx_word' id='word_1_349' title='bbox 411 2232 440 2265; x_wconf 87' lang='lat'>²’.</span> <span class='ocrx_word' id='word_1_350' title='bbox 488 2226 531 2264; x_wconf 90' lang='lat' dir='ltr'>Et</span> <span class='ocrx_word' id='word_1_351' title='bbox 550 2236 594 2262; x_wconf 84' lang='lat' dir='ltr'>ex</span> <span class='ocrx_word' id='word_1_352' title='bbox 612 2221 757 2271; x_wconf 83' lang='lat' dir='ltr'>epistola</span> <span class='ocrx_word' id='word_1_353' title='bbox 780 2222 816 2256; x_wconf 91' lang='lat' dir='ltr'>in</span> <span class='ocrx_word' id='word_1_354' title='bbox 834 2218 904 2256; x_wconf 88' lang='lat' dir='ltr'>fine</span> <span class='ocrx_word' id='word_1_355' title='bbox 923 2217 1053 2264; x_wconf 87' lang='lat' dir='ltr'>operis.</span> <span class='ocrx_word' id='word_1_356' title='bbox 1089 2217 1111 2232; x_wconf 91' lang='lat'><strong>“</strong></span> <span class='ocrx_word' id='word_1_357' title='bbox 1131 2209 1374 2258; x_wconf 76' lang='lat' dir='ltr'>Quorundam</span> 
     </span>
     <span class='ocr_line' id='line_1_44' title="bbox 213 2257 1374 2324; baseline -0.022 -4"><span class='ocrx_word' id='word_1_358' title='bbox 213 2288 239 2303; x_wconf 77' lang='lat'>‘⁸</span> <span class='ocrx_word' id='word_1_359' title='bbox 263 2261 409 2320; x_wconf 64' lang='lat' dir='ltr'>avsditas</span> <span class='ocrx_word' id='word_1_360' title='bbox 428 2288 519 2324; x_wconf 87' lang='lat' dir='ltr'>opus</span> <span class='ocrx_word' id='word_1_361' title='bbox 539 2281 577 2312; x_wconf 92' lang='lat' dir='ltr'>ut</span> <span class='ocrx_word' id='word_1_362' title='bbox 594 2273 790 2309; x_wconf 86' lang='lat' dir='ltr'>festinarem</span> <span class='ocrx_word' id='word_1_363' title='bbox 808 2268 930 2315; x_wconf 85' lang='lat' dir='ltr'>coegit</span> <span class='ocrx_word' id='word_1_364' title='bbox 943 2293 952 2308; x_wconf 93' lang='lat'>,</span> <span class='ocrx_word' id='word_1_365' title='bbox 980 2263 1079 2314; x_wconf 90' lang='lat' dir='ltr'>quod</span> <span class='ocrx_word' id='word_1_366' title='bbox 1099 2259 1269 2299; x_wconf 78' lang='lat' dir='ltr'>maturius</span> <span class='ocrx_word' id='word_1_367' title='bbox 1292 2257 1374 2296; x_wconf 91' lang='lat' dir='ltr'>ede-</span> 
     </span>
     <span class='ocr_line' id='line_1_45' title="bbox 215 2313 1374 2377; baseline -0.023 -7"><span class='ocrx_word' id='word_1_368' title='bbox 215 2337 239 2353; x_wconf 90' lang='lat'><strong>“</strong></span> <span class='ocrx_word' id='word_1_369' title='bbox 264 2344 301 2369; x_wconf 89' lang='lat' dir='ltr'>re</span> <span class='ocrx_word' id='word_1_370' title='bbox 327 2327 515 2377; x_wconf 86' lang='lat' dir='ltr'>cupiebam</span> <span class='ocrx_word' id='word_1_371' title='bbox 536 2331 576 2361; x_wconf 92' lang='lat' dir='ltr'>ut</span> <span class='ocrx_word' id='word_1_372' title='bbox 593 2321 651 2359; x_wconf 88' lang='lat' dir='ltr'>vel</span> <span class='ocrx_word' id='word_1_373' title='bbox 670 2319 906 2357; x_wconf 85' lang='lat' dir='ltr'>luculentiore</span> <span class='ocrx_word' id='word_1_374' title='bbox 920 2315 1047 2352; x_wconf 90' lang='lat' dir='ltr'>ordine</span> <span class='ocrx_word' id='word_1_375' title='bbox 1067 2313 1286 2360; x_wconf 82' lang='lat' dir='ltr'>digererem,</span> <span class='ocrx_word' id='word_1_376' title='bbox 1314 2313 1374 2344; x_wconf 86' lang='lat' dir='ltr'>aut</span> 
     </span>
     <span class='ocr_line' id='line_1_46' title="bbox 215 2356 1374 2429; baseline -0.022 -11"><span class='ocrx_word' id='word_1_377' title='bbox 215 2386 239 2402; x_wconf 73' lang='lat'>‘¹</span> <span class='ocrx_word' id='word_1_378' title='bbox 262 2381 363 2429; x_wconf 89' lang='lat' dir='ltr'>plura</span> <span class='ocrx_word' id='word_1_379' title='bbox 385 2388 429 2414; x_wconf 81' lang='lat' dir='ltr'>ex</span> <span class='ocrx_word' id='word_1_380' title='bbox 451 2375 569 2412; x_wconf 90' lang='lat' dir='ltr'>Plinio</span> <span class='ocrx_word' id='word_1_381' title='bbox 585 2400 594 2413; x_wconf 95' lang='lat'>,</span> <span class='ocrx_word' id='word_1_382' title='bbox 612 2370 781 2408; x_wconf 90' lang='lat' dir='ltr'>Vitruvio</span> <span class='ocrx_word' id='word_1_383' title='bbox 793 2394 803 2409; x_wconf 88' lang='lat'>,</span> <span class='ocrx_word' id='word_1_384' title='bbox 822 2363 1027 2405; x_wconf 86' lang='lat' dir='ltr'>Columella</span> <span class='ocrx_word' id='word_1_385' title='bbox 1040 2391 1049 2404; x_wconf 91' lang='lat'>,</span> <span class='ocrx_word' id='word_1_386' title='bbox 1065 2362 1261 2400; x_wconf 87' lang='lat' dir='ltr'>Strabone,</span> <span class='ocrx_word' id='word_1_387' title='bbox 1281 2356 1374 2396; x_wconf 91' lang='lat' dir='ltr'>Cor-</span> 
     </span>
     <span class='ocr_line' id='line_1_47' title="bbox 216 2408 1374 2469; baseline -0.022 -2"><span class='ocrx_word' id='word_1_388' title='bbox 216 2436 240 2451; x_wconf 86' lang='lat'>“</span> <span class='ocrx_word' id='word_1_389' title='bbox 275 2429 373 2466; x_wconf 91' lang='lat' dir='ltr'>nelio</span> <span class='ocrx_word' id='word_1_390' title='bbox 392 2424 496 2464; x_wconf 86' lang='lat' dir='ltr'>Celso</span> <span class='ocrx_word' id='word_1_391' title='bbox 514 2421 655 2469; x_wconf 87' lang='lat' dir='ltr'>aliisque</span> <span class='ocrx_word' id='word_1_392' title='bbox 674 2416 921 2465; x_wconf 86' lang='lat' dir='ltr'>compluribus</span> <span class='ocrx_word' id='word_1_393' title='bbox 938 2412 1159 2450; x_wconf 69' lang='lat' dir='ltr'>annetierem</span> <span class='ocrx_word' id='word_1_394' title='bbox 1171 2437 1181 2451; x_wconf 92' lang='lat'>,</span> <span class='ocrx_word' id='word_1_395' title='bbox 1208 2419 1285 2457; x_wconf 84' lang='lat' dir='ltr'>quae</span> <span class='ocrx_word' id='word_1_396' title='bbox 1301 2408 1374 2443; x_wconf 88' lang='lat' dir='ltr'>sor-</span> 
     </span>
     <span class='ocr_line' id='line_1_48' title="bbox 216 2455 1374 2525; baseline -0.022 -8"><span class='ocrx_word' id='word_1_397' title='bbox 216 2485 241 2501; x_wconf 89' lang='lat'><strong><em>“</em></strong></span> <span class='ocrx_word' id='word_1_398' title='bbox 265 2478 346 2516; x_wconf 80' lang='lat' dir='ltr'>tasse</span> <span class='ocrx_word' id='word_1_399' title='bbox 357 2487 422 2525; x_wconf 88' lang='lat' dir='ltr'>per</span> <span class='ocrx_word' id='word_1_400' title='bbox 443 2474 565 2511; x_wconf 89' lang='lat' dir='ltr'>ocium</span> <span class='ocrx_word' id='word_1_401' title='bbox 582 2471 619 2506; x_wconf 92' lang='lat' dir='ltr'>in</span> <span class='ocrx_word' id='word_1_402' title='bbox 646 2469 754 2505; x_wconf 88' lang='lat' dir='ltr'>breve</span> <span class='ocrx_word' id='word_1_403' title='bbox 780 2464 990 2514; x_wconf 87' lang='lat' dir='ltr'>opusculum</span> <span class='ocrx_word' id='word_1_404' title='bbox 1017 2461 1253 2498; x_wconf 85' lang='lat' dir='ltr'>conferemus.</span> <span class='ocrx_word' id='word_1_405' title='bbox 1281 2455 1374 2494; x_wconf 86' lang='lat' dir='ltr'>Illud</span> 
     </span>
     <span class='ocr_line' id='line_1_49' title="bbox 218 2507 1372 2565; baseline -0.022 0"><span class='ocrx_word' id='word_1_406' title='bbox 218 2533 242 2549; x_wconf 66' lang='lat'>‘⁴</span> <span class='ocrx_word' id='word_1_407' title='bbox 269 2530 373 2565; x_wconf 87' lang='lat' dir='ltr'>etiam</span> <span class='ocrx_word' id='word_1_408' title='bbox 401 2526 435 2561; x_wconf 89' lang='lat' dir='ltr'>in</span> <span class='ocrx_word' id='word_1_409' title='bbox 463 2524 584 2559; x_wconf 88' lang='lat' dir='ltr'>animo</span> <span class='ocrx_word' id='word_1_410' title='bbox 603 2519 650 2556; x_wconf 86' lang='lat' dir='ltr'>est</span> <span class='ocrx_word' id='word_1_411' title='bbox 670 2517 714 2554; x_wconf 93' lang='lat' dir='ltr'>de</span> <span class='ocrx_word' id='word_1_412' title='bbox 735 2517 831 2552; x_wconf 90' lang='lat' dir='ltr'>notis</span> <span class='ocrx_word' id='word_1_413' title='bbox 855 2511 1082 2562; x_wconf 89' lang='lat' dir='ltr'>quorundam</span> <span class='ocrx_word' id='word_1_414' title='bbox 1108 2507 1372 2561; x_wconf 83' lang='lat' dir='ltr'>Grammatico-</span> 
     </span>
     <span class='ocr_line' id='line_1_50' title="bbox 217 2555 1375 2621; baseline -0.022 -6"><span class='ocrx_word' id='word_1_415' title='bbox 217 2583 241 2599; x_wconf 89' lang='lat'><strong>“</strong></span> <span class='ocrx_word' id='word_1_416' title='bbox 268 2589 348 2614; x_wconf 90' lang='lat' dir='ltr'>rum</span> <span class='ocrx_word' id='word_1_417' title='bbox 370 2571 580 2621; x_wconf 86' lang='lat' dir='ltr'>opusculum</span> <span class='ocrx_word' id='word_1_418' title='bbox 605 2566 793 2605; x_wconf 81' lang='lat' dir='ltr'>conficere.</span> <span class='ocrx_word' id='word_1_419' title='bbox 814 2567 832 2582; x_wconf 83' lang='lat'>’²</span> <span class='ocrx_word' id='word_1_420' title='bbox 890 2562 1063 2601; x_wconf 89' lang='lat' dir='ltr'>Autorem</span> <span class='ocrx_word' id='word_1_421' title='bbox 1087 2558 1245 2612; x_wconf 83' lang='lat' dir='ltr'>nostrum</span> <span class='ocrx_word' id='word_1_422' title='bbox 1264 2555 1375 2603; x_wconf 85' lang='lat' dir='ltr'>pluri-</span> 
     </span>
     <span class='ocr_line' id='line_1_51' title="bbox 217 2602 1375 2667; baseline -0.022 -2"><span class='ocrx_word' id='word_1_423' title='bbox 217 2629 286 2667; x_wconf 87' lang='lat' dir='ltr'>mis</span> <span class='ocrx_word' id='word_1_424' title='bbox 307 2623 468 2662; x_wconf 88' lang='lat' dir='ltr'>laudibus</span> <span class='ocrx_word' id='word_1_425' title='bbox 488 2618 646 2657; x_wconf 82' lang='lat' dir='ltr'>extulere</span> <span class='ocrx_word' id='word_1_426' title='bbox 665 2616 731 2651; x_wconf 93' lang='lat' dir='ltr'>viri</span> <span class='ocrx_word' id='word_1_427' title='bbox 746 2613 884 2650; x_wconf 89' lang='lat' dir='ltr'>eruditi.</span> <span class='ocrx_word' id='word_1_428' title='bbox 933 2615 955 2629; x_wconf 92' lang='lat'>“</span> <span class='ocrx_word' id='word_1_429' title='bbox 980 2609 1151 2659; x_wconf 82' lang='lat' dir='ltr'>Junianus</span> <span class='ocrx_word' id='word_1_430' title='bbox 1166 2606 1282 2655; x_wconf 73' lang='lat' dir='ltr'>Maius</span> <span class='ocrx_word' id='word_1_431' title='bbox 1294 2602 1375 2659; x_wconf 80' lang='lat' dir='ltr'>Par-</span> 
     </span>
     <span class='ocr_line' id='line_1_52' title="bbox 218 2654 1375 2720; baseline -0.022 -7"><span class='ocrx_word' id='word_1_432' title='bbox 218 2681 242 2699; x_wconf 87' lang='lat'><strong>“</strong></span> <span class='ocrx_word' id='word_1_433' title='bbox 269 2675 478 2720; x_wconf 79' lang='lat' dir='ltr'>thenopaeus</span> <span class='ocrx_word' id='word_1_434' title='bbox 497 2666 776 2716; x_wconf 84' lang='lat' dir='ltr'>Neapolitanus,</span> <span class='ocrx_word' id='word_1_435' title='bbox 802 2664 855 2698; x_wconf 88' lang='lat' dir='ltr'>vir</span> <span class='ocrx_word' id='word_1_436' title='bbox 873 2667 968 2699; x_wconf 88' lang='lat' dir='ltr'>certe</span> <span class='ocrx_word' id='word_1_437' title='bbox 979 2662 1016 2695; x_wconf 91' lang='lat' dir='ltr'>in</span> <span class='ocrx_word' id='word_1_438' title='bbox 1039 2657 1248 2695; x_wconf 87' lang='lat' dir='ltr'>secularibus</span> <span class='ocrx_word' id='word_1_439' title='bbox 1265 2654 1375 2690; x_wconf 86' lang='lat' dir='ltr'>literis</span> 
     </span>
     <span class='ocr_line' id='line_1_53' title="bbox 219 2702 1377 2763; baseline -0.022 0"><span class='ocrx_word' id='word_1_440' title='bbox 219 2730 242 2745; x_wconf 87' lang='lat'><strong>“</strong></span> <span class='ocrx_word' id='word_1_441' title='bbox 267 2718 572 2762; x_wconf 85' lang='lat' dir='ltr'>studiosislimus&amp;</span> <span class='ocrx_word' id='word_1_442' title='bbox 588 2714 730 2763; x_wconf 85' lang='lat' dir='ltr'>egregie</span> <span class='ocrx_word' id='word_1_443' title='bbox 744 2711 887 2753; x_wconf 64' lang='lat' dir='ltr'>doctus,</span> <span class='ocrx_word' id='word_1_444' title='bbox 913 2709 1113 2746; x_wconf 88' lang='lat' dir='ltr'>divinarum</span> <span class='ocrx_word' id='word_1_445' title='bbox 1132 2715 1278 2754; x_wconf 87' lang='lat' dir='ltr'>quoque</span> <span class='ocrx_word' id='word_1_446' title='bbox 1296 2702 1377 2739; x_wconf 88' lang='lat' dir='ltr'>scri-</span> 
     </span>
     <span class='ocr_line' id='line_1_54' title="bbox 220 2753 1378 2822; baseline -0.021 -11"><span class='ocrx_word' id='word_1_447' title='bbox 220 2780 243 2794; x_wconf 89' lang='lat'><strong><em>“</em></strong></span> <span class='ocrx_word' id='word_1_448' title='bbox 269 2781 452 2822; x_wconf 88' lang='lat' dir='ltr'>pturarum</span> <span class='ocrx_word' id='word_1_449' title='bbox 473 2779 548 2804; x_wconf 92' lang='lat' dir='ltr'>non</span> <span class='ocrx_word' id='word_1_450' title='bbox 565 2767 726 2814; x_wconf 81' lang='lat' dir='ltr'>ignarus,</span> <span class='ocrx_word' id='word_1_451' title='bbox 752 2759 990 2807; x_wconf 92' lang='lat' dir='ltr'>Philosophus</span> <span class='ocrx_word' id='word_1_452' title='bbox 1016 2758 1051 2794; x_wconf 69' lang='grc' dir='ltr'>δι</span> <span class='ocrx_word' id='word_1_453' title='bbox 1069 2755 1208 2793; x_wconf 84' lang='lat' dir='ltr'>Rlietor</span> <span class='ocrx_word' id='word_1_454' title='bbox 1223 2753 1378 2809; x_wconf 79' lang='lat' dir='ltr'>celeber-</span> 
     </span>
     <span class='ocr_line' id='line_1_55' title="bbox 222 2799 1375 2866; baseline -0.022 -5"><span class='ocrx_word' id='word_1_455' title='bbox 222 2828 244 2843; x_wconf 92' lang='lat'><strong>“</strong></span> <span class='ocrx_word' id='word_1_456' title='bbox 270 2825 404 2862; x_wconf 88' lang='lat' dir='ltr'>rimus,</span> <span class='ocrx_word' id='word_1_457' title='bbox 431 2817 579 2866; x_wconf 88' lang='lat' dir='ltr'>ingenio</span> <span class='ocrx_word' id='word_1_458' title='bbox 609 2813 772 2862; x_wconf 83' lang='lat' dir='ltr'>praestans</span> <span class='ocrx_word' id='word_1_459' title='bbox 803 2810 838 2846; x_wconf 72' lang='grc' dir='ltr'>δι</span> <span class='ocrx_word' id='word_1_460' title='bbox 876 2809 988 2846; x_wconf 89' lang='lat' dir='ltr'>clarus</span> <span class='ocrx_word' id='word_1_461' title='bbox 1022 2805 1179 2853; x_wconf 90' lang='lat' dir='ltr'>eloquio.</span> <span class='ocrx_word' id='word_1_462' title='bbox 1231 2799 1375 2848; x_wconf 81' lang='lat' dir='ltr'>Scripsit</span> 
     </span>
     <span class='ocr_line' id='line_1_56' title="bbox 224 2852 1376 2921; baseline -0.02 -12"><span class='ocrx_word' id='word_1_463' title='bbox 224 2878 246 2892; x_wconf 94' lang='lat'><strong>“</strong></span> <span class='ocrx_word' id='word_1_464' title='bbox 273 2870 433 2921; x_wconf 80' lang='lat' dir='ltr'>quaedam</span> <span class='ocrx_word' id='word_1_465' title='bbox 467 2878 544 2903; x_wconf 89' lang='lat' dir='ltr'>non</span> <span class='ocrx_word' id='word_1_466' title='bbox 574 2859 848 2900; x_wconf 65' lang='lat' dir='ltr'>contemnendae</span> <span class='ocrx_word' id='word_1_467' title='bbox 873 2857 1034 2895; x_wconf 67' lang='lat' dir='ltr'>lestionis</span> <span class='ocrx_word' id='word_1_468' title='bbox 1055 2853 1223 2902; x_wconf 89' lang='lat' dir='ltr'>opuscula</span> <span class='ocrx_word' id='word_1_469' title='bbox 1275 2852 1376 2887; x_wconf 90' lang='lat' dir='ltr'>uibus</span> 
     </span>
     <span class='ocr_line' id='line_1_57' title="bbox 223 2863 1379 2961; baseline -0.026 -2"><span class='ocrx_word' id='word_1_470' title='bbox 223 2927 245 2941; x_wconf 89' lang='lat'><strong>“</strong></span> <span class='ocrx_word' id='word_1_471' title='bbox 272 2918 485 2958; x_wconf 87' lang='lat' dir='ltr'>memoriani</span> <span class='ocrx_word' id='word_1_472' title='bbox 505 2915 553 2951; x_wconf 87' lang='lat' dir='ltr'>sui</span> <span class='ocrx_word' id='word_1_473' title='bbox 573 2912 720 2961; x_wconf 88' lang='lat' dir='ltr'>posteris</span> <span class='ocrx_word' id='word_1_474' title='bbox 747 2908 899 2956; x_wconf 89' lang='lat' dir='ltr'>reliquit.</span> <span class='ocrx_word' id='word_1_475' title='bbox 917 2910 935 2924; x_wconf 89' lang='lat'>”</span> <span class='ocrx_word' id='word_1_476' title='bbox 988 2904 1168 2939; x_wconf 78' lang='lat' dir='ltr'>Trithemius.</span> <span class='ocrx_word' id='word_1_477' title='bbox 1219 2863 1379 2956; x_wconf 23' lang='lat' dir='ltr'>“q-innita-</span> 
     </span>
     <span class='ocr_line' id='line_1_58' title="bbox 219 2952 1378 3007; baseline -0.021 2"><span class='ocrx_word' id='word_1_478' title='bbox 219 2976 246 2990; x_wconf 89' lang='lat'><strong>“</strong></span> <span class='ocrx_word' id='word_1_479' title='bbox 273 2982 338 3007; x_wconf 89' lang='lat' dir='ltr'>nus</span> <span class='ocrx_word' id='word_1_480' title='bbox 363 2967 480 3006; x_wconf 86' lang='lat' dir='ltr'>Maius</span> <span class='ocrx_word' id='word_1_481' title='bbox 502 2970 754 3001; x_wconf 88' lang='lat' dir='ltr'>conterraneus</span> <span class='ocrx_word' id='word_1_482' title='bbox 782 2969 882 2994; x_wconf 91' lang='lat' dir='ltr'>meus</span> <span class='ocrx_word' id='word_1_483' title='bbox 898 2984 908 2999; x_wconf 91' lang='lat'>,</span> <span class='ocrx_word' id='word_1_484' title='bbox 943 2956 996 2991; x_wconf 92' lang='lat' dir='ltr'>vir</span> <span class='ocrx_word' id='word_1_485' title='bbox 1020 2954 1111 2991; x_wconf 87' lang='lat' dir='ltr'>bene</span> <span class='ocrx_word' id='word_1_486' title='bbox 1140 2952 1314 2992; x_wconf 87' lang='lat' dir='ltr'>literatus,</span> <span class='ocrx_word' id='word_1_487' title='bbox 1341 2962 1378 2985; x_wconf 87' lang='lat' dir='ltr'>iri</span> 
     </span>
     <span class='ocr_line' id='line_1_59' title="bbox 225 3000 1378 3065; baseline -0.02 -8"><span class='ocrx_word' id='word_1_488' title='bbox 225 3024 247 3038; x_wconf 91' lang='lat'><strong>“</strong></span> <span class='ocrx_word' id='word_1_489' title='bbox 276 3015 502 3065; x_wconf 81' lang='lat' dir='ltr'>exquirendis</span> <span class='ocrx_word' id='word_1_490' title='bbox 529 3007 808 3056; x_wconf 88' lang='lat' dir='ltr'>adnotandisque</span> <span class='ocrx_word' id='word_1_491' title='bbox 838 3007 1030 3043; x_wconf 89' lang='lat' dir='ltr'>verborum</span> <span class='ocrx_word' id='word_1_492' title='bbox 1060 3003 1096 3039; x_wconf 68' lang='grc' dir='ltr'>ἃ.</span> <span class='ocrx_word' id='word_1_493' title='bbox 1127 3000 1378 3038; x_wconf 88' lang='lat' dir='ltr'>sententiarum</span> 
     </span>
     <span class='ocr_line' id='line_1_60' title="bbox 227 3047 1379 3103; baseline -0.023 2"><span class='ocrx_word' id='word_1_494' title='bbox 227 3073 249 3087; x_wconf 87' lang='lat'>&#39;‘</span> <span class='ocrx_word' id='word_1_495' title='bbox 276 3068 406 3103; x_wconf 79' lang='lat' dir='ltr'>viribus</span> <span class='ocrx_word' id='word_1_496' title='bbox 433 3062 536 3100; x_wconf 81' lang='lat' dir='ltr'>multi</span> <span class='ocrx_word' id='word_1_497' title='bbox 559 3059 663 3098; x_wconf 88' lang='lat' dir='ltr'>studii</span> <span class='ocrx_word' id='word_1_498' title='bbox 693 3058 767 3094; x_wconf 86' lang='lat' dir='ltr'>fuit.</span> <span class='ocrx_word' id='word_1_499' title='bbox 788 3058 806 3072; x_wconf 90' lang='lat'>&#39;&#39;</span> <span class='ocrx_word' id='word_1_500' title='bbox 855 3053 1005 3090; x_wconf 80' lang='lat' dir='ltr'>Alexand.</span> <span class='ocrx_word' id='word_1_501' title='bbox 1032 3051 1069 3086; x_wconf 88' lang='lat' dir='ltr'>ab</span> <span class='ocrx_word' id='word_1_502' title='bbox 1094 3050 1274 3085; x_wconf 80' lang='lat' dir='ltr'>Alexandro.</span> <span class='ocrx_word' id='word_1_503' title='bbox 1324 3047 1379 3086; x_wconf 82' lang='lat' dir='ltr'>Ex</span> 
     </span>
     <span class='ocr_line' id='line_1_61' title="bbox 226 3097 1380 3160; baseline -0.023 -6"><span class='ocrx_word' id='word_1_504' title='bbox 226 3118 347 3156; x_wconf 63' lang='lat' dir='ltr'>Maii</span> <span class='ocrx_word' id='word_1_505' title='bbox 366 3115 457 3150; x_wconf 90' lang='lat' dir='ltr'>libro</span> <span class='ocrx_word' id='word_1_506' title='bbox 477 3111 672 3160; x_wconf 89' lang='lat' dir='ltr'>plurimum</span> <span class='ocrx_word' id='word_1_507' title='bbox 691 3106 843 3154; x_wconf 88' lang='lat' dir='ltr'>profecit</span> <span class='ocrx_word' id='word_1_508' title='bbox 863 3103 1028 3147; x_wconf 78' lang='lat' dir='ltr'>calepinus,</span> <span class='ocrx_word' id='word_1_509' title='bbox 1055 3107 1095 3137; x_wconf 88' lang='lat' dir='ltr'>ut</span> <span class='ocrx_word' id='word_1_510' title='bbox 1116 3100 1182 3139; x_wconf 76' lang='lat' dir='ltr'>viri</span> <span class='ocrx_word' id='word_1_511' title='bbox 1201 3097 1295 3135; x_wconf 71' lang='lat' dir='ltr'>doffl</span> <span class='ocrx_word' id='word_1_512' title='bbox 1314 3099 1380 3134; x_wconf 82' lang='lat' dir='ltr'>ob..</span> 
     </span>
     <span class='ocr_line' id='line_1_62' title="bbox 226 3145 1380 3204; baseline -0.018 -1"><span class='ocrx_word' id='word_1_513' title='bbox 226 3167 412 3204; x_wconf 84' lang='lat' dir='ltr'>servarunt.</span> <span class='ocrx_word' id='word_1_514' title='bbox 459 3161 598 3198; x_wconf 86' lang='lat' dir='ltr'>Floruit</span> <span class='ocrx_word' id='word_1_515' title='bbox 616 3164 733 3194; x_wconf 81' lang='lat' dir='ltr'>autem</span> <span class='ocrx_word' id='word_1_516' title='bbox 753 3154 867 3192; x_wconf 86' lang='lat' dir='ltr'>Autor</span> <span class='ocrx_word' id='word_1_517' title='bbox 890 3152 1008 3189; x_wconf 88' lang='lat' dir='ltr'>noster</span> <span class='ocrx_word' id='word_1_518' title='bbox 1029 3156 1134 3196; x_wconf 82' lang='lat'>1480.</span> <span class='ocrx_word' id='word_1_519' title='bbox 1163 3148 1199 3185; x_wconf 88' lang='lat'>&amp;</span> <span class='ocrx_word' id='word_1_520' title='bbox 1215 3149 1325 3184; x_wconf 86' lang='lat' dir='ltr'>vitam</span> <span class='ocrx_word' id='word_1_521' title='bbox 1336 3145 1380 3183; x_wconf 88' lang='lat' dir='ltr'>ad</span> 
     </span>
     <span class='ocr_line' id='line_1_63' title="bbox 226 3199 1363 3264; baseline -0.018 -12"><span class='ocrx_word' id='word_1_522' title='bbox 226 3216 435 3264; x_wconf 83' lang='lat' dir='ltr'>proximum</span> <span class='ocrx_word' id='word_1_523' title='bbox 453 3210 616 3247; x_wconf 82' lang='lat' dir='ltr'>saeeulum</span> <span class='ocrx_word' id='word_1_524' title='bbox 634 3204 850 3243; x_wconf 85' lang='lat' dir='ltr'>existimatur</span> <span class='ocrx_word' id='word_1_525' title='bbox 866 3199 1094 3240; x_wconf 83' lang='lat' dir='ltr'>continuasse.</span> <span class='ocrx_word' id='word_1_526' title='bbox 1357 3246 1363 3252; x_wconf 40' lang='grc'><em>·</em></span> 
     </span>
     <span class='ocr_line' id='line_1_64' title="bbox 226 3243 1381 3305; baseline -0.016 -6"><span class='ocrx_word' id='word_1_527' title='bbox 226 3269 595 3305; x_wconf 70' lang='lat' dir='ltr'>JOH.REUCH1,1Nus,</span> <span class='ocrx_word' id='word_1_528' title='bbox 686 3253 931 3303; x_wconf 67' lang='lat' dir='ltr'>Jonaaaxs</span> <span class='ocrx_word' id='word_1_529' title='bbox 964 3250 1228 3287; x_wconf 71' lang='lat' dir='ltr'>Reucntiur</span> <span class='ocrx_word' id='word_1_530' title='bbox 1262 3243 1381 3283; x_wconf 79' lang='lat' dir='ltr'>Brevi-</span> 
     </span>
     <span class='ocr_line' id='line_1_65' title="bbox 225 3295 1378 3353; baseline -0.018 -2"><span class='ocrx_word' id='word_1_531' title='bbox 225 3308 280 3338; x_wconf 76' lang='lat' dir='ltr'>sive</span> <span class='ocrx_word' id='word_1_532' title='bbox 302 3307 464 3337; x_wconf 70' lang='lat' dir='ltr'>Carmo.</span> <span class='ocrx_word' id='word_1_533' title='bbox 631 3304 785 3353; x_wconf 90' lang='lat' dir='ltr'>loquum</span> <span class='ocrx_word' id='word_1_534' title='bbox 814 3300 871 3338; x_wconf 91' lang='lat' dir='ltr'>seu</span> <span class='ocrx_word' id='word_1_535' title='bbox 897 3298 1159 3338; x_wconf 68' lang='lat' dir='ltr'>Dictionarium</span> <span class='ocrx_word' id='word_1_536' title='bbox 1189 3295 1378 3336; x_wconf 88' lang='lat' dir='ltr'>Latinum,</span> 
     </span>
    </p>
   </div>
   <div class='ocr_carea' id='block_1_3' title="bbox 221 3391 1381 3840">
    <p class='ocr_par' dir='ltr' id='par_1_3' title="bbox 225 3391 1380 3586">
     <span class='ocr_line' id='line_1_66' title="bbox 264 3391 1378 3437; baseline -0.008 -8"><span class='ocrx_word' id='word_1_537' title='bbox 264 3399 327 3437; x_wconf 83' lang='lat' dir='ltr'>[a]</span> <span class='ocrx_word' id='word_1_538' title='bbox 348 3398 427 3429; x_wconf 85' lang='lat' dir='ltr'>Plinii</span> <span class='ocrx_word' id='word_1_539' title='bbox 438 3397 569 3436; x_wconf 84' lang='lat' dir='ltr'>Epistolas</span> <span class='ocrx_word' id='word_1_540' title='bbox 580 3407 638 3434; x_wconf 86' lang='lat' dir='ltr'>quae</span> <span class='ocrx_word' id='word_1_541' title='bbox 649 3399 723 3436; x_wconf 84' lang='lat' dir='ltr'>typis</span> <span class='ocrx_word' id='word_1_542' title='bbox 737 3398 849 3426; x_wconf 75' lang='lat' dir='ltr'>Matthia</span> <span class='ocrx_word' id='word_1_543' title='bbox 863 3397 969 3425; x_wconf 79' lang='lat' dir='ltr'>Moravi</span> <span class='ocrx_word' id='word_1_544' title='bbox 978 3395 1146 3434; x_wconf 86' lang='lat' dir='ltr'>prodierunt</span> <span class='ocrx_word' id='word_1_545' title='bbox 1159 3391 1279 3430; x_wconf 81' lang='lat' dir='ltr'>Neapoli</span> <span class='ocrx_word' id='word_1_546' title='bbox 1296 3394 1378 3428; x_wconf 77' lang='lat'>1476,</span> 
     </span>
     <span class='ocr_line' id='line_1_67' title="bbox 226 3430 1380 3474; baseline -0.013 -3"><span class='ocrx_word' id='word_1_547' title='bbox 226 3437 387 3474; x_wconf 78' lang='lat' dir='ltr'>recognovit</span> <span class='ocrx_word' id='word_1_548' title='bbox 401 3436 523 3472; x_wconf 57' lang='lat' dir='ltr'>qumana,</span> <span class='ocrx_word' id='word_1_549' title='bbox 533 3438 619 3462; x_wconf 79' lang='lat' dir='ltr'>Maius</span> <span class='ocrx_word' id='word_1_550' title='bbox 629 3456 637 3471; x_wconf 83' lang='lat'>,</span> <span class='ocrx_word' id='word_1_551' title='bbox 650 3443 679 3464; x_wconf 89' lang='lat' dir='ltr'>ut</span> <span class='ocrx_word' id='word_1_552' title='bbox 692 3437 779 3474; x_wconf 81' lang='lat' dir='ltr'>liquet</span> <span class='ocrx_word' id='word_1_553' title='bbox 788 3446 823 3465; x_wconf 80' lang='lat' dir='ltr'>ex</span> <span class='ocrx_word' id='word_1_554' title='bbox 835 3435 1008 3473; x_wconf 82' lang='lat' dir='ltr'>colophone.</span> <span class='ocrx_word' id='word_1_555' title='bbox 1049 3434 1068 3448; x_wconf 89' lang='lat'>“</span> <span class='ocrx_word' id='word_1_556' title='bbox 1090 3431 1240 3462; x_wconf 82' lang='lat' dir='ltr'>Millesimo</span> <span class='ocrx_word' id='word_1_557' title='bbox 1250 3430 1380 3467; x_wconf 78' lang='lat' dir='ltr'>quadrin-</span> 
     </span>
     <span class='ocr_line' id='line_1_68' title="bbox 226 3468 1380 3513; baseline -0.011 -8"><span class='ocrx_word' id='word_1_558' title='bbox 226 3478 248 3492; x_wconf 84' lang='grc'>“</span> <span class='ocrx_word' id='word_1_559' title='bbox 268 3475 417 3513; x_wconf 86' lang='lat' dir='ltr'>gentesimo</span> <span class='ocrx_word' id='word_1_560' title='bbox 429 3472 626 3511; x_wconf 70' lang='lat' dir='ltr'>septuagesimo</span> <span class='ocrx_word' id='word_1_561' title='bbox 638 3473 712 3503; x_wconf 86' lang='lat' dir='ltr'>sexto</span> <span class='ocrx_word' id='word_1_562' title='bbox 723 3474 817 3503; x_wconf 87' lang='lat' dir='ltr'>mense</span> <span class='ocrx_word' id='word_1_563' title='bbox 827 3473 903 3509; x_wconf 87' lang='lat' dir='ltr'>Julii.</span> <span class='ocrx_word' id='word_1_564' title='bbox 944 3468 1079 3510; x_wconf 67' lang='lat' dir='ltr'>Impressit</span> <span class='ocrx_word' id='word_1_565' title='bbox 1104 3469 1228 3497; x_wconf 71' lang='lat' dir='ltr'>Matthias</span> <span class='ocrx_word' id='word_1_566' title='bbox 1254 3472 1380 3494; x_wconf 74' lang='lat' dir='ltr'>Moravua</span> 
     </span>
     <span class='ocr_line' id='line_1_69' title="bbox 225 3506 1379 3549; baseline -0.006 -8"><span class='ocrx_word' id='word_1_567' title='bbox 225 3515 246 3529; x_wconf 87' lang='grc'>“</span> <span class='ocrx_word' id='word_1_568' title='bbox 266 3514 306 3542; x_wconf 88' lang='lat' dir='ltr'>vir</span> <span class='ocrx_word' id='word_1_569' title='bbox 318 3512 442 3549; x_wconf 77' lang='lat' dir='ltr'>singulari</span> <span class='ocrx_word' id='word_1_570' title='bbox 455 3512 567 3548; x_wconf 84' lang='lat' dir='ltr'>ingenio</span> <span class='ocrx_word' id='word_1_571' title='bbox 579 3512 604 3539; x_wconf 73' lang='grc' dir='ltr'>δι</span> <span class='ocrx_word' id='word_1_572' title='bbox 617 3517 683 3539; x_wconf 90' lang='lat' dir='ltr'>arte.</span> <span class='ocrx_word' id='word_1_573' title='bbox 723 3511 900 3549; x_wconf 83' lang='lat' dir='ltr'>Recognovit</span> <span class='ocrx_word' id='word_1_574' title='bbox 912 3509 1038 3545; x_wconf 65' lang='lat' dir='ltr'>qunianus</span> <span class='ocrx_word' id='word_1_575' title='bbox 1049 3509 1135 3535; x_wconf 72' lang='lat' dir='ltr'>Maius</span> <span class='ocrx_word' id='word_1_576' title='bbox 1154 3506 1379 3543; x_wconf 78' lang='lat' dir='ltr'>Parthenopaeus.</span> 
     </span>
     <span class='ocr_line' id='line_1_70' title="bbox 226 3546 1086 3586; baseline -0.007 -6"><span class='ocrx_word' id='word_1_577' title='bbox 226 3553 245 3566; x_wconf 76' lang='lat'>‘²</span> <span class='ocrx_word' id='word_1_578' title='bbox 266 3552 360 3580; x_wconf 82' lang='lat' dir='ltr'>rhetor</span> <span class='ocrx_word' id='word_1_579' title='bbox 375 3550 518 3586; x_wconf 79' lang='lat' dir='ltr'>publicus,</span> <span class='ocrx_word' id='word_1_580' title='bbox 533 3548 638 3576; x_wconf 86' lang='lat' dir='ltr'>summa</span> <span class='ocrx_word' id='word_1_581' title='bbox 654 3557 718 3577; x_wconf 85' lang='lat' dir='ltr'>cura</span> <span class='ocrx_word' id='word_1_582' title='bbox 730 3548 891 3586; x_wconf 83' lang='lat' dir='ltr'>summaque</span> <span class='ocrx_word' id='word_1_583' title='bbox 905 3547 1057 3585; x_wconf 85' lang='lat' dir='ltr'>diligentia.</span> <span class='ocrx_word' id='word_1_584' title='bbox 1070 3546 1086 3557; x_wconf 91' lang='lat'>&#39;&#39;</span> 
     </span>
    </p>

    <p class='ocr_par' dir='ltr' id='par_1_4' title="bbox 227 3580 1379 3661">
     <span class='ocr_line' id='line_1_71' title="bbox 264 3580 1379 3624; baseline -0.004 -9"><span class='ocrx_word' id='word_1_585' title='bbox 264 3590 283 3605; x_wconf 70' lang='lat'>‘⁶</span> <span class='ocrx_word' id='word_1_586' title='bbox 299 3587 357 3624; x_wconf 84' lang='lat' dir='ltr'>[b]</span> <span class='ocrx_word' id='word_1_587' title='bbox 378 3587 484 3623; x_wconf 71' lang='lat' dir='ltr'>Capnio</span> <span class='ocrx_word' id='word_1_588' title='bbox 495 3586 535 3615; x_wconf 87' lang='lat' dir='ltr'>vir</span> <span class='ocrx_word' id='word_1_589' title='bbox 549 3595 665 3621; x_wconf 81' lang='lat' dir='ltr'>magnus</span> <span class='ocrx_word' id='word_1_590' title='bbox 676 3606 683 3618; x_wconf 78' lang='lat'>,</span> <span class='ocrx_word' id='word_1_591' title='bbox 704 3586 749 3614; x_wconf 86' lang='lat' dir='ltr'>sed</span> <span class='ocrx_word' id='word_1_592' title='bbox 759 3588 846 3616; x_wconf 88' lang='lat' dir='ltr'>oratio</span> <span class='ocrx_word' id='word_1_593' title='bbox 859 3585 967 3616; x_wconf 87' lang='lat' dir='ltr'>redolet</span> <span class='ocrx_word' id='word_1_594' title='bbox 975 3585 1053 3614; x_wconf 87' lang='lat' dir='ltr'>suum</span> <span class='ocrx_word' id='word_1_595' title='bbox 1066 3582 1190 3612; x_wconf 86' lang='lat' dir='ltr'>seculum</span> <span class='ocrx_word' id='word_1_596' title='bbox 1208 3580 1302 3612; x_wconf 83' lang='lat' dir='ltr'>adhuc</span> <span class='ocrx_word' id='word_1_597' title='bbox 1313 3580 1379 3611; x_wconf 82' lang='lat' dir='ltr'>hor-</span> 
     </span>
     <span class='ocr_line' id='line_1_72' title="bbox 227 3621 1062 3661; baseline -0.007 -6"><span class='ocrx_word' id='word_1_598' title='bbox 227 3626 314 3655; x_wconf 83' lang='lat' dir='ltr'>ridius</span> <span class='ocrx_word' id='word_1_599' title='bbox 329 3623 542 3661; x_wconf 87' lang='lat' dir='ltr'>impolitiusque.</span> <span class='ocrx_word' id='word_1_600' title='bbox 553 3621 569 3634; x_wconf 85' lang='lat'>’‘</span> <span class='ocrx_word' id='word_1_601' title='bbox 609 3624 704 3657; x_wconf 58' lang='lat' dir='ltr'>irasmi</span> <span class='ocrx_word' id='word_1_602' title='bbox 722 3624 857 3658; x_wconf 86' lang='lat' dir='ltr'>judicium</span> <span class='ocrx_word' id='word_1_603' title='bbox 879 3624 915 3653; x_wconf 89' lang='lat' dir='ltr'>de</span> <span class='ocrx_word' id='word_1_604' title='bbox 929 3625 1062 3658; x_wconf 75' lang='lat' dir='ltr'>capnione.</span> 
     </span>
    </p>

    <p class='ocr_par' dir='ltr' id='par_1_5' title="bbox 221 3656 1381 3840">
     <span class='ocr_line' id='line_1_73' title="bbox 264 3656 1380 3699; baseline -0.006 -9"><span class='ocrx_word' id='word_1_605' title='bbox 264 3663 320 3699; x_wconf 85' lang='lat' dir='ltr'>[c]</span> <span class='ocrx_word' id='word_1_606' title='bbox 333 3662 424 3690; x_wconf 82' lang='lat' dir='ltr'>Vitam</span> <span class='ocrx_word' id='word_1_607' title='bbox 438 3660 562 3688; x_wconf 63' lang='lat' dir='ltr'>Rauchln‘m&#39;</span> <span class='ocrx_word' id='word_1_608' title='bbox 571 3659 624 3688; x_wconf 82' lang='lat' dir='ltr'>sive</span> <span class='ocrx_word' id='word_1_609' title='bbox 631 3663 759 3694; x_wconf 76' lang='lat' dir='ltr'>Capmorus</span> <span class='ocrx_word' id='word_1_610' title='bbox 769 3662 936 3699; x_wconf 74' lang='lat' dir='ltr'>descripsere</span> <span class='ocrx_word' id='word_1_611' title='bbox 948 3660 1069 3688; x_wconf 78' lang='lat' dir='ltr'>Melchior</span> <span class='ocrx_word' id='word_1_612' title='bbox 1080 3659 1192 3685; x_wconf 78' lang='lat' dir='ltr'>Adamm</span> <span class='ocrx_word' id='word_1_613' title='bbox 1201 3658 1229 3687; x_wconf 87' lang='lat' dir='ltr'>in</span> <span class='ocrx_word' id='word_1_614' title='bbox 1239 3656 1303 3686; x_wconf 80' lang='lat' dir='ltr'>vitis</span> <span class='ocrx_word' id='word_1_615' title='bbox 1315 3656 1380 3686; x_wconf 78' lang='lat' dir='ltr'>Ger·</span> 
     </span>
     <span class='ocr_line' id='line_1_74' title="bbox 226 3695 1379 3735; baseline -0.005 -6"><span class='ocrx_word' id='word_1_616' title='bbox 226 3709 372 3730; x_wconf 86' lang='lat' dir='ltr'>manorum</span> <span class='ocrx_word' id='word_1_617' title='bbox 388 3698 614 3735; x_wconf 76' lang='lat' dir='ltr'>Philosophorum</span> <span class='ocrx_word' id='word_1_618' title='bbox 626 3718 634 3731; x_wconf 87' lang='lat'>‚</span> <span class='ocrx_word' id='word_1_619' title='bbox 656 3699 681 3725; x_wconf 75' lang='grc' dir='ltr'>ὁὶ</span> <span class='ocrx_word' id='word_1_620' title='bbox 692 3707 779 3734; x_wconf 85' lang='lat' dir='ltr'>nuper</span> <span class='ocrx_word' id='word_1_621' title='bbox 789 3699 814 3734; x_wconf 67' lang='lat' dir='ltr'>fl.</span> <span class='ocrx_word' id='word_1_622' title='bbox 827 3704 899 3729; x_wconf 75' lang='lat' dir='ltr'>Henr,</span> <span class='ocrx_word' id='word_1_623' title='bbox 914 3704 1007 3726; x_wconf 75' lang='lat' dir='ltr'>Maius.</span> <span class='ocrx_word' id='word_1_624' title='bbox 1036 3696 1101 3732; x_wconf 80' lang='lat' dir='ltr'>Ejus</span> <span class='ocrx_word' id='word_1_625' title='bbox 1122 3696 1248 3733; x_wconf 77' lang='lat' dir='ltr'>Elogium</span> <span class='ocrx_word' id='word_1_626' title='bbox 1264 3695 1328 3724; x_wconf 89' lang='lat' dir='ltr'>vide</span> <span class='ocrx_word' id='word_1_627' title='bbox 1339 3695 1379 3723; x_wconf 83' lang='lat' dir='ltr'>in-</span> 
     </span>
     <span class='ocr_line' id='line_1_75' title="bbox 226 3733 1380 3774; baseline -0.004 -8"><span class='ocrx_word' id='word_1_628' title='bbox 226 3745 268 3766; x_wconf 75' lang='lat' dir='ltr'>ter</span> <span class='ocrx_word' id='word_1_629' title='bbox 284 3737 376 3774; x_wconf 62' lang='lat' dir='ltr'>alogia</span> <span class='ocrx_word' id='word_1_630' title='bbox 389 3742 415 3767; x_wconf 77' lang='lat' dir='ltr'>P.</span> <span class='ocrx_word' id='word_1_631' title='bbox 427 3736 508 3770; x_wconf 62' lang='lat' dir='ltr'>‘Vovit&#39;-</span> <span class='ocrx_word' id='word_1_632' title='bbox 548 3735 670 3763; x_wconf 81' lang='lat' dir='ltr'>Mortem</span> <span class='ocrx_word' id='word_1_633' title='bbox 681 3755 689 3766; x_wconf 75' lang='grc'><em>,</em></span> <span class='ocrx_word' id='word_1_634' title='bbox 703 3735 765 3768; x_wconf 78' lang='lat' dir='ltr'>live,</span> <span class='ocrx_word' id='word_1_635' title='bbox 781 3742 812 3764; x_wconf 91' lang='lat' dir='ltr'>ut</span> <span class='ocrx_word' id='word_1_636' title='bbox 824 3736 880 3772; x_wconf 78' lang='lat' dir='ltr'>ipse</span> <span class='ocrx_word' id='word_1_637' title='bbox 899 3737 1000 3770; x_wconf 84' lang='lat' dir='ltr'>vocat,</span> <span class='ocrx_word' id='word_1_638' title='bbox 1021 3735 1161 3761; x_wconf 66' lang='grc' dir='ltr'><strong><em>ἀποθέωσιν</em></strong></span> <span class='ocrx_word' id='word_1_639' title='bbox 1180 3733 1310 3770; x_wconf 85' lang='lat' dir='ltr'>singulari</span> <span class='ocrx_word' id='word_1_640' title='bbox 1328 3739 1380 3761; x_wconf 85' lang='lat' dir='ltr'>tra-</span> 
     </span>
     <span class='ocr_line' id='line_1_76' title="bbox 226 3770 1381 3809; baseline -0.006 -5"><span class='ocrx_word' id='word_1_641' title='bbox 226 3776 301 3804; x_wconf 63' lang='lat' dir='ltr'>(tatu</span> <span class='ocrx_word' id='word_1_642' title='bbox 315 3781 405 3803; x_wconf 83' lang='lat' dir='ltr'>narrat</span> <span class='ocrx_word' id='word_1_643' title='bbox 426 3773 537 3809; x_wconf 75' lang='lat' dir='ltr'>Erasmus</span> <span class='ocrx_word' id='word_1_644' title='bbox 550 3773 619 3800; x_wconf 83' lang='lat' dir='ltr'>inter</span> <span class='ocrx_word' id='word_1_645' title='bbox 632 3771 798 3808; x_wconf 77' lang='lat' dir='ltr'>Colloquiat,</span> <span class='ocrx_word' id='word_1_646' title='bbox 821 3777 859 3799; x_wconf 80' lang='lat' dir='ltr'>De</span> <span class='ocrx_word' id='word_1_647' title='bbox 878 3773 1060 3809; x_wconf 70' lang='lat' dir='ltr'>incomparabili</span> <span class='ocrx_word' id='word_1_648' title='bbox 1078 3773 1148 3799; x_wconf 77' lang='lat' dir='ltr'>heroe</span> <span class='ocrx_word' id='word_1_649' title='bbox 1159 3771 1273 3808; x_wconf 68' lang='lat' dir='ltr'>qahanne</span> <span class='ocrx_word' id='word_1_650' title='bbox 1288 3770 1381 3799; x_wconf 69' lang='lat' dir='ltr'>Reueh-</span> 
     </span>
     <span class='ocr_line' id='line_1_77' title="bbox 221 3809 701 3840; baseline -0.015 0"><span class='ocrx_word' id='word_1_651' title='bbox 221 3813 274 3840; x_wconf 75' lang='lat' dir='ltr'>lina</span> <span class='ocrx_word' id='word_1_652' title='bbox 288 3822 313 3838; x_wconf 86' lang='lat' dir='ltr'>m</span> <span class='ocrx_word' id='word_1_653' title='bbox 336 3813 459 3837; x_wconf 64' lang='lat' dir='ltr'>(rivorum</span> <span class='ocrx_word' id='word_1_654' title='bbox 473 3818 601 3835; x_wconf 81' lang='lat' dir='ltr'>numerum</span> <span class='ocrx_word' id='word_1_655' title='bbox 614 3809 701 3835; x_wconf 78' lang='lat' dir='ltr'>relato.</span> 
     </span>
    </p>
   </div>
   <div class='ocr_carea' id='block_1_4' title="bbox 226 3859 1386 3935">
    <p class='ocr_par' dir='ltr' id='par_1_6' title="bbox 226 3859 1386 3935">
     <span class='ocr_line' id='line_1_78' title="bbox 261 3859 1386 3900; baseline -0.005 -7"><span class='ocrx_word' id='word_1_656' title='bbox 261 3865 279 3900; x_wconf 86' lang='lat'>†</span> <span class='ocrx_word' id='word_1_657' title='bbox 292 3864 451 3894; x_wconf 80' lang='lat' dir='ltr'>iohannem.</span> <span class='ocrx_word' id='word_1_658' title='bbox 486 3860 522 3896; x_wconf 83' lang='lat'>††</span> <span class='ocrx_word' id='word_1_659' title='bbox 535 3861 590 3891; x_wconf 76' lang='lat' dir='ltr'>Vel,</span> <span class='ocrx_word' id='word_1_660' title='bbox 604 3869 633 3887; x_wconf 88' lang='lat' dir='ltr'>ut</span> <span class='ocrx_word' id='word_1_661' title='bbox 645 3862 792 3896; x_wconf 79' lang='lat' dir='ltr'>antiquiori</span> <span class='ocrx_word' id='word_1_662' title='bbox 810 3862 930 3888; x_wconf 75' lang='lat' dir='ltr'>dialecto</span> <span class='ocrx_word' id='word_1_663' title='bbox 940 3862 1094 3888; x_wconf 62' lang='lat' dir='ltr'>eliciebant</span> <span class='ocrx_word' id='word_1_664' title='bbox 1110 3861 1235 3896; x_wconf 57' lang='lat' dir='ltr'>bii-gamm.</span> <span class='ocrx_word' id='word_1_665' title='bbox 1256 3859 1386 3888; x_wconf 86' lang='lat' dir='ltr'>Sicenim</span> 
     </span>
     <span class='ocr_line' id='line_1_79' title="bbox 226 3895 1386 3935; baseline -0.006 -4"><span class='ocrx_word' id='word_1_666' title='bbox 226 3903 254 3931; x_wconf 91' lang='lat' dir='ltr'>in</span> <span class='ocrx_word' id='word_1_667' title='bbox 264 3902 345 3930; x_wconf 79' lang='lat' dir='ltr'>titulo</span> <span class='ocrx_word' id='word_1_668' title='bbox 358 3898 553 3935; x_wconf 82' lang='lat' dir='ltr'>Responsionis</span> <span class='ocrx_word' id='word_1_669' title='bbox 571 3897 621 3926; x_wconf 81' lang='lat' dir='ltr'>suae</span> <span class='ocrx_word' id='word_1_670' title='bbox 643 3897 798 3933; x_wconf 83' lang='lat' dir='ltr'>posterioris</span> <span class='ocrx_word' id='word_1_671' title='bbox 817 3898 852 3926; x_wconf 78' lang='lat' dir='ltr'>ad</span> <span class='ocrx_word' id='word_1_672' title='bbox 867 3897 1033 3926; x_wconf 82' lang='lat' dir='ltr'>Bilibaldum</span> <span class='ocrx_word' id='word_1_673' title='bbox 1054 3897 1261 3933; x_wconf 80' lang='lat' dir='ltr'>Pyrkaimerum</span> <span class='ocrx_word' id='word_1_674' title='bbox 1273 3895 1386 3934; x_wconf 87' lang='lat' dir='ltr'>ipseex-</span> 
     </span>
    </p>
   </div>
   <div class='ocr_carea' id='block_1_5' title="bbox 223 3932 1388 4013">
    <p class='ocr_par' dir='ltr' id='par_1_7' title="bbox 223 3932 1388 4013">
     <span class='ocr_line' id='line_1_80' title="bbox 224 3932 1388 3977; baseline -0.003 -9"><span class='ocrx_word' id='word_1_675' title='bbox 224 3939 334 3976; x_wconf 78' lang='lat' dir='ltr'>preilit:</span> <span class='ocrx_word' id='word_1_676' title='bbox 358 3936 501 3972; x_wconf 69' lang='lat' dir='ltr'>“joannis</span> <span class='ocrx_word' id='word_1_677' title='bbox 519 3934 652 3977; x_wconf 73' lang='lat' dir='ltr'>Huss‘chin</span> <span class='ocrx_word' id='word_1_678' title='bbox 664 3955 671 3966; x_wconf 75' lang='lat'>,</span> <span class='ocrx_word' id='word_1_679' title='bbox 689 3935 778 3964; x_wconf 79' lang='lat' dir='ltr'>cuiab</span> <span class='ocrx_word' id='word_1_680' title='bbox 793 3935 943 3971; x_wconf 60' lang='lat' dir='ltr'>equalibus</span> <span class='ocrx_word' id='word_1_681' title='bbox 957 3944 972 3963; x_wconf 84' lang='lat' dir='ltr'>a</span> <span class='ocrx_word' id='word_1_682' title='bbox 989 3935 1079 3971; x_wconf 79' lang='lat' dir='ltr'>prima</span> <span class='ocrx_word' id='word_1_683' title='bbox 1096 3932 1282 3964; x_wconf 76' lang='lat' dir='ltr'>adolescentia</span> <span class='ocrx_word' id='word_1_684' title='bbox 1295 3933 1388 3964; x_wconf 88' lang='lat' dir='ltr'>Oeco-</span> 
     </span>
     <span class='ocr_line' id='line_1_81' title="bbox 223 3970 679 4013; baseline -0.015 -7"><span class='ocrx_word' id='word_1_685' title='bbox 223 3978 243 3991; x_wconf 78' lang='grc'>“</span> <span class='ocrx_word' id='word_1_686' title='bbox 263 3976 402 4013; x_wconf 82' lang='lat' dir='ltr'>lampadio</span> <span class='ocrx_word' id='word_1_687' title='bbox 413 3982 517 4002; x_wconf 85' lang='lat' dir='ltr'>nomen</span> <span class='ocrx_word' id='word_1_688' title='bbox 525 3972 649 4001; x_wconf 85' lang='lat' dir='ltr'>obvenit.</span> <span class='ocrx_word' id='word_1_689' title='bbox 664 3970 679 3982; x_wconf 69' lang='lat'>’⁸</span> 
     </span>
    </p>
   </div>
   <div class='ocr_carea' id='block_1_6' title="bbox 1419 78 2091 146">
    <p class='ocr_par' dir='ltr' id='par_1_8' title="bbox 1419 78 2091 146">
     <span class='ocr_line' id='line_1_82' title="bbox 1419 78 2091 146; baseline -0.016 -10"><span class='ocrx_word' id='word_1_690' title='bbox 1419 84 1472 135; x_wconf 89' lang='lat' dir='ltr'>O</span> <span class='ocrx_word' id='word_1_691' title='bbox 1539 78 1664 135; x_wconf 83' lang='lat' dir='ltr'>Edit.</span> <span class='ocrx_word' id='word_1_692' title='bbox 1690 79 1886 132; x_wconf 74' lang='lat' dir='ltr'>Londin.</span> <span class='ocrx_word' id='word_1_693' title='bbox 1917 91 1942 130; x_wconf 94' lang='lat'>1</span> <span class='ocrx_word' id='word_1_694' title='bbox 1955 90 1992 143; x_wconf 87' lang='lat'><strong>7</strong></span> <span class='ocrx_word' id='word_1_695' title='bbox 2005 88 2035 142; x_wconf 78' lang='lat'>3</span> <span class='ocrx_word' id='word_1_696' title='bbox 2050 92 2091 146; x_wconf 88' lang='lat'>5.</span> 
     </span>
    </p>
   </div>
   <div class='ocr_carea' id='block_1_7' title="bbox 1401 173 2658 2846">
    <p class='ocr_par' dir='ltr' id='par_1_9' title="bbox 1401 173 2657 723">
     <span class='ocr_line' id='line_1_83' title="bbox 1403 173 2572 231; baseline -0.015 -7"><span class='ocrx_word' id='word_1_697' title='bbox 1403 187 1532 225; x_wconf 88' lang='lat' dir='ltr'>ordine</span> <span class='ocrx_word' id='word_1_698' title='bbox 1561 184 1785 231; x_wconf 87' lang='lat' dir='ltr'>alphabetico</span> <span class='ocrx_word' id='word_1_699' title='bbox 1824 180 1975 228; x_wconf 88' lang='lat' dir='ltr'>fingulas</span> <span class='ocrx_word' id='word_1_700' title='bbox 2015 190 2125 216; x_wconf 87' lang='lat' dir='ltr'>voces</span> <span class='ocrx_word' id='word_1_701' title='bbox 2160 176 2301 214; x_wconf 86' lang='lat' dir='ltr'>Latinas</span> <span class='ocrx_word' id='word_1_702' title='bbox 2331 173 2484 209; x_wconf 88' lang='lat' dir='ltr'>breviter</span> <span class='ocrx_word' id='word_1_703' title='bbox 2507 180 2572 212; x_wconf 56' lang='lat' dir='ltr'>exa</span> 
     </span>
     <span class='ocr_line' id='line_1_84' title="bbox 1401 221 2572 285; baseline -0.014 -12"><span class='ocrx_word' id='word_1_704' title='bbox 1401 237 1558 285; x_wconf 89' lang='lat' dir='ltr'>plicans,</span> <span class='ocrx_word' id='word_1_705' title='bbox 1585 234 1663 270; x_wconf 89' lang='lat' dir='ltr'>sunt</span> <span class='ocrx_word' id='word_1_706' title='bbox 1695 234 1757 280; x_wconf 90' lang='lat' dir='ltr'>qui</span> <span class='ocrx_word' id='word_1_707' title='bbox 1779 230 1936 278; x_wconf 87' lang='lat' dir='ltr'>impense</span> <span class='ocrx_word' id='word_1_708' title='bbox 1964 229 2135 270; x_wconf 85' lang='lat' dir='ltr'>laudant,</span> <span class='ocrx_word' id='word_1_709' title='bbox 2163 228 2254 263; x_wconf 87' lang='lat' dir='ltr'>inter</span> <span class='ocrx_word' id='word_1_710' title='bbox 2278 233 2368 272; x_wconf 91' lang='lat' dir='ltr'>quos</span> <span class='ocrx_word' id='word_1_711' title='bbox 2396 221 2572 275; x_wconf 67' lang='lat' dir='ltr'>Christianus</span> 
     </span>
     <span class='ocr_line' id='line_1_85' title="bbox 1405 268 2570 330; baseline -0.009 -9"><span class='ocrx_word' id='word_1_712' title='bbox 1405 288 1557 321; x_wconf 85' lang='lat' dir='ltr'>Daumius</span> <span class='ocrx_word' id='word_1_713' title='bbox 1590 293 1666 330; x_wconf 91' lang='lat' dir='ltr'>cap.</span> <span class='ocrx_word' id='word_1_714' title='bbox 1703 292 1758 318; x_wconf 78' lang='lat'>22.</span> <span class='ocrx_word' id='word_1_715' title='bbox 1801 280 1880 316; x_wconf 90' lang='lat' dir='ltr'>libri</span> <span class='ocrx_word' id='word_1_716' title='bbox 1913 280 1957 316; x_wconf 91' lang='lat' dir='ltr'>de</span> <span class='ocrx_word' id='word_1_717' title='bbox 2005 277 2112 315; x_wconf 85' lang='lat' dir='ltr'>causis</span> <span class='ocrx_word' id='word_1_718' title='bbox 2154 274 2354 312; x_wconf 72' lang='lat' dir='ltr'>amissarum</span> <span class='ocrx_word' id='word_1_719' title='bbox 2397 268 2570 309; x_wconf 58' lang='lat' dir='ltr'>radicum,</span> 
     </span>
     <span class='ocr_line' id='line_1_86' title="bbox 1407 317 2571 375; baseline -0.011 -4"><span class='ocrx_word' id='word_1_720' title='bbox 1407 334 1453 372; x_wconf 85' lang='lat' dir='ltr'>At</span> <span class='ocrx_word' id='word_1_721' title='bbox 1483 344 1566 370; x_wconf 91' lang='lat' dir='ltr'>cum</span> <span class='ocrx_word' id='word_1_722' title='bbox 1598 331 1632 369; x_wconf 91' lang='lat' dir='ltr'>R</span> <span class='ocrx_word' id='word_1_723' title='bbox 1649 342 1669 367; x_wconf 81' lang='grc' dir='ltr'><strong>Ε</strong></span> <span class='ocrx_word' id='word_1_724' title='bbox 1684 342 1708 367; x_wconf 85' lang='lat' dir='ltr'>u</span> <span class='ocrx_word' id='word_1_725' title='bbox 1727 342 1747 367; x_wconf 92' lang='lat' dir='ltr'>c</span> <span class='ocrx_word' id='word_1_726' title='bbox 1762 341 1789 365; x_wconf 83' lang='lat' dir='ltr'>H</span> <span class='ocrx_word' id='word_1_727' title='bbox 1806 341 1827 365; x_wconf 84' lang='lat' dir='ltr'>L</span> <span class='ocrx_word' id='word_1_728' title='bbox 1845 340 1858 365; x_wconf 87' lang='lat'>1</span> <span class='ocrx_word' id='word_1_729' title='bbox 1874 340 1899 365; x_wconf 80' lang='lat' dir='ltr'>N</span> <span class='ocrx_word' id='word_1_730' title='bbox 1916 340 1940 364; x_wconf 80' lang='grc' dir='ltr'>υ</span> <span class='ocrx_word' id='word_1_731' title='bbox 1960 339 1975 364; x_wconf 91' lang='lat' dir='ltr'>s</span> <span class='ocrx_word' id='word_1_732' title='bbox 2012 326 2176 363; x_wconf 89' lang='lat' dir='ltr'>nondum</span> <span class='ocrx_word' id='word_1_733' title='bbox 2203 322 2349 360; x_wconf 86' lang='lat' dir='ltr'>stabilita</span> <span class='ocrx_word' id='word_1_734' title='bbox 2386 324 2445 375; x_wconf 80' lang='lat' dir='ltr'>aut</span> <span class='ocrx_word' id='word_1_735' title='bbox 2476 317 2571 358; x_wconf 90' lang='lat' dir='ltr'>bene</span> 
     </span>
     <span class='ocr_line' id='line_1_87' title="bbox 1409 371 2571 421; baseline -0.011 -1"><span class='ocrx_word' id='word_1_736' title='bbox 1409 382 1618 421; x_wconf 84' lang='lat' dir='ltr'>confirmata</span> <span class='ocrx_word' id='word_1_737' title='bbox 1665 378 1854 416; x_wconf 83' lang='lat' dir='ltr'>Latinitate</span> <span class='ocrx_word' id='word_1_738' title='bbox 1891 377 2139 413; x_wconf 67' lang='lat' dir='ltr'>distionarium</span> <span class='ocrx_word' id='word_1_739' title='bbox 2171 373 2269 410; x_wconf 87' lang='lat' dir='ltr'>suum</span> <span class='ocrx_word' id='word_1_740' title='bbox 2311 371 2543 408; x_wconf 82' lang='lat' dir='ltr'>coneinnavit</span> <span class='ocrx_word' id='word_1_741' title='bbox 2559 396 2571 412; x_wconf 84' lang='lat'>,</span> 
     </span>
     <span class='ocr_line' id='line_1_88' title="bbox 1408 422 2575 481; baseline -0.009 -14"><span class='ocrx_word' id='word_1_742' title='bbox 1408 432 1598 481; x_wconf 86' lang='lat' dir='ltr'>peregrina</span> <span class='ocrx_word' id='word_1_743' title='bbox 1634 429 1746 464; x_wconf 85' lang='lat' dir='ltr'>multa</span> <span class='ocrx_word' id='word_1_744' title='bbox 1788 427 1824 464; x_wconf 65' lang='grc' dir='ltr'>δε</span> <span class='ocrx_word' id='word_1_745' title='bbox 1861 438 1954 474; x_wconf 91' lang='lat' dir='ltr'>pene</span> <span class='ocrx_word' id='word_1_746' title='bbox 1995 426 2140 462; x_wconf 89' lang='lat' dir='ltr'>barbara</span> <span class='ocrx_word' id='word_1_747' title='bbox 2165 422 2340 459; x_wconf 88' lang='lat' dir='ltr'>vocabula</span> <span class='ocrx_word' id='word_1_748' title='bbox 2380 428 2452 474; x_wconf 42' lang='lat' dir='ltr'>pro·</span> <span class='ocrx_word' id='word_1_749' title='bbox 2492 430 2575 456; x_wconf 89' lang='lat' dir='ltr'>mo-</span> 
     </span>
     <span class='ocr_line' id='line_1_89' title="bbox 1410 466 2576 524; baseline -0.014 -8"><span class='ocrx_word' id='word_1_750' title='bbox 1410 494 1448 518; x_wconf 88' lang='lat' dir='ltr'>re</span> <span class='ocrx_word' id='word_1_751' title='bbox 1474 479 1538 524; x_wconf 86' lang='lat' dir='ltr'>[b]</span> <span class='ocrx_word' id='word_1_752' title='bbox 1566 478 1759 514; x_wconf 86' lang='lat' dir='ltr'>admiscuit.</span> <span class='ocrx_word' id='word_1_753' title='bbox 1809 474 1853 514; x_wconf 85' lang='lat' dir='ltr'>Et</span> <span class='ocrx_word' id='word_1_754' title='bbox 1874 475 2032 515; x_wconf 90' lang='lat' dir='ltr'>idcirco,</span> <span class='ocrx_word' id='word_1_755' title='bbox 2056 480 2134 510; x_wconf 89' lang='lat' dir='ltr'>tum</span> <span class='ocrx_word' id='word_1_756' title='bbox 2153 478 2271 509; x_wconf 91' lang='lat' dir='ltr'>autem</span> <span class='ocrx_word' id='word_1_757' title='bbox 2290 472 2390 519; x_wconf 89' lang='lat' dir='ltr'>quod</span> <span class='ocrx_word' id='word_1_758' title='bbox 2402 466 2576 510; x_wconf 85' lang='lat' dir='ltr'>istlusmo-</span> 
     </span>
     <span class='ocr_line' id='line_1_90' title="bbox 1411 515 2577 576; baseline -0.01 -10"><span class='ocrx_word' id='word_1_759' title='bbox 1411 530 1448 566; x_wconf 89' lang='lat' dir='ltr'>di</span> <span class='ocrx_word' id='word_1_760' title='bbox 1464 534 1672 576; x_wconf 85' lang='lat' dir='ltr'>argumenta</span> <span class='ocrx_word' id='word_1_761' title='bbox 1690 526 1801 573; x_wconf 91' lang='lat' dir='ltr'>longe</span> <span class='ocrx_word' id='word_1_762' title='bbox 1819 525 1964 573; x_wconf 89' lang='lat' dir='ltr'>potiora</span> <span class='ocrx_word' id='word_1_763' title='bbox 1981 522 2133 570; x_wconf 89' lang='lat' dir='ltr'>protulit</span> <span class='ocrx_word' id='word_1_764' title='bbox 2160 532 2237 569; x_wconf 88' lang='lat' dir='ltr'>quae</span> <span class='ocrx_word' id='word_1_765' title='bbox 2257 519 2373 558; x_wconf 91' lang='lat' dir='ltr'>secuta</span> <span class='ocrx_word' id='word_1_766' title='bbox 2396 515 2443 553; x_wconf 85' lang='lat' dir='ltr'>est</span> <span class='ocrx_word' id='word_1_767' title='bbox 2454 519 2577 557; x_wconf 88' lang='lat' dir='ltr'>homi-</span> 
     </span>
     <span class='ocr_line' id='line_1_91' title="bbox 1412 570 2578 622; baseline -0.009 -7"><span class='ocrx_word' id='word_1_768' title='bbox 1412 591 1500 616; x_wconf 91' lang='lat' dir='ltr'>num</span> <span class='ocrx_word' id='word_1_769' title='bbox 1524 584 1624 618; x_wconf 83' lang='lat' dir='ltr'>aetas,</span> <span class='ocrx_word' id='word_1_770' title='bbox 1651 577 1720 622; x_wconf 89' lang='lat' dir='ltr'>jam</span> <span class='ocrx_word' id='word_1_771' title='bbox 1741 574 1802 611; x_wconf 91' lang='lat' dir='ltr'>diu</span> <span class='ocrx_word' id='word_1_772' title='bbox 1822 573 1945 609; x_wconf 80' lang='lat' dir='ltr'>delivit</span> <span class='ocrx_word' id='word_1_773' title='bbox 1961 572 2019 608; x_wconf 90' lang='lat' dir='ltr'>vel</span> <span class='ocrx_word' id='word_1_774' title='bbox 2029 573 2065 607; x_wconf 91' lang='lat' dir='ltr'>in</span> <span class='ocrx_word' id='word_1_775' title='bbox 2077 572 2216 618; x_wconf 92' lang='lat' dir='ltr'>pretio,</span> <span class='ocrx_word' id='word_1_776' title='bbox 2235 570 2311 605; x_wconf 89' lang='lat' dir='ltr'>imo</span> <span class='ocrx_word' id='word_1_777' title='bbox 2323 580 2416 618; x_wconf 92' lang='lat' dir='ltr'>pene</span> <span class='ocrx_word' id='word_1_778' title='bbox 2426 571 2464 607; x_wconf 89' lang='lat' dir='ltr'>in</span> <span class='ocrx_word' id='word_1_779' title='bbox 2474 579 2578 606; x_wconf 91' lang='lat' dir='ltr'>com-</span> 
     </span>
     <span class='ocr_line' id='line_1_92' title="bbox 1413 617 2657 670; baseline -0.009 -6"><span class='ocrx_word' id='word_1_780' title='bbox 1413 628 1677 665; x_wconf 89' lang='lat' dir='ltr'>memoratione</span> <span class='ocrx_word' id='word_1_781' title='bbox 1693 623 1768 660; x_wconf 82' lang='lat' dir='ltr'>esse.</span> <span class='ocrx_word' id='word_1_782' title='bbox 1819 621 1936 670; x_wconf 85' lang='lat' dir='ltr'>Operi</span> <span class='ocrx_word' id='word_1_783' title='bbox 1957 620 2020 669; x_wconf 89' lang='lat' dir='ltr'>ipsi</span> <span class='ocrx_word' id='word_1_784' title='bbox 2041 617 2332 657; x_wconf 83' lang='lat' dir='ltr'>Granimaticalia</span> <span class='ocrx_word' id='word_1_785' title='bbox 2350 617 2577 656; x_wconf 82' lang='lat' dir='ltr'>nonnulla&amp;</span> <span class='ocrx_word' id='word_1_786' title='bbox 2624 661 2636 667; x_wconf 39' lang='lat'><strong>⁴</strong></span> <span class='ocrx_word' id='word_1_787' title='bbox 2656 643 2657 646; x_wconf 21' lang='grc' dir='ltr'>η</span> 
     </span>
     <span class='ocr_line' id='line_1_93' title="bbox 1414 665 2579 723; baseline -0.012 -11"><span class='ocrx_word' id='word_1_788' title='bbox 1414 673 1708 723; x_wconf 87' lang='lat' dir='ltr'>Orthographica</span> <span class='ocrx_word' id='word_1_789' title='bbox 1735 671 1925 720; x_wconf 66' lang='lat' dir='ltr'>praemisit,</span> <span class='ocrx_word' id='word_1_790' title='bbox 1960 681 2092 716; x_wconf 89' lang='lat' dir='ltr'>nempe</span> <span class='ocrx_word' id='word_1_791' title='bbox 2114 671 2244 703; x_wconf 86' lang='lat' dir='ltr'>Guarini</span> <span class='ocrx_word' id='word_1_792' title='bbox 2270 667 2432 709; x_wconf 81' lang='lat' dir='ltr'>Veronenfis</span> <span class='ocrx_word' id='word_1_793' title='bbox 2448 668 2493 704; x_wconf 88' lang='lat' dir='ltr'>de</span> <span class='ocrx_word' id='word_1_794' title='bbox 2507 665 2579 704; x_wconf 83' lang='lat' dir='ltr'>Di.</span> 
     </span>
    </p>

    <p class='ocr_par' dir='ltr' id='par_1_10' title="bbox 1413 715 2658 2846">
     <span class='ocr_line' id='line_1_94' title="bbox 1413 715 2658 775; baseline -0.008 -13"><span class='ocrx_word' id='word_1_795' title='bbox 1413 726 1586 775; x_wconf 86' lang='lat' dir='ltr'>phtongis</span> <span class='ocrx_word' id='word_1_796' title='bbox 1604 721 1795 759; x_wconf 85' lang='lat' dir='ltr'>scribendis</span> <span class='ocrx_word' id='word_1_797' title='bbox 1814 721 2000 758; x_wconf 89' lang='lat' dir='ltr'>libellum:</span> <span class='ocrx_word' id='word_1_798' title='bbox 2027 717 2210 765; x_wconf 82' lang='lat' dir='ltr'>dialogum</span> <span class='ocrx_word' id='word_1_799' title='bbox 2233 716 2278 753; x_wconf 88' lang='lat' dir='ltr'>de</span> <span class='ocrx_word' id='word_1_800' title='bbox 2297 717 2382 755; x_wconf 88' lang='lat' dir='ltr'>Arte</span> <span class='ocrx_word' id='word_1_801' title='bbox 2405 715 2578 765; x_wconf 69' lang='lat' dir='ltr'>punstan-</span> <span class='ocrx_word' id='word_1_802' title='bbox 2657 721 2658 733; x_wconf 68' lang='lat'>¹</span> 
     </span>
     <span class='ocr_line' id='line_1_95' title="bbox 1414 764 2580 813; baseline -0.009 -1"><span class='ocrx_word' id='word_1_803' title='bbox 1414 776 1472 812; x_wconf 90' lang='lat' dir='ltr'>di:</span> <span class='ocrx_word' id='word_1_804' title='bbox 1502 774 1546 810; x_wconf 89' lang='lat' dir='ltr'>de</span> <span class='ocrx_word' id='word_1_805' title='bbox 1564 772 1724 810; x_wconf 90' lang='lat' dir='ltr'>Accentu</span> <span class='ocrx_word' id='word_1_806' title='bbox 1741 770 1925 807; x_wconf 66' lang='lat' dir='ltr'>traftatum</span> <span class='ocrx_word' id='word_1_807' title='bbox 1941 797 1950 811; x_wconf 82' lang='lat'>,</span> <span class='ocrx_word' id='word_1_808' title='bbox 1980 770 2048 806; x_wconf 68' lang='grc' dir='ltr'>ἃς.</span> <span class='ocrx_word' id='word_1_809' title='bbox 2076 765 2275 813; x_wconf 85' lang='lat' dir='ltr'>cujusmodi</span> <span class='ocrx_word' id='word_1_810' title='bbox 2303 768 2411 804; x_wconf 89' lang='lat' dir='ltr'>etiam</span> <span class='ocrx_word' id='word_1_811' title='bbox 2430 772 2526 803; x_wconf 85' lang='lat' dir='ltr'>notae</span> <span class='ocrx_word' id='word_1_812' title='bbox 2540 764 2580 802; x_wconf 83' lang='lat'>&amp;</span> 
     </span>
     <span class='ocr_line' id='line_1_96' title="bbox 1413 815 2582 869; baseline -0.009 -8"><span class='ocrx_word' id='word_1_813' title='bbox 1413 824 1544 862; x_wconf 89' lang='lat' dir='ltr'>librum</span> <span class='ocrx_word' id='word_1_814' title='bbox 1564 821 1678 869; x_wconf 89' lang='lat' dir='ltr'>ipsum</span> <span class='ocrx_word' id='word_1_815' title='bbox 1704 819 1770 857; x_wconf 84' lang='lat' dir='ltr'>effe</span> <span class='ocrx_word' id='word_1_816' title='bbox 1788 821 2054 867; x_wconf 89' lang='lat' dir='ltr'>comperimus:</span> <span class='ocrx_word' id='word_1_817' title='bbox 2082 815 2271 854; x_wconf 88' lang='lat' dir='ltr'>Profitetur</span> <span class='ocrx_word' id='word_1_818' title='bbox 2292 822 2396 854; x_wconf 90' lang='lat' dir='ltr'>autor</span> <span class='ocrx_word' id='word_1_819' title='bbox 2425 816 2465 853; x_wconf 90' lang='lat' dir='ltr'>in</span> <span class='ocrx_word' id='word_1_820' title='bbox 2491 825 2582 864; x_wconf 64' lang='lat' dir='ltr'>praea·</span> 
     </span>
     <span class='ocr_line' id='line_1_97' title="bbox 1413 865 2582 918; baseline -0.009 -7"><span class='ocrx_word' id='word_1_821' title='bbox 1413 875 1547 911; x_wconf 84' lang='lat' dir='ltr'>satione</span> <span class='ocrx_word' id='word_1_822' title='bbox 1576 871 1636 908; x_wconf 90' lang='lat' dir='ltr'>sub</span> <span class='ocrx_word' id='word_1_823' title='bbox 1667 870 1817 907; x_wconf 87' lang='lat' dir='ltr'>nomine</span> <span class='ocrx_word' id='word_1_824' title='bbox 1850 866 2108 918; x_wconf 88' lang='lat' dir='ltr'>Typographi,</span> <span class='ocrx_word' id='word_1_825' title='bbox 2148 865 2260 903; x_wconf 87' lang='lat' dir='ltr'>“hoc</span> <span class='ocrx_word' id='word_1_826' title='bbox 2293 867 2330 902; x_wconf 90' lang='lat' dir='ltr'>in</span> <span class='ocrx_word' id='word_1_827' title='bbox 2357 876 2469 913; x_wconf 89' lang='lat' dir='ltr'>opere</span> <span class='ocrx_word' id='word_1_828' title='bbox 2505 871 2582 901; x_wconf 86' lang='lat' dir='ltr'>tam</span> 
     </span>
     <span class='ocr_line' id='line_1_98' title="bbox 1415 913 2583 968; baseline -0.009 -8"><span class='ocrx_word' id='word_1_829' title='bbox 1415 927 1437 942; x_wconf 84' lang='lat'><strong><em>“</em></strong></span> <span class='ocrx_word' id='word_1_830' title='bbox 1461 921 1677 968; x_wconf 85' lang='lat' dir='ltr'>Theologiae</span> <span class='ocrx_word' id='word_1_831' title='bbox 1705 918 1873 956; x_wconf 83' lang='lat' dir='ltr'>universae</span> <span class='ocrx_word' id='word_1_832' title='bbox 1905 929 2011 966; x_wconf 90' lang='lat' dir='ltr'>quam</span> <span class='ocrx_word' id='word_1_833' title='bbox 2040 915 2134 966; x_wconf 90' lang='lat' dir='ltr'>Juris</span> <span class='ocrx_word' id='word_1_834' title='bbox 2159 913 2338 963; x_wconf 85' lang='lat' dir='ltr'>utriusque</span> <span class='ocrx_word' id='word_1_835' title='bbox 2356 921 2583 952; x_wconf 78' lang='lat' dir='ltr'>caeterarum-</span> 
     </span>
     <span class='ocr_line' id='line_1_99' title="bbox 1416 963 2583 1020; baseline -0.008 -12"><span class='ocrx_word' id='word_1_836' title='bbox 1416 976 1438 990; x_wconf 86' lang='lat'><strong>“</strong></span> <span class='ocrx_word' id='word_1_837' title='bbox 1465 983 1533 1020; x_wconf 88' lang='lat' dir='ltr'>que</span> <span class='ocrx_word' id='word_1_838' title='bbox 1557 970 1762 1007; x_wconf 87' lang='lat' dir='ltr'>facultatum</span> <span class='ocrx_word' id='word_1_839' title='bbox 1784 967 1959 1005; x_wconf 90' lang='lat' dir='ltr'>vocabula</span> <span class='ocrx_word' id='word_1_840' title='bbox 1974 978 2051 1003; x_wconf 91' lang='lat' dir='ltr'>non</span> <span class='ocrx_word' id='word_1_841' title='bbox 2075 964 2147 1002; x_wconf 89' lang='lat' dir='ltr'>fine</span> <span class='ocrx_word' id='word_1_842' title='bbox 2166 963 2294 1002; x_wconf 92' lang='lat' dir='ltr'>lucidis</span> <span class='ocrx_word' id='word_1_843' title='bbox 2315 964 2583 1012; x_wconf 88' lang='lat' dir='ltr'>interpretatio-</span> 
     </span>
     <span class='ocr_line' id='line_1_100' title="bbox 1416 1012 2583 1066; baseline -0.007 -9"><span class='ocrx_word' id='word_1_844' title='bbox 1416 1025 1438 1040; x_wconf 82' lang='lat'><strong>“</strong></span> <span class='ocrx_word' id='word_1_845' title='bbox 1464 1021 1566 1057; x_wconf 89' lang='lat' dir='ltr'>nibus</span> <span class='ocrx_word' id='word_1_846' title='bbox 1583 1017 1649 1056; x_wconf 88' lang='lat' dir='ltr'>esse</span> <span class='ocrx_word' id='word_1_847' title='bbox 1668 1017 1895 1066; x_wconf 87' lang='lat' dir='ltr'>reperienda,</span> <span class='ocrx_word' id='word_1_848' title='bbox 1924 1016 2105 1054; x_wconf 89' lang='lat' dir='ltr'>observata</span> <span class='ocrx_word' id='word_1_849' title='bbox 2119 1026 2246 1052; x_wconf 91' lang='lat' dir='ltr'>eorum</span> <span class='ocrx_word' id='word_1_850' title='bbox 2265 1012 2526 1062; x_wconf 90' lang='lat' dir='ltr'>orthographia</span> <span class='ocrx_word' id='word_1_851' title='bbox 2543 1013 2583 1048; x_wconf 71' lang='lat' dir='ltr'>Sc</span> 
     </span>
     <span class='ocr_line' id='line_1_101' title="bbox 1416 1061 2583 1118; baseline -0.008 -11"><span class='ocrx_word' id='word_1_852' title='bbox 1416 1075 1438 1116; x_wconf 87' lang='lat'>.“</span> <span class='ocrx_word' id='word_1_853' title='bbox 1466 1069 1781 1118; x_wconf 88' lang='lat' dir='ltr'>diphthongorum</span> <span class='ocrx_word' id='word_1_854' title='bbox 1798 1068 1936 1104; x_wconf 89' lang='lat' dir='ltr'>ratione</span> <span class='ocrx_word' id='word_1_855' title='bbox 1954 1066 1990 1103; x_wconf 88' lang='lat'>&amp;</span> <span class='ocrx_word' id='word_1_856' title='bbox 2009 1071 2222 1102; x_wconf 89' lang='lat' dir='ltr'>accentuum</span> <span class='ocrx_word' id='word_1_857' title='bbox 2241 1065 2379 1101; x_wconf 91' lang='lat' dir='ltr'>ratione</span> <span class='ocrx_word' id='word_1_858' title='bbox 2397 1063 2435 1100; x_wconf 86' lang='lat' dir='ltr'>in</span> <span class='ocrx_word' id='word_1_859' title='bbox 2453 1061 2583 1111; x_wconf 84' lang='lat' dir='ltr'>penul-</span> 
     </span>
     <span class='ocr_line' id='line_1_102' title="bbox 1416 1112 2583 1167; baseline -0.004 -11"><span class='ocrx_word' id='word_1_860' title='bbox 1416 1124 1439 1140; x_wconf 84' lang='lat'><strong>“</strong></span> <span class='ocrx_word' id='word_1_861' title='bbox 1464 1121 1559 1156; x_wconf 89' lang='lat' dir='ltr'>timis</span> <span class='ocrx_word' id='word_1_862' title='bbox 1579 1117 1727 1167; x_wconf 86' lang='lat' dir='ltr'>syllabis.</span> <span class='ocrx_word' id='word_1_863' title='bbox 1748 1119 1766 1134; x_wconf 83' lang='lat'>’²</span> <span class='ocrx_word' id='word_1_864' title='bbox 1822 1115 1969 1166; x_wconf 90' lang='lat' dir='ltr'>Juvenis</span> <span class='ocrx_word' id='word_1_865' title='bbox 1988 1114 2188 1151; x_wconf 88' lang='lat' dir='ltr'>admodum</span> <span class='ocrx_word' id='word_1_866' title='bbox 2213 1113 2288 1151; x_wconf 90' lang='lat' dir='ltr'>hoc</span> <span class='ocrx_word' id='word_1_867' title='bbox 2314 1112 2583 1152; x_wconf 81' lang='lat' dir='ltr'>Onomasticon</span> 
     </span>
     <span class='ocr_line' id='line_1_103' title="bbox 1415 1161 2585 1216; baseline -0.009 -9"><span class='ocrx_word' id='word_1_868' title='bbox 1415 1168 1620 1216; x_wconf 89' lang='lat' dir='ltr'>composuit</span> <span class='ocrx_word' id='word_1_869' title='bbox 1637 1194 1648 1209; x_wconf 88' lang='lat'>,</span> <span class='ocrx_word' id='word_1_870' title='bbox 1675 1167 1712 1203; x_wconf 85' lang='lat'>&amp;</span> <span class='ocrx_word' id='word_1_871' title='bbox 1735 1166 1829 1214; x_wconf 81' lang='lat' dir='ltr'>quasi</span> <span class='ocrx_word' id='word_1_872' title='bbox 1851 1165 2023 1214; x_wconf 89' lang='lat' dir='ltr'>primitias</span> <span class='ocrx_word' id='word_1_873' title='bbox 2042 1163 2242 1201; x_wconf 90' lang='lat' dir='ltr'>studiorum</span> <span class='ocrx_word' id='word_1_874' title='bbox 2261 1164 2342 1200; x_wconf 89' lang='lat' dir='ltr'>orbi</span> <span class='ocrx_word' id='word_1_875' title='bbox 2360 1161 2503 1199; x_wconf 84' lang='lat' dir='ltr'>erudito</span> <span class='ocrx_word' id='word_1_876' title='bbox 2517 1161 2585 1198; x_wconf 91' lang='lat' dir='ltr'>ob-</span> 
     </span>
     <span class='ocr_line' id='line_1_104' title="bbox 1415 1209 2587 1263; baseline -0.008 -7"><span class='ocrx_word' id='word_1_877' title='bbox 1415 1220 1506 1257; x_wconf 89' lang='lat' dir='ltr'>tulit.</span> <span class='ocrx_word' id='word_1_878' title='bbox 1557 1220 1579 1235; x_wconf 93' lang='lat'>“</span> <span class='ocrx_word' id='word_1_879' title='bbox 1605 1215 1745 1254; x_wconf 90' lang='lat' dir='ltr'>Eodem</span> <span class='ocrx_word' id='word_1_880' title='bbox 1765 1221 1933 1263; x_wconf 91' lang='lat' dir='ltr'>tempore</span> <span class='ocrx_word' id='word_1_881' title='bbox 1958 1213 2027 1258; x_wconf 83' lang='lat' dir='ltr'>(sc.</span> <span class='ocrx_word' id='word_1_882' title='bbox 2049 1216 2179 1258; x_wconf 84' lang='lat'>1480.)</span> <span class='ocrx_word' id='word_1_883' title='bbox 2205 1211 2342 1250; x_wconf 86' lang='lat' dir='ltr'>Fratres</span> <span class='ocrx_word' id='word_1_884' title='bbox 2355 1209 2587 1250; x_wconf 88' lang='lat' dir='ltr'>Amerbachii</span> 
     </span>
     <span class='ocr_line' id='line_1_105' title="bbox 1416 1257 2588 1315; baseline -0.007 -11"><span class='ocrx_word' id='word_1_885' title='bbox 1416 1273 1439 1287; x_wconf 85' lang='grc'><strong>“</strong></span> <span class='ocrx_word' id='word_1_886' title='bbox 1465 1265 1661 1306; x_wconf 79' lang='lat' dir='ltr'>officinam</span> <span class='ocrx_word' id='word_1_887' title='bbox 1679 1264 2000 1315; x_wconf 86' lang='lat' dir='ltr'>Typographicam</span> <span class='ocrx_word' id='word_1_888' title='bbox 2013 1263 2255 1308; x_wconf 89' lang='lat' dir='ltr'>instituerunt,</span> <span class='ocrx_word' id='word_1_889' title='bbox 2280 1263 2440 1310; x_wconf 90' lang='lat' dir='ltr'>quicum</span> <span class='ocrx_word' id='word_1_890' title='bbox 2451 1257 2588 1297; x_wconf 89' lang='lat' dir='ltr'>defide-</span> 
     </span>
     <span class='ocr_line' id='line_1_106' title="bbox 1417 1310 2587 1359; baseline -0.008 -5"><span class='ocrx_word' id='word_1_891' title='bbox 1417 1322 1440 1337; x_wconf 87' lang='lat'><strong>“</strong></span> <span class='ocrx_word' id='word_1_892' title='bbox 1466 1318 1532 1354; x_wconf 87' lang='lat' dir='ltr'>rari</span> <span class='ocrx_word' id='word_1_893' title='bbox 1562 1315 1726 1352; x_wconf 88' lang='lat' dir='ltr'>viderent</span> <span class='ocrx_word' id='word_1_894' title='bbox 1759 1313 1926 1351; x_wconf 88' lang='lat' dir='ltr'>Latinum</span> <span class='ocrx_word' id='word_1_895' title='bbox 1962 1312 2260 1354; x_wconf 84' lang='lat' dir='ltr'>Ononiasticum,</span> <span class='ocrx_word' id='word_1_896' title='bbox 2288 1312 2431 1359; x_wconf 87' lang='lat' dir='ltr'>Capnio</span> <span class='ocrx_word' id='word_1_897' title='bbox 2451 1310 2587 1347; x_wconf 88' lang='lat' dir='ltr'>librum</span> 
     </span>
     <span class='ocr_line' id='line_1_107' title="bbox 1419 1361 2588 1414; baseline -0.009 -10"><span class='ocrx_word' id='word_1_898' title='bbox 1419 1371 1441 1386; x_wconf 88' lang='lat'><strong>“</strong></span> <span class='ocrx_word' id='word_1_899' title='bbox 1467 1366 1638 1414; x_wconf 83' lang='lat' dir='ltr'>collegit,</span> <span class='ocrx_word' id='word_1_900' title='bbox 1666 1364 1724 1401; x_wconf 90' lang='lat' dir='ltr'>cui</span> <span class='ocrx_word' id='word_1_901' title='bbox 1743 1364 1864 1402; x_wconf 87' lang='lat' dir='ltr'>titulus</span> <span class='ocrx_word' id='word_1_902' title='bbox 1885 1361 2197 1410; x_wconf 89' lang='lat' dir='ltr'>estBreviloquus,</span> <span class='ocrx_word' id='word_1_903' title='bbox 2227 1363 2289 1411; x_wconf 90' lang='lat' dir='ltr'>qui</span> <span class='ocrx_word' id='word_1_904' title='bbox 2299 1361 2385 1398; x_wconf 89' lang='lat' dir='ltr'>hinc</span> <span class='ocrx_word' id='word_1_905' title='bbox 2398 1371 2483 1397; x_wconf 89' lang='lat' dir='ltr'>cum</span> <span class='ocrx_word' id='word_1_906' title='bbox 2492 1369 2588 1395; x_wconf 89' lang='lat' dir='ltr'>non-</span> 
     </span>
     <span class='ocr_line' id='line_1_108' title="bbox 1419 1407 2639 1460; baseline -0.007 -7"><span class='ocrx_word' id='word_1_907' title='bbox 1419 1420 1442 1436; x_wconf 86' lang='lat'><strong>“</strong></span> <span class='ocrx_word' id='word_1_908' title='bbox 1469 1416 1554 1453; x_wconf 89' lang='lat' dir='ltr'>dum</span> <span class='ocrx_word' id='word_1_909' title='bbox 1574 1413 1742 1451; x_wconf 88' lang='lat' dir='ltr'>meliores</span> <span class='ocrx_word' id='word_1_910' title='bbox 1762 1413 1844 1451; x_wconf 90' lang='lat' dir='ltr'>libri</span> <span class='ocrx_word' id='word_1_911' title='bbox 1861 1415 1899 1450; x_wconf 86' lang='lat' dir='ltr'>iii</span> <span class='ocrx_word' id='word_1_912' title='bbox 1920 1412 1994 1449; x_wconf 91' lang='lat' dir='ltr'>hoc</span> <span class='ocrx_word' id='word_1_913' title='bbox 2013 1423 2146 1460; x_wconf 87' lang='lat' dir='ltr'>genere</span> <span class='ocrx_word' id='word_1_914' title='bbox 2164 1410 2428 1449; x_wconf 86' lang='lat' dir='ltr'>haberentur&amp;</span> <span class='ocrx_word' id='word_1_915' title='bbox 2448 1407 2589 1457; x_wconf 83' lang='lat' dir='ltr'>expeti·</span> <span class='ocrx_word' id='word_1_916' title='bbox 2637 1417 2639 1429; x_wconf 73' lang='lat'><em>²</em></span> 
     </span>
     <span class='ocr_line' id='line_1_109' title="bbox 1419 1460 2590 1511; baseline -0.009 -9"><span class='ocrx_word' id='word_1_917' title='bbox 1419 1470 1442 1485; x_wconf 85' lang='lat'><strong>“</strong></span> <span class='ocrx_word' id='word_1_918' title='bbox 1468 1476 1524 1502; x_wconf 92' lang='lat' dir='ltr'>tus</span> <span class='ocrx_word' id='word_1_919' title='bbox 1549 1464 1597 1501; x_wconf 87' lang='lat' dir='ltr'>est</span> <span class='ocrx_word' id='word_1_920' title='bbox 1613 1464 1649 1499; x_wconf 89' lang='lat'>&amp;</span> <span class='ocrx_word' id='word_1_921' title='bbox 1668 1463 1788 1500; x_wconf 87' lang='lat' dir='ltr'>studiis</span> <span class='ocrx_word' id='word_1_922' title='bbox 1810 1463 1954 1511; x_wconf 87' lang='lat' dir='ltr'>profuit.</span> <span class='ocrx_word' id='word_1_923' title='bbox 1967 1464 1985 1478; x_wconf 75' lang='lat'>’²</span> <span class='ocrx_word' id='word_1_924' title='bbox 2034 1460 2180 1496; x_wconf 80' lang='lat' dir='ltr'>Melchior</span> <span class='ocrx_word' id='word_1_925' title='bbox 2199 1461 2331 1496; x_wconf 84' lang='lat' dir='ltr'>Adamus</span> <span class='ocrx_word' id='word_1_926' title='bbox 2354 1461 2393 1497; x_wconf 90' lang='lat' dir='ltr'>in</span> <span class='ocrx_word' id='word_1_927' title='bbox 2418 1460 2482 1495; x_wconf 87' lang='lat' dir='ltr'>vit.</span> <span class='ocrx_word' id='word_1_928' title='bbox 2509 1460 2590 1501; x_wconf 80' lang='lat' dir='ltr'>Cap-</span> 
     </span>
     <span class='ocr_line' id='line_1_110' title="bbox 1417 1507 2590 1559; baseline -0.006 -9"><span class='ocrx_word' id='word_1_929' title='bbox 1417 1515 1518 1551; x_wconf 66' lang='lat' dir='ltr'>niomk.</span> <span class='ocrx_word' id='word_1_930' title='bbox 1569 1512 1708 1551; x_wconf 87' lang='lat' dir='ltr'>Prodiit</span> <span class='ocrx_word' id='word_1_931' title='bbox 1722 1512 1783 1550; x_wconf 91' lang='lat' dir='ltr'>hic</span> <span class='ocrx_word' id='word_1_932' title='bbox 1802 1513 1892 1550; x_wconf 91' lang='lat' dir='ltr'>liber</span> <span class='ocrx_word' id='word_1_933' title='bbox 1910 1508 2094 1559; x_wconf 80' lang='lat' dir='ltr'>impressus</span> <span class='ocrx_word' id='word_1_934' title='bbox 2115 1509 2213 1549; x_wconf 83' lang='lat' dir='ltr'>Bafil.</span> <span class='ocrx_word' id='word_1_935' title='bbox 2241 1516 2348 1556; x_wconf 83' lang='lat'>1480.</span> <span class='ocrx_word' id='word_1_936' title='bbox 2370 1511 2409 1546; x_wconf 91' lang='lat' dir='ltr'>in</span> <span class='ocrx_word' id='word_1_937' title='bbox 2428 1507 2491 1545; x_wconf 88' lang='lat' dir='ltr'>fol.</span> <span class='ocrx_word' id='word_1_938' title='bbox 2508 1517 2590 1544; x_wconf 83' lang='lat' dir='ltr'>non</span> 
     </span>
     <span class='ocr_line' id='line_1_111' title="bbox 1420 1559 2592 1613; baseline -0.015 -11"><span class='ocrx_word' id='word_1_939' title='bbox 1420 1563 1514 1613; x_wconf 87' lang='lat' dir='ltr'>apud</span> <span class='ocrx_word' id='word_1_940' title='bbox 1536 1563 1657 1600; x_wconf 84' lang='lat' dir='ltr'>fratres</span> <span class='ocrx_word' id='word_1_941' title='bbox 1686 1561 1916 1603; x_wconf 82' lang='lat' dir='ltr'>Amerbachios,</span> <span class='ocrx_word' id='word_1_942' title='bbox 1953 1566 1994 1598; x_wconf 92' lang='lat' dir='ltr'>ut</span> <span class='ocrx_word' id='word_1_943' title='bbox 2011 1559 2162 1601; x_wconf 77' lang='lat' dir='ltr'>Adamas,</span> <span class='ocrx_word' id='word_1_944' title='bbox 2190 1559 2250 1598; x_wconf 86' lang='lat' dir='ltr'>secl</span> <span class='ocrx_word' id='word_1_945' title='bbox 2267 1565 2408 1608; x_wconf 80' lang='lat' dir='ltr'>patrem</span> <span class='ocrx_word' id='word_1_946' title='bbox 2433 1559 2452 1605; x_wconf 83' lang='lat'><em>†</em></span> <span class='ocrx_word' id='word_1_947' title='bbox 2480 1559 2592 1592; x_wconf 64' lang='lat' dir='ltr'>Amer-</span> 
     </span>
     <span class='ocr_line' id='line_1_112' title="bbox 1420 1604 2592 1660; baseline -0.007 -10"><span class='ocrx_word' id='word_1_948' title='bbox 1420 1614 1564 1650; x_wconf 80' lang='lat' dir='ltr'>bachium.</span> <span class='ocrx_word' id='word_1_949' title='bbox 1598 1611 1712 1650; x_wconf 89' lang='lat' dir='ltr'>Natus</span> <span class='ocrx_word' id='word_1_950' title='bbox 1738 1609 1800 1656; x_wconf 85' lang='lat' dir='ltr'>[c]</span> <span class='ocrx_word' id='word_1_951' title='bbox 1828 1608 2141 1660; x_wconf 74' lang='lat' dir='ltr'>estJoirANNizs</span> <span class='ocrx_word' id='word_1_952' title='bbox 2168 1604 2592 1653; x_wconf 72' lang='lat' dir='ltr'>CAPN10(fiveGer-·</span> 
     </span>
     <span class='ocr_line' id='line_1_113' title="bbox 1420 1655 2592 1706; baseline -0.006 -6"><span class='ocrx_word' id='word_1_953' title='bbox 1420 1664 1560 1701; x_wconf 87' lang='lat' dir='ltr'>manice</span> <span class='ocrx_word' id='word_1_954' title='bbox 1585 1663 1696 1698; x_wconf 89' lang='lat' dir='ltr'>mavis</span> <span class='ocrx_word' id='word_1_955' title='bbox 1710 1660 1848 1703; x_wconf 63' lang='lat' dir='ltr'>Reuchlin</span> <span class='ocrx_word' id='word_1_956' title='bbox 1873 1658 1937 1706; x_wconf 86' lang='lat' dir='ltr'>[d]</span> <span class='ocrx_word' id='word_1_957' title='bbox 1963 1659 2110 1696; x_wconf 89' lang='lat' dir='ltr'>natione</span> <span class='ocrx_word' id='word_1_958' title='bbox 2120 1655 2592 1701; x_wconf 87' lang='lat' dir='ltr'>Germanus,d0moPhor-</span> 
     </span>
     <span class='ocr_line' id='line_1_114' title="bbox 1422 1705 2590 1759; baseline -0.007 -9"><span class='ocrx_word' id='word_1_959' title='bbox 1422 1711 1552 1754; x_wconf 85' lang='lat' dir='ltr'>cenfiS,</span> <span class='ocrx_word' id='word_1_960' title='bbox 1591 1710 1747 1748; x_wconf 89' lang='lat' dir='ltr'>honestis</span> <span class='ocrx_word' id='word_1_961' title='bbox 1778 1710 2004 1759; x_wconf 84' lang='lat' dir='ltr'>parentibus,</span> <span class='ocrx_word' id='word_1_962' title='bbox 2037 1707 2145 1746; x_wconf 89' lang='lat' dir='ltr'>Anno</span> <span class='ocrx_word' id='word_1_963' title='bbox 2172 1707 2303 1747; x_wconf 88' lang='lat' dir='ltr'>Christi</span> <span class='ocrx_word' id='word_1_964' title='bbox 2324 1718 2444 1753; x_wconf 67' lang='lat'>1454.</span> <span class='ocrx_word' id='word_1_965' title='bbox 2471 1705 2505 1743; x_wconf 88' lang='lat' dir='ltr'>d.</span> <span class='ocrx_word' id='word_1_966' title='bbox 2530 1710 2590 1747; x_wconf 87' lang='lat'>28.</span> 
     </span>
     <span class='ocr_line' id='line_1_115' title="bbox 1420 1754 2590 1806; baseline -0.009 -5"><span class='ocrx_word' id='word_1_967' title='bbox 1420 1762 1597 1802; x_wconf 92' lang='lat' dir='ltr'>Decemb.</span> <span class='ocrx_word' id='word_1_968' title='bbox 1645 1759 1844 1802; x_wconf 77' lang='lat' dir='ltr'>Hebraico,</span> <span class='ocrx_word' id='word_1_969' title='bbox 1885 1757 2011 1796; x_wconf 85' lang='lat' dir='ltr'>Graece</span> <span class='ocrx_word' id='word_1_970' title='bbox 2047 1758 2084 1795; x_wconf 74' lang='grc' dir='ltr'>δε</span> <span class='ocrx_word' id='word_1_971' title='bbox 2113 1756 2240 1797; x_wconf 87' lang='lat' dir='ltr'>Latine</span> <span class='ocrx_word' id='word_1_972' title='bbox 2261 1758 2424 1806; x_wconf 89' lang='lat' dir='ltr'>apprime</span> <span class='ocrx_word' id='word_1_973' title='bbox 2442 1754 2590 1797; x_wconf 68' lang='lat' dir='ltr'>doctus,</span> 
     </span>
     <span class='ocr_line' id='line_1_116' title="bbox 1423 1803 2592 1859; baseline -0.008 -10"><span class='ocrx_word' id='word_1_974' title='bbox 1423 1823 1615 1859; x_wconf 88' lang='lat' dir='ltr'>earumque</span> <span class='ocrx_word' id='word_1_975' title='bbox 1638 1811 1821 1847; x_wconf 90' lang='lat' dir='ltr'>literarum</span> <span class='ocrx_word' id='word_1_976' title='bbox 1844 1807 2047 1845; x_wconf 77' lang='lat' dir='ltr'>felicissimis</span> <span class='ocrx_word' id='word_1_977' title='bbox 2077 1807 2237 1855; x_wconf 89' lang='lat' dir='ltr'>auspiciis</span> <span class='ocrx_word' id='word_1_978' title='bbox 2262 1809 2401 1855; x_wconf 89' lang='lat' dir='ltr'>primus</span> <span class='ocrx_word' id='word_1_979' title='bbox 2435 1806 2474 1841; x_wconf 92' lang='lat' dir='ltr'>in</span> <span class='ocrx_word' id='word_1_980' title='bbox 2498 1803 2592 1842; x_wconf 83' lang='lat' dir='ltr'>Ger-</span> 
     </span>
     <span class='ocr_line' id='line_1_117' title="bbox 1423 1854 2593 1906; baseline -0.009 -6"><span class='ocrx_word' id='word_1_981' title='bbox 1423 1863 1541 1900; x_wconf 89' lang='lat' dir='ltr'>mania</span> <span class='ocrx_word' id='word_1_982' title='bbox 1561 1861 1778 1898; x_wconf 87' lang='lat' dir='ltr'>instaurator.</span> <span class='ocrx_word' id='word_1_983' title='bbox 1837 1861 1860 1876; x_wconf 76' lang='lat'>‘⁶</span> <span class='ocrx_word' id='word_1_984' title='bbox 1885 1856 2058 1906; x_wconf 87' lang='lat' dir='ltr'>Egregius</span> <span class='ocrx_word' id='word_1_985' title='bbox 2086 1856 2146 1894; x_wconf 89' lang='lat' dir='ltr'>ille</span> <span class='ocrx_word' id='word_1_986' title='bbox 2172 1856 2351 1904; x_wconf 87' lang='lat' dir='ltr'>trilinguis</span> <span class='ocrx_word' id='word_1_987' title='bbox 2378 1854 2593 1892; x_wconf 86' lang='lat' dir='ltr'>eruditionis</span> 
     </span>
     <span class='ocr_line' id='line_1_118' title="bbox 1425 1903 2595 1959; baseline -0.009 -10"><span class='ocrx_word' id='word_1_988' title='bbox 1425 1915 1447 1930; x_wconf 75' lang='lat'>‘⁶</span> <span class='ocrx_word' id='word_1_989' title='bbox 1473 1911 1627 1959; x_wconf 81' lang='lat' dir='ltr'>phoenix</span> <span class='ocrx_word' id='word_1_990' title='bbox 1651 1909 1796 1954; x_wconf 71' lang='lat' dir='ltr'>johannes</span> <span class='ocrx_word' id='word_1_991' title='bbox 1824 1907 2042 1951; x_wconf 52' lang='lat' dir='ltr'>Quchbnusss’</span> <span class='ocrx_word' id='word_1_992' title='bbox 2093 1906 2204 1951; x_wconf 80' lang='lat' dir='ltr'>Erasm.</span> <span class='ocrx_word' id='word_1_993' title='bbox 2227 1905 2250 1943; x_wconf 90' lang='lat' dir='ltr'>l.</span> <span class='ocrx_word' id='word_1_994' title='bbox 2274 1917 2305 1942; x_wconf 92' lang='lat' dir='ltr'>c.</span> <span class='ocrx_word' id='word_1_995' title='bbox 2332 1903 2491 1943; x_wconf 86' lang='lat' dir='ltr'>Romam</span> <span class='ocrx_word' id='word_1_996' title='bbox 2512 1903 2595 1940; x_wconf 76' lang='lat' dir='ltr'>mis-</span> 
     </span>
     <span class='ocr_line' id='line_1_119' title="bbox 1424 1952 2596 2004; baseline -0.014 -5"><span class='ocrx_word' id='word_1_997' title='bbox 1424 1961 1479 1999; x_wconf 86' lang='lat' dir='ltr'>sus</span> <span class='ocrx_word' id='word_1_998' title='bbox 1507 1962 1549 1998; x_wconf 89' lang='lat' dir='ltr'>ab</span> <span class='ocrx_word' id='word_1_999' title='bbox 1579 1960 1656 1997; x_wconf 89' lang='lat' dir='ltr'>aula</span> <span class='ocrx_word' id='word_1_1000' title='bbox 1677 1958 1834 1996; x_wconf 87' lang='lat' dir='ltr'>Palatina</span> <span class='ocrx_word' id='word_1_1001' title='bbox 1853 1956 2028 2004; x_wconf 88' lang='lat' dir='ltr'>Legatus‚</span> <span class='ocrx_word' id='word_1_1002' title='bbox 2055 1955 2188 1990; x_wconf 81' lang='lat' dir='ltr'>Abdiam</span> <span class='ocrx_word' id='word_1_1003' title='bbox 2210 1953 2374 2004; x_wconf 85' lang='lat' dir='ltr'>Judaeum</span> <span class='ocrx_word' id='word_1_1004' title='bbox 2388 1955 2426 1991; x_wconf 90' lang='lat' dir='ltr'>in</span> <span class='ocrx_word' id='word_1_1005' title='bbox 2443 1952 2596 1991; x_wconf 80' lang='lat' dir='ltr'>Hebrai-</span> 
     </span>
     <span class='ocr_line' id='line_1_120' title="bbox 1426 2002 2595 2058; baseline -0.009 -9"><span class='ocrx_word' id='word_1_1006' title='bbox 1426 2012 1476 2049; x_wconf 91' lang='lat' dir='ltr'>cis</span> <span class='ocrx_word' id='word_1_1007' title='bbox 1487 2039 1497 2052; x_wconf 87' lang='lat'><strong>‚</strong></span> <span class='ocrx_word' id='word_1_1008' title='bbox 1524 2008 1742 2058; x_wconf 68' lang='lat' dir='ltr'>Argyropylum</span> <span class='ocrx_word' id='word_1_1009' title='bbox 1760 2003 1927 2046; x_wconf 77' lang='lat' dir='ltr'>Graecum</span> <span class='ocrx_word' id='word_1_1010' title='bbox 1939 2008 1977 2043; x_wconf 90' lang='lat' dir='ltr'>in</span> <span class='ocrx_word' id='word_1_1011' title='bbox 1993 2005 2127 2043; x_wconf 87' lang='lat' dir='ltr'>Graecis</span> <span class='ocrx_word' id='word_1_1012' title='bbox 2149 2004 2300 2042; x_wconf 88' lang='lat' dir='ltr'>studiose</span> <span class='ocrx_word' id='word_1_1013' title='bbox 2318 2003 2453 2042; x_wconf 89' lang='lat' dir='ltr'>audivit</span> <span class='ocrx_word' id='word_1_1014' title='bbox 2470 2002 2595 2051; x_wconf 83' lang='lat' dir='ltr'>praele-</span> 
     </span>
     <span class='ocr_line' id='line_1_121' title="bbox 1426 2053 2592 2108; baseline -0.007 -11"><span class='ocrx_word' id='word_1_1015' title='bbox 1426 2067 1560 2108; x_wconf 85' lang='lat' dir='ltr'>gentes.</span> <span class='ocrx_word' id='word_1_1016' title='bbox 1608 2058 1681 2095; x_wconf 87' lang='lat' dir='ltr'>Ubi</span> <span class='ocrx_word' id='word_1_1017' title='bbox 1706 2056 1877 2106; x_wconf 89' lang='lat' dir='ltr'>cupidum</span> <span class='ocrx_word' id='word_1_1018' title='bbox 1891 2055 1925 2092; x_wconf 90' lang='lat' dir='ltr'>se</span> <span class='ocrx_word' id='word_1_1019' title='bbox 1947 2054 2180 2104; x_wconf 88' lang='lat' dir='ltr'>profitentem</span> <span class='ocrx_word' id='word_1_1020' title='bbox 2202 2053 2337 2092; x_wconf 85' lang='lat' dir='ltr'>Graecae</span> <span class='ocrx_word' id='word_1_1021' title='bbox 2367 2053 2592 2093; x_wconf 87' lang='lat' dir='ltr'>eruditionis,</span> 
     </span>
     <span class='ocr_line' id='line_1_122' title="bbox 1426 2100 2596 2155; baseline -0.008 -8"><span class='ocrx_word' id='word_1_1022' title='bbox 1426 2112 1625 2155; x_wconf 83' lang='lat' dir='ltr'>interrogat</span> <span class='ocrx_word' id='word_1_1023' title='bbox 1655 2107 1852 2154; x_wconf 66' lang='lat' dir='ltr'>Argyropylus</span> <span class='ocrx_word' id='word_1_1024' title='bbox 1868 2106 1962 2152; x_wconf 83' lang='lat' dir='ltr'>cujas</span> <span class='ocrx_word' id='word_1_1025' title='bbox 1989 2104 2049 2142; x_wconf 90' lang='lat' dir='ltr'>sit:</span> <span class='ocrx_word' id='word_1_1026' title='bbox 2076 2110 2279 2141; x_wconf 87' lang='lat' dir='ltr'>narrantem</span> <span class='ocrx_word' id='word_1_1027' title='bbox 2300 2103 2333 2140; x_wconf 92' lang='lat' dir='ltr'>se</span> <span class='ocrx_word' id='word_1_1028' title='bbox 2355 2101 2422 2140; x_wconf 86' lang='lat' dir='ltr'>effe</span> <span class='ocrx_word' id='word_1_1029' title='bbox 2443 2100 2596 2139; x_wconf 88' lang='lat' dir='ltr'>Germa-</span> 
     </span>
     <span class='ocr_line' id='line_1_123' title="bbox 1427 2153 2595 2200; baseline -0.008 -4"><span class='ocrx_word' id='word_1_1030' title='bbox 1427 2171 1535 2200; x_wconf 87' lang='lat' dir='ltr'>num,</span> <span class='ocrx_word' id='word_1_1031' title='bbox 1564 2159 1600 2195; x_wconf 86' lang='lat'>&amp;</span> <span class='ocrx_word' id='word_1_1032' title='bbox 1620 2157 1824 2196; x_wconf 86' lang='lat' dir='ltr'>Graecarum</span> <span class='ocrx_word' id='word_1_1033' title='bbox 1848 2155 2030 2192; x_wconf 87' lang='lat' dir='ltr'>literarum</span> <span class='ocrx_word' id='word_1_1034' title='bbox 2054 2165 2131 2190; x_wconf 93' lang='lat' dir='ltr'>non</span> <span class='ocrx_word' id='word_1_1035' title='bbox 2149 2154 2304 2190; x_wconf 90' lang='lat' dir='ltr'>omnino</span> <span class='ocrx_word' id='word_1_1036' title='bbox 2324 2157 2524 2200; x_wconf 78' lang='lat' dir='ltr'>expertem,</span> <span class='ocrx_word' id='word_1_1037' title='bbox 2540 2153 2595 2198; x_wconf 80' lang='lat' dir='ltr'>Ju-</span> 
     </span>
     <span class='ocr_line' id='line_1_124' title="bbox 1427 2200 2595 2256; baseline -0.008 -10"><span class='ocrx_word' id='word_1_1038' title='bbox 1427 2210 1489 2246; x_wconf 90' lang='lat' dir='ltr'>bet</span> <span class='ocrx_word' id='word_1_1039' title='bbox 1507 2204 2004 2256; x_wconf 87' lang='lat' dir='ltr'>Thucydidisportiunculam</span> <span class='ocrx_word' id='word_1_1040' title='bbox 2023 2203 2439 2251; x_wconf 87' lang='lat' dir='ltr'>legat&amp;interpretetur.</span> <span class='ocrx_word' id='word_1_1041' title='bbox 2471 2200 2595 2246; x_wconf 84' lang='lat' dir='ltr'>Quam</span> 
     </span>
     <span class='ocr_line' id='line_1_125' title="bbox 1428 2251 2596 2301; baseline -0.009 -6"><span class='ocrx_word' id='word_1_1042' title='bbox 1428 2270 1512 2295; x_wconf 90' lang='lat' dir='ltr'>cum</span> <span class='ocrx_word' id='word_1_1043' title='bbox 1523 2257 1583 2294; x_wconf 89' lang='lat' dir='ltr'>ille</span> <span class='ocrx_word' id='word_1_1044' title='bbox 1597 2258 1631 2293; x_wconf 73' lang='grc' dir='ltr'>δι</span> <span class='ocrx_word' id='word_1_1045' title='bbox 1644 2255 1790 2292; x_wconf 88' lang='lat' dir='ltr'>honesta</span> <span class='ocrx_word' id='word_1_1046' title='bbox 1800 2254 1876 2291; x_wconf 88' lang='lat' dir='ltr'>satis</span> <span class='ocrx_word' id='word_1_1047' title='bbox 1887 2254 2183 2301; x_wconf 86' lang='lat' dir='ltr'>pronuntiatione</span> <span class='ocrx_word' id='word_1_1048' title='bbox 2193 2252 2366 2293; x_wconf 89' lang='lat' dir='ltr'>recitavit,</span> <span class='ocrx_word' id='word_1_1049' title='bbox 2382 2252 2419 2288; x_wconf 89' lang='lat'>&amp;</span> <span class='ocrx_word' id='word_1_1050' title='bbox 2429 2251 2596 2288; x_wconf 88' lang='lat' dir='ltr'>oratione</span> 
     </span>
     <span class='ocr_line' id='line_1_126' title="bbox 1427 2299 2597 2355; baseline -0.009 -11"><span class='ocrx_word' id='word_1_1051' title='bbox 1427 2314 1507 2355; x_wconf 87' lang='lat' dir='ltr'>apta</span> <span class='ocrx_word' id='word_1_1052' title='bbox 1540 2307 1575 2343; x_wconf 86' lang='lat'>&amp;</span> <span class='ocrx_word' id='word_1_1053' title='bbox 1603 2307 1757 2353; x_wconf 85' lang='lat' dir='ltr'>eleganti</span> <span class='ocrx_word' id='word_1_1054' title='bbox 1775 2303 1955 2345; x_wconf 87' lang='lat' dir='ltr'>reddidit,</span> <span class='ocrx_word' id='word_1_1055' title='bbox 1984 2304 2034 2340; x_wconf 91' lang='lat' dir='ltr'>ibi</span> <span class='ocrx_word' id='word_1_1056' title='bbox 2058 2303 2162 2348; x_wconf 85' lang='lat'>††††</span> <span class='ocrx_word' id='word_1_1057' title='bbox 2185 2302 2373 2339; x_wconf 85' lang='lat' dir='ltr'>exterritus</span> <span class='ocrx_word' id='word_1_1058' title='bbox 2395 2299 2597 2347; x_wconf 74' lang='lat' dir='ltr'>Argyropylus</span> 
     </span>
     <span class='ocr_line' id='line_1_127' title="bbox 1429 2349 2597 2399; baseline -0.012 -5"><span class='ocrx_word' id='word_1_1059' title='bbox 1429 2357 1623 2397; x_wconf 81' lang='lat' dir='ltr'>exclamat,</span> <span class='ocrx_word' id='word_1_1060' title='bbox 1652 2357 1766 2390; x_wconf 65' lang='lat' dir='ltr'>Graecia</span> <span class='ocrx_word' id='word_1_1061' title='bbox 1785 2355 1875 2399; x_wconf 84' lang='lat' dir='ltr'>nostro</span> <span class='ocrx_word' id='word_1_1062' title='bbox 1896 2353 1982 2387; x_wconf 81' lang='lat' dir='ltr'>exilio</span> <span class='ocrx_word' id='word_1_1063' title='bbox 1995 2352 2192 2396; x_wconf 78' lang='lat' dir='ltr'>transvolavit</span> <span class='ocrx_word' id='word_1_1064' title='bbox 2205 2352 2303 2395; x_wconf 84' lang='lat' dir='ltr'>Alpes.</span> <span class='ocrx_word' id='word_1_1065' title='bbox 2336 2349 2441 2388; x_wconf 84' lang='lat' dir='ltr'>Vixit</span> <span class='ocrx_word' id='word_1_1066' title='bbox 2451 2349 2597 2387; x_wconf 66' lang='lat' dir='ltr'>Rssucn..</span> 
     </span>
     <span class='ocr_line' id='line_1_128' title="bbox 1429 2398 2598 2453; baseline -0.009 -9"><span class='ocrx_word' id='word_1_1067' title='bbox 1429 2418 1535 2444; x_wconf 72' lang='lat' dir='ltr'>muns</span> <span class='ocrx_word' id='word_1_1068' title='bbox 1553 2405 1646 2453; x_wconf 90' lang='lat' dir='ltr'>apud</span> <span class='ocrx_word' id='word_1_1069' title='bbox 1673 2404 1829 2440; x_wconf 89' lang='lat' dir='ltr'>summos</span> <span class='ocrx_word' id='word_1_1070' title='bbox 1849 2403 1945 2439; x_wconf 90' lang='lat' dir='ltr'>viros</span> <span class='ocrx_word' id='word_1_1071' title='bbox 1968 2402 2125 2438; x_wconf 85' lang='lat' dir='ltr'>maxima</span> <span class='ocrx_word' id='word_1_1072' title='bbox 2142 2412 2225 2438; x_wconf 93' lang='lat' dir='ltr'>cum</span> <span class='ocrx_word' id='word_1_1073' title='bbox 2250 2401 2380 2448; x_wconf 82' lang='lat' dir='ltr'>gratia,</span> <span class='ocrx_word' id='word_1_1074' title='bbox 2408 2398 2501 2447; x_wconf 86' lang='lat' dir='ltr'>apud</span> <span class='ocrx_word' id='word_1_1075' title='bbox 2517 2398 2598 2435; x_wconf 88' lang='lat' dir='ltr'>lite-</span> 
     </span>
     <span class='ocr_line' id='line_1_129' title="bbox 1428 2448 2599 2499; baseline -0.009 -6"><span class='ocrx_word' id='word_1_1076' title='bbox 1428 2464 1524 2493; x_wconf 90' lang='lat' dir='ltr'>ratos</span> <span class='ocrx_word' id='word_1_1077' title='bbox 1544 2455 1677 2491; x_wconf 87' lang='lat' dir='ltr'>summa</span> <span class='ocrx_word' id='word_1_1078' title='bbox 1694 2463 1778 2489; x_wconf 89' lang='lat' dir='ltr'>cuni</span> <span class='ocrx_word' id='word_1_1079' title='bbox 1791 2451 1904 2489; x_wconf 89' lang='lat' dir='ltr'>laude.</span> <span class='ocrx_word' id='word_1_1080' title='bbox 1972 2450 2124 2495; x_wconf 88' lang='lat' dir='ltr'>Illorum</span> <span class='ocrx_word' id='word_1_1081' title='bbox 2150 2448 2348 2499; x_wconf 76' lang='lat' dir='ltr'>gravissima</span> <span class='ocrx_word' id='word_1_1082' title='bbox 2371 2449 2518 2496; x_wconf 89' lang='lat' dir='ltr'>negotia</span> <span class='ocrx_word' id='word_1_1083' title='bbox 2536 2459 2599 2484; x_wconf 86' lang='lat' dir='ltr'>ex-</span> 
     </span>
     <span class='ocr_line' id='line_1_130' title="bbox 1429 2497 2600 2552; baseline -0.006 -13"><span class='ocrx_word' id='word_1_1084' title='bbox 1429 2502 1640 2552; x_wconf 86' lang='lat' dir='ltr'>peditillime</span> <span class='ocrx_word' id='word_1_1085' title='bbox 1659 2502 1792 2544; x_wconf 82' lang='lat' dir='ltr'>obivit,</span> <span class='ocrx_word' id='word_1_1086' title='bbox 1819 2501 1952 2537; x_wconf 89' lang='lat' dir='ltr'>horum</span> <span class='ocrx_word' id='word_1_1087' title='bbox 1974 2500 2103 2537; x_wconf 88' lang='lat' dir='ltr'>famam</span> <span class='ocrx_word' id='word_1_1088' title='bbox 2135 2498 2173 2537; x_wconf 89' lang='lat'>&amp;</span> <span class='ocrx_word' id='word_1_1089' title='bbox 2197 2499 2497 2536; x_wconf 82' lang='lat' dir='ltr'>existimationem</span> <span class='ocrx_word' id='word_1_1090' title='bbox 2522 2497 2600 2533; x_wconf 85' lang='lat' dir='ltr'>seli-</span> 
     </span>
     <span class='ocr_line' id='line_1_131' title="bbox 1430 2545 2600 2600; baseline -0.007 -10"><span class='ocrx_word' id='word_1_1091' title='bbox 1430 2552 1562 2590; x_wconf 87' lang='lat' dir='ltr'>cissinie</span> <span class='ocrx_word' id='word_1_1092' title='bbox 1577 2551 1782 2600; x_wconf 84' lang='lat' dir='ltr'>promovit:</span> <span class='ocrx_word' id='word_1_1093' title='bbox 1808 2550 1850 2589; x_wconf 91' lang='lat' dir='ltr'>In</span> <span class='ocrx_word' id='word_1_1094' title='bbox 1868 2549 1952 2599; x_wconf 88' lang='lat' dir='ltr'>Jure</span> <span class='ocrx_word' id='word_1_1095' title='bbox 1971 2548 2214 2587; x_wconf 58' lang='lat' dir='ltr'>Dostoratum</span> <span class='ocrx_word' id='word_1_1096' title='bbox 2241 2549 2373 2585; x_wconf 86' lang='lat' dir='ltr'>meruit</span> <span class='ocrx_word' id='word_1_1097' title='bbox 2392 2547 2428 2584; x_wconf 74' lang='grc' dir='ltr'>δε</span> <span class='ocrx_word' id='word_1_1098' title='bbox 2456 2545 2600 2584; x_wconf 78' lang='lat' dir='ltr'>decessit</span> 
     </span>
     <span class='ocr_line' id='line_1_132' title="bbox 1429 2596 2600 2648; baseline -0.006 -9"><span class='ocrx_word' id='word_1_1099' title='bbox 1429 2601 1604 2642; x_wconf 70' lang='lat' dir='ltr'>Professor</span> <span class='ocrx_word' id='word_1_1100' title='bbox 1624 2598 1871 2648; x_wconf 88' lang='lat' dir='ltr'>Tubingenfis.</span> <span class='ocrx_word' id='word_1_1101' title='bbox 1935 2598 2072 2636; x_wconf 87' lang='lat' dir='ltr'>Notior</span> <span class='ocrx_word' id='word_1_1102' title='bbox 2103 2600 2151 2636; x_wconf 91' lang='lat' dir='ltr'>est</span> <span class='ocrx_word' id='word_1_1103' title='bbox 2172 2598 2302 2646; x_wconf 88' lang='lat' dir='ltr'>paulo,</span> <span class='ocrx_word' id='word_1_1104' title='bbox 2329 2596 2461 2638; x_wconf 89' lang='lat' dir='ltr'>credo,</span> <span class='ocrx_word' id='word_1_1105' title='bbox 2489 2607 2600 2645; x_wconf 89' lang='lat' dir='ltr'>quam</span> 
     </span>
     <span class='ocr_line' id='line_1_133' title="bbox 1430 2646 2598 2699; baseline -0.007 -10"><span class='ocrx_word' id='word_1_1106' title='bbox 1430 2660 1471 2689; x_wconf 90' lang='lat' dir='ltr'>ut</span> <span class='ocrx_word' id='word_1_1107' title='bbox 1495 2652 1553 2688; x_wconf 89' lang='lat' dir='ltr'>hic</span> <span class='ocrx_word' id='word_1_1108' title='bbox 1588 2650 1748 2699; x_wconf 88' lang='lat' dir='ltr'>pluribus</span> <span class='ocrx_word' id='word_1_1109' title='bbox 1775 2660 2089 2691; x_wconf 91' lang='lat' dir='ltr'>commemorem,</span> <span class='ocrx_word' id='word_1_1110' title='bbox 2134 2648 2283 2685; x_wconf 90' lang='lat' dir='ltr'>celebris</span> <span class='ocrx_word' id='word_1_1111' title='bbox 2312 2646 2372 2683; x_wconf 88' lang='lat' dir='ltr'>illa</span> <span class='ocrx_word' id='word_1_1112' title='bbox 2406 2647 2598 2682; x_wconf 87' lang='lat' dir='ltr'>contentio</span> 
     </span>
     <span class='ocr_line' id='line_1_134' title="bbox 1433 2693 2600 2750; baseline -0.009 -12"><span class='ocrx_word' id='word_1_1113' title='bbox 1433 2713 1539 2750; x_wconf 86' lang='lat' dir='ltr'>quani</span> <span class='ocrx_word' id='word_1_1114' title='bbox 1578 2712 1661 2737; x_wconf 89' lang='lat' dir='ltr'>cum</span> <span class='ocrx_word' id='word_1_1115' title='bbox 1687 2697 1883 2737; x_wconf 88' lang='lat' dir='ltr'>Monachis</span> <span class='ocrx_word' id='word_1_1116' title='bbox 1916 2697 2194 2736; x_wconf 89' lang='lat' dir='ltr'>Colonienfibus</span> <span class='ocrx_word' id='word_1_1117' title='bbox 2227 2697 2457 2745; x_wconf 85' lang='lat' dir='ltr'>maximeque</span> <span class='ocrx_word' id='word_1_1118' title='bbox 2490 2693 2600 2740; x_wconf 83' lang='lat' dir='ltr'>Jacoho</span> 
     </span>
     <span class='ocr_line' id='line_1_135' title="bbox 1432 2743 2600 2797; baseline -0.005 -11"><span class='ocrx_word' id='word_1_1119' title='bbox 1432 2750 1604 2794; x_wconf 76' lang='lat' dir='ltr'>Hochstrato</span> <span class='ocrx_word' id='word_1_1120' title='bbox 1622 2747 1835 2797; x_wconf 74' lang='lat' dir='ltr'>inquisitore</span> <span class='ocrx_word' id='word_1_1121' title='bbox 1851 2749 2012 2785; x_wconf 86' lang='lat' dir='ltr'>exercuit</span> <span class='ocrx_word' id='word_1_1122' title='bbox 2031 2746 2092 2785; x_wconf 78' lang='lat' dir='ltr'>RE</span> <span class='ocrx_word' id='word_1_1123' title='bbox 2104 2759 2128 2784; x_wconf 87' lang='lat' dir='ltr'>u</span> <span class='ocrx_word' id='word_1_1124' title='bbox 2141 2757 2287 2784; x_wconf 68' lang='lat' dir='ltr'>curin</span> <span class='ocrx_word' id='word_1_1125' title='bbox 2300 2757 2360 2782; x_wconf 85' lang='lat' dir='ltr'>us.</span> <span class='ocrx_word' id='word_1_1126' title='bbox 2426 2743 2515 2782; x_wconf 89' lang='lat' dir='ltr'>Non</span> <span class='ocrx_word' id='word_1_1127' title='bbox 2533 2743 2600 2781; x_wconf 88' lang='lat' dir='ltr'>alia</span> 
     </span>
     <span class='ocr_line' id='line_1_136' title="bbox 1433 2793 2600 2846; baseline -0.007 -9"><span class='ocrx_word' id='word_1_1128' title='bbox 1433 2801 1500 2838; x_wconf 90' lang='lat' dir='ltr'>fuit</span> <span class='ocrx_word' id='word_1_1129' title='bbox 1517 2798 1698 2836; x_wconf 87' lang='lat' dir='ltr'>simultatis</span> <span class='ocrx_word' id='word_1_1130' title='bbox 1721 2800 1826 2846; x_wconf 88' lang='lat' dir='ltr'>origo</span> <span class='ocrx_word' id='word_1_1131' title='bbox 1839 2825 1848 2839; x_wconf 89' lang='lat'>,</span> <span class='ocrx_word' id='word_1_1132' title='bbox 1877 2809 1983 2845; x_wconf 90' lang='lat' dir='ltr'>quam</span> <span class='ocrx_word' id='word_1_1133' title='bbox 2001 2796 2101 2844; x_wconf 88' lang='lat' dir='ltr'>quod</span> <span class='ocrx_word' id='word_1_1134' title='bbox 2128 2794 2336 2844; x_wconf 88' lang='lat' dir='ltr'>Judaeorum</span> <span class='ocrx_word' id='word_1_1135' title='bbox 2366 2794 2478 2831; x_wconf 91' lang='lat' dir='ltr'>libros</span> <span class='ocrx_word' id='word_1_1136' title='bbox 2495 2793 2600 2830; x_wconf 90' lang='lat' dir='ltr'>undi-</span> 
     </span>
    </p>
   </div>
   <div class='ocr_carea' id='block_1_8' title="bbox 1433 2842 2661 2898">
    <p class='ocr_par' dir='ltr' id='par_1_11' title="bbox 1433 2842 2661 2898">
     <span class='ocr_line' id='line_1_137' title="bbox 1433 2842 2661 2898; baseline -0.003 -12"><span class='ocrx_word' id='word_1_1137' title='bbox 1433 2861 1503 2898; x_wconf 89' lang='lat' dir='ltr'>que</span> <span class='ocrx_word' id='word_1_1138' title='bbox 1525 2847 1743 2897; x_wconf 80' lang='lat' dir='ltr'>conquifitos</span> <span class='ocrx_word' id='word_1_1139' title='bbox 1768 2845 1981 2895; x_wconf 73' lang='lat' dir='ltr'>argutissime</span> <span class='ocrx_word' id='word_1_1140' title='bbox 2007 2847 2043 2882; x_wconf 65' lang='grc' dir='ltr'>δε</span> <span class='ocrx_word' id='word_1_1141' title='bbox 2073 2846 2228 2893; x_wconf 86' lang='lat' dir='ltr'>graviter</span> <span class='ocrx_word' id='word_1_1142' title='bbox 2253 2843 2389 2891; x_wconf 86' lang='lat' dir='ltr'>scriptis</span> <span class='ocrx_word' id='word_1_1143' title='bbox 2411 2855 2430 2880; x_wconf 88' lang='lat' dir='ltr'>a</span> <span class='ocrx_word' id='word_1_1144' title='bbox 2456 2842 2600 2879; x_wconf 86' lang='lat' dir='ltr'>flamma</span> <span class='ocrx_word' id='word_1_1145' title='bbox 2654 2874 2661 2881; x_wconf 41' lang='lat'>0</span> 
     </span>
    </p>
   </div>
   <div class='ocr_carea' id='block_1_9' title="bbox 1434 2893 2603 3338">
    <p class='ocr_par' dir='ltr' id='par_1_12' title="bbox 1434 2893 2603 3338">
     <span class='ocr_line' id='line_1_138' title="bbox 1435 2893 2602 2943; baseline -0.006 -8"><span class='ocrx_word' id='word_1_1146' title='bbox 1435 2900 1471 2936; x_wconf 68' lang='grc' dir='ltr'>δε</span> <span class='ocrx_word' id='word_1_1147' title='bbox 1491 2900 1737 2935; x_wconf 88' lang='lat' dir='ltr'>internecione</span> <span class='ocrx_word' id='word_1_1148' title='bbox 1760 2896 1962 2934; x_wconf 88' lang='lat' dir='ltr'>vindicavit.</span> <span class='ocrx_word' id='word_1_1149' title='bbox 1991 2895 2162 2941; x_wconf 79' lang='lat' dir='ltr'>Quorum</span> <span class='ocrx_word' id='word_1_1150' title='bbox 2181 2895 2256 2943; x_wconf 88' lang='lat' dir='ltr'>igni</span> <span class='ocrx_word' id='word_1_1151' title='bbox 2270 2893 2527 2929; x_wconf 89' lang='lat' dir='ltr'>tradendorum</span> <span class='ocrx_word' id='word_1_1152' title='bbox 2538 2903 2602 2928; x_wconf 91' lang='lat' dir='ltr'>ne-</span> 
     </span>
     <span class='ocr_line' id='line_1_139' title="bbox 1435 2939 2601 2990; baseline -0.007 -4"><span class='ocrx_word' id='word_1_1153' title='bbox 1435 2948 1523 2986; x_wconf 91' lang='lat' dir='ltr'>bulo</span> <span class='ocrx_word' id='word_1_1154' title='bbox 1544 2948 1749 2984; x_wconf 84' lang='lat' dir='ltr'>vaferrimus</span> <span class='ocrx_word' id='word_1_1155' title='bbox 1776 2947 1951 2987; x_wconf 90' lang='lat' dir='ltr'>(nomine</span> <span class='ocrx_word' id='word_1_1156' title='bbox 1971 2944 2175 2990; x_wconf 54' lang='lat' dir='ltr'>Pfaeffirkorn)</span> <span class='ocrx_word' id='word_1_1157' title='bbox 2199 2950 2302 2980; x_wconf 89' lang='lat' dir='ltr'>autor</span> <span class='ocrx_word' id='word_1_1158' title='bbox 2319 2948 2410 2983; x_wconf 86' lang='lat' dir='ltr'>erat,</span> <span class='ocrx_word' id='word_1_1159' title='bbox 2438 2947 2543 2983; x_wconf 83' lang='lat' dir='ltr'>ratus,</span> <span class='ocrx_word' id='word_1_1160' title='bbox 2562 2939 2601 2978; x_wconf 89' lang='lat' dir='ltr'>id</span> 
     </span>
     <span class='ocr_line' id='line_1_140' title="bbox 1434 2990 2602 3047; baseline -0.008 -12"><span class='ocrx_word' id='word_1_1161' title='bbox 1434 2997 1536 3047; x_wconf 88' lang='lat' dir='ltr'>quod</span> <span class='ocrx_word' id='word_1_1162' title='bbox 1554 3009 1608 3034; x_wconf 90' lang='lat' dir='ltr'>res</span> <span class='ocrx_word' id='word_1_1163' title='bbox 1632 3003 1727 3038; x_wconf 84' lang='lat' dir='ltr'>erat,</span> <span class='ocrx_word' id='word_1_1164' title='bbox 1753 2995 1830 3033; x_wconf 91' lang='lat' dir='ltr'>fore</span> <span class='ocrx_word' id='word_1_1165' title='bbox 1848 3001 1887 3032; x_wconf 93' lang='lat' dir='ltr'>ut</span> <span class='ocrx_word' id='word_1_1166' title='bbox 1905 2995 1964 3031; x_wconf 86' lang='lat' dir='ltr'>ista</span> <span class='ocrx_word' id='word_1_1167' title='bbox 1982 3005 2070 3041; x_wconf 89' lang='lat' dir='ltr'>gens</span> <span class='ocrx_word' id='word_1_1168' title='bbox 2094 3004 2229 3040; x_wconf 86' lang='lat' dir='ltr'>magno</span> <span class='ocrx_word' id='word_1_1169' title='bbox 2243 2993 2362 3040; x_wconf 90' lang='lat' dir='ltr'>pretio</span> <span class='ocrx_word' id='word_1_1170' title='bbox 2375 2992 2473 3028; x_wconf 85' lang='lat' dir='ltr'>istam</span> <span class='ocrx_word' id='word_1_1171' title='bbox 2494 2990 2602 3037; x_wconf 64' lang='lat' dir='ltr'>iadin-</span> 
     </span>
     <span class='ocr_line' id='line_1_141' title="bbox 1435 3041 2601 3094; baseline -0.008 -10"><span class='ocrx_word' id='word_1_1172' title='bbox 1435 3060 1510 3084; x_wconf 88' lang='lat' dir='ltr'>ram</span> <span class='ocrx_word' id='word_1_1173' title='bbox 1534 3046 1735 3083; x_wconf 89' lang='lat' dir='ltr'>redimeret.</span> <span class='ocrx_word' id='word_1_1174' title='bbox 1802 3043 1972 3094; x_wconf 70' lang='lat' dir='ltr'>judaismi</span> <span class='ocrx_word' id='word_1_1175' title='bbox 1998 3042 2193 3090; x_wconf 88' lang='lat' dir='ltr'>postulatur</span> <span class='ocrx_word' id='word_1_1176' title='bbox 2224 3041 2425 3080; x_wconf 68' lang='lat' dir='ltr'>Carmo:</span> <span class='ocrx_word' id='word_1_1177' title='bbox 2470 3050 2601 3087; x_wconf 87' lang='lat' dir='ltr'>magna</span> 
     </span>
     <span class='ocr_line' id='line_1_142' title="bbox 1436 3090 2599 3140; baseline -0.008 -6"><span class='ocrx_word' id='word_1_1178' title='bbox 1436 3109 1518 3134; x_wconf 90' lang='lat' dir='ltr'>cum</span> <span class='ocrx_word' id='word_1_1179' title='bbox 1539 3096 1775 3133; x_wconf 86' lang='lat' dir='ltr'>contentione</span> <span class='ocrx_word' id='word_1_1180' title='bbox 1802 3105 1886 3130; x_wconf 87' lang='lat' dir='ltr'>cum</span> <span class='ocrx_word' id='word_1_1181' title='bbox 1912 3092 2124 3140; x_wconf 90' lang='lat' dir='ltr'>scriptorum</span> <span class='ocrx_word' id='word_1_1182' title='bbox 2145 3098 2223 3128; x_wconf 87' lang='lat' dir='ltr'>turn</span> <span class='ocrx_word' id='word_1_1183' title='bbox 2243 3090 2365 3138; x_wconf 88' lang='lat' dir='ltr'>judicii</span> <span class='ocrx_word' id='word_1_1184' title='bbox 2385 3101 2440 3126; x_wconf 88' lang='lat' dir='ltr'>res</span> <span class='ocrx_word' id='word_1_1185' title='bbox 2458 3090 2599 3137; x_wconf 88' lang='lat' dir='ltr'>agitur:</span> 
     </span>
     <span class='ocr_line' id='line_1_143' title="bbox 1436 3138 2602 3188; baseline -0.007 -5"><span class='ocrx_word' id='word_1_1186' title='bbox 1436 3146 1657 3184; x_wconf 89' lang='lat' dir='ltr'>Provocatur</span> <span class='ocrx_word' id='word_1_1187' title='bbox 1675 3144 1720 3180; x_wconf 88' lang='lat' dir='ltr'>ad</span> <span class='ocrx_word' id='word_1_1188' title='bbox 1736 3143 1890 3180; x_wconf 87' lang='lat' dir='ltr'>Romam</span> <span class='ocrx_word' id='word_1_1189' title='bbox 1903 3167 1914 3184; x_wconf 90' lang='lat'><em>‚</em></span> <span class='ocrx_word' id='word_1_1190' title='bbox 1941 3142 1984 3177; x_wconf 90' lang='lat' dir='ltr'>ad</span> <span class='ocrx_word' id='word_1_1191' title='bbox 2006 3140 2215 3179; x_wconf 90' lang='lat' dir='ltr'>Academias</span> <span class='ocrx_word' id='word_1_1192' title='bbox 2231 3151 2294 3188; x_wconf 90' lang='lat' dir='ltr'>per</span> <span class='ocrx_word' id='word_1_1193' title='bbox 2313 3139 2493 3188; x_wconf 84' lang='lat' dir='ltr'>Europam</span> <span class='ocrx_word' id='word_1_1194' title='bbox 2506 3138 2602 3175; x_wconf 85' lang='lat' dir='ltr'>cele-</span> 
     </span>
     <span class='ocr_line' id='line_1_144' title="bbox 1436 3187 2600 3240; baseline -0.007 -7"><span class='ocrx_word' id='word_1_1195' title='bbox 1436 3197 1616 3233; x_wconf 87' lang='lat' dir='ltr'>berrimas.</span> <span class='ocrx_word' id='word_1_1196' title='bbox 1690 3192 1818 3240; x_wconf 89' lang='lat' dir='ltr'>Neque</span> <span class='ocrx_word' id='word_1_1197' title='bbox 1849 3192 1946 3239; x_wconf 88' lang='lat' dir='ltr'>prius</span> <span class='ocrx_word' id='word_1_1198' title='bbox 1976 3192 2099 3239; x_wconf 85' lang='lat' dir='ltr'>utique</span> <span class='ocrx_word' id='word_1_1199' title='bbox 2125 3189 2297 3227; x_wconf 87' lang='lat' dir='ltr'>residebat</span> <span class='ocrx_word' id='word_1_1200' title='bbox 2322 3192 2453 3227; x_wconf 89' lang='lat' dir='ltr'>irarum</span> <span class='ocrx_word' id='word_1_1201' title='bbox 2480 3187 2600 3230; x_wconf 81' lang='lat' dir='ltr'>aestu8‚</span> 
     </span>
     <span class='ocr_line' id='line_1_145' title="bbox 1436 3238 2602 3294; baseline -0.008 -12"><span class='ocrx_word' id='word_1_1202' title='bbox 1436 3257 1543 3294; x_wconf 88' lang='lat' dir='ltr'>quam</span> <span class='ocrx_word' id='word_1_1203' title='bbox 1560 3243 1831 3282; x_wconf 86' lang='lat' dir='ltr'>Monachorum</span> <span class='ocrx_word' id='word_1_1204' title='bbox 1847 3239 1981 3277; x_wconf 87' lang='lat' dir='ltr'>fulmen</span> <span class='ocrx_word' id='word_1_1205' title='bbox 1999 3242 2035 3277; x_wconf 89' lang='lat' dir='ltr'>in</span> <span class='ocrx_word' id='word_1_1206' title='bbox 2056 3238 2223 3274; x_wconf 73' lang='lat' dir='ltr'>Luthemm</span> <span class='ocrx_word' id='word_1_1207' title='bbox 2239 3246 2326 3276; x_wconf 86' lang='lat' dir='ltr'>tunc</span> <span class='ocrx_word' id='word_1_1208' title='bbox 2346 3239 2520 3286; x_wconf 83' lang='lat' dir='ltr'>temporis</span> <span class='ocrx_word' id='word_1_1209' title='bbox 2545 3239 2602 3274; x_wconf 91' lang='lat' dir='ltr'>in-</span> 
     </span>
     <span class='ocr_line' id='line_1_146' title="bbox 1436 3287 2603 3338; baseline -0.009 -6"><span class='ocrx_word' id='word_1_1210' title='bbox 1436 3294 1686 3333; x_wconf 88' lang='lat' dir='ltr'>clarescentem</span> <span class='ocrx_word' id='word_1_1211' title='bbox 1714 3289 1970 3329; x_wconf 63' lang='lat' dir='ltr'>deflectebatur.</span> <span class='ocrx_word' id='word_1_1212' title='bbox 2034 3288 2162 3327; x_wconf 87' lang='lat' dir='ltr'>Multis</span> <span class='ocrx_word' id='word_1_1213' title='bbox 2181 3287 2387 3338; x_wconf 83' lang='lat' dir='ltr'>gravissimis</span> <span class='ocrx_word' id='word_1_1214' title='bbox 2405 3287 2540 3336; x_wconf 84' lang='lat' dir='ltr'>scriptis</span> <span class='ocrx_word' id='word_1_1215' title='bbox 2562 3297 2603 3323; x_wconf 84' lang='lat' dir='ltr'>ea</span> 
     </span>
    </p>
   </div>
   <div class='ocr_carea' id='block_1_10' title="bbox 1435 3384 2608 3727">
    <p class='ocr_par' dir='ltr' id='par_1_13' title="bbox 1435 3384 2604 3540">
     <span class='ocr_line' id='line_1_147' title="bbox 1475 3384 2604 3428; baseline -0.007 -8"><span class='ocrx_word' id='word_1_1216' title='bbox 1475 3390 1538 3428; x_wconf 84' lang='lat' dir='ltr'>[d]</span> <span class='ocrx_word' id='word_1_1217' title='bbox 1560 3390 1623 3420; x_wconf 84' lang='lat' dir='ltr'>Mos</span> <span class='ocrx_word' id='word_1_1218' title='bbox 1639 3396 1697 3420; x_wconf 79' lang='lat' dir='ltr'>erat</span> <span class='ocrx_word' id='word_1_1219' title='bbox 1708 3389 1749 3418; x_wconf 89' lang='lat' dir='ltr'>isti</span> <span class='ocrx_word' id='word_1_1220' title='bbox 1764 3387 1863 3418; x_wconf 85' lang='lat' dir='ltr'>saeculo</span> <span class='ocrx_word' id='word_1_1221' title='bbox 1872 3411 1880 3422; x_wconf 76' lang='grc'>,</span> <span class='ocrx_word' id='word_1_1222' title='bbox 1901 3394 1933 3418; x_wconf 89' lang='lat' dir='ltr'>ut</span> <span class='ocrx_word' id='word_1_1223' title='bbox 1945 3397 1995 3426; x_wconf 87' lang='lat' dir='ltr'>pro</span> <span class='ocrx_word' id='word_1_1224' title='bbox 2007 3388 2152 3418; x_wconf 88' lang='lat' dir='ltr'>literarum</span> <span class='ocrx_word' id='word_1_1225' title='bbox 2174 3392 2234 3417; x_wconf 88' lang='lat' dir='ltr'>tum</span> <span class='ocrx_word' id='word_1_1226' title='bbox 2256 3384 2486 3424; x_wconf 85' lang='lat' dir='ltr'>repullulantium</span> <span class='ocrx_word' id='word_1_1227' title='bbox 2507 3393 2604 3413; x_wconf 85' lang='lat' dir='ltr'>amore</span> 
     </span>
     <span class='ocr_line' id='line_1_148' title="bbox 1439 3421 2604 3462; baseline -0.007 -4"><span class='ocrx_word' id='word_1_1228' title='bbox 1439 3429 1617 3460; x_wconf 85' lang='lat' dir='ltr'>vernaculare</span> <span class='ocrx_word' id='word_1_1229' title='bbox 1627 3438 1733 3458; x_wconf 78' lang='lat' dir='ltr'>nomen</span> <span class='ocrx_word' id='word_1_1230' title='bbox 1742 3427 1792 3456; x_wconf 88' lang='lat' dir='ltr'>viri</span> <span class='ocrx_word' id='word_1_1231' title='bbox 1803 3426 1905 3457; x_wconf 84' lang='lat' dir='ltr'>literati</span> <span class='ocrx_word' id='word_1_1232' title='bbox 1919 3427 2014 3456; x_wconf 82' lang='lat' dir='ltr'>Graece</span> <span class='ocrx_word' id='word_1_1233' title='bbox 2023 3425 2067 3456; x_wconf 89' lang='lat' dir='ltr'>vel</span> <span class='ocrx_word' id='word_1_1234' title='bbox 2077 3426 2174 3455; x_wconf 89' lang='lat' dir='ltr'>Latine</span> <span class='ocrx_word' id='word_1_1235' title='bbox 2185 3425 2385 3462; x_wconf 82' lang='lat' dir='ltr'>exprimerent,</span> <span class='ocrx_word' id='word_1_1236' title='bbox 2407 3422 2446 3452; x_wconf 86' lang='lat' dir='ltr'>lta</span> <span class='ocrx_word' id='word_1_1237' title='bbox 2460 3421 2604 3458; x_wconf 73' lang='lat' dir='ltr'>,Iohannes</span> 
     </span>
     <span class='ocr_line' id='line_1_149' title="bbox 1437 3459 2604 3505; baseline -0.011 -3"><span class='ocrx_word' id='word_1_1238' title='bbox 1437 3466 1686 3505; x_wconf 60' lang='lat' dir='ltr'>Oecolampadiu&amp;</span> <span class='ocrx_word' id='word_1_1239' title='bbox 1696 3464 1845 3496; x_wconf 76' lang='lat' dir='ltr'>vernacule</span> <span class='ocrx_word' id='word_1_1240' title='bbox 1857 3464 2008 3501; x_wconf 79' lang='lat' dir='ltr'>Haufsches&#39;n</span> <span class='ocrx_word' id='word_1_1241' title='bbox 2020 3486 2028 3498; x_wconf 82' lang='lat'><strong>‚</strong></span> <span class='ocrx_word' id='word_1_1242' title='bbox 2051 3463 2196 3501; x_wconf 86' lang='lat' dir='ltr'>Philippus</span> <span class='ocrx_word' id='word_1_1243' title='bbox 2208 3460 2423 3495; x_wconf 80' lang='lat' dir='ltr'>Melanchthon,</span> <span class='ocrx_word' id='word_1_1244' title='bbox 2436 3459 2604 3489; x_wconf 85' lang='lat' dir='ltr'>Germanice</span> 
     </span>
     <span class='ocr_line' id='line_1_150' title="bbox 1435 3496 2603 3540; baseline -0.005 -7"><span class='ocrx_word' id='word_1_1245' title='bbox 1435 3505 1643 3533; x_wconf 64' lang='lat' dir='ltr'>‘clivvartzerde</span> <span class='ocrx_word' id='word_1_1246' title='bbox 1653 3518 1661 3537; x_wconf 72' lang='lat'>5</span> <span class='ocrx_word' id='word_1_1247' title='bbox 1679 3503 1822 3540; x_wconf 69' lang='lat' dir='ltr'>johannes</span> <span class='ocrx_word' id='word_1_1248' title='bbox 1833 3502 1988 3540; x_wconf 76' lang='lat' dir='ltr'>Oporinus,</span> <span class='ocrx_word' id='word_1_1249' title='bbox 1999 3505 2068 3529; x_wconf 77' lang='lat' dir='ltr'>Hans</span> <span class='ocrx_word' id='word_1_1250' title='bbox 2078 3500 2201 3536; x_wconf 79' lang='lat' dir='ltr'>Herbster,</span> <span class='ocrx_word' id='word_1_1251' title='bbox 2212 3499 2366 3529; x_wconf 81' lang='lat' dir='ltr'>secundum</span> <span class='ocrx_word' id='word_1_1252' title='bbox 2373 3497 2445 3527; x_wconf 84' lang='lat' dir='ltr'>illud</span> <span class='ocrx_word' id='word_1_1253' title='bbox 2454 3496 2603 3534; x_wconf 74' lang='lat' dir='ltr'>Martialis,</span> 
     </span>
    </p>

    <p class='ocr_par' dir='ltr' id='par_1_14' title="bbox 1437 3538 2608 3727">
     <span class='ocr_line' id='line_1_151' title="bbox 1549 3538 2326 3575; baseline -0.012 -2"><span class='ocrx_word' id='word_1_1254' title='bbox 1549 3543 1578 3573; x_wconf 90' lang='lat' dir='ltr'>Si</span> <span class='ocrx_word' id='word_1_1255' title='bbox 1590 3543 1668 3572; x_wconf 87' lang='lat' dir='ltr'>daret</span> <span class='ocrx_word' id='word_1_1256' title='bbox 1685 3543 1839 3571; x_wconf 83' lang='lat' dir='ltr'>Autumnus</span> <span class='ocrx_word' id='word_1_1257' title='bbox 1855 3540 1924 3570; x_wconf 85' lang='lat' dir='ltr'>mihi</span> <span class='ocrx_word' id='word_1_1258' title='bbox 1937 3548 2040 3568; x_wconf 84' lang='lat' dir='ltr'>nomen</span> <span class='ocrx_word' id='word_1_1259' title='bbox 2053 3561 2060 3574; x_wconf 81' lang='lat'><strong>‚</strong></span> <span class='ocrx_word' id='word_1_1260' title='bbox 2083 3540 2210 3575; x_wconf 65' lang='grc' dir='ltr'>ὀπωςινὸς</span> <span class='ocrx_word' id='word_1_1261' title='bbox 2223 3538 2326 3568; x_wconf 77' lang='lat' dir='ltr'>essem:</span> 
     </span>
     <span class='ocr_line' id='line_1_152' title="bbox 1622 3577 2165 3612; baseline -0.006 -3"><span class='ocrx_word' id='word_1_1262' title='bbox 1622 3580 1742 3610; x_wconf 87' lang='lat' dir='ltr'>Horrida</span> <span class='ocrx_word' id='word_1_1263' title='bbox 1754 3578 1773 3607; x_wconf 88' lang='lat' dir='ltr'>si</span> <span class='ocrx_word' id='word_1_1264' title='bbox 1785 3577 1892 3607; x_wconf 75' lang='lat' dir='ltr'>Bruma:</span> <span class='ocrx_word' id='word_1_1265' title='bbox 1904 3578 1991 3606; x_wconf 81' lang='lat' dir='ltr'>fidera</span> <span class='ocrx_word' id='word_1_1266' title='bbox 2001 3598 2010 3612; x_wconf 84' lang='lat'>‚</span> <span class='ocrx_word' id='word_1_1267' title='bbox 2026 3577 2165 3612; x_wconf 69' lang='grc' dir='ltr'>Χειμεςινός.</span> 
     </span>
     <span class='ocr_line' id='line_1_153' title="bbox 1437 3610 2604 3654; baseline -0.006 -6"><span class='ocrx_word' id='word_1_1268' title='bbox 1437 3617 1471 3648; x_wconf 88' lang='lat' dir='ltr'>Et</span> <span class='ocrx_word' id='word_1_1269' title='bbox 1481 3617 1653 3648; x_wconf 86' lang='lat' dir='ltr'>Guilielmus</span> <span class='ocrx_word' id='word_1_1270' title='bbox 1659 3617 1818 3654; x_wconf 77' lang='lat' dir='ltr'>Xyiander.</span> <span class='ocrx_word' id='word_1_1271' title='bbox 1830 3616 1993 3643; x_wconf 75' lang='lat' dir='ltr'>Holtzmann.</span> <span class='ocrx_word' id='word_1_1272' title='bbox 2015 3615 2057 3644; x_wconf 83' lang='lat' dir='ltr'>lta</span> <span class='ocrx_word' id='word_1_1273' title='bbox 2066 3614 2216 3648; x_wconf 76' lang='lat' dir='ltr'>Ger-ardus,</span> <span class='ocrx_word' id='word_1_1274' title='bbox 2229 3613 2293 3649; x_wconf 79' lang='lat' dir='ltr'>quia</span> <span class='ocrx_word' id='word_1_1275' title='bbox 2302 3620 2407 3642; x_wconf 87' lang='lat' dir='ltr'>nornen</span> <span class='ocrx_word' id='word_1_1276' title='bbox 2418 3610 2491 3642; x_wconf 84' lang='lat' dir='ltr'>istud</span> <span class='ocrx_word' id='word_1_1277' title='bbox 2502 3610 2604 3650; x_wconf 85' lang='lat' dir='ltr'>Belgiae</span> 
     </span>
     <span class='ocr_line' id='line_1_154' title="bbox 1438 3649 2606 3692; baseline -0.007 -6"><span class='ocrx_word' id='word_1_1278' title='bbox 1438 3657 1546 3692; x_wconf 84' lang='lat' dir='ltr'>aliquid</span> <span class='ocrx_word' id='word_1_1279' title='bbox 1557 3656 1660 3685; x_wconf 85' lang='lat' dir='ltr'>habeat</span> <span class='ocrx_word' id='word_1_1280' title='bbox 1676 3653 1884 3685; x_wconf 81' lang='lat' dir='ltr'>necessitudinis</span> <span class='ocrx_word' id='word_1_1281' title='bbox 1899 3662 1964 3682; x_wconf 85' lang='lat' dir='ltr'>cum</span> <span class='ocrx_word' id='word_1_1282' title='bbox 1978 3650 2122 3687; x_wconf 73' lang='lat' dir='ltr'>Defiderare</span> <span class='ocrx_word' id='word_1_1283' title='bbox 2134 3651 2306 3686; x_wconf 86' lang='lat' dir='ltr'>Latinorum,</span> <span class='ocrx_word' id='word_1_1284' title='bbox 2322 3650 2417 3688; x_wconf 83' lang='lat' dir='ltr'>postea</span> <span class='ocrx_word' id='word_1_1285' title='bbox 2437 3649 2606 3680; x_wconf 82' lang='lat' dir='ltr'>literatisin-</span> 
     </span>
     <span class='ocr_line' id='line_1_155' title="bbox 1437 3687 2608 3727; baseline -0.002 -8"><span class='ocrx_word' id='word_1_1286' title='bbox 1437 3695 1531 3723; x_wconf 76' lang='lat' dir='ltr'>notuit</span> <span class='ocrx_word' id='word_1_1287' title='bbox 1548 3693 1595 3723; x_wconf 83' lang='lat' dir='ltr'>sub</span> <span class='ocrx_word' id='word_1_1288' title='bbox 1618 3693 1735 3722; x_wconf 77' lang='lat' dir='ltr'>nomine</span> <span class='ocrx_word' id='word_1_1289' title='bbox 1756 3688 1884 3727; x_wconf 78' lang='lat' dir='ltr'>Desiderii.</span> <span class='ocrx_word' id='word_1_1290' title='bbox 1909 3692 1943 3725; x_wconf 67' lang='lat' dir='ltr'>Sa,</span> <span class='ocrx_word' id='word_1_1291' title='bbox 1956 3689 2034 3727; x_wconf 86' lang='lat' dir='ltr'>quod</span> <span class='ocrx_word' id='word_1_1292' title='bbox 2051 3690 2127 3719; x_wconf 88' lang='lat' dir='ltr'>idern</span> <span class='ocrx_word' id='word_1_1293' title='bbox 2137 3689 2232 3719; x_wconf 82' lang='lat' dir='ltr'>Graece</span> <span class='ocrx_word' id='word_1_1294' title='bbox 2241 3687 2340 3722; x_wconf 78' lang='lat' dir='ltr'>sonat,</span> <span class='ocrx_word' id='word_1_1295' title='bbox 2359 3688 2467 3724; x_wconf 73' lang='lat' dir='ltr'>Erasmi.</span> <span class='ocrx_word' id='word_1_1296' title='bbox 2507 3687 2608 3719; x_wconf 72' lang='lat' dir='ltr'>Noste!</span> 
     </span>
    </p>
   </div>
   <div class='ocr_carea' id='block_1_11' title="bbox 1436 3725 2608 3805">
    <p class='ocr_par' dir='ltr' id='par_1_15' title="bbox 1436 3725 2608 3805">
     <span class='ocr_line' id='line_1_156' title="bbox 1436 3725 2608 3805; baseline -0.003 -47"><span class='ocrx_word' id='word_1_1297' title='bbox 1436 3731 1726 3805; x_wconf 41' lang='lat' dir='ltr'>lav‘sshhgmssrssssssm</span> <span class='ocrx_word' id='word_1_1298' title='bbox 1737 3736 1842 3759; x_wconf 85' lang='lat' dir='ltr'>nomen</span> <span class='ocrx_word' id='word_1_1299' title='bbox 1851 3728 1880 3758; x_wconf 90' lang='lat' dir='ltr'>in</span> <span class='ocrx_word' id='word_1_1300' title='bbox 1893 3727 1990 3759; x_wconf 85' lang='lat' dir='ltr'>Italica</span> <span class='ocrx_word' id='word_1_1301' title='bbox 2004 3728 2229 3767; x_wconf 83' lang='lat' dir='ltr'>peregrinatione</span> <span class='ocrx_word' id='word_1_1302' title='bbox 2238 3726 2356 3765; x_wconf 85' lang='lat' dir='ltr'>suscepit</span> <span class='ocrx_word' id='word_1_1303' title='bbox 2366 3725 2479 3756; x_wconf 85' lang='lat' dir='ltr'>hortatu</span> <span class='ocrx_word' id='word_1_1304' title='bbox 2489 3725 2608 3756; x_wconf 86' lang='lat' dir='ltr'>Hermo-</span> 
     </span>
     <span class='ocr_line' id='line_1_157' title="bbox 1448 3777 1603 3799; baseline 0.013 -2"><span class='ocrx_word' id='word_1_1305' title='bbox 1448 3777 1472 3798; x_wconf 81' lang='lat' dir='ltr'>ai</span> <span class='ocrx_word' id='word_1_1306' title='bbox 1506 3778 1535 3798; x_wconf 85' lang='lat' dir='ltr'>ar</span> <span class='ocrx_word' id='word_1_1307' title='bbox 1556 3779 1603 3799; x_wconf 82' lang='lat' dir='ltr'>ari.</span> 
     </span>
    </p>
   </div>
   <div class='ocr_carea' id='block_1_12' title="bbox 1440 3850 2610 4006">
    <p class='ocr_par' dir='ltr' id='par_1_16' title="bbox 1440 3850 2610 3971">
     <span class='ocr_line' id='line_1_158' title="bbox 1477 3850 2610 3894; baseline -0.007 -7"><span class='ocrx_word' id='word_1_1308' title='bbox 1477 3857 1532 3893; x_wconf 87' lang='lat'>†††</span> <span class='ocrx_word' id='word_1_1309' title='bbox 1553 3857 1639 3894; x_wconf 88' lang='lat' dir='ltr'>Quod</span> <span class='ocrx_word' id='word_1_1310' title='bbox 1652 3856 1766 3886; x_wconf 87' lang='lat' dir='ltr'>Parvum</span> <span class='ocrx_word' id='word_1_1311' title='bbox 1786 3855 1895 3884; x_wconf 83' lang='lat' dir='ltr'>furnum</span> <span class='ocrx_word' id='word_1_1312' title='bbox 1911 3855 2036 3885; x_wconf 83' lang='lat' dir='ltr'>denotat.</span> <span class='ocrx_word' id='word_1_1313' title='bbox 2059 3855 2163 3884; x_wconf 87' lang='lat' dir='ltr'>Verum</span> <span class='ocrx_word' id='word_1_1314' title='bbox 2173 3864 2230 3884; x_wconf 87' lang='lat' dir='ltr'>non</span> <span class='ocrx_word' id='word_1_1315' title='bbox 2243 3853 2353 3890; x_wconf 87' lang='lat' dir='ltr'>Capnio</span> <span class='ocrx_word' id='word_1_1316' title='bbox 2363 3874 2371 3887; x_wconf 90' lang='lat'><strong>‚</strong></span> <span class='ocrx_word' id='word_1_1317' title='bbox 2386 3852 2459 3887; x_wconf 70' lang='lat' dir='ltr'>onis,</span> <span class='ocrx_word' id='word_1_1318' title='bbox 2479 3850 2527 3880; x_wconf 89' lang='lat' dir='ltr'>sed</span> <span class='ocrx_word' id='word_1_1319' title='bbox 2539 3851 2610 3888; x_wconf 81' lang='lat' dir='ltr'>Cap-</span> 
     </span>
     <span class='ocr_line' id='line_1_159' title="bbox 1440 3889 2607 3929; baseline -0.004 -5"><span class='ocrx_word' id='word_1_1320' title='bbox 1440 3896 1509 3924; x_wconf 86' lang='lat' dir='ltr'>nion</span> <span class='ocrx_word' id='word_1_1321' title='bbox 1523 3917 1531 3928; x_wconf 82' lang='grc'>,</span> <span class='ocrx_word' id='word_1_1322' title='bbox 1550 3895 1579 3928; x_wconf 78' lang='lat' dir='ltr'>ii,</span> <span class='ocrx_word' id='word_1_1323' title='bbox 1595 3895 1749 3924; x_wconf 89' lang='lat' dir='ltr'>dicendum</span> <span class='ocrx_word' id='word_1_1324' title='bbox 1761 3893 1823 3928; x_wconf 75' lang='lat' dir='ltr'>fuir,</span> <span class='ocrx_word' id='word_1_1325' title='bbox 1839 3902 1925 3929; x_wconf 82' lang='lat' dir='ltr'>quum</span> <span class='ocrx_word' id='word_1_1326' title='bbox 1939 3893 2032 3923; x_wconf 77' lang='lat' dir='ltr'>Graece</span> <span class='ocrx_word' id='word_1_1327' title='bbox 2054 3893 2086 3922; x_wconf 88' lang='lat' dir='ltr'>sit</span> <span class='ocrx_word' id='word_1_1328' title='bbox 2102 3892 2202 3919; x_wconf 70' lang='grc' dir='ltr'>καπνίαν</span> <span class='ocrx_word' id='word_1_1329' title='bbox 2222 3891 2422 3923; x_wconf 80' lang='lat' dir='ltr'>diminutivum</span> <span class='ocrx_word' id='word_1_1330' title='bbox 2439 3899 2468 3921; x_wconf 83' lang='lat' dir='ltr'>n.</span> <span class='ocrx_word' id='word_1_1331' title='bbox 2481 3889 2607 3925; x_wconf 69' lang='lat' dir='ltr'>anxa-m,</span> 
     </span>
     <span class='ocr_line' id='line_1_160' title="bbox 1440 3929 2242 3971; baseline -0.002 -9"><span class='ocrx_word' id='word_1_1332' title='bbox 1440 3932 1518 3971; x_wconf 91' lang='lat' dir='ltr'>quod</span> <span class='ocrx_word' id='word_1_1333' title='bbox 1537 3932 1706 3962; x_wconf 84' lang='lat' dir='ltr'>Germanico</span> <span class='ocrx_word' id='word_1_1334' title='bbox 1717 3930 1855 3961; x_wconf 86' lang='lat' dir='ltr'>vocabulo</span> <span class='ocrx_word' id='word_1_1335' title='bbox 1867 3930 2067 3969; x_wconf 62' lang='lat' dir='ltr'>significatione</span> <span class='ocrx_word' id='word_1_1336' title='bbox 2081 3929 2242 3970; x_wconf 82' lang='lat' dir='ltr'>respondet.</span> 
     </span>
    </p>

    <p class='ocr_par' dir='ltr' id='par_1_17' title="bbox 1479 3970 1822 4006">
     <span class='ocr_line' id='line_1_161' title="bbox 1479 3970 1822 4006; baseline -0.015 0"><span class='ocrx_word' id='word_1_1337' title='bbox 1479 3970 1554 4006; x_wconf 70' lang='lat' dir='ltr'>int</span> <span class='ocrx_word' id='word_1_1338' title='bbox 1574 3971 1656 4003; x_wconf 79' lang='lat' dir='ltr'>Forte</span> <span class='ocrx_word' id='word_1_1339' title='bbox 1670 3971 1822 4002; x_wconf 73' lang='lat' dir='ltr'>Attonitus.</span> 
     </span>
    </p>
   </div>
  </div>
 </body>
</html>
