<?xml version="1.0" encoding="UTF-8"?>
<!DOCTYPE html PUBLIC "-//W3C//DTD XHTML 1.0 Transitional//EN"
    "http://www.w3.org/TR/xhtml1/DTD/xhtml1-transitional.dtd">
<html xmlns="http://www.w3.org/1999/xhtml" xml:lang="en" lang="en">
 <head>
  <title>
</title>
<meta http-equiv="Content-Type" content="text/html;charset=utf-8" />
  <meta name='ocr-system' content='tesseract 3.04.00' />
  <meta name='ocr-capabilities' content='ocr_page ocr_carea ocr_par ocr_line ocrx_word'/>
</head>
<body>
  <div class='ocr_page' id='page_1' title='image "./robertistephanil01esti_0094.png"; bbox 0 0 2667 4145; ppageno 0'>
   <div class='ocr_carea' id='block_1_1' title="bbox 245 75 985 113">
    <p class='ocr_par' dir='ltr' id='par_1_1' title="bbox 245 75 985 113">
     <span class='ocr_line' id='line_1_1' title="bbox 245 75 985 113; baseline 0 0"><span class='ocrx_word' id='word_1_1' title='bbox 245 86 296 113; x_wconf 80' lang='lat'>20</span> <span class='ocrx_word' id='word_1_2' title='bbox 701 76 730 112; x_wconf 80' lang='lat' dir='ltr'>A</span> <span class='ocrx_word' id='word_1_3' title='bbox 827 80 850 113; x_wconf 93' lang='lat' dir='ltr'>B</span> <span class='ocrx_word' id='word_1_4' title='bbox 949 75 985 113; x_wconf 80' lang='lat' dir='ltr'>U</span> 
     </span>
    </p>
   </div>
   <div class='ocr_carea' id='block_1_2' title="bbox 205 156 1400 3618">
    <p class='ocr_par' dir='ltr' id='par_1_2' title="bbox 283 156 1400 418">
     <span class='ocr_line' id='line_1_2' title="bbox 284 156 1319 200; baseline 0.001 -14"><span class='ocrx_word' id='word_1_5' title='bbox 284 156 436 186; x_wconf 84' lang='lat' dir='ltr'>Absurdum</span> <span class='ocrx_word' id='word_1_6' title='bbox 451 164 531 194; x_wconf 81' lang='lat' dir='ltr'>atque</span> <span class='ocrx_word' id='word_1_7' title='bbox 544 157 665 186; x_wconf 81' lang='lat' dir='ltr'>alienum</span> <span class='ocrx_word' id='word_1_8' title='bbox 680 170 694 188; x_wconf 81' lang='lat' dir='ltr'>a</span> <span class='ocrx_word' id='word_1_9' title='bbox 706 160 762 189; x_wconf 83' lang='lat' dir='ltr'>vita</span> <span class='ocrx_word' id='word_1_10' title='bbox 776 170 845 189; x_wconf 79' lang='lat' dir='ltr'>mea.</span> <span class='ocrx_word' id='word_1_11' title='bbox 876 159 939 188; x_wconf 88' lang='lat' dir='ltr'>Ter.</span> <span class='ocrx_word' id='word_1_12' title='bbox 953 159 1028 188; x_wconf 89' lang='lat' dir='ltr'>Adel.</span> <span class='ocrx_word' id='word_1_13' title='bbox 1048 168 1071 192; x_wconf 75' lang='grc' dir='ltr'>ς.</span> <span class='ocrx_word' id='word_1_14' title='bbox 1086 163 1111 190; x_wconf 82' lang='grc'>8.</span> <span class='ocrx_word' id='word_1_15' title='bbox 1125 166 1169 186; x_wconf 90' lang='lat'>21.</span> <span class='ocrx_word' id='word_1_16' title='bbox 1313 195 1319 200; x_wconf 94' lang='lat'>.</span> 
     </span>
     <span class='ocr_line' id='line_1_3' title="bbox 283 194 1400 242; baseline -0.001 -20"><span class='ocrx_word' id='word_1_17' title='bbox 283 194 450 224; x_wconf 70' lang='lat' dir='ltr'><strong>Incredibile</strong></span> <span class='ocrx_word' id='word_1_18' title='bbox 463 197 487 223; x_wconf 58' lang='grc' dir='ltr'>ἃ</span> <span class='ocrx_word' id='word_1_19' title='bbox 498 194 653 223; x_wconf 80' lang='lat' dir='ltr'>absurdum.</span> <span class='ocrx_word' id='word_1_20' title='bbox 686 197 743 226; x_wconf 88' lang='lat' dir='ltr'>Cic.</span> <span class='ocrx_word' id='word_1_21' title='bbox 757 197 891 242; x_wconf 48' lang='lat' dir='ltr'>prop—Sylla</span> <span class='ocrx_word' id='word_1_22' title='bbox 905 205 946 232; x_wconf 73' lang='grc' dir='ltr'>ς7.</span> <span class='ocrx_word' id='word_1_23' title='bbox 985 196 1045 231; x_wconf 82' lang='lat' dir='ltr'>Jiim</span> <span class='ocrx_word' id='word_1_24' title='bbox 1055 205 1119 223; x_wconf 90' lang='lat' dir='ltr'>vero</span> <span class='ocrx_word' id='word_1_25' title='bbox 1131 194 1201 223; x_wconf 88' lang='lat' dir='ltr'>illud</span> <span class='ocrx_word' id='word_1_26' title='bbox 1212 204 1294 232; x_wconf 84' lang='lat' dir='ltr'>quam</span> <span class='ocrx_word' id='word_1_27' title='bbox 1311 205 1400 225; x_wconf 86' lang='lat' dir='ltr'>inc-re-</span> 
     </span>
     <span class='ocr_line' id='line_1_4' title="bbox 303 231 950 271; baseline 0.002 -11"><span class='ocrx_word' id='word_1_28' title='bbox 303 232 388 260; x_wconf 78' lang='lat' dir='ltr'>dibile</span> <span class='ocrx_word' id='word_1_29' title='bbox 399 254 405 264; x_wconf 80' lang='lat'>,</span> <span class='ocrx_word' id='word_1_30' title='bbox 425 242 506 268; x_wconf 79' lang='lat' dir='ltr'>quam</span> <span class='ocrx_word' id='word_1_31' title='bbox 521 231 683 269; x_wconf 82' lang='lat' dir='ltr'>absurdum,</span> <span class='ocrx_word' id='word_1_32' title='bbox 705 236 750 271; x_wconf 86' lang='lat' dir='ltr'>qui</span> <span class='ocrx_word' id='word_1_33' title='bbox 764 235 859 264; x_wconf 45' lang='lat' dir='ltr'>Romre</span> <span class='ocrx_word' id='word_1_34' title='bbox 870 256 877 267; x_wconf 84' lang='lat'>,</span> <span class='ocrx_word' id='word_1_35' title='bbox 900 235 950 262; x_wconf 61' lang='lat' dir='ltr'>&amp;cz</span> 
     </span>
     <span class='ocr_line' id='line_1_5' title="bbox 284 268 1399 311; baseline 0.001 -13"><span class='ocrx_word' id='word_1_36' title='bbox 284 269 437 305; x_wconf 68' lang='lat' dir='ltr'>Ingenium.</span> <span class='ocrx_word' id='word_1_37' title='bbox 463 269 551 298; x_wconf 83' lang='lat' dir='ltr'>Tacit.</span> <span class='ocrx_word' id='word_1_38' title='bbox 565 270 632 298; x_wconf 85' lang='lat' dir='ltr'>Ann.</span> <span class='ocrx_word' id='word_1_39' title='bbox 649 270 695 301; x_wconf 86' lang='lat' dir='ltr'>lib.</span> <span class='ocrx_word' id='word_1_40' title='bbox 717 281 756 307; x_wconf 81' lang='lat'>13.</span> <span class='ocrx_word' id='word_1_41' title='bbox 772 283 815 307; x_wconf 71' lang='lat'>45.</span> <span class='ocrx_word' id='word_1_42' title='bbox 838 271 901 300; x_wconf 79' lang='lat' dir='ltr'>Sall.</span> <span class='ocrx_word' id='word_1_43' title='bbox 916 269 994 298; x_wconf 85' lang='lat' dir='ltr'>Catil.</span> <span class='ocrx_word' id='word_1_44' title='bbox 1006 269 1040 311; x_wconf 32' lang='lat' dir='ltr'>-C.</span> <span class='ocrx_word' id='word_1_45' title='bbox 1054 279 1098 303; x_wconf 78' lang='lat'>25.</span> <span class='ocrx_word' id='word_1_46' title='bbox 1138 268 1241 298; x_wconf 87' lang='lat' dir='ltr'>Verum</span> <span class='ocrx_word' id='word_1_47' title='bbox 1256 270 1399 305; x_wconf 68' lang='lat' dir='ltr'>ingenium</span> 
     </span>
     <span class='ocr_line' id='line_1_6' title="bbox 302 306 1398 342; baseline 0.007 -7"><span class='ocrx_word' id='word_1_48' title='bbox 302 308 360 339; x_wconf 75' lang='lat' dir='ltr'>eius</span> <span class='ocrx_word' id='word_1_49' title='bbox 380 306 452 334; x_wconf 75' lang='lat' dir='ltr'>haud</span> <span class='ocrx_word' id='word_1_50' title='bbox 470 306 634 342; x_wconf 84' lang='lat' dir='ltr'>absurdum,</span> <span class='ocrx_word' id='word_1_51' title='bbox 675 309 740 337; x_wconf 60' lang='lat' dir='ltr'>misc</span> <span class='ocrx_word' id='word_1_52' title='bbox 757 309 847 338; x_wconf 85' lang='lat' dir='ltr'>versus</span> <span class='ocrx_word' id='word_1_53' title='bbox 867 309 973 339; x_wconf 66' lang='lat' dir='ltr'>streete,</span> <span class='ocrx_word' id='word_1_54' title='bbox 1004 316 1097 339; x_wconf 72' lang='lat' dir='ltr'>lOCUssl</span> <span class='ocrx_word' id='word_1_55' title='bbox 1116 316 1247 342; x_wconf 66' lang='lat' dir='ltr'>movere,</span> <span class='ocrx_word' id='word_1_56' title='bbox 1273 308 1398 337; x_wconf 67' lang='lat' dir='ltr'>sermone</span> 
     </span>
     <span class='ocr_line' id='line_1_7' title="bbox 301 343 1395 383; baseline 0.003 -11"><span class='ocrx_word' id='word_1_57' title='bbox 301 345 340 372; x_wconf 83' lang='lat' dir='ltr'>uti</span> <span class='ocrx_word' id='word_1_58' title='bbox 357 344 399 372; x_wconf 78' lang='lat' dir='ltr'>vel</span> <span class='ocrx_word' id='word_1_59' title='bbox 410 343 550 378; x_wconf 77' lang='lat' dir='ltr'>modesto,</span> <span class='ocrx_word' id='word_1_60' title='bbox 572 345 615 373; x_wconf 81' lang='lat' dir='ltr'>vel</span> <span class='ocrx_word' id='word_1_61' title='bbox 626 346 721 381; x_wconf 89' lang='lat' dir='ltr'>molli,</span> <span class='ocrx_word' id='word_1_62' title='bbox 742 346 785 375; x_wconf 87' lang='lat' dir='ltr'>vel</span> <span class='ocrx_word' id='word_1_63' title='bbox 795 345 913 383; x_wconf 79' lang='lat' dir='ltr'>procaci.</span> <span class='ocrx_word' id='word_1_64' title='bbox 952 343 1060 373; x_wconf 86' lang='lat' dir='ltr'><strong>Prorsus</strong></span> <span class='ocrx_word' id='word_1_65' title='bbox 1071 344 1166 374; x_wconf 84' lang='lat' dir='ltr'>multae</span> <span class='ocrx_word' id='word_1_66' title='bbox 1179 345 1300 381; x_wconf 62' lang='lat' dir='ltr'>facetiae,</span> <span class='ocrx_word' id='word_1_67' title='bbox 1319 345 1395 381; x_wconf 83' lang='lat' dir='ltr'>sales,</span> 
     </span>
     <span class='ocr_line' id='line_1_8' title="bbox 302 380 712 418; baseline 0.01 -10"><span class='ocrx_word' id='word_1_68' title='bbox 302 381 457 417; x_wconf 77' lang='lat' dir='ltr'>multosque</span> <span class='ocrx_word' id='word_1_69' title='bbox 472 380 549 418; x_wconf 83' lang='lat' dir='ltr'>lepos</span> <span class='ocrx_word' id='word_1_70' title='bbox 563 382 602 410; x_wconf 91' lang='lat' dir='ltr'>illi</span> <span class='ocrx_word' id='word_1_71' title='bbox 617 383 712 412; x_wconf 85' lang='lat' dir='ltr'>inerat.</span> 
     </span>
    </p>

    <p class='ocr_par' dir='ltr' id='par_1_3' title="bbox 279 418 897 457">
     <span class='ocr_line' id='line_1_9' title="bbox 279 418 897 457; baseline 0 -11"><span class='ocrx_word' id='word_1_72' title='bbox 279 418 333 447; x_wconf 82' lang='lat' dir='ltr'>Res</span> <span class='ocrx_word' id='word_1_73' title='bbox 344 418 458 447; x_wconf 84' lang='lat' dir='ltr'>absurda</span> <span class='ocrx_word' id='word_1_74' title='bbox 468 419 512 447; x_wconf 83' lang='lat' dir='ltr'>est.</span> <span class='ocrx_word' id='word_1_75' title='bbox 536 419 592 448; x_wconf 85' lang='lat' dir='ltr'>Cic.</span> <span class='ocrx_word' id='word_1_76' title='bbox 606 430 655 457; x_wconf 88' lang='lat' dir='ltr'>pro</span> <span class='ocrx_word' id='word_1_77' title='bbox 671 421 753 449; x_wconf 90' lang='lat' dir='ltr'>Corn.</span> <span class='ocrx_word' id='word_1_78' title='bbox 765 419 839 448; x_wconf 79' lang='lat' dir='ltr'>Balb.</span> <span class='ocrx_word' id='word_1_79' title='bbox 855 428 897 454; x_wconf 88' lang='lat'>37.</span> 
     </span>
    </p>

    <p class='ocr_par' dir='ltr' id='par_1_4' title="bbox 279 455 1395 566">
     <span class='ocr_line' id='line_1_10' title="bbox 279 455 1358 495; baseline 0.005 -12"><span class='ocrx_word' id='word_1_80' title='bbox 279 456 378 484; x_wconf 84' lang='lat' dir='ltr'>Sonus.</span> <span class='ocrx_word' id='word_1_81' title='bbox 410 456 466 484; x_wconf 90' lang='lat' dir='ltr'>Cic.</span> <span class='ocrx_word' id='word_1_82' title='bbox 480 456 514 484; x_wconf 90' lang='lat' dir='ltr'>de</span> <span class='ocrx_word' id='word_1_83' title='bbox 528 456 620 485; x_wconf 89' lang='lat' dir='ltr'>Divin.</span> <span class='ocrx_word' id='word_1_84' title='bbox 638 468 659 486; x_wconf 94' lang='lat'>1.</span> <span class='ocrx_word' id='word_1_85' title='bbox 679 468 720 492; x_wconf 80' lang='lat'>15.</span> <span class='ocrx_word' id='word_1_86' title='bbox 758 456 935 492; x_wconf 75' lang='lat' dir='ltr'>Absurdoque</span> <span class='ocrx_word' id='word_1_87' title='bbox 945 455 1012 485; x_wconf 89' lang='lat' dir='ltr'>sono</span> <span class='ocrx_word' id='word_1_88' title='bbox 1023 455 1115 485; x_wconf 84' lang='lat' dir='ltr'>fontes</span> <span class='ocrx_word' id='word_1_89' title='bbox 1129 458 1155 486; x_wconf 65' lang='grc' dir='ltr'><strong>ἃ</strong></span> <span class='ocrx_word' id='word_1_90' title='bbox 1167 457 1258 495; x_wconf 78' lang='lat' dir='ltr'>stagna</span> <span class='ocrx_word' id='word_1_91' title='bbox 1272 459 1358 488; x_wconf 82' lang='lat' dir='ltr'>cletis.</span> 
     </span>
     <span class='ocr_line' id='line_1_11' title="bbox 280 492 1395 531; baseline 0.005 -11"><span class='ocrx_word' id='word_1_92' title='bbox 280 492 334 521; x_wconf 83' lang='lat' dir='ltr'>Vir.</span> <span class='ocrx_word' id='word_1_93' title='bbox 364 493 422 521; x_wconf 87' lang='lat' dir='ltr'>Cic.</span> <span class='ocrx_word' id='word_1_94' title='bbox 435 503 460 521; x_wconf 86' lang='lat'>2.</span> <span class='ocrx_word' id='word_1_95' title='bbox 477 494 511 522; x_wconf 88' lang='lat' dir='ltr'>de</span> <span class='ocrx_word' id='word_1_96' title='bbox 523 494 598 523; x_wconf 85' lang='lat' dir='ltr'>Orat.</span> <span class='ocrx_word' id='word_1_97' title='bbox 612 500 656 529; x_wconf 75' lang='lat'>85.</span> <span class='ocrx_word' id='word_1_98' title='bbox 693 495 740 523; x_wconf 91' lang='lat' dir='ltr'>Sin</span> <span class='ocrx_word' id='word_1_99' title='bbox 750 494 833 531; x_wconf 83' lang='lat' dir='ltr'>plane</span> <span class='ocrx_word' id='word_1_100' title='bbox 846 493 1022 529; x_wconf 85' lang='lat' dir='ltr'>abhorrebit,</span> <span class='ocrx_word' id='word_1_101' title='bbox 1044 496 1069 523; x_wconf 67' lang='grc' dir='ltr'>ἃ</span> <span class='ocrx_word' id='word_1_102' title='bbox 1081 496 1133 523; x_wconf 91' lang='lat' dir='ltr'>erit</span> <span class='ocrx_word' id='word_1_103' title='bbox 1146 495 1294 526; x_wconf 84' lang='lat' dir='ltr'>absurdus:</span> <span class='ocrx_word' id='word_1_104' title='bbox 1324 505 1354 526; x_wconf 88' lang='lat' dir='ltr'>ut</span> <span class='ocrx_word' id='word_1_105' title='bbox 1368 497 1395 530; x_wconf 85' lang='lat' dir='ltr'>se</span> 
     </span>
     <span class='ocr_line' id='line_1_12' title="bbox 298 531 1150 566; baseline 0.005 -8"><span class='ocrx_word' id='word_1_106' title='bbox 298 531 455 563; x_wconf 86' lang='lat' dir='ltr'>contineat,</span> <span class='ocrx_word' id='word_1_107' title='bbox 477 532 568 559; x_wconf 79' lang='lat' dir='ltr'>autad</span> <span class='ocrx_word' id='word_1_108' title='bbox 582 532 657 560; x_wconf 80' lang='lat' dir='ltr'>aliud</span> <span class='ocrx_word' id='word_1_109' title='bbox 668 532 787 560; x_wconf 89' lang='lat' dir='ltr'>studium</span> <span class='ocrx_word' id='word_1_110' title='bbox 800 531 945 559; x_wconf 79' lang='lat' dir='ltr'>transferat</span> <span class='ocrx_word' id='word_1_111' title='bbox 954 553 961 566; x_wconf 96' lang='lat'>,</span> <span class='ocrx_word' id='word_1_112' title='bbox 982 532 1150 562; x_wconf 79' lang='lat' dir='ltr'>admonebo.</span> 
     </span>
    </p>

    <p class='ocr_par' dir='ltr' id='par_1_5' title="bbox 279 567 1160 606">
     <span class='ocr_line' id='line_1_13' title="bbox 279 567 1160 606; baseline 0.006 -12"><span class='ocrx_word' id='word_1_113' title='bbox 279 567 340 595; x_wconf 83' lang='lat' dir='ltr'>Vox</span> <span class='ocrx_word' id='word_1_114' title='bbox 352 567 451 596; x_wconf 78' lang='lat' dir='ltr'>absona</span> <span class='ocrx_word' id='word_1_115' title='bbox 461 569 486 597; x_wconf 62' lang='grc' dir='ltr'>ἃ</span> <span class='ocrx_word' id='word_1_116' title='bbox 498 575 573 597; x_wconf 81' lang='lat' dir='ltr'>extra</span> <span class='ocrx_word' id='word_1_117' title='bbox 583 569 697 597; x_wconf 87' lang='lat' dir='ltr'>modum</span> <span class='ocrx_word' id='word_1_118' title='bbox 709 568 830 597; x_wconf 79' lang='lat' dir='ltr'>absurda.</span> <span class='ocrx_word' id='word_1_119' title='bbox 861 568 919 598; x_wconf 93' lang='lat' dir='ltr'>Cic.</span> <span class='ocrx_word' id='word_1_120' title='bbox 936 569 970 598; x_wconf 90' lang='lat' dir='ltr'>de</span> <span class='ocrx_word' id='word_1_121' title='bbox 982 569 1058 599; x_wconf 88' lang='lat' dir='ltr'>Orat.</span> <span class='ocrx_word' id='word_1_122' title='bbox 1073 579 1097 605; x_wconf 87' lang='lat'>3.</span> <span class='ocrx_word' id='word_1_123' title='bbox 1115 581 1160 606; x_wconf 89' lang='lat'>41.</span> 
     </span>
    </p>

    <p class='ocr_par' dir='ltr' id='par_1_6' title="bbox 278 605 1393 680">
     <span class='ocr_line' id='line_1_14' title="bbox 278 605 1393 646; baseline 0.006 -14"><span class='ocrx_word' id='word_1_124' title='bbox 278 605 430 633; x_wconf 85' lang='lat' dir='ltr'>Absurdum</span> <span class='ocrx_word' id='word_1_125' title='bbox 441 606 493 639; x_wconf 84' lang='lat' dir='ltr'>est,</span> <span class='ocrx_word' id='word_1_126' title='bbox 515 616 579 634; x_wconf 90' lang='lat' dir='ltr'>cuin</span> <span class='ocrx_word' id='word_1_127' title='bbox 594 606 738 634; x_wconf 77' lang='lat' dir='ltr'>infinitivo.</span> <span class='ocrx_word' id='word_1_128' title='bbox 770 606 827 634; x_wconf 85' lang='lat' dir='ltr'>Cic.</span> <span class='ocrx_word' id='word_1_129' title='bbox 842 605 876 635; x_wconf 91' lang='lat' dir='ltr'>de</span> <span class='ocrx_word' id='word_1_130' title='bbox 888 607 994 636; x_wconf 87' lang='lat' dir='ltr'>Provin.</span> <span class='ocrx_word' id='word_1_131' title='bbox 1008 607 1119 638; x_wconf 83' lang='lat' dir='ltr'>Consul.</span> <span class='ocrx_word' id='word_1_132' title='bbox 1135 618 1178 646; x_wconf 88' lang='lat'>37.</span> <span class='ocrx_word' id='word_1_133' title='bbox 1216 609 1289 638; x_wconf 90' lang='lat' dir='ltr'>Nam</span> <span class='ocrx_word' id='word_1_134' title='bbox 1299 610 1325 639; x_wconf 71' lang='lat' dir='ltr'>St</span> <span class='ocrx_word' id='word_1_135' title='bbox 1336 619 1393 638; x_wconf 89' lang='lat' dir='ltr'>non</span> 
     </span>
     <span class='ocr_line' id='line_1_15' title="bbox 296 642 1145 680; baseline 0.006 -10"><span class='ocrx_word' id='word_1_136' title='bbox 296 642 399 676; x_wconf 87' lang='lat' dir='ltr'>sortiri,</span> <span class='ocrx_word' id='word_1_137' title='bbox 419 642 565 671; x_wconf 86' lang='lat' dir='ltr'>absurdum</span> <span class='ocrx_word' id='word_1_138' title='bbox 576 643 629 671; x_wconf 84' lang='lat' dir='ltr'>est:</span> <span class='ocrx_word' id='word_1_139' title='bbox 655 644 680 672; x_wconf 64' lang='lat' dir='ltr'>a</span> <span class='ocrx_word' id='word_1_140' title='bbox 691 643 766 680; x_wconf 88' lang='lat' dir='ltr'>quod</span> <span class='ocrx_word' id='word_1_141' title='bbox 776 643 885 673; x_wconf 89' lang='lat' dir='ltr'>sortitus</span> <span class='ocrx_word' id='word_1_142' title='bbox 897 645 928 674; x_wconf 75' lang='lat' dir='ltr'>iis</span> <span class='ocrx_word' id='word_1_143' title='bbox 938 667 945 679; x_wconf 90' lang='lat'>,</span> <span class='ocrx_word' id='word_1_144' title='bbox 966 655 1024 674; x_wconf 90' lang='lat' dir='ltr'>non</span> <span class='ocrx_word' id='word_1_145' title='bbox 1036 645 1145 676; x_wconf 89' lang='lat' dir='ltr'>habere.</span> 
     </span>
    </p>

    <p class='ocr_par' dir='ltr' id='par_1_7' title="bbox 277 679 1395 795">
     <span class='ocr_line' id='line_1_16' title="bbox 277 679 1395 721; baseline 0.004 -13"><span class='ocrx_word' id='word_1_146' title='bbox 277 682 404 717; x_wconf 75' lang='lat' dir='ltr'>Compar.</span> <span class='ocrx_word' id='word_1_147' title='bbox 427 679 484 708; x_wconf 86' lang='lat' dir='ltr'>Cic.</span> <span class='ocrx_word' id='word_1_148' title='bbox 497 680 531 708; x_wconf 86' lang='lat' dir='ltr'>de</span> <span class='ocrx_word' id='word_1_149' title='bbox 542 680 604 708; x_wconf 83' lang='lat' dir='ltr'>Nat.</span> <span class='ocrx_word' id='word_1_150' title='bbox 616 680 700 709; x_wconf 80' lang='lat' dir='ltr'>Dcor.</span> <span class='ocrx_word' id='word_1_151' title='bbox 716 691 737 709; x_wconf 88' lang='lat'>1.</span> <span class='ocrx_word' id='word_1_152' title='bbox 755 684 796 710; x_wconf 89' lang='lat'>16.</span> <span class='ocrx_word' id='word_1_153' title='bbox 818 681 911 711; x_wconf 81' lang='lat' dir='ltr'>Multo</span> <span class='ocrx_word' id='word_1_154' title='bbox 923 682 1079 713; x_wconf 78' lang='lat' dir='ltr'>absurdiora</span> <span class='ocrx_word' id='word_1_155' title='bbox 1090 683 1152 713; x_wconf 86' lang='lat' dir='ltr'>sunt</span> <span class='ocrx_word' id='word_1_156' title='bbox 1161 693 1193 713; x_wconf 88' lang='lat' dir='ltr'>ea</span> <span class='ocrx_word' id='word_1_157' title='bbox 1202 706 1209 720; x_wconf 90' lang='lat'>,</span> <span class='ocrx_word' id='word_1_158' title='bbox 1230 694 1290 721; x_wconf 57' lang='lat' dir='ltr'>quse</span> <span class='ocrx_word' id='word_1_159' title='bbox 1299 684 1395 713; x_wconf 85' lang='lat' dir='ltr'>Poeta-</span> 
     </span>
     <span class='ocr_line' id='line_1_17' title="bbox 296 717 1393 758; baseline 0.005 -14"><span class='ocrx_word' id='word_1_160' title='bbox 296 727 355 745; x_wconf 85' lang='lat' dir='ltr'>rum</span> <span class='ocrx_word' id='word_1_161' title='bbox 367 717 480 745; x_wconf 80' lang='lat' dir='ltr'>vocibus</span> <span class='ocrx_word' id='word_1_162' title='bbox 491 717 546 745; x_wconf 74' lang='lat' dir='ltr'>susa</span> <span class='ocrx_word' id='word_1_163' title='bbox 556 717 610 754; x_wconf 78' lang='lat' dir='ltr'>ipsa</span> <span class='ocrx_word' id='word_1_164' title='bbox 619 717 749 747; x_wconf 85' lang='lat' dir='ltr'>suavitate</span> <span class='ocrx_word' id='word_1_165' title='bbox 764 727 929 749; x_wconf 85' lang='lat' dir='ltr'>nocuerunt.</span> <span class='ocrx_word' id='word_1_166' title='bbox 959 720 994 750; x_wconf 82' lang='lat' dir='ltr'>Et</span> <span class='ocrx_word' id='word_1_167' title='bbox 1004 721 1039 749; x_wconf 90' lang='lat' dir='ltr'>de</span> <span class='ocrx_word' id='word_1_168' title='bbox 1051 721 1110 750; x_wconf 78' lang='lat' dir='ltr'>Pin.</span> <span class='ocrx_word' id='word_1_169' title='bbox 1122 731 1147 750; x_wconf 85' lang='lat'>2.</span> <span class='ocrx_word' id='word_1_170' title='bbox 1165 731 1205 757; x_wconf 90' lang='lat'>13.</span> <span class='ocrx_word' id='word_1_171' title='bbox 1247 722 1312 758; x_wconf 88' lang='lat' dir='ltr'>Quo</span> <span class='ocrx_word' id='word_1_172' title='bbox 1324 722 1393 751; x_wconf 84' lang='lat' dir='ltr'>nihil</span> 
     </span>
     <span class='ocr_line' id='line_1_18' title="bbox 295 754 1353 795; baseline 0.007 -14"><span class='ocrx_word' id='word_1_173' title='bbox 295 754 361 782; x_wconf 83' lang='lat' dir='ltr'>inihi</span> <span class='ocrx_word' id='word_1_174' title='bbox 375 755 482 782; x_wconf 87' lang='lat' dir='ltr'>videtur</span> <span class='ocrx_word' id='word_1_175' title='bbox 491 754 543 782; x_wconf 80' lang='lat' dir='ltr'>effe</span> <span class='ocrx_word' id='word_1_176' title='bbox 555 754 704 785; x_wconf 74' lang='lat' dir='ltr'>absurdius.</span> <span class='ocrx_word' id='word_1_177' title='bbox 733 756 811 786; x_wconf 82' lang='lat' dir='ltr'>Idem</span> <span class='ocrx_word' id='word_1_178' title='bbox 826 758 879 787; x_wconf 89' lang='lat' dir='ltr'>Att.</span> <span class='ocrx_word' id='word_1_179' title='bbox 893 767 917 795; x_wconf 92' lang='lat'>7.</span> <span class='ocrx_word' id='word_1_180' title='bbox 934 768 975 794; x_wconf 89' lang='lat'>13.</span> <span class='ocrx_word' id='word_1_181' title='bbox 1010 758 1202 788; x_wconf 82' lang='lat' dir='ltr'>Absurdiffima</span> <span class='ocrx_word' id='word_1_182' title='bbox 1217 761 1353 788; x_wconf 82' lang='lat' dir='ltr'>mandata.</span> 
     </span>
    </p>

    <p class='ocr_par' dir='ltr' id='par_1_8' title="bbox 237 789 1392 985">
     <span class='ocr_line' id='line_1_19' title="bbox 237 789 1391 834; baseline 0.005 -14"><span class='ocrx_word' id='word_1_183' title='bbox 237 791 329 820; x_wconf 59' lang='grc' dir='ltr'>ΛΜΗ</span> <span class='ocrx_word' id='word_1_184' title='bbox 340 802 352 818; x_wconf 57' lang='lat'>1&lt;</span> <span class='ocrx_word' id='word_1_185' title='bbox 365 802 381 819; x_wconf 68' lang='grc' dir='ltr'>Ι»</span> <span class='ocrx_word' id='word_1_186' title='bbox 392 802 404 818; x_wconf 66' lang='grc' dir='ltr'>Ε</span> <span class='ocrx_word' id='word_1_187' title='bbox 415 813 422 825; x_wconf 62' lang='grc'>,</span> <span class='ocrx_word' id='word_1_188' title='bbox 445 791 510 819; x_wconf 83' lang='lat' dir='ltr'>Adv.</span> <span class='ocrx_word' id='word_1_189' title='bbox 541 789 680 828; x_wconf 44' lang='lat' dir='ltr'>[afim]</span> <span class='ocrx_word' id='word_1_190' title='bbox 708 800 740 823; x_wconf 90' lang='lat' dir='ltr'>ut</span> <span class='ocrx_word' id='word_1_191' title='bbox 758 794 879 825; x_wconf 81' lang='lat' dir='ltr'>Absurde</span> <span class='ocrx_word' id='word_1_192' title='bbox 893 795 997 833; x_wconf 78' lang='lat' dir='ltr'>aliquid</span> <span class='ocrx_word' id='word_1_193' title='bbox 1012 796 1104 825; x_wconf 87' lang='lat' dir='ltr'>dicere</span> <span class='ocrx_word' id='word_1_194' title='bbox 1122 804 1169 825; x_wconf 86' lang='lat' dir='ltr'>aut</span> <span class='ocrx_word' id='word_1_195' title='bbox 1186 797 1292 832; x_wconf 90' lang='lat' dir='ltr'>facere,</span> <span class='ocrx_word' id='word_1_196' title='bbox 1318 797 1391 834; x_wconf 90' lang='lat' dir='ltr'>quasi</span> 
     </span>
     <span class='ocr_line' id='line_1_20' title="bbox 275 828 1392 870; baseline 0.008 -15"><span class='ocrx_word' id='word_1_197' title='bbox 275 828 371 865; x_wconf 77' lang='lat' dir='ltr'>Inepte</span> <span class='ocrx_word' id='word_1_198' title='bbox 384 830 408 857; x_wconf 65' lang='grc' dir='ltr'>ὅ(</span> <span class='ocrx_word' id='word_1_199' title='bbox 423 838 616 865; x_wconf 70' lang='lat' dir='ltr'>repugnanter.</span> <span class='ocrx_word' id='word_1_200' title='bbox 648 830 705 860; x_wconf 88' lang='lat' dir='ltr'>Cic.</span> <span class='ocrx_word' id='word_1_201' title='bbox 721 833 756 861; x_wconf 89' lang='lat' dir='ltr'>de</span> <span class='ocrx_word' id='word_1_202' title='bbox 772 832 830 862; x_wconf 80' lang='lat' dir='ltr'>fin.</span> <span class='ocrx_word' id='word_1_203' title='bbox 844 843 869 862; x_wconf 88' lang='lat'>2.</span> <span class='ocrx_word' id='word_1_204' title='bbox 891 844 935 863; x_wconf 80' lang='lat'>21.</span> <span class='ocrx_word' id='word_1_205' title='bbox 973 834 1059 870; x_wconf 80' lang='lat' dir='ltr'>quue</span> <span class='ocrx_word' id='word_1_206' title='bbox 1074 834 1091 862; x_wconf 87' lang='lat' dir='ltr'>si</span> <span class='ocrx_word' id='word_1_207' title='bbox 1107 835 1143 863; x_wconf 85' lang='lat' dir='ltr'>ita</span> <span class='ocrx_word' id='word_1_208' title='bbox 1156 835 1241 869; x_wconf 87' lang='lat' dir='ltr'>dicit,</span> <span class='ocrx_word' id='word_1_209' title='bbox 1262 845 1320 863; x_wconf 91' lang='lat' dir='ltr'>non</span> <span class='ocrx_word' id='word_1_210' title='bbox 1337 834 1392 864; x_wconf 77' lang='lat' dir='ltr'>effe</span> 
     </span>
     <span class='ocr_line' id='line_1_21' title="bbox 273 866 1391 908; baseline 0.007 -15"><span class='ocrx_word' id='word_1_211' title='bbox 273 866 517 901; x_wconf 79' lang='lat' dir='ltr'>reprehendendos</span> <span class='ocrx_word' id='word_1_212' title='bbox 532 867 701 898; x_wconf 68' lang='lat' dir='ltr'>luxuriosos:</span> <span class='ocrx_word' id='word_1_213' title='bbox 722 870 741 898; x_wconf 87' lang='lat' dir='ltr'><strong>fi</strong></span> <span class='ocrx_word' id='word_1_214' title='bbox 757 870 894 908; x_wconf 86' lang='lat' dir='ltr'>sapientes</span> <span class='ocrx_word' id='word_1_215' title='bbox 908 872 975 907; x_wconf 82' lang='lat' dir='ltr'>lint,</span> <span class='ocrx_word' id='word_1_216' title='bbox 997 872 1066 900; x_wconf 85' lang='lat' dir='ltr'>dicit</span> <span class='ocrx_word' id='word_1_217' title='bbox 1077 871 1199 901; x_wconf 82' lang='lat' dir='ltr'>absurde.</span> <span class='ocrx_word' id='word_1_218' title='bbox 1238 872 1333 907; x_wconf 87' lang='lat' dir='ltr'>Idem,</span> <span class='ocrx_word' id='word_1_219' title='bbox 1355 873 1391 901; x_wconf 87' lang='lat' dir='ltr'>de</span> 
     </span>
     <span class='ocr_line' id='line_1_22' title="bbox 275 903 1391 948; baseline 0.009 -18"><span class='ocrx_word' id='word_1_220' title='bbox 275 903 363 931; x_wconf 88' lang='lat' dir='ltr'>Divin.</span> <span class='ocrx_word' id='word_1_221' title='bbox 378 913 402 931; x_wconf 90' lang='lat'>2.</span> <span class='ocrx_word' id='word_1_222' title='bbox 418 913 480 938; x_wconf 74' lang='lat'>219.</span> <span class='ocrx_word' id='word_1_223' title='bbox 518 904 573 933; x_wconf 84' lang='lat' dir='ltr'>Sed</span> <span class='ocrx_word' id='word_1_224' title='bbox 584 906 676 935; x_wconf 80' lang='lat' dir='ltr'>nescio</span> <span class='ocrx_word' id='word_1_225' title='bbox 690 908 832 944; x_wconf 85' lang='lat' dir='ltr'>quomodo</span> <span class='ocrx_word' id='word_1_226' title='bbox 843 909 912 937; x_wconf 87' lang='lat' dir='ltr'>nihil</span> <span class='ocrx_word' id='word_1_227' title='bbox 923 917 980 938; x_wconf 72' lang='lat' dir='ltr'>tam</span> <span class='ocrx_word' id='word_1_228' title='bbox 994 909 1108 938; x_wconf 75' lang='lat' dir='ltr'>absurde</span> <span class='ocrx_word' id='word_1_229' title='bbox 1120 910 1174 938; x_wconf 92' lang='lat' dir='ltr'>dici</span> <span class='ocrx_word' id='word_1_230' title='bbox 1189 910 1294 947; x_wconf 83' lang='lat' dir='ltr'>potest,</span> <span class='ocrx_word' id='word_1_231' title='bbox 1314 910 1391 948; x_wconf 84' lang='lat' dir='ltr'>quod</span> 
     </span>
     <span class='ocr_line' id='line_1_23' title="bbox 270 941 1194 985; baseline 0.011 -18"><span class='ocrx_word' id='word_1_232' title='bbox 270 950 327 968; x_wconf 84' lang='lat' dir='ltr'>non</span> <span class='ocrx_word' id='word_1_233' title='bbox 343 941 451 969; x_wconf 82' lang='lat' dir='ltr'>dicatur</span> <span class='ocrx_word' id='word_1_234' title='bbox 467 941 500 970; x_wconf 89' lang='lat' dir='ltr'>ab</span> <span class='ocrx_word' id='word_1_235' title='bbox 516 942 608 980; x_wconf 80' lang='lat' dir='ltr'>aliquo</span> <span class='ocrx_word' id='word_1_236' title='bbox 625 944 862 983; x_wconf 89' lang='lat' dir='ltr'>philosophorum.</span> <span class='ocrx_word' id='word_1_237' title='bbox 893 946 980 976; x_wconf 84' lang='lat' dir='ltr'>Plaut.</span> <span class='ocrx_word' id='word_1_238' title='bbox 996 947 1076 985; x_wconf 85' lang='lat' dir='ltr'>Epid.</span> <span class='ocrx_word' id='word_1_239' title='bbox 1091 957 1114 984; x_wconf 90' lang='lat'>3.</span> <span class='ocrx_word' id='word_1_240' title='bbox 1131 957 1154 977; x_wconf 95' lang='lat'>1.</span> <span class='ocrx_word' id='word_1_241' title='bbox 1169 951 1194 977; x_wconf 82' lang='lat'>6.</span> 
     </span>
    </p>

    <p class='ocr_par' dir='ltr' id='par_1_9' title="bbox 342 977 868 1020">
     <span class='ocr_line' id='line_1_24' title="bbox 342 977 868 1020; baseline 0.013 -14"><span class='ocrx_word' id='word_1_242' title='bbox 342 977 464 1007; x_wconf 88' lang='lat' dir='ltr'>Absurde</span> <span class='ocrx_word' id='word_1_243' title='bbox 475 980 542 1008; x_wconf 73' lang='lat' dir='ltr'>sacis</span> <span class='ocrx_word' id='word_1_244' title='bbox 552 1003 559 1014; x_wconf 69' lang='lat'>,</span> <span class='ocrx_word' id='word_1_245' title='bbox 582 983 627 1019; x_wconf 83' lang='lat' dir='ltr'>qui</span> <span class='ocrx_word' id='word_1_246' title='bbox 639 992 720 1020; x_wconf 83' lang='lat' dir='ltr'>angas</span> <span class='ocrx_word' id='word_1_247' title='bbox 732 990 760 1012; x_wconf 87' lang='lat' dir='ltr'>te</span> <span class='ocrx_word' id='word_1_248' title='bbox 775 985 868 1014; x_wconf 87' lang='lat' dir='ltr'>animi.</span> 
     </span>
    </p>

    <p class='ocr_par' dir='ltr' id='par_1_10' title="bbox 231 1013 1389 1095">
     <span class='ocr_line' id='line_1_25' title="bbox 231 1013 1389 1059; baseline 0.009 -16"><span class='ocrx_word' id='word_1_249' title='bbox 231 1013 361 1052; x_wconf 68' lang='lat' dir='ltr'>Compar.</span> <span class='ocrx_word' id='word_1_250' title='bbox 394 1016 453 1051; x_wconf 85' lang='lat' dir='ltr'>JCt.</span> <span class='ocrx_word' id='word_1_251' title='bbox 474 1018 502 1045; x_wconf 90' lang='lat' dir='ltr'>in</span> <span class='ocrx_word' id='word_1_252' title='bbox 519 1018 580 1055; x_wconf 83' lang='lat' dir='ltr'>Dig.</span> <span class='ocrx_word' id='word_1_253' title='bbox 596 1030 620 1055; x_wconf 85' lang='lat'>9.</span> <span class='ocrx_word' id='word_1_254' title='bbox 642 1027 661 1049; x_wconf 91' lang='lat' dir='ltr'>t.</span> <span class='ocrx_word' id='word_1_255' title='bbox 674 1030 699 1049; x_wconf 91' lang='lat'>2.</span> <span class='ocrx_word' id='word_1_256' title='bbox 720 1020 738 1051; x_wconf 91' lang='lat' dir='ltr'>l.</span> <span class='ocrx_word' id='word_1_257' title='bbox 755 1032 796 1055; x_wconf 77' lang='lat'>51.</span> <span class='ocrx_word' id='word_1_258' title='bbox 842 1022 927 1058; x_wconf 89' lang='lat' dir='ltr'>Quod</span> <span class='ocrx_word' id='word_1_259' title='bbox 946 1021 963 1050; x_wconf 83' lang='lat' dir='ltr'><strong>fi</strong></span> <span class='ocrx_word' id='word_1_260' title='bbox 984 1022 1044 1059; x_wconf 89' lang='lat' dir='ltr'>quis</span> <span class='ocrx_word' id='word_1_261' title='bbox 1063 1021 1178 1051; x_wconf 83' lang='lat' dir='ltr'>absurde</span> <span class='ocrx_word' id='word_1_262' title='bbox 1197 1032 1213 1052; x_wconf 86' lang='lat' dir='ltr'>a</span> <span class='ocrx_word' id='word_1_263' title='bbox 1227 1022 1307 1052; x_wconf 89' lang='lat' dir='ltr'>nobis</span> <span class='ocrx_word' id='word_1_264' title='bbox 1329 1023 1389 1053; x_wconf 67' lang='lat' dir='ltr'>haic</span> 
     </span>
     <span class='ocr_line' id='line_1_26' title="bbox 270 1053 1173 1095; baseline 0.01 -15"><span class='ocrx_word' id='word_1_265' title='bbox 270 1053 398 1082; x_wconf 84' lang='lat' dir='ltr'>constitui</span> <span class='ocrx_word' id='word_1_266' title='bbox 411 1057 565 1092; x_wconf 84' lang='lat' dir='ltr'>putaverit,</span> <span class='ocrx_word' id='word_1_267' title='bbox 590 1059 694 1094; x_wconf 68' lang='lat' dir='ltr'>cogitet</span> <span class='ocrx_word' id='word_1_268' title='bbox 709 1058 792 1095; x_wconf 75' lang='lat' dir='ltr'>longe</span> <span class='ocrx_word' id='word_1_269' title='bbox 802 1059 943 1089; x_wconf 73' lang='lat' dir='ltr'>absurdius</span> <span class='ocrx_word' id='word_1_270' title='bbox 955 1060 1101 1095; x_wconf 82' lang='lat' dir='ltr'>constitui,</span> <span class='ocrx_word' id='word_1_271' title='bbox 1121 1062 1173 1090; x_wconf 68' lang='lat' dir='ltr'>Sec.</span> 
     </span>
    </p>

    <p class='ocr_par' dir='ltr' id='par_1_11' title="bbox 226 1089 1389 1171">
     <span class='ocr_line' id='line_1_27' title="bbox 226 1089 1389 1135; baseline 0.01 -18"><span class='ocrx_word' id='word_1_272' title='bbox 226 1089 351 1134; x_wconf 58' lang='lat' dir='ltr'>Sixperh</span> <span class='ocrx_word' id='word_1_273' title='bbox 367 1093 506 1129; x_wconf 80' lang='lat' dir='ltr'>Augustin.</span> <span class='ocrx_word' id='word_1_274' title='bbox 524 1094 570 1124; x_wconf 91' lang='lat' dir='ltr'>lib.</span> <span class='ocrx_word' id='word_1_275' title='bbox 584 1106 610 1131; x_wconf 80' lang='lat'>4.</span> <span class='ocrx_word' id='word_1_276' title='bbox 630 1094 698 1125; x_wconf 84' lang='lat' dir='ltr'>extr.</span> <span class='ocrx_word' id='word_1_277' title='bbox 717 1097 751 1126; x_wconf 92' lang='lat' dir='ltr'>de</span> <span class='ocrx_word' id='word_1_278' title='bbox 763 1097 788 1126; x_wconf 86' lang='lat' dir='ltr'>T</span> <span class='ocrx_word' id='word_1_279' title='bbox 790 1098 909 1126; x_wconf 87' lang='lat' dir='ltr'>rinitate.</span> <span class='ocrx_word' id='word_1_280' title='bbox 946 1097 1022 1126; x_wconf 87' lang='lat' dir='ltr'>Deus</span> <span class='ocrx_word' id='word_1_281' title='bbox 1036 1104 1113 1135; x_wconf 84' lang='lat' dir='ltr'>pater</span> <span class='ocrx_word' id='word_1_282' title='bbox 1127 1097 1312 1129; x_wconf 82' lang='lat' dir='ltr'>absurdissime</span> <span class='ocrx_word' id='word_1_283' title='bbox 1326 1098 1389 1129; x_wconf 81' lang='lat' dir='ltr'>mis-</span> 
     </span>
     <span class='ocr_line' id='line_1_28' title="bbox 268 1129 961 1171; baseline 0.012 -15"><span class='ocrx_word' id='word_1_284' title='bbox 268 1129 309 1157; x_wconf 73' lang='lat' dir='ltr'>ius</span> <span class='ocrx_word' id='word_1_285' title='bbox 324 1129 471 1159; x_wconf 82' lang='lat' dir='ltr'>diceretur.</span> <span class='ocrx_word' id='word_1_286' title='bbox 502 1132 576 1161; x_wconf 83' lang='lat' dir='ltr'>conf.</span> <span class='ocrx_word' id='word_1_287' title='bbox 590 1134 690 1163; x_wconf 90' lang='lat' dir='ltr'>eodem</span> <span class='ocrx_word' id='word_1_288' title='bbox 704 1136 819 1164; x_wconf 68' lang='lat' dir='ltr'>tractatu</span> <span class='ocrx_word' id='word_1_289' title='bbox 831 1157 839 1171; x_wconf 92' lang='lat'>,</span> <span class='ocrx_word' id='word_1_290' title='bbox 862 1145 903 1171; x_wconf 91' lang='lat'>15.</span> <span class='ocrx_word' id='word_1_291' title='bbox 917 1138 961 1164; x_wconf 85' lang='lat'>26.</span> 
     </span>
    </p>

    <p class='ocr_par' dir='ltr' id='par_1_12' title="bbox 226 1164 660 1202">
     <span class='ocr_line' id='line_1_29' title="bbox 226 1164 660 1202; baseline 0.018 -9"><span class='ocrx_word' id='word_1_292' title='bbox 226 1164 359 1202; x_wconf 74' lang='lat' dir='ltr'>Assos,</span> <span class='ocrx_word' id='word_1_293' title='bbox 378 1168 486 1198; x_wconf 84' lang='lat' dir='ltr'>fluvius.</span> <span class='ocrx_word' id='word_1_294' title='bbox 519 1169 549 1199; x_wconf 86' lang='lat' dir='ltr'>V.</span> <span class='ocrx_word' id='word_1_295' title='bbox 574 1180 660 1201; x_wconf 73' lang='lat' dir='ltr'>Asis.</span> 
     </span>
    </p>

    <p class='ocr_par' dir='ltr' id='par_1_13' title="bbox 223 1202 1386 1647">
     <span class='ocr_line' id='line_1_30' title="bbox 223 1202 1386 1245; baseline 0.007 -11"><span class='ocrx_word' id='word_1_296' title='bbox 223 1202 316 1234; x_wconf 57' lang='lat' dir='ltr'>Asssv</span> <span class='ocrx_word' id='word_1_297' title='bbox 329 1214 495 1241; x_wconf 65' lang='lat' dir='ltr'>N‘ruiuiii,</span> <span class='ocrx_word' id='word_1_298' title='bbox 525 1207 684 1244; x_wconf 51' lang='lat' dir='ltr'>[dspi&#39;iffinv]</span> <span class='ocrx_word' id='word_1_299' title='bbox 715 1209 760 1238; x_wconf 90' lang='lat' dir='ltr'>alii</span> <span class='ocrx_word' id='word_1_300' title='bbox 782 1210 1021 1239; x_wconf 68' lang='lat' dir='ltr'>AssiNTi-HUM</span> <span class='ocrx_word' id='word_1_301' title='bbox 1036 1210 1175 1245; x_wconf 89' lang='lat' dir='ltr'>scribunt,</span> <span class='ocrx_word' id='word_1_302' title='bbox 1196 1211 1230 1241; x_wconf 89' lang='lat' dir='ltr'>ab</span> <span class='ocrx_word' id='word_1_303' title='bbox 1248 1210 1336 1245; x_wconf 66' lang='grc' dir='ltr'>ὶψεοῧζ</span> <span class='ocrx_word' id='word_1_304' title='bbox 1347 1222 1386 1242; x_wconf 78' lang='lat' dir='ltr'>ex</span> 
     </span>
     <span class='ocr_line' id='line_1_31' title="bbox 264 1241 1385 1280; baseline 0.01 -11"><span class='ocrx_word' id='word_1_305' title='bbox 264 1241 377 1271; x_wconf 82' lang='lat' dir='ltr'>adverso</span> <span class='ocrx_word' id='word_1_306' title='bbox 385 1253 489 1272; x_wconf 87' lang='lat' dir='ltr'>nomen</span> <span class='ocrx_word' id='word_1_307' title='bbox 502 1245 588 1274; x_wconf 71' lang='lat' dir='ltr'>Craeci</span> <span class='ocrx_word' id='word_1_308' title='bbox 599 1246 788 1277; x_wconf 84' lang='lat' dir='ltr'>deflexerunt:</span> <span class='ocrx_word' id='word_1_309' title='bbox 823 1248 880 1276; x_wconf 90' lang='lat' dir='ltr'>uod</span> <span class='ocrx_word' id='word_1_310' title='bbox 890 1247 1000 1276; x_wconf 91' lang='lat' dir='ltr'>nullum</span> <span class='ocrx_word' id='word_1_311' title='bbox 1012 1248 1114 1278; x_wconf 82' lang='lat' dir='ltr'>animal</span> <span class='ocrx_word' id='word_1_312' title='bbox 1125 1248 1161 1277; x_wconf 89' lang='lat' dir='ltr'>ob</span> <span class='ocrx_word' id='word_1_313' title='bbox 1172 1251 1301 1280; x_wconf 81' lang='lat' dir='ltr'>eximiam</span> <span class='ocrx_word' id='word_1_314' title='bbox 1313 1260 1385 1280; x_wconf 76' lang='lat' dir='ltr'>ama-</span> 
     </span>
     <span class='ocr_line' id='line_1_32' title="bbox 263 1258 1384 1325; baseline 0.01 -19"><span class='ocrx_word' id='word_1_315' title='bbox 263 1279 415 1309; x_wconf 82' lang='lat' dir='ltr'>ritudinem</span> <span class='ocrx_word' id='word_1_316' title='bbox 436 1281 507 1311; x_wconf 86' lang='lat' dir='ltr'>hanc</span> <span class='ocrx_word' id='word_1_317' title='bbox 525 1282 639 1312; x_wconf 88' lang='lat' dir='ltr'>herbam</span> <span class='ocrx_word' id='word_1_318' title='bbox 653 1285 777 1322; x_wconf 79' lang='lat' dir='ltr'>attingat.</span> <span class='ocrx_word' id='word_1_319' title='bbox 805 1258 928 1314; x_wconf 39' lang='lat' dir='ltr'>(Veteres</span> <span class='ocrx_word' id='word_1_320' title='bbox 947 1286 1034 1314; x_wconf 75' lang='lat' dir='ltr'>Graiae</span> <span class='ocrx_word' id='word_1_321' title='bbox 1052 1286 1162 1315; x_wconf 69' lang='lat' dir='ltr'>familiae</span> <span class='ocrx_word' id='word_1_322' title='bbox 1182 1289 1283 1318; x_wconf 90' lang='lat' dir='ltr'>comici</span> <span class='ocrx_word' id='word_1_323' title='bbox 1300 1289 1384 1325; x_wconf 82' lang='lat' dir='ltr'>Apin-</span> 
     </span>
     <span class='ocr_line' id='line_1_33' title="bbox 261 1316 1382 1362; baseline 0.008 -17"><span class='ocrx_word' id='word_1_324' title='bbox 261 1316 343 1346; x_wconf 83' lang='lat' dir='ltr'>tliion</span> <span class='ocrx_word' id='word_1_325' title='bbox 354 1328 464 1356; x_wconf 84' lang='lat' dir='ltr'>quoque</span> <span class='ocrx_word' id='word_1_326' title='bbox 475 1321 609 1350; x_wconf 83' lang='lat' dir='ltr'>conformi</span> <span class='ocrx_word' id='word_1_327' title='bbox 621 1329 713 1360; x_wconf 73' lang='lat' dir='ltr'>etymo</span> <span class='ocrx_word' id='word_1_328' title='bbox 723 1345 730 1357; x_wconf 86' lang='lat'>,</span> <span class='ocrx_word' id='word_1_329' title='bbox 747 1323 820 1360; x_wconf 86' lang='lat' dir='ltr'>quasi</span> <span class='ocrx_word' id='word_1_330' title='bbox 830 1323 1021 1360; x_wconf 83' lang='lat' dir='ltr'>impotabilem</span> <span class='ocrx_word' id='word_1_331' title='bbox 1030 1345 1037 1358; x_wconf 88' lang='lat'>,</span> <span class='ocrx_word' id='word_1_332' title='bbox 1053 1325 1284 1361; x_wconf 78' lang='lat' dir='ltr'>pronuntiarunt:</span> <span class='ocrx_word' id='word_1_333' title='bbox 1306 1327 1382 1362; x_wconf 82' lang='lat' dir='ltr'>quod</span> 
     </span>
     <span class='ocr_line' id='line_1_34' title="bbox 261 1354 1383 1401; baseline 0.009 -19"><span class='ocrx_word' id='word_1_334' title='bbox 261 1354 335 1383; x_wconf 86' lang='lat' dir='ltr'>hanc</span> <span class='ocrx_word' id='word_1_335' title='bbox 353 1365 437 1384; x_wconf 91' lang='lat' dir='ltr'>nemo</span> <span class='ocrx_word' id='word_1_336' title='bbox 456 1358 492 1385; x_wconf 89' lang='lat' dir='ltr'>ob</span> <span class='ocrx_word' id='word_1_337' title='bbox 506 1358 638 1396; x_wconf 78' lang='lat' dir='ltr'>inlignem</span> <span class='ocrx_word' id='word_1_338' title='bbox 658 1370 809 1389; x_wconf 84' lang='lat' dir='ltr'>amarorem</span> <span class='ocrx_word' id='word_1_339' title='bbox 827 1360 909 1399; x_wconf 76' lang='lat' dir='ltr'>polsit</span> <span class='ocrx_word' id='word_1_340' title='bbox 927 1361 1046 1390; x_wconf 84' lang='lat' dir='ltr'>ebibere.</span> <span class='ocrx_word' id='word_1_341' title='bbox 1089 1362 1162 1391; x_wconf 88' lang='lat' dir='ltr'>Hinc</span> <span class='ocrx_word' id='word_1_342' title='bbox 1178 1362 1267 1392; x_wconf 85' lang='lat' dir='ltr'>Latini</span> <span class='ocrx_word' id='word_1_343' title='bbox 1282 1363 1383 1401; x_wconf 85' lang='lat' dir='ltr'>Absyn-</span> 
     </span>
     <span class='ocr_line' id='line_1_35' title="bbox 261 1392 1382 1437; baseline 0.009 -17"><span class='ocrx_word' id='word_1_344' title='bbox 261 1392 353 1421; x_wconf 87' lang='lat' dir='ltr'>thium</span> <span class='ocrx_word' id='word_1_345' title='bbox 366 1393 547 1431; x_wconf 87' lang='lat' dir='ltr'>usurparunt,</span> <span class='ocrx_word' id='word_1_346' title='bbox 568 1407 618 1434; x_wconf 90' lang='lat' dir='ltr'>pro</span> <span class='ocrx_word' id='word_1_347' title='bbox 630 1407 658 1426; x_wconf 92' lang='lat' dir='ltr'>re</span> <span class='ocrx_word' id='word_1_348' title='bbox 669 1408 728 1434; x_wconf 79' lang='lat' dir='ltr'>quae</span> <span class='ocrx_word' id='word_1_349' title='bbox 744 1408 840 1436; x_wconf 83' lang='lat' dir='ltr'>parum</span> <span class='ocrx_word' id='word_1_350' title='bbox 853 1398 966 1427; x_wconf 83' lang='lat' dir='ltr'>allatura</span> <span class='ocrx_word' id='word_1_351' title='bbox 977 1399 1008 1427; x_wconf 86' lang='lat' dir='ltr'>sit</span> <span class='ocrx_word' id='word_1_352' title='bbox 1023 1398 1175 1437; x_wconf 73' lang='lat' dir='ltr'>voluptatis</span> <span class='ocrx_word' id='word_1_353' title='bbox 1184 1422 1191 1434; x_wconf 84' lang='lat'>,</span> <span class='ocrx_word' id='word_1_354' title='bbox 1217 1411 1274 1430; x_wconf 87' lang='lat' dir='ltr'>non</span> <span class='ocrx_word' id='word_1_355' title='bbox 1288 1408 1382 1431; x_wconf 74' lang='lat' dir='ltr'>tamen</span> 
     </span>
     <span class='ocr_line' id='line_1_36' title="bbox 260 1433 1381 1496; baseline 0.01 -38"><span class='ocrx_word' id='word_1_356' title='bbox 260 1438 375 1496; x_wconf 70' lang='lat' dir='ltr'>propter</span> <span class='ocrx_word' id='word_1_357' title='bbox 391 1433 619 1463; x_wconf 73' lang='lat' dir='ltr'>commoditatem</span> <span class='ocrx_word' id='word_1_358' title='bbox 635 1435 796 1472; x_wconf 86' lang='lat' dir='ltr'>respuenda.</span> <span class='ocrx_word' id='word_1_359' title='bbox 839 1437 883 1466; x_wconf 90' lang='lat' dir='ltr'>Sic</span> <span class='ocrx_word' id='word_1_360' title='bbox 901 1436 1045 1465; x_wconf 70' lang='lat' dir='ltr'>verebatur</span> <span class='ocrx_word' id='word_1_361' title='bbox 1064 1437 1128 1466; x_wconf 78' lang='lat' dir='ltr'>Fab.</span> <span class='ocrx_word' id='word_1_362' title='bbox 1152 1437 1317 1474; x_wconf 75' lang='lat' dir='ltr'>Quintilian.</span> <span class='ocrx_word' id='word_1_363' title='bbox 1345 1450 1381 1469; x_wconf 89' lang='lat' dir='ltr'>ne</span> 
     </span>
     <span class='ocr_line' id='line_1_37' title="bbox 272 1467 1379 1515; baseline 0.009 -19"><span class='ocrx_word' id='word_1_364' title='bbox 272 1467 332 1497; x_wconf 86' lang='lat' dir='ltr'>iher</span> <span class='ocrx_word' id='word_1_365' title='bbox 347 1468 409 1498; x_wconf 84' lang='lat' dir='ltr'>suus</span> <span class='ocrx_word' id='word_1_366' title='bbox 419 1480 516 1507; x_wconf 84' lang='lat' dir='ltr'>parum</span> <span class='ocrx_word' id='word_1_367' title='bbox 535 1472 624 1501; x_wconf 89' lang='lat' dir='ltr'>mellis</span> <span class='ocrx_word' id='word_1_368' title='bbox 637 1474 662 1502; x_wconf 69' lang='lat' dir='ltr'>Sc</span> <span class='ocrx_word' id='word_1_369' title='bbox 673 1473 808 1511; x_wconf 75' lang='lat' dir='ltr'>absynthii</span> <span class='ocrx_word' id='word_1_370' title='bbox 823 1474 942 1503; x_wconf 87' lang='lat' dir='ltr'>multum</span> <span class='ocrx_word' id='word_1_371' title='bbox 957 1474 1057 1503; x_wconf 88' lang='lat' dir='ltr'>habere</span> <span class='ocrx_word' id='word_1_372' title='bbox 1071 1475 1210 1505; x_wconf 87' lang='lat' dir='ltr'>videretur</span> <span class='ocrx_word' id='word_1_373' title='bbox 1221 1499 1228 1511; x_wconf 91' lang='lat'>,</span> <span class='ocrx_word' id='word_1_374' title='bbox 1258 1477 1379 1515; x_wconf 70' lang='lat' dir='ltr'>ess&#39;etque</span> 
     </span>
     <span class='ocr_line' id='line_1_38' title="bbox 259 1505 1380 1553; baseline 0.01 -19"><span class='ocrx_word' id='word_1_375' title='bbox 259 1505 393 1535; x_wconf 78' lang='lat' dir='ltr'>salubrior</span> <span class='ocrx_word' id='word_1_376' title='bbox 406 1508 500 1537; x_wconf 88' lang='lat' dir='ltr'>studiis</span> <span class='ocrx_word' id='word_1_377' title='bbox 518 1519 599 1546; x_wconf 81' lang='lat' dir='ltr'>quam</span> <span class='ocrx_word' id='word_1_378' title='bbox 620 1510 736 1540; x_wconf 87' lang='lat' dir='ltr'>dulcior.</span> <span class='ocrx_word' id='word_1_379' title='bbox 766 1511 814 1540; x_wconf 91' lang='lat' dir='ltr'>lib.</span> <span class='ocrx_word' id='word_1_380' title='bbox 828 1521 852 1548; x_wconf 90' lang='lat'>3.</span> <span class='ocrx_word' id='word_1_381' title='bbox 876 1522 898 1540; x_wconf 96' lang='lat'>1.</span> <span class='ocrx_word' id='word_1_382' title='bbox 939 1512 984 1541; x_wconf 86' lang='lat' dir='ltr'>Sic</span> <span class='ocrx_word' id='word_1_383' title='bbox 998 1512 1085 1541; x_wconf 85' lang='lat' dir='ltr'>Aloen</span> <span class='ocrx_word' id='word_1_384' title='bbox 1104 1523 1153 1550; x_wconf 89' lang='lat' dir='ltr'>pro</span> <span class='ocrx_word' id='word_1_385' title='bbox 1166 1514 1282 1552; x_wconf 85' lang='lat' dir='ltr'>Amaro,</span> <span class='ocrx_word' id='word_1_386' title='bbox 1304 1516 1380 1553; x_wconf 89' lang='lat' dir='ltr'>quod</span> 
     </span>
     <span class='ocr_line' id='line_1_39' title="bbox 260 1543 1163 1587; baseline 0.008 -15"><span class='ocrx_word' id='word_1_387' title='bbox 260 1553 276 1572; x_wconf 84' lang='lat' dir='ltr'>a</span> <span class='ocrx_word' id='word_1_388' title='bbox 285 1543 377 1582; x_wconf 78' lang='lat' dir='ltr'>palato</span> <span class='ocrx_word' id='word_1_389' title='bbox 389 1556 505 1583; x_wconf 83' lang='lat' dir='ltr'>paucam</span> <span class='ocrx_word' id='word_1_390' title='bbox 515 1548 597 1576; x_wconf 86' lang='lat' dir='ltr'>iniret</span> <span class='ocrx_word' id='word_1_391' title='bbox 606 1549 719 1585; x_wconf 79' lang='lat' dir='ltr'>gratiam</span> <span class='ocrx_word' id='word_1_392' title='bbox 729 1572 737 1584; x_wconf 95' lang='lat'>,</span> <span class='ocrx_word' id='word_1_393' title='bbox 757 1549 882 1584; x_wconf 89' lang='lat' dir='ltr'>Juvenal.</span> <span class='ocrx_word' id='word_1_394' title='bbox 899 1548 1016 1587; x_wconf 86' lang='lat' dir='ltr'>protulit</span> <span class='ocrx_word' id='word_1_395' title='bbox 1026 1550 1163 1587; x_wconf 81' lang='lat' dir='ltr'>inquiens.</span> 
     </span>
     <span class='ocr_line' id='line_1_40' title="bbox 258 1582 1376 1647; baseline 0.009 -37"><span class='ocrx_word' id='word_1_396' title='bbox 258 1618 297 1647; x_wconf 52' lang='lat' dir='ltr'>sb</span> <span class='ocrx_word' id='word_1_397' title='bbox 339 1582 402 1612; x_wconf 90' lang='lat' dir='ltr'>Plus</span> <span class='ocrx_word' id='word_1_398' title='bbox 413 1583 502 1619; x_wconf 85' lang='lat' dir='ltr'>aloes,</span> <span class='ocrx_word' id='word_1_399' title='bbox 523 1595 605 1622; x_wconf 82' lang='lat' dir='ltr'>quam</span> <span class='ocrx_word' id='word_1_400' title='bbox 615 1586 706 1616; x_wconf 88' lang='lat' dir='ltr'>mellis</span> <span class='ocrx_word' id='word_1_401' title='bbox 717 1586 808 1616; x_wconf 86' lang='lat' dir='ltr'>habet.</span> <span class='ocrx_word' id='word_1_402' title='bbox 885 1588 939 1617; x_wconf 86' lang='lat' dir='ltr'>Sat.</span> <span class='ocrx_word' id='word_1_403' title='bbox 953 1591 978 1618; x_wconf 92' lang='lat'>6.</span> <span class='ocrx_word' id='word_1_404' title='bbox 995 1593 1056 1622; x_wconf 87' lang='lat'>180.</span> <span class='ocrx_word' id='word_1_405' title='bbox 1087 1588 1129 1618; x_wconf 85' lang='lat' dir='ltr'>Ex</span> <span class='ocrx_word' id='word_1_406' title='bbox 1140 1588 1230 1621; x_wconf 86' lang='lat' dir='ltr'>Ruell.</span> <span class='ocrx_word' id='word_1_407' title='bbox 1259 1590 1290 1621; x_wconf 91' lang='lat' dir='ltr'>V.</span> <span class='ocrx_word' id='word_1_408' title='bbox 1306 1590 1376 1623; x_wconf 81' lang='lat' dir='ltr'>Plin.</span> 
     </span>
    </p>

    <p class='ocr_par' dir='ltr' id='par_1_14' title="bbox 272 1629 478 1658">
     <span class='ocr_line' id='line_1_41' title="bbox 272 1629 478 1658; baseline 0.015 -11"><span class='ocrx_word' id='word_1_409' title='bbox 272 1629 276 1647; x_wconf 93' lang='lat' dir='ltr'>i</span> <span class='ocrx_word' id='word_1_410' title='bbox 301 1630 362 1656; x_wconf 83' lang='lat'>.27.</span> <span class='ocrx_word' id='word_1_411' title='bbox 381 1630 440 1658; x_wconf 79' lang='lat' dir='ltr'>cap.</span> <span class='ocrx_word' id='word_1_412' title='bbox 455 1631 478 1658; x_wconf 93' lang='lat'>7.</span> 
     </span>
    </p>

    <p class='ocr_par' dir='ltr' id='par_1_15' title="bbox 256 1657 1381 1951">
     <span class='ocr_line' id='line_1_42' title="bbox 256 1657 1381 1702; baseline 0.009 -17"><span class='ocrx_word' id='word_1_413' title='bbox 256 1657 441 1694; x_wconf 72' lang='lat' dir='ltr'>Absynthium</span> <span class='ocrx_word' id='word_1_414' title='bbox 457 1660 595 1689; x_wconf 84' lang='lat' dir='ltr'>marinum</span> <span class='ocrx_word' id='word_1_415' title='bbox 624 1659 760 1697; x_wconf 70' lang='grc' dir='ltr'>[ἀφίνθιον</span> <span class='ocrx_word' id='word_1_416' title='bbox 779 1662 933 1697; x_wconf 56' lang='lat' dir='ltr'>§amos-m]</span> <span class='ocrx_word' id='word_1_417' title='bbox 961 1662 1006 1692; x_wconf 86' lang='lat' dir='ltr'>Est</span> <span class='ocrx_word' id='word_1_418' title='bbox 1024 1662 1160 1700; x_wconf 83' lang='lat' dir='ltr'>absynthii</span> <span class='ocrx_word' id='word_1_419' title='bbox 1176 1674 1280 1702; x_wconf 83' lang='lat' dir='ltr'>genus,</span> <span class='ocrx_word' id='word_1_420' title='bbox 1301 1666 1381 1695; x_wconf 86' lang='lat' dir='ltr'>abro-</span> 
     </span>
     <span class='ocr_line' id='line_1_43' title="bbox 276 1695 1378 1738; baseline 0.009 -15"><span class='ocrx_word' id='word_1_421' title='bbox 276 1695 336 1724; x_wconf 89' lang='lat' dir='ltr'>toni</span> <span class='ocrx_word' id='word_1_422' title='bbox 349 1697 425 1734; x_wconf 85' lang='lat' dir='ltr'>parvi</span> <span class='ocrx_word' id='word_1_423' title='bbox 440 1697 617 1728; x_wconf 72' lang='lat' dir='ltr'>similitudine</span> <span class='ocrx_word' id='word_1_424' title='bbox 627 1721 636 1734; x_wconf 96' lang='lat'>,</span> <span class='ocrx_word' id='word_1_425' title='bbox 665 1699 796 1728; x_wconf 87' lang='lat' dir='ltr'>refertum</span> <span class='ocrx_word' id='word_1_426' title='bbox 814 1700 928 1729; x_wconf 89' lang='lat' dir='ltr'>minutis</span> <span class='ocrx_word' id='word_1_427' title='bbox 944 1699 1093 1730; x_wconf 86' lang='lat' dir='ltr'>seminibus</span> <span class='ocrx_word' id='word_1_428' title='bbox 1104 1723 1111 1736; x_wconf 88' lang='lat'>,</span> <span class='ocrx_word' id='word_1_429' title='bbox 1138 1701 1310 1732; x_wconf 84' lang='lat' dir='ltr'>subamarum</span> <span class='ocrx_word' id='word_1_430' title='bbox 1320 1726 1327 1738; x_wconf 84' lang='lat'>,</span> <span class='ocrx_word' id='word_1_431' title='bbox 1351 1706 1378 1734; x_wconf 67' lang='grc' dir='ltr'>ὁὶ</span> 
     </span>
     <span class='ocr_line' id='line_1_44' title="bbox 275 1733 1378 1774; baseline 0.006 -13"><span class='ocrx_word' id='word_1_432' title='bbox 275 1733 416 1762; x_wconf 81' lang='lat' dir='ltr'>stomacho</span> <span class='ocrx_word' id='word_1_433' title='bbox 428 1735 588 1771; x_wconf 90' lang='lat' dir='ltr'>inimicum,</span> <span class='ocrx_word' id='word_1_434' title='bbox 610 1738 725 1773; x_wconf 83' lang='lat' dir='ltr'>graviter</span> <span class='ocrx_word' id='word_1_435' title='bbox 735 1737 813 1766; x_wconf 86' lang='lat' dir='ltr'>olens</span> <span class='ocrx_word' id='word_1_436' title='bbox 822 1759 830 1773; x_wconf 90' lang='lat'>,</span> <span class='ocrx_word' id='word_1_437' title='bbox 852 1739 878 1767; x_wconf 63' lang='lat' dir='ltr'>Sc</span> <span class='ocrx_word' id='word_1_438' title='bbox 890 1747 955 1766; x_wconf 90' lang='lat' dir='ltr'>cum</span> <span class='ocrx_word' id='word_1_439' title='bbox 966 1739 1084 1774; x_wconf 84' lang='lat' dir='ltr'>quadam</span> <span class='ocrx_word' id='word_1_440' title='bbox 1094 1739 1274 1770; x_wconf 71' lang='lat' dir='ltr'>calefactione</span> <span class='ocrx_word' id='word_1_441' title='bbox 1285 1742 1378 1770; x_wconf 75' lang='lat' dir='ltr'>astrin-</span> 
     </span>
     <span class='ocr_line' id='line_1_45' title="bbox 274 1772 1376 1815; baseline 0.009 -16"><span class='ocrx_word' id='word_1_442' title='bbox 274 1780 350 1807; x_wconf 81' lang='lat' dir='ltr'>gens.</span> <span class='ocrx_word' id='word_1_443' title='bbox 390 1772 451 1801; x_wconf 89' lang='lat' dir='ltr'>Hoc</span> <span class='ocrx_word' id='word_1_444' title='bbox 471 1776 497 1802; x_wconf 62' lang='grc' dir='ltr'>ἅ·</span> <span class='ocrx_word' id='word_1_445' title='bbox 516 1773 673 1813; x_wconf 81' lang='lat' dir='ltr'>Seriphium</span> <span class='ocrx_word' id='word_1_446' title='bbox 695 1785 710 1804; x_wconf 86' lang='lat' dir='ltr'>a</span> <span class='ocrx_word' id='word_1_447' title='bbox 729 1775 872 1805; x_wconf 85' lang='lat' dir='ltr'>nonnullis</span> <span class='ocrx_word' id='word_1_448' title='bbox 892 1776 1066 1813; x_wconf 81' lang='lat' dir='ltr'>appellatur:</span> <span class='ocrx_word' id='word_1_449' title='bbox 1102 1777 1137 1806; x_wconf 90' lang='lat' dir='ltr'>de</span> <span class='ocrx_word' id='word_1_450' title='bbox 1155 1788 1209 1815; x_wconf 87' lang='lat' dir='ltr'>quo</span> <span class='ocrx_word' id='word_1_451' title='bbox 1230 1778 1265 1808; x_wconf 80' lang='lat' dir='ltr'>fic</span> <span class='ocrx_word' id='word_1_452' title='bbox 1281 1779 1376 1810; x_wconf 84' lang='lat' dir='ltr'>scribit</span> 
     </span>
     <span class='ocr_line' id='line_1_46' title="bbox 272 1809 1377 1853; baseline 0.008 -16"><span class='ocrx_word' id='word_1_453' title='bbox 272 1809 342 1846; x_wconf 81' lang='lat' dir='ltr'>Plin.</span> <span class='ocrx_word' id='word_1_454' title='bbox 358 1809 405 1838; x_wconf 89' lang='lat' dir='ltr'>lib.</span> <span class='ocrx_word' id='word_1_455' title='bbox 419 1820 462 1847; x_wconf 85' lang='lat'>27.</span> <span class='ocrx_word' id='word_1_456' title='bbox 481 1821 539 1849; x_wconf 81' lang='lat' dir='ltr'>cap.</span> <span class='ocrx_word' id='word_1_457' title='bbox 555 1821 577 1847; x_wconf 89' lang='lat'>7.</span> <span class='ocrx_word' id='word_1_458' title='bbox 617 1812 660 1841; x_wconf 87' lang='lat' dir='ltr'>Est</span> <span class='ocrx_word' id='word_1_459' title='bbox 675 1813 701 1842; x_wconf 73' lang='lat' dir='ltr'>Sc</span> <span class='ocrx_word' id='word_1_460' title='bbox 712 1813 892 1850; x_wconf 80' lang='lat' dir='ltr'>Absynthjum</span> <span class='ocrx_word' id='word_1_461' title='bbox 908 1814 1062 1849; x_wconf 84' lang='lat' dir='ltr'>marinum,</span> <span class='ocrx_word' id='word_1_462' title='bbox 1084 1815 1160 1851; x_wconf 85' lang='lat' dir='ltr'>quod</span> <span class='ocrx_word' id='word_1_463' title='bbox 1177 1816 1290 1853; x_wconf 83' lang='lat' dir='ltr'>quidam</span> <span class='ocrx_word' id='word_1_464' title='bbox 1306 1818 1377 1847; x_wconf 88' lang='lat' dir='ltr'>Seri-</span> 
     </span>
     <span class='ocr_line' id='line_1_47' title="bbox 270 1846 1375 1889; baseline 0.01 -15"><span class='ocrx_word' id='word_1_465' title='bbox 270 1846 370 1884; x_wconf 78' lang='lat' dir='ltr'>phium</span> <span class='ocrx_word' id='word_1_466' title='bbox 382 1856 482 1877; x_wconf 78' lang='lat' dir='ltr'>vocant</span> <span class='ocrx_word' id='word_1_467' title='bbox 491 1871 499 1883; x_wconf 94' lang='lat'>,</span> <span class='ocrx_word' id='word_1_468' title='bbox 521 1849 741 1886; x_wconf 79' lang='lat' dir='ltr'>probatilsiinum</span> <span class='ocrx_word' id='word_1_469' title='bbox 752 1852 781 1879; x_wconf 90' lang='lat' dir='ltr'>in</span> <span class='ocrx_word' id='word_1_470' title='bbox 793 1851 917 1889; x_wconf 72' lang='lat' dir='ltr'>Taposiri</span> <span class='ocrx_word' id='word_1_471' title='bbox 926 1852 1046 1889; x_wconf 74' lang='lat' dir='ltr'>AEgypti.</span> <span class='ocrx_word' id='word_1_472' title='bbox 1089 1852 1178 1888; x_wconf 79' lang='lat' dir='ltr'>Hujus</span> <span class='ocrx_word' id='word_1_473' title='bbox 1193 1853 1287 1883; x_wconf 88' lang='lat' dir='ltr'>semen</span> <span class='ocrx_word' id='word_1_474' title='bbox 1299 1855 1375 1885; x_wconf 83' lang='lat' dir='ltr'>Isiaci</span> 
     </span>
     <span class='ocr_line' id='line_1_48' title="bbox 271 1885 1372 1931; baseline 0.01 -19"><span class='ocrx_word' id='word_1_475' title='bbox 271 1885 399 1922; x_wconf 61' lang='lat' dir='ltr'>praeferre</span> <span class='ocrx_word' id='word_1_476' title='bbox 412 1885 524 1915; x_wconf 80' lang='lat' dir='ltr'>solenne</span> <span class='ocrx_word' id='word_1_477' title='bbox 534 1887 646 1918; x_wconf 84' lang='lat' dir='ltr'>liabent.</span> <span class='ocrx_word' id='word_1_478' title='bbox 685 1888 777 1923; x_wconf 63' lang='lat' dir='ltr'>Hodie</span> <span class='ocrx_word' id='word_1_479' title='bbox 790 1888 884 1919; x_wconf 88' lang='lat' dir='ltr'>semen</span> <span class='ocrx_word' id='word_1_480' title='bbox 895 1889 1096 1920; x_wconf 83' lang='lat' dir='ltr'>lumbricorum</span> <span class='ocrx_word' id='word_1_481' title='bbox 1109 1898 1219 1922; x_wconf 85' lang='lat' dir='ltr'>vocant.</span> <span class='ocrx_word' id='word_1_482' title='bbox 1257 1892 1372 1931; x_wconf 77' lang='lat' dir='ltr'>Gallice,</span> 
     </span>
     <span class='ocr_line' id='line_1_49' title="bbox 270 1927 530 1951; baseline 0.008 -2"><span class='ocrx_word' id='word_1_483' title='bbox 270 1927 308 1949; x_wconf 80' lang='lat' dir='ltr'>La</span> <span class='ocrx_word' id='word_1_484' title='bbox 323 1932 385 1949; x_wconf 77' lang='lat' dir='ltr'>mort</span> <span class='ocrx_word' id='word_1_485' title='bbox 399 1933 451 1950; x_wconf 81' lang='lat' dir='ltr'>aux</span> <span class='ocrx_word' id='word_1_486' title='bbox 462 1934 530 1951; x_wconf 74' lang='lat' dir='ltr'>vers.</span> 
     </span>
    </p>

    <p class='ocr_par' dir='ltr' id='par_1_16' title="bbox 250 1959 1375 2107">
     <span class='ocr_line' id='line_1_50' title="bbox 250 1959 1375 2005; baseline 0.007 -15"><span class='ocrx_word' id='word_1_487' title='bbox 250 1959 433 1997; x_wconf 75' lang='lat' dir='ltr'>Absvnthium</span> <span class='ocrx_word' id='word_1_488' title='bbox 446 1961 592 1992; x_wconf 86' lang='lat' dir='ltr'>Ponticum</span> <span class='ocrx_word' id='word_1_489' title='bbox 613 1962 747 1999; x_wconf 67' lang='grc' dir='ltr'>[ἀψίνθιον</span> <span class='ocrx_word' id='word_1_490' title='bbox 762 1960 887 2000; x_wconf 69' lang='grc' dir='ltr'>πνῖυιὶν]</span> <span class='ocrx_word' id='word_1_491' title='bbox 915 1964 994 1994; x_wconf 88' lang='lat' dir='ltr'>Idem</span> <span class='ocrx_word' id='word_1_492' title='bbox 1011 1966 1048 1996; x_wconf 87' lang='lat' dir='ltr'>est</span> <span class='ocrx_word' id='word_1_493' title='bbox 1067 1974 1130 1995; x_wconf 89' lang='lat' dir='ltr'>cum</span> <span class='ocrx_word' id='word_1_494' title='bbox 1148 1965 1299 2005; x_wconf 80' lang='lat' dir='ltr'>Absynthio</span> <span class='ocrx_word' id='word_1_495' title='bbox 1315 1969 1375 1998; x_wconf 82' lang='lat' dir='ltr'>vul-</span> 
     </span>
     <span class='ocr_line' id='line_1_51' title="bbox 271 1998 1374 2044; baseline 0.01 -18"><span class='ocrx_word' id='word_1_496' title='bbox 271 1999 344 2035; x_wconf 79' lang='lat' dir='ltr'>gari,</span> <span class='ocrx_word' id='word_1_497' title='bbox 365 1998 417 2027; x_wconf 74' lang='lat' dir='ltr'>sive</span> <span class='ocrx_word' id='word_1_498' title='bbox 428 2001 539 2037; x_wconf 78' lang='lat' dir='ltr'>proprie</span> <span class='ocrx_word' id='word_1_499' title='bbox 553 2002 637 2030; x_wconf 69' lang='lat' dir='ltr'>dicto.</span> <span class='ocrx_word' id='word_1_500' title='bbox 676 2002 789 2031; x_wconf 89' lang='lat' dir='ltr'>Nomen</span> <span class='ocrx_word' id='word_1_501' title='bbox 804 2001 888 2031; x_wconf 86' lang='lat' dir='ltr'>habet</span> <span class='ocrx_word' id='word_1_502' title='bbox 901 2013 916 2032; x_wconf 85' lang='lat' dir='ltr'>a</span> <span class='ocrx_word' id='word_1_503' title='bbox 932 2003 1020 2033; x_wconf 91' lang='lat' dir='ltr'>Ponto</span> <span class='ocrx_word' id='word_1_504' title='bbox 1035 2004 1100 2033; x_wconf 66' lang='lat' dir='ltr'>Asiae</span> <span class='ocrx_word' id='word_1_505' title='bbox 1113 2005 1233 2041; x_wconf 84' lang='lat' dir='ltr'>regione.</span> <span class='ocrx_word' id='word_1_506' title='bbox 1273 2006 1305 2036; x_wconf 89' lang='lat' dir='ltr'>In</span> <span class='ocrx_word' id='word_1_507' title='bbox 1320 2017 1374 2044; x_wconf 78' lang='lat' dir='ltr'>qua</span> 
     </span>
     <span class='ocr_line' id='line_1_52' title="bbox 269 2037 1375 2103; baseline 0.009 -39"><span class='ocrx_word' id='word_1_508' title='bbox 269 2037 592 2103; x_wconf 47' lang='lat' dir='ltr'>tantassppialpgovenit,</span> <span class='ocrx_word' id='word_1_509' title='bbox 613 2047 644 2068; x_wconf 90' lang='lat' dir='ltr'>ut</span> <span class='ocrx_word' id='word_1_510' title='bbox 654 2049 756 2077; x_wconf 84' lang='lat' dir='ltr'>pecora</span> <span class='ocrx_word' id='word_1_511' title='bbox 765 2039 813 2069; x_wconf 91' lang='lat' dir='ltr'>illo</span> <span class='ocrx_word' id='word_1_512' title='bbox 824 2040 1022 2079; x_wconf 76' lang='lat' dir='ltr'>pinguescant,</span> <span class='ocrx_word' id='word_1_513' title='bbox 1044 2043 1071 2072; x_wconf 61' lang='grc' dir='ltr'>δὲ</span> <span class='ocrx_word' id='word_1_514' title='bbox 1085 2041 1141 2072; x_wconf 90' lang='lat' dir='ltr'>fine</span> <span class='ocrx_word' id='word_1_515' title='bbox 1152 2042 1216 2072; x_wconf 89' lang='lat' dir='ltr'>felle</span> <span class='ocrx_word' id='word_1_516' title='bbox 1230 2044 1375 2074; x_wconf 85' lang='lat' dir='ltr'>invenian-</span> 
     </span>
     <span class='ocr_line' id='line_1_53' title="bbox 269 2079 656 2107; baseline 0.013 -5"><span class='ocrx_word' id='word_1_517' title='bbox 269 2079 323 2103; x_wconf 88' lang='lat' dir='ltr'>tur.</span> <span class='ocrx_word' id='word_1_518' title='bbox 386 2085 422 2104; x_wconf 90' lang='lat' dir='ltr'>m.</span> <span class='ocrx_word' id='word_1_519' title='bbox 450 2086 512 2104; x_wconf 87' lang='lat' dir='ltr'>i.2</span> <span class='ocrx_word' id='word_1_520' title='bbox 534 2087 589 2106; x_wconf 84' lang='lat' dir='ltr'>.ca</span> <span class='ocrx_word' id='word_1_521' title='bbox 611 2100 617 2106; x_wconf 97' lang='lat'>.</span> <span class='ocrx_word' id='word_1_522' title='bbox 650 2100 656 2107; x_wconf 93' lang='lat'>.</span> 
     </span>
    </p>

    <p class='ocr_par' dir='ltr' id='par_1_17' title="bbox 248 2086 1372 2180">
     <span class='ocr_line' id='line_1_54' title="bbox 248 2086 1372 2178; baseline 0.011 -39"><span class='ocrx_word' id='word_1_523' title='bbox 248 2111 431 2178; x_wconf 54' lang='lat' dir='ltr'>Aibsynlghium</span> <span class='ocrx_word' id='word_1_524' title='bbox 444 2086 574 2143; x_wconf 61' lang='lat' dir='ltr'>riistidum</span> <span class='ocrx_word' id='word_1_525' title='bbox 591 2087 727 2151; x_wconf 49' lang='lat' dir='ltr'>{olibi‘ifim</span> <span class='ocrx_word' id='word_1_526' title='bbox 741 2114 872 2152; x_wconf 56' lang='grc' dir='ltr'>ἔχεων]</span> <span class='ocrx_word' id='word_1_527' title='bbox 892 2115 971 2147; x_wconf 86' lang='lat' dir='ltr'>Idem</span> <span class='ocrx_word' id='word_1_528' title='bbox 982 2118 1057 2155; x_wconf 88' lang='lat' dir='ltr'>quod</span> <span class='ocrx_word' id='word_1_529' title='bbox 1068 2117 1251 2156; x_wconf 88' lang='lat' dir='ltr'>Absynthium</span> <span class='ocrx_word' id='word_1_530' title='bbox 1260 2119 1372 2157; x_wconf 83' lang='lat' dir='ltr'>vulgare</span> 
     </span>
     <span class='ocr_line' id='line_1_55' title="bbox 279 2157 489 2180; baseline 0.014 -3"><span class='ocrx_word' id='word_1_531' title='bbox 279 2159 321 2178; x_wconf 84' lang='lat' dir='ltr'>ive</span> <span class='ocrx_word' id='word_1_532' title='bbox 355 2157 489 2180; x_wconf 84' lang='lat' dir='ltr'>onticum.</span> 
     </span>
    </p>

    <p class='ocr_par' dir='ltr' id='par_1_18' title="bbox 248 2187 1373 2343">
     <span class='ocr_line' id='line_1_56' title="bbox 248 2187 1373 2234; baseline 0.009 -19"><span class='ocrx_word' id='word_1_533' title='bbox 248 2187 431 2224; x_wconf 74' lang='lat' dir='ltr'>,Absyuthium</span> <span class='ocrx_word' id='word_1_534' title='bbox 441 2189 623 2219; x_wconf 83' lang='lat' dir='ltr'>Santonicum</span> <span class='ocrx_word' id='word_1_535' title='bbox 644 2189 778 2226; x_wconf 69' lang='grc' dir='ltr'>[ἀψίνθιον</span> <span class='ocrx_word' id='word_1_536' title='bbox 788 2189 939 2226; x_wconf 63' lang='grc' dir='ltr'>πινῇινικὶν]</span> <span class='ocrx_word' id='word_1_537' title='bbox 959 2192 1102 2230; x_wconf 85' lang='lat' dir='ltr'>Absynthii</span> <span class='ocrx_word' id='word_1_538' title='bbox 1113 2194 1216 2232; x_wconf 87' lang='lat' dir='ltr'>species</span> <span class='ocrx_word' id='word_1_539' title='bbox 1228 2195 1266 2224; x_wconf 87' lang='lat' dir='ltr'>est</span> <span class='ocrx_word' id='word_1_540' title='bbox 1277 2197 1373 2234; x_wconf 86' lang='lat' dir='ltr'>copio-</span> 
     </span>
     <span class='ocr_line' id='line_1_57' title="bbox 268 2225 1370 2269; baseline 0.008 -15"><span class='ocrx_word' id='word_1_541' title='bbox 268 2225 366 2254; x_wconf 78' lang='lat' dir='ltr'>lillinie</span> <span class='ocrx_word' id='word_1_542' title='bbox 379 2227 544 2262; x_wconf 83' lang='lat' dir='ltr'>proveniens</span> <span class='ocrx_word' id='word_1_543' title='bbox 559 2228 634 2265; x_wconf 89' lang='lat' dir='ltr'>apud</span> <span class='ocrx_word' id='word_1_544' title='bbox 645 2229 797 2264; x_wconf 79' lang='lat' dir='ltr'>Santones,</span> <span class='ocrx_word' id='word_1_545' title='bbox 828 2228 923 2258; x_wconf 84' lang='lat' dir='ltr'>Galliae</span> <span class='ocrx_word' id='word_1_546' title='bbox 940 2231 1060 2267; x_wconf 90' lang='lat' dir='ltr'>populos</span> <span class='ocrx_word' id='word_1_547' title='bbox 1070 2254 1079 2267; x_wconf 87' lang='lat'>,</span> <span class='ocrx_word' id='word_1_548' title='bbox 1105 2232 1210 2269; x_wconf 83' lang='lat' dir='ltr'>vulgari</span> <span class='ocrx_word' id='word_1_549' title='bbox 1225 2233 1370 2268; x_wconf 77' lang='lat' dir='ltr'>absynthio</span> 
     </span>
     <span class='ocr_line' id='line_1_58' title="bbox 266 2263 1370 2304; baseline 0.011 -13"><span class='ocrx_word' id='word_1_550' title='bbox 266 2273 325 2292; x_wconf 87' lang='lat' dir='ltr'>non</span> <span class='ocrx_word' id='word_1_551' title='bbox 337 2263 471 2293; x_wconf 72' lang='lat' dir='ltr'>dissimilis</span> <span class='ocrx_word' id='word_1_552' title='bbox 481 2287 488 2299; x_wconf 90' lang='lat'>,</span> <span class='ocrx_word' id='word_1_553' title='bbox 509 2265 612 2295; x_wconf 88' lang='lat' dir='ltr'>semine</span> <span class='ocrx_word' id='word_1_554' title='bbox 624 2272 716 2295; x_wconf 78' lang='lat' dir='ltr'>tamen</span> <span class='ocrx_word' id='word_1_555' title='bbox 729 2276 787 2295; x_wconf 90' lang='lat' dir='ltr'>non</span> <span class='ocrx_word' id='word_1_556' title='bbox 798 2276 875 2303; x_wconf 76' lang='lat' dir='ltr'>aeque</span> <span class='ocrx_word' id='word_1_557' title='bbox 888 2267 1029 2299; x_wconf 72' lang='lat' dir='ltr'>foecunda.</span> <span class='ocrx_word' id='word_1_558' title='bbox 1069 2269 1189 2300; x_wconf 83' lang='lat' dir='ltr'>Easdem</span> <span class='ocrx_word' id='word_1_559' title='bbox 1202 2271 1272 2302; x_wconf 79' lang='lat' dir='ltr'>vires</span> <span class='ocrx_word' id='word_1_560' title='bbox 1286 2271 1370 2304; x_wconf 74' lang='lat' dir='ltr'>habet</span> 
     </span>
     <span class='ocr_line' id='line_1_59' title="bbox 267 2301 843 2343; baseline 0.009 -14"><span class='ocrx_word' id='word_1_561' title='bbox 267 2311 333 2338; x_wconf 81' lang='lat' dir='ltr'>quas</span> <span class='ocrx_word' id='word_1_562' title='bbox 344 2301 509 2339; x_wconf 88' lang='lat' dir='ltr'>Seriphium.</span> <span class='ocrx_word' id='word_1_563' title='bbox 541 2303 609 2332; x_wconf 86' lang='lat' dir='ltr'>Plin.</span> <span class='ocrx_word' id='word_1_564' title='bbox 624 2303 671 2332; x_wconf 92' lang='lat' dir='ltr'>lib.</span> <span class='ocrx_word' id='word_1_565' title='bbox 683 2313 727 2340; x_wconf 85' lang='lat'>27.</span> <span class='ocrx_word' id='word_1_566' title='bbox 743 2313 803 2342; x_wconf 86' lang='lat' dir='ltr'>cap.</span> <span class='ocrx_word' id='word_1_567' title='bbox 817 2313 843 2343; x_wconf 78' lang='lat'>7,</span> 
     </span>
    </p>

    <p class='ocr_par' dir='ltr' id='par_1_19' title="bbox 246 2338 792 2377">
     <span class='ocr_line' id='line_1_60' title="bbox 246 2338 792 2377; baseline 0.007 -10"><span class='ocrx_word' id='word_1_568' title='bbox 246 2338 395 2376; x_wconf 81' lang='lat' dir='ltr'>Absynthia</span> <span class='ocrx_word' id='word_1_569' title='bbox 410 2349 487 2369; x_wconf 87' lang='lat' dir='ltr'>cana.</span> <span class='ocrx_word' id='word_1_570' title='bbox 516 2340 598 2370; x_wconf 92' lang='lat' dir='ltr'>Ovid.</span> <span class='ocrx_word' id='word_1_571' title='bbox 616 2352 639 2377; x_wconf 83' lang='lat'>5.</span> <span class='ocrx_word' id='word_1_572' title='bbox 654 2341 734 2371; x_wconf 91' lang='lat' dir='ltr'>Trist.</span> <span class='ocrx_word' id='word_1_573' title='bbox 747 2351 792 2372; x_wconf 90' lang='lat'>21.</span> 
     </span>
    </p>

    <p class='ocr_par' dir='ltr' id='par_1_20' title="bbox 247 2376 997 2418">
     <span class='ocr_line' id='line_1_61' title="bbox 247 2376 997 2418; baseline 0.007 -13"><span class='ocrx_word' id='word_1_574' title='bbox 247 2376 339 2406; x_wconf 87' lang='lat' dir='ltr'>Tetra.</span> <span class='ocrx_word' id='word_1_575' title='bbox 369 2377 402 2406; x_wconf 91' lang='lat' dir='ltr'>Id</span> <span class='ocrx_word' id='word_1_576' title='bbox 416 2377 469 2412; x_wconf 86' lang='lat' dir='ltr'>est,</span> <span class='ocrx_word' id='word_1_577' title='bbox 490 2377 567 2407; x_wconf 88' lang='lat' dir='ltr'>Tetri</span> <span class='ocrx_word' id='word_1_578' title='bbox 579 2379 681 2408; x_wconf 89' lang='lat' dir='ltr'>odoris.</span> <span class='ocrx_word' id='word_1_579' title='bbox 709 2379 818 2410; x_wconf 87' lang='lat' dir='ltr'>Lucret.</span> <span class='ocrx_word' id='word_1_580' title='bbox 834 2378 882 2410; x_wconf 92' lang='lat' dir='ltr'>lib.</span> <span class='ocrx_word' id='word_1_581' title='bbox 897 2390 919 2411; x_wconf 95' lang='lat'>1.</span> <span class='ocrx_word' id='word_1_582' title='bbox 933 2390 965 2418; x_wconf 87' lang='lat'>93</span> <span class='ocrx_word' id='word_1_583' title='bbox 973 2391 997 2418; x_wconf 86' lang='lat'>5.</span> 
     </span>
    </p>

    <p class='ocr_par' dir='ltr' id='par_1_21' title="bbox 247 2414 847 2455">
     <span class='ocr_line' id='line_1_62' title="bbox 247 2414 847 2455; baseline 0 -11"><span class='ocrx_word' id='word_1_584' title='bbox 247 2414 353 2444; x_wconf 88' lang='lat' dir='ltr'>Tristia.</span> <span class='ocrx_word' id='word_1_585' title='bbox 385 2414 468 2444; x_wconf 91' lang='lat' dir='ltr'>Ovid.</span> <span class='ocrx_word' id='word_1_586' title='bbox 483 2425 506 2452; x_wconf 93' lang='lat'>3.</span> <span class='ocrx_word' id='word_1_587' title='bbox 526 2416 561 2445; x_wconf 89' lang='lat' dir='ltr'>de</span> <span class='ocrx_word' id='word_1_588' title='bbox 572 2416 650 2446; x_wconf 91' lang='lat' dir='ltr'>Pont.</span> <span class='ocrx_word' id='word_1_589' title='bbox 667 2417 750 2455; x_wconf 88' lang='lat' dir='ltr'>Epist.</span> <span class='ocrx_word' id='word_1_590' title='bbox 764 2423 789 2451; x_wconf 90' lang='lat'>8.</span> <span class='ocrx_word' id='word_1_591' title='bbox 806 2427 847 2453; x_wconf 84' lang='lat'>15.</span> 
     </span>
    </p>

    <p class='ocr_par' dir='ltr' id='par_1_22' title="bbox 209 2452 1365 2597">
     <span class='ocr_line' id='line_1_63' title="bbox 209 2452 1363 2495; baseline 0.007 -13"><span class='ocrx_word' id='word_1_592' title='bbox 209 2452 522 2488; x_wconf 66' lang='lat' dir='ltr'>ARSYN&#39;ri-MATUS,</span> <span class='ocrx_word' id='word_1_593' title='bbox 550 2454 701 2491; x_wconf 80' lang='lat' dir='ltr'>Absynthio</span> <span class='ocrx_word' id='word_1_594' title='bbox 719 2461 776 2483; x_wconf 88' lang='lat' dir='ltr'>tem</span> <span class='ocrx_word' id='word_1_595' title='bbox 799 2461 905 2485; x_wconf 84' lang='lat' dir='ltr'>eratus:</span> <span class='ocrx_word' id='word_1_596' title='bbox 936 2463 969 2486; x_wconf 89' lang='lat' dir='ltr'>ut</span> <span class='ocrx_word' id='word_1_597' title='bbox 990 2456 1200 2495; x_wconf 85' lang='lat' dir='ltr'>Absyntliiatum</span> <span class='ocrx_word' id='word_1_598' title='bbox 1219 2459 1363 2492; x_wconf 87' lang='lat' dir='ltr'>Poculum.</span> 
     </span>
     <span class='ocr_line' id='line_1_64' title="bbox 245 2489 1365 2535; baseline 0.008 -16"><span class='ocrx_word' id='word_1_599' title='bbox 245 2491 309 2519; x_wconf 81' lang='lat' dir='ltr'>Seii.</span> <span class='ocrx_word' id='word_1_600' title='bbox 327 2489 401 2519; x_wconf 83' lang='lat' dir='ltr'>Suas.</span> <span class='ocrx_word' id='word_1_601' title='bbox 419 2500 444 2527; x_wconf 89' lang='lat'>7.</span> <span class='ocrx_word' id='word_1_602' title='bbox 489 2491 523 2520; x_wconf 86' lang='lat' dir='ltr'>Et</span> <span class='ocrx_word' id='word_1_603' title='bbox 535 2492 658 2521; x_wconf 85' lang='lat' dir='ltr'>absolute</span> <span class='ocrx_word' id='word_1_604' title='bbox 677 2492 779 2530; x_wconf 83' lang='lat' dir='ltr'>Absynt</span> <span class='ocrx_word' id='word_1_605' title='bbox 800 2493 886 2522; x_wconf 85' lang='lat' dir='ltr'>iatum</span> <span class='ocrx_word' id='word_1_606' title='bbox 902 2504 953 2531; x_wconf 90' lang='lat' dir='ltr'>pro</span> <span class='ocrx_word' id='word_1_607' title='bbox 967 2495 1039 2524; x_wconf 89' lang='lat' dir='ltr'>Vino</span> <span class='ocrx_word' id='word_1_608' title='bbox 1054 2495 1225 2534; x_wconf 86' lang='lat' dir='ltr'>absynthite,</span> <span class='ocrx_word' id='word_1_609' title='bbox 1254 2498 1289 2527; x_wconf 92' lang='lat' dir='ltr'>de</span> <span class='ocrx_word' id='word_1_610' title='bbox 1309 2508 1365 2535; x_wconf 89' lang='lat' dir='ltr'>quo</span> 
     </span>
     <span class='ocr_line' id='line_1_65' title="bbox 245 2527 1364 2574; baseline 0.01 -18"><span class='ocrx_word' id='word_1_611' title='bbox 245 2528 357 2564; x_wconf 75' lang='lat' dir='ltr'>Apicius</span> <span class='ocrx_word' id='word_1_612' title='bbox 371 2538 393 2556; x_wconf 93' lang='lat'>1.</span> <span class='ocrx_word' id='word_1_613' title='bbox 410 2538 434 2563; x_wconf 92' lang='lat'>3.</span> <span class='ocrx_word' id='word_1_614' title='bbox 455 2527 594 2567; x_wconf 84' lang='lat' dir='ltr'>Lamprid.</span> <span class='ocrx_word' id='word_1_615' title='bbox 607 2530 718 2568; x_wconf 84' lang='lat' dir='ltr'>Elagab.</span> <span class='ocrx_word' id='word_1_616' title='bbox 734 2540 793 2569; x_wconf 81' lang='lat' dir='ltr'>cap.</span> <span class='ocrx_word' id='word_1_617' title='bbox 805 2541 848 2560; x_wconf 90' lang='lat'>21.</span> <span class='ocrx_word' id='word_1_618' title='bbox 884 2531 985 2562; x_wconf 74' lang='lat' dir='ltr'>Rosato</span> <span class='ocrx_word' id='word_1_619' title='bbox 997 2539 1078 2570; x_wconf 81' lang='lat' dir='ltr'>atque</span> <span class='ocrx_word' id='word_1_620' title='bbox 1092 2534 1255 2565; x_wconf 82' lang='lat' dir='ltr'>absinthiato</span> <span class='ocrx_word' id='word_1_621' title='bbox 1266 2535 1364 2574; x_wconf 84' lang='lat' dir='ltr'>vulgus</span> 
     </span>
     <span class='ocr_line' id='line_1_66' title="bbox 245 2565 592 2597; baseline 0.009 -3"><span class='ocrx_word' id='word_1_622' title='bbox 245 2566 279 2594; x_wconf 80' lang='lat' dir='ltr'>ad</span> <span class='ocrx_word' id='word_1_623' title='bbox 292 2565 444 2595; x_wconf 87' lang='lat' dir='ltr'>bibendum</span> <span class='ocrx_word' id='word_1_624' title='bbox 458 2567 592 2597; x_wconf 83' lang='lat' dir='ltr'>invitavit.</span> 
     </span>
    </p>

    <p class='ocr_par' dir='ltr' id='par_1_23' title="bbox 207 2604 1363 2709">
     <span class='ocr_line' id='line_1_67' title="bbox 207 2604 1362 2651; baseline 0.01 -19"><span class='ocrx_word' id='word_1_625' title='bbox 207 2604 382 2632; x_wconf 58' lang='lat' dir='ltr'>Aiisirmn</span> <span class='ocrx_word' id='word_1_626' title='bbox 392 2614 399 2631; x_wconf 88' lang='lat'>1</span> <span class='ocrx_word' id='word_1_627' title='bbox 409 2614 446 2633; x_wconf 89' lang='lat' dir='ltr'>us</span> <span class='ocrx_word' id='word_1_628' title='bbox 457 2626 465 2639; x_wconf 95' lang='lat'>,</span> <span class='ocrx_word' id='word_1_629' title='bbox 494 2614 530 2633; x_wconf 91' lang='lat' dir='ltr'>m.</span> <span class='ocrx_word' id='word_1_630' title='bbox 556 2605 630 2634; x_wconf 84' lang='lat' dir='ltr'>Varr.</span> <span class='ocrx_word' id='word_1_631' title='bbox 660 2605 897 2642; x_wconf 81' lang='lat' dir='ltr'>Quinquatribus,</span> <span class='ocrx_word' id='word_1_632' title='bbox 927 2607 1004 2644; x_wconf 83' lang='lat' dir='ltr'>Quid</span> <span class='ocrx_word' id='word_1_633' title='bbox 1015 2609 1126 2638; x_wconf 89' lang='lat' dir='ltr'>medico</span> <span class='ocrx_word' id='word_1_634' title='bbox 1143 2611 1211 2640; x_wconf 90' lang='lat' dir='ltr'>mihi</span> <span class='ocrx_word' id='word_1_635' title='bbox 1228 2612 1266 2641; x_wconf 88' lang='lat' dir='ltr'>est</span> <span class='ocrx_word' id='word_1_636' title='bbox 1281 2623 1362 2651; x_wconf 82' lang='lat' dir='ltr'>opus,</span> 
     </span>
     <span class='ocr_line' id='line_1_68' title="bbox 244 2641 1363 2708; baseline 0.011 -39"><span class='ocrx_word' id='word_1_637' title='bbox 244 2650 346 2707; x_wconf 49' lang='lat' dir='ltr'>iiessnpe</span> <span class='ocrx_word' id='word_1_638' title='bbox 364 2641 636 2708; x_wconf 49' lang='lat' dir='ltr'>t}0,Nabsynthium</span> <span class='ocrx_word' id='word_1_639' title='bbox 656 2649 687 2672; x_wconf 87' lang='lat' dir='ltr'>ut</span> <span class='ocrx_word' id='word_1_640' title='bbox 707 2643 798 2673; x_wconf 83' lang='lat' dir='ltr'>bibam</span> <span class='ocrx_word' id='word_1_641' title='bbox 816 2654 943 2681; x_wconf 82' lang='lat' dir='ltr'>gravem,</span> <span class='ocrx_word' id='word_1_642' title='bbox 975 2646 1001 2675; x_wconf 72' lang='lat' dir='ltr'>St</span> <span class='ocrx_word' id='word_1_643' title='bbox 1018 2647 1188 2684; x_wconf 83' lang='lat' dir='ltr'>castoreum,</span> <span class='ocrx_word' id='word_1_644' title='bbox 1217 2649 1363 2689; x_wconf 88' lang='lat' dir='ltr'>levemque</span> 
     </span>
     <span class='ocr_line' id='line_1_69' title="bbox 244 2688 535 2709; baseline 0.007 -2"><span class='ocrx_word' id='word_1_645' title='bbox 244 2689 274 2707; x_wconf 85' lang='lat' dir='ltr'>ro</span> <span class='ocrx_word' id='word_1_646' title='bbox 296 2689 335 2708; x_wconf 88' lang='lat' dir='ltr'>ur.</span> <span class='ocrx_word' id='word_1_647' title='bbox 400 2688 417 2707; x_wconf 87' lang='lat' dir='ltr'>x</span> <span class='ocrx_word' id='word_1_648' title='bbox 460 2689 535 2709; x_wconf 84' lang='lat' dir='ltr'>onio.</span> 
     </span>
    </p>

    <p class='ocr_par' dir='ltr' id='par_1_24' title="bbox 209 2714 1363 2762">
     <span class='ocr_line' id='line_1_70' title="bbox 209 2714 1363 2762; baseline 0.009 -16"><span class='ocrx_word' id='word_1_649' title='bbox 209 2717 469 2746; x_wconf 68' lang='lat' dir='ltr'>Asser‘rni&#39;rizs</span> <span class='ocrx_word' id='word_1_650' title='bbox 479 2739 487 2752; x_wconf 93' lang='lat'>,</span> <span class='ocrx_word' id='word_1_651' title='bbox 513 2727 544 2746; x_wconf 81' lang='lat' dir='ltr'>ae.</span> <span class='ocrx_word' id='word_1_652' title='bbox 565 2727 603 2747; x_wconf 90' lang='lat' dir='ltr'>m.</span> <span class='ocrx_word' id='word_1_653' title='bbox 625 2714 801 2754; x_wconf 66' lang='grc' dir='ltr'>[ἀψινθίπς]</span> <span class='ocrx_word' id='word_1_654' title='bbox 821 2719 868 2748; x_wconf 90' lang='lat' dir='ltr'>sed</span> <span class='ocrx_word' id='word_1_655' title='bbox 882 2719 899 2748; x_wconf 87' lang='lat' dir='ltr'>fi</span> <span class='ocrx_word' id='word_1_656' title='bbox 919 2726 997 2750; x_wconf 86' lang='lat' dir='ltr'>urate</span> <span class='ocrx_word' id='word_1_657' title='bbox 1008 2728 1107 2751; x_wconf 86' lang='lat' dir='ltr'>neutro</span> <span class='ocrx_word' id='word_1_658' title='bbox 1122 2723 1261 2762; x_wconf 85' lang='lat' dir='ltr'>jungitur:</span> <span class='ocrx_word' id='word_1_659' title='bbox 1284 2728 1310 2755; x_wconf 66' lang='grc' dir='ltr'>ἃ</span> <span class='ocrx_word' id='word_1_660' title='bbox 1324 2727 1363 2756; x_wconf 83' lang='lat' dir='ltr'>est</span> 
     </span>
    </p>

    <p class='ocr_par' dir='ltr' id='par_1_25' title="bbox 242 2730 1362 2797">
     <span class='ocr_line' id='line_1_71' title="bbox 242 2730 1362 2797; baseline 0.01 -15"><span class='ocrx_word' id='word_1_661' title='bbox 242 2755 339 2783; x_wconf 85' lang='lat' dir='ltr'>vinum</span> <span class='ocrx_word' id='word_1_662' title='bbox 356 2754 492 2783; x_wconf 63' lang='lat' dir='ltr'>factitium</span> <span class='ocrx_word' id='word_1_663' title='bbox 510 2765 544 2784; x_wconf 90' lang='lat' dir='ltr'>ex</span> <span class='ocrx_word' id='word_1_664' title='bbox 558 2755 711 2794; x_wconf 83' lang='lat' dir='ltr'>absynthio.</span> <span class='ocrx_word' id='word_1_665' title='bbox 748 2756 885 2786; x_wconf 88' lang='lat' dir='ltr'>Columel.</span> <span class='ocrx_word' id='word_1_666' title='bbox 902 2730 949 2787; x_wconf 66' lang='lat' dir='ltr'>sib.</span> <span class='ocrx_word' id='word_1_667' title='bbox 968 2768 1007 2787; x_wconf 92' lang='lat'>12.</span> <span class='ocrx_word' id='word_1_668' title='bbox 1027 2769 1086 2797; x_wconf 88' lang='lat' dir='ltr'>cap.</span> <span class='ocrx_word' id='word_1_669' title='bbox 1106 2769 1148 2797; x_wconf 72' lang='lat'>35.</span> <span class='ocrx_word' id='word_1_670' title='bbox 1195 2762 1296 2792; x_wconf 88' lang='lat' dir='ltr'>Vinum</span> <span class='ocrx_word' id='word_1_671' title='bbox 1316 2764 1362 2793; x_wconf 81' lang='lat' dir='ltr'>ab·</span> 
     </span>
    </p>

    <p class='ocr_par' dir='ltr' id='par_1_26' title="bbox 241 2792 1357 2865">
     <span class='ocr_line' id='line_1_72' title="bbox 241 2792 1357 2858; baseline 0.013 -39"><span class='ocrx_word' id='word_1_672' title='bbox 241 2792 379 2858; x_wconf 48' lang='lat' dir='ltr'>{ygidiiten</span> <span class='ocrx_word' id='word_1_673' title='bbox 389 2814 396 2827; x_wconf 93' lang='lat'>,</span> <span class='ocrx_word' id='word_1_674' title='bbox 419 2794 444 2822; x_wconf 73' lang='grc' dir='ltr'>ὁὶ</span> <span class='ocrx_word' id='word_1_675' title='bbox 458 2792 632 2831; x_wconf 75' lang='lat' dir='ltr'>hyssopiten,</span> <span class='ocrx_word' id='word_1_676' title='bbox 659 2796 685 2823; x_wconf 66' lang='grc' dir='ltr'>ἅ</span> <span class='ocrx_word' id='word_1_677' title='bbox 698 2792 876 2824; x_wconf 82' lang='lat' dir='ltr'>abrotoniten</span> <span class='ocrx_word' id='word_1_678' title='bbox 889 2795 925 2825; x_wconf 86' lang='lat' dir='ltr'>sic</span> <span class='ocrx_word' id='word_1_679' title='bbox 939 2797 1053 2827; x_wconf 87' lang='lat' dir='ltr'>condire</span> <span class='ocrx_word' id='word_1_680' title='bbox 1068 2805 1187 2837; x_wconf 84' lang='lat' dir='ltr'>oportet.</span> <span class='ocrx_word' id='word_1_681' title='bbox 1226 2801 1271 2832; x_wconf 86' lang='lat' dir='ltr'>Sic</span> <span class='ocrx_word' id='word_1_682' title='bbox 1288 2801 1357 2834; x_wconf 82' lang='lat' dir='ltr'>Plin.</span> 
     </span>
     <span class='ocr_line' id='line_1_73' title="bbox 253 2839 458 2865; baseline 0.005 -7"><span class='ocrx_word' id='word_1_683' title='bbox 253 2841 260 2858; x_wconf 88' lang='lat' dir='ltr'>i</span> <span class='ocrx_word' id='word_1_684' title='bbox 283 2839 344 2865; x_wconf 83' lang='lat'>.23.</span> <span class='ocrx_word' id='word_1_685' title='bbox 361 2839 392 2858; x_wconf 86' lang='lat' dir='ltr'>ca</span> <span class='ocrx_word' id='word_1_686' title='bbox 414 2853 419 2859; x_wconf 93' lang='lat'>.</span> <span class='ocrx_word' id='word_1_687' title='bbox 436 2840 458 2859; x_wconf 95' lang='lat'>1.</span> 
     </span>
    </p>

    <p class='ocr_par' dir='ltr' id='par_1_27' title="bbox 205 2840 1360 2981">
     <span class='ocr_line' id='line_1_74' title="bbox 205 2840 1360 2913; baseline 0.01 -19"><span class='ocrx_word' id='word_1_688' title='bbox 205 2840 426 2896; x_wconf 63' lang='lat' dir='ltr'>AserTHtIis</span> <span class='ocrx_word' id='word_1_689' title='bbox 439 2867 485 2896; x_wconf 88' lang='lat' dir='ltr'>vel</span> <span class='ocrx_word' id='word_1_690' title='bbox 504 2868 736 2906; x_wconf 62' lang='lat' dir='ltr'>Assiurnus,</span> <span class='ocrx_word' id='word_1_691' title='bbox 757 2867 916 2905; x_wconf 54' lang='lat' dir='ltr'>[A¹zbvv.9ae(&lt;&gt;·</span> <span class='ocrx_word' id='word_1_692' title='bbox 933 2866 947 2899; x_wconf 64' lang='lat' dir='ltr'>ii</span> <span class='ocrx_word' id='word_1_693' title='bbox 962 2869 1114 2908; x_wconf 43' lang='lat' dir='ltr'>masa]</span> <span class='ocrx_word' id='word_1_694' title='bbox 1135 2875 1273 2913; x_wconf 85' lang='lat' dir='ltr'>(utroque</span> <span class='ocrx_word' id='word_1_695' title='bbox 1284 2878 1360 2908; x_wconf 89' lang='lat' dir='ltr'>enim</span> 
     </span>
     <span class='ocr_line' id='line_1_75' title="bbox 243 2904 1360 2945; baseline 0.012 -13"><span class='ocrx_word' id='word_1_696' title='bbox 243 2905 326 2933; x_wconf 85' lang='lat' dir='ltr'>modo</span> <span class='ocrx_word' id='word_1_697' title='bbox 338 2904 479 2941; x_wconf 84' lang='lat' dir='ltr'>scribitur,</span> <span class='ocrx_word' id='word_1_698' title='bbox 500 2906 566 2935; x_wconf 86' lang='lat' dir='ltr'>teste</span> <span class='ocrx_word' id='word_1_699' title='bbox 580 2906 741 2944; x_wconf 85' lang='lat' dir='ltr'>Stephano)</span> <span class='ocrx_word' id='word_1_700' title='bbox 761 2907 831 2937; x_wconf 90' lang='lat' dir='ltr'>Urbs</span> <span class='ocrx_word' id='word_1_701' title='bbox 842 2908 880 2937; x_wconf 89' lang='lat' dir='ltr'>est</span> <span class='ocrx_word' id='word_1_702' title='bbox 891 2908 1016 2939; x_wconf 81' lang='lat' dir='ltr'>Thraciae</span> <span class='ocrx_word' id='word_1_703' title='bbox 1027 2932 1034 2945; x_wconf 93' lang='lat'>,</span> <span class='ocrx_word' id='word_1_704' title='bbox 1056 2912 1135 2945; x_wconf 84' lang='lat' dir='ltr'>cuius</span> <span class='ocrx_word' id='word_1_705' title='bbox 1150 2913 1249 2943; x_wconf 79' lang='lat' dir='ltr'>incola:</span> <span class='ocrx_word' id='word_1_706' title='bbox 1262 2915 1360 2944; x_wconf 88' lang='lat' dir='ltr'>dicun-</span> 
     </span>
     <span class='ocr_line' id='line_1_76' title="bbox 241 2942 1161 2981; baseline 0.011 -11"><span class='ocrx_word' id='word_1_707' title='bbox 241 2948 284 2971; x_wconf 90' lang='lat' dir='ltr'>tur</span> <span class='ocrx_word' id='word_1_708' title='bbox 298 2942 455 2980; x_wconf 87' lang='lat' dir='ltr'>Absynthii,</span> <span class='ocrx_word' id='word_1_709' title='bbox 479 2943 594 2975; x_wconf 66' lang='grc' dir='ltr'>Α’ψίνέὶιοι</span> <span class='ocrx_word' id='word_1_710' title='bbox 634 2954 752 2981; x_wconf 86' lang='lat' dir='ltr'>quorum</span> <span class='ocrx_word' id='word_1_711' title='bbox 764 2947 900 2975; x_wconf 85' lang='lat' dir='ltr'>meminit.</span> <span class='ocrx_word' id='word_1_712' title='bbox 926 2946 1059 2977; x_wconf 82' lang='lat' dir='ltr'>Herodot.</span> <span class='ocrx_word' id='word_1_713' title='bbox 1076 2949 1122 2979; x_wconf 90' lang='lat' dir='ltr'>lib.</span> <span class='ocrx_word' id='word_1_714' title='bbox 1136 2953 1161 2980; x_wconf 92' lang='lat'>6.</span> 
     </span>
    </p>

    <p class='ocr_par' dir='ltr' id='par_1_28' title="bbox 207 2979 1360 3097">
     <span class='ocr_line' id='line_1_77' title="bbox 207 2979 1359 3026; baseline 0.011 -19"><span class='ocrx_word' id='word_1_715' title='bbox 207 2979 225 3008; x_wconf 75' lang='lat' dir='ltr'>A</span> <span class='ocrx_word' id='word_1_716' title='bbox 235 2989 385 3008; x_wconf 66' lang='lat' dir='ltr'>BsrssTin</span> <span class='ocrx_word' id='word_1_717' title='bbox 395 2991 445 3016; x_wconf 72' lang='lat' dir='ltr'>Es,</span> <span class='ocrx_word' id='word_1_718' title='bbox 474 2979 595 3017; x_wconf 54' lang='lat' dir='ltr'>[A‘xlaevgv&#39;</span> <span class='ocrx_word' id='word_1_719' title='bbox 628 2983 661 3017; x_wconf 73' lang='grc' dir='ltr'>ς]</span> <span class='ocrx_word' id='word_1_720' title='bbox 692 2982 788 3012; x_wconf 77' lang='lat' dir='ltr'>Insulae</span> <span class='ocrx_word' id='word_1_721' title='bbox 802 2983 906 3012; x_wconf 88' lang='lat' dir='ltr'>suntin</span> <span class='ocrx_word' id='word_1_722' title='bbox 920 2984 1057 3015; x_wconf 76' lang='lat' dir='ltr'>Adriatico</span> <span class='ocrx_word' id='word_1_723' title='bbox 1071 2988 1156 3023; x_wconf 87' lang='lat' dir='ltr'>mari,</span> <span class='ocrx_word' id='word_1_724' title='bbox 1184 2988 1295 3026; x_wconf 86' lang='lat' dir='ltr'>Illyrico</span> <span class='ocrx_word' id='word_1_725' title='bbox 1312 2991 1359 3020; x_wconf 87' lang='lat' dir='ltr'>ad-</span> 
     </span>
     <span class='ocr_line' id='line_1_78' title="bbox 243 3017 1360 3067; baseline 0.013 -22"><span class='ocrx_word' id='word_1_726' title='bbox 243 3017 379 3052; x_wconf 80' lang='lat' dir='ltr'>iacentes,</span> <span class='ocrx_word' id='word_1_727' title='bbox 410 3029 425 3047; x_wconf 88' lang='lat' dir='ltr'>a</span> <span class='ocrx_word' id='word_1_728' title='bbox 444 3019 524 3048; x_wconf 73' lang='lat' dir='ltr'>tratre</span> <span class='ocrx_word' id='word_1_729' title='bbox 544 3019 652 3049; x_wconf 76' lang='lat' dir='ltr'>Medea:</span> <span class='ocrx_word' id='word_1_730' title='bbox 672 3020 710 3048; x_wconf 92' lang='lat' dir='ltr'>ibi</span> <span class='ocrx_word' id='word_1_731' title='bbox 728 3021 873 3050; x_wconf 77' lang='lat' dir='ltr'>interfecto</span> <span class='ocrx_word' id='word_1_732' title='bbox 887 3043 894 3057; x_wconf 91' lang='lat'>,</span> <span class='ocrx_word' id='word_1_733' title='bbox 924 3022 1039 3052; x_wconf 88' lang='lat' dir='ltr'>nomine</span> <span class='ocrx_word' id='word_1_734' title='bbox 1051 3025 1165 3062; x_wconf 77' lang='lat' dir='ltr'>Absyrto</span> <span class='ocrx_word' id='word_1_735' title='bbox 1177 3049 1185 3061; x_wconf 83' lang='lat'>,</span> <span class='ocrx_word' id='word_1_736' title='bbox 1214 3028 1250 3057; x_wconf 88' lang='lat' dir='ltr'>sic</span> <span class='ocrx_word' id='word_1_737' title='bbox 1264 3029 1360 3067; x_wconf 84' lang='lat' dir='ltr'>appel-</span> 
     </span>
     <span class='ocr_line' id='line_1_79' title="bbox 241 3054 1013 3097; baseline 0.008 -15"><span class='ocrx_word' id='word_1_738' title='bbox 241 3054 310 3083; x_wconf 77' lang='lat' dir='ltr'>Iatic.</span> <span class='ocrx_word' id='word_1_739' title='bbox 339 3055 406 3084; x_wconf 88' lang='lat' dir='ltr'>Plin.</span> <span class='ocrx_word' id='word_1_740' title='bbox 422 3056 468 3085; x_wconf 88' lang='lat' dir='ltr'>lib.</span> <span class='ocrx_word' id='word_1_741' title='bbox 483 3066 506 3093; x_wconf 83' lang='lat'>3.</span> <span class='ocrx_word' id='word_1_742' title='bbox 524 3067 583 3095; x_wconf 87' lang='lat' dir='ltr'>cap.</span> <span class='ocrx_word' id='word_1_743' title='bbox 596 3061 640 3087; x_wconf 91' lang='lat'>26.</span> <span class='ocrx_word' id='word_1_744' title='bbox 664 3059 690 3087; x_wconf 82' lang='lat'>&amp;</span> <span class='ocrx_word' id='word_1_745' title='bbox 703 3058 788 3087; x_wconf 83' lang='lat' dir='ltr'>Strab.</span> <span class='ocrx_word' id='word_1_746' title='bbox 806 3058 852 3087; x_wconf 92' lang='lat' dir='ltr'>lib.</span> <span class='ocrx_word' id='word_1_747' title='bbox 867 3069 891 3097; x_wconf 89' lang='lat'>7.</span> <span class='ocrx_word' id='word_1_748' title='bbox 908 3070 934 3097; x_wconf 90' lang='lat' dir='ltr'>p.</span> <span class='ocrx_word' id='word_1_749' title='bbox 949 3065 1013 3093; x_wconf 85' lang='lat'>218.</span> 
     </span>
    </p>

    <p class='ocr_par' dir='ltr' id='par_1_29' title="bbox 207 3092 1353 3158">
     <span class='ocr_line' id='line_1_80' title="bbox 207 3092 1353 3158; baseline 0.011 -37"><span class='ocrx_word' id='word_1_750' title='bbox 207 3092 363 3158; x_wconf 43' lang='lat' dir='ltr'>{iffi-ruis&amp;</span> <span class='ocrx_word' id='word_1_751' title='bbox 373 3103 418 3122; x_wconf 59' lang='lat' dir='ltr'>usi</span> <span class='ocrx_word' id='word_1_752' title='bbox 429 3116 437 3130; x_wconf 78' lang='grc'>,</span> <span class='ocrx_word' id='word_1_753' title='bbox 459 3094 624 3131; x_wconf 50' lang='lat' dir='ltr'>[kilde-mr]</span> <span class='ocrx_word' id='word_1_754' title='bbox 650 3095 739 3125; x_wconf 78' lang='lat' dir='ltr'>Insula</span> <span class='ocrx_word' id='word_1_755' title='bbox 750 3097 787 3125; x_wconf 89' lang='lat' dir='ltr'>est</span> <span class='ocrx_word' id='word_1_756' title='bbox 797 3098 877 3126; x_wconf 87' lang='lat' dir='ltr'>maris</span> <span class='ocrx_word' id='word_1_757' title='bbox 887 3097 1037 3134; x_wconf 62' lang='lat' dir='ltr'>Adriatici„</span> <span class='ocrx_word' id='word_1_758' title='bbox 1064 3109 1122 3130; x_wconf 90' lang='lat' dir='ltr'>non</span> <span class='ocrx_word' id='word_1_759' title='bbox 1136 3102 1235 3139; x_wconf 90' lang='lat' dir='ltr'>procul</span> <span class='ocrx_word' id='word_1_760' title='bbox 1248 3102 1281 3132; x_wconf 82' lang='lat' dir='ltr'>ab</span> <span class='ocrx_word' id='word_1_761' title='bbox 1296 3103 1353 3134; x_wconf 65' lang='lat' dir='ltr'>Iss&#39;a.</span> 
     </span>
    </p>

    <p class='ocr_par' dir='ltr' id='par_1_30' title="bbox 273 3140 1349 3168">
     <span class='ocr_line' id='line_1_81' title="bbox 273 3140 1349 3168; baseline 0.01 -11"><span class='ocrx_word' id='word_1_762' title='bbox 273 3140 307 3157; x_wconf 90' lang='lat' dir='ltr'>in.</span> <span class='ocrx_word' id='word_1_763' title='bbox 336 3141 341 3157; x_wconf 92' lang='lat' dir='ltr'>i</span> <span class='ocrx_word' id='word_1_764' title='bbox 365 3140 409 3166; x_wconf 89' lang='lat'>.3.</span> <span class='ocrx_word' id='word_1_765' title='bbox 425 3141 455 3160; x_wconf 86' lang='lat' dir='ltr'>ca</span> <span class='ocrx_word' id='word_1_766' title='bbox 479 3142 543 3162; x_wconf 82' lang='lat'>,21.</span> <span class='ocrx_word' id='word_1_767' title='bbox 1342 3163 1349 3168; x_wconf 73' lang='lat'>.</span> 
     </span>
    </p>

    <p class='ocr_par' dir='ltr' id='par_1_31' title="bbox 205 3142 1356 3360">
     <span class='ocr_line' id='line_1_82' title="bbox 205 3142 1356 3215; baseline 0.011 -20"><span class='ocrx_word' id='word_1_768' title='bbox 205 3169 223 3196; x_wconf 84' lang='lat' dir='ltr'>A</span> <span class='ocrx_word' id='word_1_769' title='bbox 234 3177 247 3194; x_wconf 71' lang='lat' dir='ltr'>E</span> <span class='ocrx_word' id='word_1_770' title='bbox 255 3177 267 3195; x_wconf 90' lang='lat' dir='ltr'>s</span> <span class='ocrx_word' id='word_1_771' title='bbox 275 3177 291 3195; x_wconf 83' lang='grc' dir='ltr'>Υ</span> <span class='ocrx_word' id='word_1_772' title='bbox 301 3177 315 3194; x_wconf 73' lang='lat' dir='ltr'>s</span> <span class='ocrx_word' id='word_1_773' title='bbox 325 3176 343 3194; x_wconf 76' lang='lat' dir='ltr'>&#39;r</span> <span class='ocrx_word' id='word_1_774' title='bbox 353 3178 369 3196; x_wconf 83' lang='grc' dir='ltr'><em>υ</em></span> <span class='ocrx_word' id='word_1_775' title='bbox 378 3177 389 3196; x_wconf 87' lang='lat' dir='ltr'>s</span> <span class='ocrx_word' id='word_1_776' title='bbox 399 3189 407 3203; x_wconf 80' lang='lat'><em>‚</em></span> <span class='ocrx_word' id='word_1_777' title='bbox 429 3142 605 3207; x_wconf 54' lang='grc' dir='ltr'>[Εψυςτῦι]</span> <span class='ocrx_word' id='word_1_778' title='bbox 624 3171 697 3201; x_wconf 86' lang='lat' dir='ltr'>filius</span> <span class='ocrx_word' id='word_1_779' title='bbox 707 3171 792 3202; x_wconf 76' lang='lat' dir='ltr'>AEetae</span> <span class='ocrx_word' id='word_1_780' title='bbox 803 3172 873 3209; x_wconf 84' lang='lat' dir='ltr'>regis</span> <span class='ocrx_word' id='word_1_781' title='bbox 885 3171 1064 3209; x_wconf 83' lang='lat' dir='ltr'>Colchorum,</span> <span class='ocrx_word' id='word_1_782' title='bbox 1079 3174 1133 3204; x_wconf 88' lang='lat' dir='ltr'>alio</span> <span class='ocrx_word' id='word_1_783' title='bbox 1145 3178 1259 3209; x_wconf 86' lang='lat' dir='ltr'>nomine</span> <span class='ocrx_word' id='word_1_784' title='bbox 1267 3178 1356 3215; x_wconf 81' lang='lat' dir='ltr'>IEgia-</span> 
     </span>
     <span class='ocr_line' id='line_1_83' title="bbox 241 3204 1356 3247; baseline 0.013 -15"><span class='ocrx_word' id='word_1_785' title='bbox 241 3204 298 3232; x_wconf 80' lang='lat' dir='ltr'>leus</span> <span class='ocrx_word' id='word_1_786' title='bbox 308 3226 315 3238; x_wconf 88' lang='lat'>,</span> <span class='ocrx_word' id='word_1_787' title='bbox 337 3215 419 3241; x_wconf 81' lang='lat' dir='ltr'>quem</span> <span class='ocrx_word' id='word_1_788' title='bbox 430 3207 502 3236; x_wconf 79' lang='lat' dir='ltr'>sotor</span> <span class='ocrx_word' id='word_1_789' title='bbox 513 3210 572 3244; x_wconf 90' lang='lat' dir='ltr'>ejus</span> <span class='ocrx_word' id='word_1_790' title='bbox 585 3209 704 3245; x_wconf 76' lang='lat' dir='ltr'>Medea,</span> <span class='ocrx_word' id='word_1_791' title='bbox 725 3209 839 3247; x_wconf 86' lang='lat' dir='ltr'>sequens</span> <span class='ocrx_word' id='word_1_792' title='bbox 853 3209 997 3246; x_wconf 88' lang='lat' dir='ltr'>Jasonem,</span> <span class='ocrx_word' id='word_1_793' title='bbox 1018 3211 1162 3242; x_wconf 76' lang='lat' dir='ltr'>laceravit:</span> <span class='ocrx_word' id='word_1_794' title='bbox 1185 3221 1216 3243; x_wconf 90' lang='lat' dir='ltr'>ut</span> <span class='ocrx_word' id='word_1_795' title='bbox 1227 3215 1262 3244; x_wconf 89' lang='lat' dir='ltr'>sic</span> <span class='ocrx_word' id='word_1_796' title='bbox 1274 3224 1356 3246; x_wconf 79' lang='lat' dir='ltr'>retar-</span> 
     </span>
     <span class='ocr_line' id='line_1_84' title="bbox 240 3242 1350 3290; baseline 0.014 -21"><span class='ocrx_word' id='word_1_797' title='bbox 240 3242 316 3270; x_wconf 73' lang='lat' dir='ltr'>daret</span> <span class='ocrx_word' id='word_1_798' title='bbox 327 3249 429 3278; x_wconf 82' lang='lat' dir='ltr'>patrem</span> <span class='ocrx_word' id='word_1_799' title='bbox 439 3245 576 3275; x_wconf 81' lang='lat' dir='ltr'>volentem</span> <span class='ocrx_word' id='word_1_800' title='bbox 587 3257 648 3276; x_wconf 82' lang='lat' dir='ltr'>eam</span> <span class='ocrx_word' id='word_1_801' title='bbox 657 3247 793 3276; x_wconf 72' lang='lat' dir='ltr'>retrahere</span> <span class='ocrx_word' id='word_1_802' title='bbox 803 3257 837 3276; x_wconf 78' lang='lat' dir='ltr'>ex</span> <span class='ocrx_word' id='word_1_803' title='bbox 850 3248 922 3284; x_wconf 70' lang='lat' dir='ltr'>fuga.</span> <span class='ocrx_word' id='word_1_804' title='bbox 952 3248 1042 3283; x_wconf 85' lang='lat' dir='ltr'>Huius</span> <span class='ocrx_word' id='word_1_805' title='bbox 1054 3252 1181 3280; x_wconf 88' lang='lat' dir='ltr'>meminit</span> <span class='ocrx_word' id='word_1_806' title='bbox 1193 3253 1249 3283; x_wconf 86' lang='lat' dir='ltr'>Cic.</span> <span class='ocrx_word' id='word_1_807' title='bbox 1266 3254 1313 3282; x_wconf 87' lang='lat' dir='ltr'>lib.</span> <span class='ocrx_word' id='word_1_808' title='bbox 1327 3265 1350 3290; x_wconf 94' lang='lat'>3.</span> 
     </span>
     <span class='ocr_line' id='line_1_85' title="bbox 239 3279 1354 3326; baseline 0.013 -19"><span class='ocrx_word' id='word_1_809' title='bbox 239 3280 274 3307; x_wconf 82' lang='lat' dir='ltr'>de</span> <span class='ocrx_word' id='word_1_810' title='bbox 289 3279 350 3307; x_wconf 67' lang='lat' dir='ltr'>Nat.</span> <span class='ocrx_word' id='word_1_811' title='bbox 371 3280 451 3310; x_wconf 85' lang='lat' dir='ltr'>Deor.</span> <span class='ocrx_word' id='word_1_812' title='bbox 468 3288 512 3317; x_wconf 81' lang='lat'>48.</span> <span class='ocrx_word' id='word_1_813' title='bbox 550 3284 681 3314; x_wconf 76' lang='lat' dir='ltr'>Fabulam</span> <span class='ocrx_word' id='word_1_814' title='bbox 695 3284 824 3314; x_wconf 87' lang='lat' dir='ltr'>describit</span> <span class='ocrx_word' id='word_1_815' title='bbox 837 3285 918 3314; x_wconf 87' lang='lat' dir='ltr'>Ovid.</span> <span class='ocrx_word' id='word_1_816' title='bbox 933 3294 956 3321; x_wconf 93' lang='lat'>3.</span> <span class='ocrx_word' id='word_1_817' title='bbox 972 3286 1051 3316; x_wconf 82' lang='lat' dir='ltr'>Trist.</span> <span class='ocrx_word' id='word_1_818' title='bbox 1071 3288 1144 3326; x_wconf 88' lang='lat' dir='ltr'>Eleg.</span> <span class='ocrx_word' id='word_1_819' title='bbox 1158 3300 1183 3325; x_wconf 90' lang='lat'>9.</span> <span class='ocrx_word' id='word_1_820' title='bbox 1204 3293 1229 3319; x_wconf 93' lang='lat'>6.</span> <span class='ocrx_word' id='word_1_821' title='bbox 1266 3292 1354 3322; x_wconf 86' lang='lat' dir='ltr'>Attin-</span> 
     </span>
     <span class='ocr_line' id='line_1_86' title="bbox 241 3317 991 3360; baseline 0.012 -17"><span class='ocrx_word' id='word_1_822' title='bbox 241 3317 279 3351; x_wconf 67' lang='lat' dir='ltr'>git</span> <span class='ocrx_word' id='word_1_823' title='bbox 292 3318 317 3345; x_wconf 58' lang='lat' dir='ltr'>a·</span> <span class='ocrx_word' id='word_1_824' title='bbox 329 3318 391 3346; x_wconf 80' lang='lat' dir='ltr'>Sen.</span> <span class='ocrx_word' id='word_1_825' title='bbox 404 3317 504 3348; x_wconf 76' lang='lat' dir='ltr'>Medea</span> <span class='ocrx_word' id='word_1_826' title='bbox 513 3330 537 3349; x_wconf 91' lang='lat' dir='ltr'>v.</span> <span class='ocrx_word' id='word_1_827' title='bbox 551 3326 614 3357; x_wconf 83' lang='lat'>963.</span> <span class='ocrx_word' id='word_1_828' title='bbox 652 3323 815 3360; x_wconf 81' lang='lat' dir='ltr'>IEgialic-um</span> <span class='ocrx_word' id='word_1_829' title='bbox 827 3323 872 3352; x_wconf 86' lang='lat' dir='ltr'>alii</span> <span class='ocrx_word' id='word_1_830' title='bbox 882 3330 991 3353; x_wconf 81' lang='lat' dir='ltr'>vocant.</span> 
     </span>
    </p>

    <p class='ocr_par' dir='ltr' id='par_1_32' title="bbox 205 3354 1354 3431">
     <span class='ocr_line' id='line_1_87' title="bbox 205 3354 1354 3398; baseline 0.013 -16"><span class='ocrx_word' id='word_1_831' title='bbox 205 3354 220 3382; x_wconf 83' lang='lat' dir='ltr'>A</span> <span class='ocrx_word' id='word_1_832' title='bbox 231 3363 244 3381; x_wconf 64' lang='grc' dir='ltr'>ιι</span> <span class='ocrx_word' id='word_1_833' title='bbox 253 3363 264 3381; x_wconf 89' lang='lat' dir='ltr'>s</span> <span class='ocrx_word' id='word_1_834' title='bbox 274 3364 290 3381; x_wconf 74' lang='grc' dir='ltr'>γ</span> <span class='ocrx_word' id='word_1_835' title='bbox 300 3364 314 3381; x_wconf 77' lang='lat' dir='ltr'>r.</span> <span class='ocrx_word' id='word_1_836' title='bbox 324 3363 341 3382; x_wconf 64' lang='lat' dir='ltr'>&#39;r</span> <span class='ocrx_word' id='word_1_837' title='bbox 352 3364 367 3382; x_wconf 78' lang='lat' dir='ltr'>o</span> <span class='ocrx_word' id='word_1_838' title='bbox 377 3365 388 3383; x_wconf 89' lang='lat' dir='ltr'>s</span> <span class='ocrx_word' id='word_1_839' title='bbox 398 3377 406 3390; x_wconf 93' lang='lat'>,</span> <span class='ocrx_word' id='word_1_840' title='bbox 428 3355 609 3394; x_wconf 51' lang='lat' dir='ltr'>[A&#39;spvgr&amp;]</span> <span class='ocrx_word' id='word_1_841' title='bbox 639 3360 740 3398; x_wconf 80' lang='lat' dir='ltr'>lllyrici</span> <span class='ocrx_word' id='word_1_842' title='bbox 754 3361 854 3390; x_wconf 84' lang='lat' dir='ltr'>fluvius</span> <span class='ocrx_word' id='word_1_843' title='bbox 863 3383 871 3396; x_wconf 99' lang='lat'>,</span> <span class='ocrx_word' id='word_1_844' title='bbox 898 3361 928 3389; x_wconf 87' lang='lat' dir='ltr'>in</span> <span class='ocrx_word' id='word_1_845' title='bbox 942 3371 1016 3391; x_wconf 89' lang='lat' dir='ltr'>mare</span> <span class='ocrx_word' id='word_1_846' title='bbox 1029 3363 1199 3394; x_wconf 77' lang='lat' dir='ltr'>Adriaticum</span> <span class='ocrx_word' id='word_1_847' title='bbox 1212 3365 1238 3395; x_wconf 86' lang='lat' dir='ltr'>se</span> <span class='ocrx_word' id='word_1_848' title='bbox 1250 3376 1354 3398; x_wconf 70' lang='lat' dir='ltr'>exone-</span> 
     </span>
     <span class='ocr_line' id='line_1_88' title="bbox 239 3391 613 3431; baseline 0.019 -13"><span class='ocrx_word' id='word_1_849' title='bbox 239 3400 308 3419; x_wconf 83' lang='lat' dir='ltr'>rans.</span> <span class='ocrx_word' id='word_1_850' title='bbox 337 3391 437 3421; x_wconf 77' lang='lat' dir='ltr'>Lucan.</span> <span class='ocrx_word' id='word_1_851' title='bbox 452 3393 498 3422; x_wconf 89' lang='lat' dir='ltr'>lib.</span> <span class='ocrx_word' id='word_1_852' title='bbox 513 3404 534 3429; x_wconf 90' lang='lat'>3.</span> <span class='ocrx_word' id='word_1_853' title='bbox 554 3406 613 3431; x_wconf 79' lang='lat'>190.</span> 
     </span>
    </p>

    <p class='ocr_par' dir='ltr' id='par_1_33' title="bbox 250 3428 986 3473">
     <span class='ocr_line' id='line_1_89' title="bbox 250 3428 986 3473; baseline 0.015 -17"><span class='ocrx_word' id='word_1_854' title='bbox 250 3464 259 3470; x_wconf 22' lang='grc' dir='ltr'><strong>ἡ</strong></span> <span class='ocrx_word' id='word_1_855' title='bbox 283 3465 288 3470; x_wconf 35' lang='lat'><strong>.</strong></span> <span class='ocrx_word' id='word_1_856' title='bbox 316 3428 347 3471; x_wconf 59' lang='lat' dir='ltr'>lflt</span> <span class='ocrx_word' id='word_1_857' title='bbox 357 3430 430 3458; x_wconf 76' lang='lat' dir='ltr'>cadit</span> <span class='ocrx_word' id='word_1_858' title='bbox 441 3432 565 3461; x_wconf 80' lang='lat' dir='ltr'>Adriacas</span> <span class='ocrx_word' id='word_1_859' title='bbox 576 3433 701 3471; x_wconf 81' lang='lat' dir='ltr'>spumans</span> <span class='ocrx_word' id='word_1_860' title='bbox 714 3435 839 3473; x_wconf 82' lang='lat' dir='ltr'>Absyrtus</span> <span class='ocrx_word' id='word_1_861' title='bbox 850 3436 878 3466; x_wconf 93' lang='lat' dir='ltr'>in</span> <span class='ocrx_word' id='word_1_862' title='bbox 890 3438 986 3467; x_wconf 84' lang='lat' dir='ltr'>undas.</span> 
     </span>
    </p>

    <p class='ocr_par' dir='ltr' id='par_1_34' title="bbox 239 3464 1348 3517">
     <span class='ocr_line' id='line_1_90' title="bbox 239 3464 1348 3517; baseline 0.015 -25"><span class='ocrx_word' id='word_1_863' title='bbox 239 3464 301 3507; x_wconf 66' lang='lat' dir='ltr'>luit</span> <span class='ocrx_word' id='word_1_864' title='bbox 320 3466 427 3509; x_wconf 83' lang='lat' dir='ltr'>insuper</span> <span class='ocrx_word' id='word_1_865' title='bbox 442 3478 527 3497; x_wconf 68' lang='lat' dir='ltr'>ABSY</span> <span class='ocrx_word' id='word_1_866' title='bbox 537 3479 552 3497; x_wconf 78' lang='lat' dir='ltr'>R</span> <span class='ocrx_word' id='word_1_867' title='bbox 562 3480 579 3498; x_wconf 72' lang='lat' dir='ltr'>vr</span> <span class='ocrx_word' id='word_1_868' title='bbox 589 3481 625 3500; x_wconf 82' lang='lat' dir='ltr'>us</span> <span class='ocrx_word' id='word_1_869' title='bbox 635 3494 643 3507; x_wconf 91' lang='lat'>,</span> <span class='ocrx_word' id='word_1_870' title='bbox 672 3473 736 3502; x_wconf 84' lang='lat' dir='ltr'>teste</span> <span class='ocrx_word' id='word_1_871' title='bbox 752 3475 835 3503; x_wconf 65' lang='lat' dir='ltr'>Sinda</span> <span class='ocrx_word' id='word_1_872' title='bbox 845 3496 853 3509; x_wconf 86' lang='lat'>,</span> <span class='ocrx_word' id='word_1_873' title='bbox 885 3475 1105 3505; x_wconf 81' lang='lat' dir='ltr'>Niconiedienfis</span> <span class='ocrx_word' id='word_1_874' title='bbox 1120 3478 1232 3513; x_wconf 82' lang='lat' dir='ltr'>quidam</span> <span class='ocrx_word' id='word_1_875' title='bbox 1250 3480 1329 3511; x_wconf 79' lang='lat' dir='ltr'>miles</span> <span class='ocrx_word' id='word_1_876' title='bbox 1339 3505 1348 3517; x_wconf 91' lang='lat'>,</span> 
     </span>
    </p>

    <p class='ocr_par' dir='ltr' id='par_1_35' title="bbox 239 3505 1350 3567">
     <span class='ocr_line' id='line_1_91' title="bbox 239 3505 1350 3567; baseline 0.015 -38"><span class='ocrx_word' id='word_1_877' title='bbox 239 3512 283 3567; x_wconf 66' lang='lat' dir='ltr'>ilui</span> <span class='ocrx_word' id='word_1_878' title='bbox 295 3513 358 3546; x_wconf 75' lang='lat' dir='ltr'>cuni</span> <span class='ocrx_word' id='word_1_879' title='bbox 371 3505 418 3533; x_wconf 82' lang='lat' dir='ltr'>iob</span> <span class='ocrx_word' id='word_1_880' title='bbox 436 3506 614 3549; x_wconf 72' lang='lat' dir='ltr'>Constantino</span> <span class='ocrx_word' id='word_1_881' title='bbox 629 3510 662 3538; x_wconf 86' lang='lat' dir='ltr'>ad</span> <span class='ocrx_word' id='word_1_882' title='bbox 675 3510 769 3540; x_wconf 82' lang='lat' dir='ltr'>Istrum</span> <span class='ocrx_word' id='word_1_883' title='bbox 783 3512 929 3549; x_wconf 75' lang='lat' dir='ltr'>militaret,</span> <span class='ocrx_word' id='word_1_884' title='bbox 950 3513 1050 3542; x_wconf 90' lang='lat' dir='ltr'>librum</span> <span class='ocrx_word' id='word_1_885' title='bbox 1061 3514 1233 3546; x_wconf 88' lang='lat' dir='ltr'>utililliinum</span> <span class='ocrx_word' id='word_1_886' title='bbox 1247 3517 1350 3556; x_wconf 75' lang='lat' dir='ltr'>scriplit</span> 
     </span>
    </p>

    <p class='ocr_par' dir='ltr' id='par_1_36' title="bbox 237 3541 1349 3590">
     <span class='ocr_line' id='line_1_92' title="bbox 237 3541 1349 3590; baseline 0.017 -24"><span class='ocrx_word' id='word_1_887' title='bbox 237 3550 271 3567; x_wconf 71' lang='lat' dir='ltr'>(e</span> <span class='ocrx_word' id='word_1_888' title='bbox 285 3541 455 3584; x_wconf 74' lang='lat' dir='ltr'>iiie(lic;mdis</span> <span class='ocrx_word' id='word_1_889' title='bbox 467 3554 481 3571; x_wconf 82' lang='lat' dir='ltr'>c</span> <span class='ocrx_word' id='word_1_890' title='bbox 503 3554 560 3578; x_wconf 90' lang='lat' dir='ltr'>uis,</span> <span class='ocrx_word' id='word_1_891' title='bbox 581 3548 606 3574; x_wconf 59' lang='lat' dir='ltr'>a·</span> <span class='ocrx_word' id='word_1_892' title='bbox 626 3547 660 3575; x_wconf 82' lang='lat' dir='ltr'>dc</span> <span class='ocrx_word' id='word_1_893' title='bbox 675 3558 739 3576; x_wconf 87' lang='lat' dir='ltr'>cura</span> <span class='ocrx_word' id='word_1_894' title='bbox 752 3550 913 3579; x_wconf 86' lang='lat' dir='ltr'>animalium</span> <span class='ocrx_word' id='word_1_895' title='bbox 923 3573 930 3586; x_wconf 96' lang='lat'>,</span> <span class='ocrx_word' id='word_1_896' title='bbox 958 3561 1077 3588; x_wconf 84' lang='lat' dir='ltr'>eumque</span> <span class='ocrx_word' id='word_1_897' title='bbox 1090 3552 1309 3590; x_wconf 83' lang='lat' dir='ltr'>pulcherrimum</span> <span class='ocrx_word' id='word_1_898' title='bbox 1322 3560 1349 3588; x_wconf 63' lang='lat' dir='ltr'>Sc</span> 
     </span>
    </p>

    <p class='ocr_par' dir='ltr' id='par_1_37' title="bbox 236 3578 1030 3618">
     <span class='ocr_line' id='line_1_93' title="bbox 236 3578 1030 3618; baseline 0.019 -14"><span class='ocrx_word' id='word_1_899' title='bbox 236 3578 482 3609; x_wconf 78' lang='lat' dir='ltr'>emendatillimuni</span> <span class='ocrx_word' id='word_1_900' title='bbox 515 3581 577 3610; x_wconf 81' lang='lat' dir='ltr'>abet</span> <span class='ocrx_word' id='word_1_901' title='bbox 591 3584 689 3613; x_wconf 86' lang='lat' dir='ltr'>Anton.</span> <span class='ocrx_word' id='word_1_902' title='bbox 704 3585 863 3617; x_wconf 77' lang='lat' dir='ltr'>vicecomes</span> <span class='ocrx_word' id='word_1_903' title='bbox 877 3588 1030 3618; x_wconf 68' lang='lat' dir='ltr'>Mediolani.</span> 
     </span>
    </p>
   </div>
   <div class='ocr_carea' id='block_1_3' title="bbox 628 3658 905 3698">
    <p class='ocr_par' dir='ltr' id='par_1_38' title="bbox 628 3658 905 3698">
     <span class='ocr_line' id='line_1_94' title="bbox 628 3658 905 3698; baseline 0.022 -7"><span class='ocrx_word' id='word_1_904' title='bbox 628 3658 655 3692; x_wconf 85' lang='lat' dir='ltr'>A</span> <span class='ocrx_word' id='word_1_905' title='bbox 751 3660 775 3693; x_wconf 92' lang='lat' dir='ltr'>B</span> <span class='ocrx_word' id='word_1_906' title='bbox 873 3663 905 3698; x_wconf 92' lang='lat' dir='ltr'>U</span> 
     </span>
    </p>
   </div>
   <div class='ocr_carea' id='block_1_4' title="bbox 196 3726 1345 3914">
    <p class='ocr_par' dir='ltr' id='par_1_39' title="bbox 196 3726 1345 3914">
     <span class='ocr_line' id='line_1_95' title="bbox 199 3726 1345 3781; baseline 0.019 -30"><span class='ocrx_word' id='word_1_907' title='bbox 199 3726 309 3767; x_wconf 57' lang='lat' dir='ltr'>Asuui</span> <span class='ocrx_word' id='word_1_908' title='bbox 320 3734 415 3767; x_wconf 44' lang='lat' dir='ltr'>acus(</span> <span class='ocrx_word' id='word_1_909' title='bbox 426 3749 433 3760; x_wconf 96' lang='lat'>,</span> <span class='ocrx_word' id='word_1_910' title='bbox 455 3727 637 3765; x_wconf 51' lang='lat' dir='ltr'>[Ass’sb&#39;iaqgii]</span> <span class='ocrx_word' id='word_1_911' title='bbox 667 3732 736 3762; x_wconf 85' lang='lat' dir='ltr'>Urbs</span> <span class='ocrx_word' id='word_1_912' title='bbox 749 3735 787 3763; x_wconf 84' lang='lat' dir='ltr'>est</span> <span class='ocrx_word' id='word_1_913' title='bbox 804 3736 973 3774; x_wconf 73' lang='lat' dir='ltr'>Germanice,</span> <span class='ocrx_word' id='word_1_914' title='bbox 994 3749 1052 3769; x_wconf 90' lang='lat' dir='ltr'>non</span> <span class='ocrx_word' id='word_1_915' title='bbox 1065 3741 1164 3778; x_wconf 86' lang='lat' dir='ltr'>procul</span> <span class='ocrx_word' id='word_1_916' title='bbox 1181 3741 1214 3771; x_wconf 84' lang='lat' dir='ltr'>ab</span> <span class='ocrx_word' id='word_1_917' title='bbox 1230 3742 1345 3781; x_wconf 80' lang='lat' dir='ltr'>Augusta</span> 
     </span>
     <span class='ocr_line' id='line_1_96' title="bbox 234 3762 633 3797; baseline 0.02 -8"><span class='ocrx_word' id='word_1_918' title='bbox 234 3762 455 3797; x_wconf 80' lang='lat' dir='ltr'>Vindelicoruiii,</span> <span class='ocrx_word' id='word_1_919' title='bbox 480 3766 633 3797; x_wconf 58' lang='lat' dir='ltr'>Ptole-nmo.</span> 
     </span>
     <span class='ocr_line' id='line_1_97' title="bbox 196 3800 1342 3856; baseline 0.021 -31"><span class='ocrx_word' id='word_1_920' title='bbox 196 3800 261 3827; x_wconf 74' lang='lat' dir='ltr'>Aiiv</span> <span class='ocrx_word' id='word_1_921' title='bbox 274 3809 308 3827; x_wconf 68' lang='lat' dir='ltr'>El&lt;</span> <span class='ocrx_word' id='word_1_922' title='bbox 325 3811 330 3827; x_wconf 96' lang='lat' dir='ltr'>i</span> <span class='ocrx_word' id='word_1_923' title='bbox 346 3809 380 3841; x_wconf 74' lang='lat' dir='ltr'>o,</span> <span class='ocrx_word' id='word_1_924' title='bbox 403 3802 437 3835; x_wconf 82' lang='lat' dir='ltr'>ti,</span> <span class='ocrx_word' id='word_1_925' title='bbox 457 3801 539 3846; x_wconf 37' lang='lat' dir='ltr'>suni,-</span> <span class='ocrx_word' id='word_1_926' title='bbox 554 3804 710 3841; x_wconf 64' lang='lat' dir='ltr'>[r=&#39;⁷r›÷-pe(Dw]</span> <span class='ocrx_word' id='word_1_927' title='bbox 732 3818 784 3837; x_wconf 86' lang='lat' dir='ltr'>cre.</span> <span class='ocrx_word' id='word_1_928' title='bbox 807 3820 857 3847; x_wconf 85' lang='lat' dir='ltr'>pro</span> <span class='ocrx_word' id='word_1_929' title='bbox 869 3813 1001 3843; x_wconf 66' lang='lat' dir='ltr'>Avertere.</span> <span class='ocrx_word' id='word_1_930' title='bbox 1032 3814 1118 3845; x_wconf 70' lang='lat' dir='ltr'>Plaut.</span> <span class='ocrx_word' id='word_1_931' title='bbox 1130 3816 1203 3847; x_wconf 85' lang='lat' dir='ltr'>Rud.</span> <span class='ocrx_word' id='word_1_932' title='bbox 1221 3828 1244 3848; x_wconf 90' lang='lat'>1.</span> <span class='ocrx_word' id='word_1_933' title='bbox 1259 3827 1284 3848; x_wconf 89' lang='lat'>2.</span> <span class='ocrx_word' id='word_1_934' title='bbox 1299 3823 1342 3856; x_wconf 83' lang='lat'>76.</span> 
     </span>
     <span class='ocr_line' id='line_1_98' title="bbox 308 3837 956 3886; baseline 0.022 -22"><span class='ocrx_word' id='word_1_935' title='bbox 308 3837 346 3865; x_wconf 90' lang='lat' dir='ltr'>Ab</span> <span class='ocrx_word' id='word_1_936' title='bbox 362 3839 424 3879; x_wconf 58' lang='lat' dir='ltr'>laxo</span> <span class='ocrx_word' id='word_1_937' title='bbox 440 3839 545 3883; x_wconf 39' lang='lat' dir='ltr'>³¹ifoC¹tK</span> <span class='ocrx_word' id='word_1_938' title='bbox 558 3842 663 3876; x_wconf 57' lang='lat' dir='ltr'>lliixus,</span> <span class='ocrx_word' id='word_1_939' title='bbox 685 3845 718 3872; x_wconf 78' lang='lat' dir='ltr'>ad</span> <span class='ocrx_word' id='word_1_940' title='bbox 734 3845 808 3875; x_wconf 75' lang='lat' dir='ltr'>littus</span> <span class='ocrx_word' id='word_1_941' title='bbox 822 3848 956 3886; x_wconf 69' lang='lat' dir='ltr'>scapham.</span> 
     </span>
     <span class='ocr_line' id='line_1_99' title="bbox 196 3873 766 3914; baseline 0.019 -14"><span class='ocrx_word' id='word_1_942' title='bbox 196 3873 215 3901; x_wconf 89' lang='lat' dir='ltr'>A</span> <span class='ocrx_word' id='word_1_943' title='bbox 226 3883 239 3900; x_wconf 65' lang='lat' dir='ltr'>s</span> <span class='ocrx_word' id='word_1_944' title='bbox 248 3883 264 3901; x_wconf 71' lang='lat' dir='ltr'><em>v</em></span> <span class='ocrx_word' id='word_1_945' title='bbox 275 3885 288 3901; x_wconf 68' lang='grc' dir='ltr'><strong>ι</strong></span> <span class='ocrx_word' id='word_1_946' title='bbox 297 3884 315 3901; x_wconf 74' lang='lat' dir='ltr'>A</span> <span class='ocrx_word' id='word_1_947' title='bbox 325 3896 332 3906; x_wconf 82' lang='lat'>,</span> <span class='ocrx_word' id='word_1_948' title='bbox 356 3874 422 3903; x_wconf 67' lang='lat' dir='ltr'>Urbs</span> <span class='ocrx_word' id='word_1_949' title='bbox 435 3877 570 3913; x_wconf 69' lang='lat' dir='ltr'>llilpania·</span> <span class='ocrx_word' id='word_1_950' title='bbox 581 3900 588 3914; x_wconf 89' lang='lat'>‚</span> <span class='ocrx_word' id='word_1_951' title='bbox 609 3880 766 3912; x_wconf 60' lang='lat' dir='ltr'>Ptolemaeo.</span> 
     </span>
    </p>
   </div>
   <div class='ocr_carea' id='block_1_5' title="bbox 1874 83 2151 118">
    <p class='ocr_par' dir='ltr' id='par_1_40' title="bbox 1874 83 2151 118">
     <span class='ocr_line' id='line_1_100' title="bbox 1874 83 2151 118; baseline 0.004 -1"><span class='ocrx_word' id='word_1_952' title='bbox 1874 83 1902 117; x_wconf 90' lang='lat' dir='ltr'>A</span> <span class='ocrx_word' id='word_1_953' title='bbox 1998 84 2022 117; x_wconf 86' lang='lat' dir='ltr'><strong>B</strong></span> <span class='ocrx_word' id='word_1_954' title='bbox 2119 83 2151 118; x_wconf 92' lang='lat' dir='ltr'><strong>U</strong></span> 
     </span>
    </p>
   </div>
   <div class='ocr_carea' id='block_1_6' title="bbox 1457 159 2613 1103">
    <p class='ocr_par' dir='ltr' id='par_1_41' title="bbox 1457 159 2613 387">
     <span class='ocr_line' id='line_1_101' title="bbox 1457 159 2610 202; baseline 0.005 -13"><span class='ocrx_word' id='word_1_955' title='bbox 1457 159 1477 189; x_wconf 81' lang='lat' dir='ltr'>A</span> <span class='ocrx_word' id='word_1_956' title='bbox 1487 169 1500 185; x_wconf 59' lang='grc' dir='ltr'>Β</span> <span class='ocrx_word' id='word_1_957' title='bbox 1510 170 1527 188; x_wconf 87' lang='grc' dir='ltr'>υ</span> <span class='ocrx_word' id='word_1_958' title='bbox 1536 169 1583 189; x_wconf 67' lang='grc' dir='ltr'>Νι)</span> <span class='ocrx_word' id='word_1_959' title='bbox 1592 170 1608 188; x_wconf 89' lang='lat' dir='ltr'>o</span> <span class='ocrx_word' id='word_1_960' title='bbox 1617 182 1625 192; x_wconf 80' lang='lat'>,</span> <span class='ocrx_word' id='word_1_961' title='bbox 1642 170 1669 189; x_wconf 86' lang='lat' dir='ltr'>as</span> <span class='ocrx_word' id='word_1_962' title='bbox 1680 183 1688 195; x_wconf 95' lang='lat'>,</span> <span class='ocrx_word' id='word_1_963' title='bbox 1714 160 1829 196; x_wconf 63' lang='grc' dir='ltr'>[ἓυῖκνίω</span> <span class='ocrx_word' id='word_1_964' title='bbox 1838 183 1846 194; x_wconf 85' lang='grc'>,</span> <span class='ocrx_word' id='word_1_965' title='bbox 1865 162 1989 200; x_wconf 51' lang='lat' dir='ltr'>kuneias]</span> <span class='ocrx_word' id='word_1_966' title='bbox 2009 174 2063 193; x_wconf 74' lang='lat' dir='ltr'>are.</span> <span class='ocrx_word' id='word_1_967' title='bbox 2086 163 2228 201; x_wconf 72' lang='lat' dir='ltr'>Superesse</span> <span class='ocrx_word' id='word_1_968' title='bbox 2240 163 2301 193; x_wconf 83' lang='lat' dir='ltr'>alic.</span> <span class='ocrx_word' id='word_1_969' title='bbox 2340 163 2457 193; x_wconf 83' lang='lat' dir='ltr'>Affluere</span> <span class='ocrx_word' id='word_1_970' title='bbox 2468 173 2498 193; x_wconf 86' lang='lat' dir='ltr'>re</span> <span class='ocrx_word' id='word_1_971' title='bbox 2511 164 2610 202; x_wconf 81' lang='lat' dir='ltr'>aliqua,</span> 
     </span>
     <span class='ocr_line' id='line_1_102' title="bbox 1493 198 2613 239; baseline 0.006 -14"><span class='ocrx_word' id='word_1_972' title='bbox 1493 199 1518 226; x_wconf 64' lang='grc' dir='ltr'>ἃ</span> <span class='ocrx_word' id='word_1_973' title='bbox 1530 204 1584 226; x_wconf 86' lang='lat' dir='ltr'>tam</span> <span class='ocrx_word' id='word_1_974' title='bbox 1601 198 1728 227; x_wconf 86' lang='lat' dir='ltr'>debonis</span> <span class='ocrx_word' id='word_1_975' title='bbox 1746 199 1826 228; x_wconf 89' lang='lat' dir='ltr'>rebus</span> <span class='ocrx_word' id='word_1_976' title='bbox 1841 210 1924 236; x_wconf 79' lang='lat' dir='ltr'>quam</span> <span class='ocrx_word' id='word_1_977' title='bbox 1942 202 1976 230; x_wconf 83' lang='lat' dir='ltr'>de</span> <span class='ocrx_word' id='word_1_978' title='bbox 1988 202 2066 231; x_wconf 88' lang='lat' dir='ltr'>malis</span> <span class='ocrx_word' id='word_1_979' title='bbox 2078 203 2196 231; x_wconf 87' lang='lat' dir='ltr'>dicitur:</span> <span class='ocrx_word' id='word_1_980' title='bbox 2228 211 2281 230; x_wconf 90' lang='lat' dir='ltr'>nec</span> <span class='ocrx_word' id='word_1_981' title='bbox 2296 200 2384 229; x_wconf 90' lang='lat' dir='ltr'>solum</span> <span class='ocrx_word' id='word_1_982' title='bbox 2402 202 2436 229; x_wconf 84' lang='lat' dir='ltr'>ad</span> <span class='ocrx_word' id='word_1_983' title='bbox 2454 211 2496 230; x_wconf 85' lang='lat' dir='ltr'>res</span> <span class='ocrx_word' id='word_1_984' title='bbox 2514 212 2613 239; x_wconf 87' lang='lat' dir='ltr'>corpo-</span> 
     </span>
     <span class='ocr_line' id='line_1_103' title="bbox 1491 235 2611 276; baseline 0.005 -13"><span class='ocrx_word' id='word_1_985' title='bbox 1491 245 1550 264; x_wconf 77' lang='lat' dir='ltr'>reas</span> <span class='ocrx_word' id='word_1_986' title='bbox 1561 257 1568 269; x_wconf 91' lang='lat'>,</span> <span class='ocrx_word' id='word_1_987' title='bbox 1594 235 1640 263; x_wconf 87' lang='lat' dir='ltr'>sed</span> <span class='ocrx_word' id='word_1_988' title='bbox 1655 236 1739 264; x_wconf 89' lang='lat' dir='ltr'>etiam</span> <span class='ocrx_word' id='word_1_989' title='bbox 1758 237 1933 274; x_wconf 80' lang='lat' dir='ltr'>incorporeas</span> <span class='ocrx_word' id='word_1_990' title='bbox 1947 241 2084 275; x_wconf 78' lang='lat' dir='ltr'>pertinet:</span> <span class='ocrx_word' id='word_1_991' title='bbox 2117 247 2147 268; x_wconf 87' lang='lat' dir='ltr'>ut</span> <span class='ocrx_word' id='word_1_992' title='bbox 2162 239 2307 268; x_wconf 80' lang='lat' dir='ltr'>Abundare</span> <span class='ocrx_word' id='word_1_993' title='bbox 2325 246 2437 271; x_wconf 60' lang='lat' dir='ltr'>argento</span> <span class='ocrx_word' id='word_1_994' title='bbox 2448 261 2456 274; x_wconf 95' lang='lat'>,</span> <span class='ocrx_word' id='word_1_995' title='bbox 2481 239 2611 276; x_wconf 80' lang='lat' dir='ltr'>ingenio,</span> 
     </span>
     <span class='ocr_line' id='line_1_104' title="bbox 1491 272 2611 314; baseline 0.006 -14"><span class='ocrx_word' id='word_1_996' title='bbox 1491 273 1572 301; x_wconf 89' lang='lat' dir='ltr'>vitiis.</span> <span class='ocrx_word' id='word_1_997' title='bbox 1610 272 1737 306; x_wconf 87' lang='lat' dir='ltr'>Nonius,</span> <span class='ocrx_word' id='word_1_998' title='bbox 1758 273 1921 311; x_wconf 79' lang='lat' dir='ltr'>Abundaie,</span> <span class='ocrx_word' id='word_1_999' title='bbox 1942 277 2147 314; x_wconf 67' lang='lat' dir='ltr'>supramodum</span> <span class='ocrx_word' id='word_1_1000' title='bbox 2161 277 2265 313; x_wconf 84' lang='lat' dir='ltr'>aliquid</span> <span class='ocrx_word' id='word_1_1001' title='bbox 2277 276 2330 305; x_wconf 78' lang='lat' dir='ltr'>else</span> <span class='ocrx_word' id='word_1_1002' title='bbox 2342 276 2441 305; x_wconf 87' lang='lat' dir='ltr'>scribit.</span> <span class='ocrx_word' id='word_1_1003' title='bbox 2479 276 2611 307; x_wconf 69' lang='lat' dir='ltr'>Tradlum</span> 
     </span>
     <span class='ocr_line' id='line_1_105' title="bbox 1491 310 2611 351; baseline 0.006 -13"><span class='ocrx_word' id='word_1_1004' title='bbox 1491 319 1526 338; x_wconf 88' lang='lat' dir='ltr'>ex</span> <span class='ocrx_word' id='word_1_1005' title='bbox 1541 310 1668 339; x_wconf 85' lang='lat' dir='ltr'>amnibus</span> <span class='ocrx_word' id='word_1_1006' title='bbox 1678 333 1685 343; x_wconf 82' lang='lat'>,</span> <span class='ocrx_word' id='word_1_1007' title='bbox 1707 311 1753 347; x_wconf 87' lang='lat' dir='ltr'>qui</span> <span class='ocrx_word' id='word_1_1008' title='bbox 1766 313 1873 348; x_wconf 83' lang='lat' dir='ltr'>quoties</span> <span class='ocrx_word' id='word_1_1009' title='bbox 1883 322 2017 350; x_wconf 76' lang='lat' dir='ltr'>augentur</span> <span class='ocrx_word' id='word_1_1010' title='bbox 2028 314 2160 344; x_wconf 88' lang='lat' dir='ltr'>imbribus</span> <span class='ocrx_word' id='word_1_1011' title='bbox 2171 337 2178 349; x_wconf 94' lang='lat'>,</span> <span class='ocrx_word' id='word_1_1012' title='bbox 2205 313 2356 351; x_wconf 84' lang='lat' dir='ltr'>majoribus</span> <span class='ocrx_word' id='word_1_1013' title='bbox 2374 315 2400 343; x_wconf 73' lang='grc' dir='ltr'>δι</span> <span class='ocrx_word' id='word_1_1014' title='bbox 2412 313 2513 343; x_wconf 86' lang='lat' dir='ltr'>crebris</span> <span class='ocrx_word' id='word_1_1015' title='bbox 2528 315 2611 345; x_wconf 85' lang='lat' dir='ltr'>undis</span> 
     </span>
     <span class='ocr_line' id='line_1_106' title="bbox 1490 348 1971 387; baseline 0.012 -12"><span class='ocrx_word' id='word_1_1016' title='bbox 1490 348 1640 385; x_wconf 80' lang='lat' dir='ltr'>eriguntur.</span> <span class='ocrx_word' id='word_1_1017' title='bbox 1670 348 1741 384; x_wconf 81' lang='lat' dir='ltr'>Virg.</span> <span class='ocrx_word' id='word_1_1018' title='bbox 1758 358 1780 377; x_wconf 89' lang='lat'>1.</span> <span class='ocrx_word' id='word_1_1019' title='bbox 1797 349 1894 385; x_wconf 70' lang='lat' dir='ltr'>Georg.</span> <span class='ocrx_word' id='word_1_1020' title='bbox 1912 361 1971 387; x_wconf 86' lang='lat'>115.</span> 
     </span>
    </p>

    <p class='ocr_par' dir='ltr' id='par_1_42' title="bbox 1571 385 2296 418">
     <span class='ocr_line' id='line_1_107' title="bbox 1571 385 2296 418; baseline 0.008 -6"><span class='ocrx_word' id='word_1_1021' title='bbox 1571 385 1717 414; x_wconf 53' lang='lat' dir='ltr'>Prssesertim</span> <span class='ocrx_word' id='word_1_1022' title='bbox 1730 386 1842 416; x_wconf 87' lang='lat' dir='ltr'>incertis</span> <span class='ocrx_word' id='word_1_1023' title='bbox 1858 388 1875 416; x_wconf 84' lang='lat' dir='ltr'>si</span> <span class='ocrx_word' id='word_1_1024' title='bbox 1890 389 2027 418; x_wconf 71' lang='lat' dir='ltr'>mentibus</span> <span class='ocrx_word' id='word_1_1025' title='bbox 2042 390 2129 418; x_wconf 85' lang='lat' dir='ltr'>amnis</span> <span class='ocrx_word' id='word_1_1026' title='bbox 2143 389 2296 418; x_wconf 76' lang='lat' dir='ltr'>abundans.</span> 
     </span>
    </p>

    <p class='ocr_par' dir='ltr' id='par_1_43' title="bbox 1490 421 2607 464">
     <span class='ocr_line' id='line_1_108' title="bbox 1490 421 2607 464; baseline 0.006 -15"><span class='ocrx_word' id='word_1_1027' title='bbox 1490 421 1547 450; x_wconf 88' lang='lat' dir='ltr'>Cic.</span> <span class='ocrx_word' id='word_1_1028' title='bbox 1560 422 1594 450; x_wconf 83' lang='lat' dir='ltr'>de</span> <span class='ocrx_word' id='word_1_1029' title='bbox 1604 423 1711 452; x_wconf 49' lang='lat' dir='ltr'>Seneca.</span> <span class='ocrx_word' id='word_1_1030' title='bbox 1734 424 1765 452; x_wconf 97' lang='lat' dir='ltr'>C.</span> <span class='ocrx_word' id='word_1_1031' title='bbox 1781 428 1822 453; x_wconf 90' lang='lat'>16.</span> <span class='ocrx_word' id='word_1_1032' title='bbox 1860 425 1984 463; x_wconf 82' lang='lat' dir='ltr'>Villaque</span> <span class='ocrx_word' id='word_1_1033' title='bbox 1994 433 2051 455; x_wconf 80' lang='lat' dir='ltr'>tota</span> <span class='ocrx_word' id='word_1_1034' title='bbox 2060 426 2186 464; x_wconf 87' lang='lat' dir='ltr'>locuples</span> <span class='ocrx_word' id='word_1_1035' title='bbox 2196 427 2249 455; x_wconf 87' lang='lat' dir='ltr'>est:</span> <span class='ocrx_word' id='word_1_1036' title='bbox 2271 426 2395 455; x_wconf 77' lang='lat' dir='ltr'>abundat</span> <span class='ocrx_word' id='word_1_1037' title='bbox 2405 436 2508 464; x_wconf 82' lang='lat' dir='ltr'>porCO,</span> <span class='ocrx_word' id='word_1_1038' title='bbox 2526 435 2607 464; x_wconf 87' lang='lat' dir='ltr'>agno,</span> 
     </span>
    </p>

    <p class='ocr_par' dir='ltr' id='par_1_44' title="bbox 1487 459 2061 499">
     <span class='ocr_line' id='line_1_109' title="bbox 1487 459 2061 499; baseline 0.01 -12"><span class='ocrx_word' id='word_1_1039' title='bbox 1487 459 1591 493; x_wconf 75' lang='lat' dir='ltr'>hoedo,</span> <span class='ocrx_word' id='word_1_1040' title='bbox 1611 459 1727 496; x_wconf 75' lang='lat' dir='ltr'>gallina,</span> <span class='ocrx_word' id='word_1_1041' title='bbox 1748 461 1834 497; x_wconf 67' lang='lat' dir='ltr'>lac‘le,</span> <span class='ocrx_word' id='word_1_1042' title='bbox 1855 463 1949 499; x_wconf 84' lang='lat' dir='ltr'>caseo,</span> <span class='ocrx_word' id='word_1_1043' title='bbox 1971 464 2061 493; x_wconf 81' lang='lat' dir='ltr'>melle.</span> 
     </span>
    </p>

    <p class='ocr_par' dir='ltr' id='par_1_45' title="bbox 1488 496 2609 644">
     <span class='ocr_line' id='line_1_110' title="bbox 1488 496 2608 539; baseline 0.007 -15"><span class='ocrx_word' id='word_1_1044' title='bbox 1488 496 1651 531; x_wconf 76' lang='lat' dir='ltr'>Abundare,</span> <span class='ocrx_word' id='word_1_1045' title='bbox 1680 508 1730 535; x_wconf 89' lang='lat' dir='ltr'>pro</span> <span class='ocrx_word' id='word_1_1046' title='bbox 1744 498 1866 529; x_wconf 86' lang='lat' dir='ltr'>Divitem</span> <span class='ocrx_word' id='word_1_1047' title='bbox 1883 501 1945 530; x_wconf 81' lang='lat' dir='ltr'>effe.</span> <span class='ocrx_word' id='word_1_1048' title='bbox 1979 501 2036 530; x_wconf 92' lang='lat' dir='ltr'>Cic.</span> <span class='ocrx_word' id='word_1_1049' title='bbox 2054 502 2107 530; x_wconf 79' lang='lat' dir='ltr'>Att.</span> <span class='ocrx_word' id='word_1_1050' title='bbox 2124 501 2171 529; x_wconf 87' lang='lat' dir='ltr'>lib.</span> <span class='ocrx_word' id='word_1_1051' title='bbox 2194 511 2216 529; x_wconf 94' lang='lat'>1.</span> <span class='ocrx_word' id='word_1_1052' title='bbox 2236 510 2259 533; x_wconf 82' lang='lat'>3.</span> <span class='ocrx_word' id='word_1_1053' title='bbox 2298 500 2438 536; x_wconf 84' lang='lat' dir='ltr'>Caietam,</span> <span class='ocrx_word' id='word_1_1054' title='bbox 2462 501 2480 530; x_wconf 92' lang='lat' dir='ltr'>si</span> <span class='ocrx_word' id='word_1_1055' title='bbox 2495 503 2608 539; x_wconf 82' lang='lat' dir='ltr'>quando</span> 
     </span>
     <span class='ocr_line' id='line_1_111' title="bbox 1507 534 2609 574; baseline 0.006 -12"><span class='ocrx_word' id='word_1_1056' title='bbox 1507 534 1647 563; x_wconf 81' lang='lat' dir='ltr'>abundare</span> <span class='ocrx_word' id='word_1_1057' title='bbox 1658 545 1770 573; x_wconf 81' lang='lat' dir='ltr'>coepero</span> <span class='ocrx_word' id='word_1_1058' title='bbox 1780 560 1787 572; x_wconf 86' lang='lat'>,</span> <span class='ocrx_word' id='word_1_1059' title='bbox 1809 538 1922 567; x_wconf 80' lang='lat' dir='ltr'>ornabo.</span> <span class='ocrx_word' id='word_1_1060' title='bbox 1953 538 2031 567; x_wconf 89' lang='lat' dir='ltr'>Idem</span> <span class='ocrx_word' id='word_1_1061' title='bbox 2044 539 2078 567; x_wconf 90' lang='lat' dir='ltr'>de</span> <span class='ocrx_word' id='word_1_1062' title='bbox 2091 539 2198 567; x_wconf 90' lang='lat' dir='ltr'>Amicit.</span> <span class='ocrx_word' id='word_1_1063' title='bbox 2234 538 2374 574; x_wconf 81' lang='lat' dir='ltr'>Quocirca</span> <span class='ocrx_word' id='word_1_1064' title='bbox 2386 540 2412 568; x_wconf 86' lang='lat'>&amp;</span> <span class='ocrx_word' id='word_1_1065' title='bbox 2427 538 2551 570; x_wconf 78' lang='lat' dir='ltr'>absentes</span> <span class='ocrx_word' id='word_1_1066' title='bbox 2562 541 2609 569; x_wconf 78' lang='lat' dir='ltr'>ad-</span> 
     </span>
     <span class='ocr_line' id='line_1_112' title="bbox 1505 571 2608 614; baseline 0.008 -15"><span class='ocrx_word' id='word_1_1067' title='bbox 1505 571 1585 607; x_wconf 88' lang='lat' dir='ltr'>sunt,</span> <span class='ocrx_word' id='word_1_1068' title='bbox 1613 574 1638 601; x_wconf 62' lang='lat' dir='ltr'>Sc</span> <span class='ocrx_word' id='word_1_1069' title='bbox 1657 579 1769 609; x_wconf 77' lang='lat' dir='ltr'>egentes</span> <span class='ocrx_word' id='word_1_1070' title='bbox 1786 575 1946 612; x_wconf 83' lang='lat' dir='ltr'>abundant,</span> <span class='ocrx_word' id='word_1_1071' title='bbox 1975 578 2001 605; x_wconf 65' lang='grc' dir='ltr'>ἅ</span> <span class='ocrx_word' id='word_1_1072' title='bbox 2015 576 2147 605; x_wconf 83' lang='lat' dir='ltr'>imbecilli</span> <span class='ocrx_word' id='word_1_1073' title='bbox 2161 576 2271 610; x_wconf 84' lang='lat' dir='ltr'>valent,</span> <span class='ocrx_word' id='word_1_1074' title='bbox 2302 577 2328 605; x_wconf 71' lang='lat' dir='ltr'>S:</span> <span class='ocrx_word' id='word_1_1075' title='bbox 2355 577 2453 614; x_wconf 86' lang='lat' dir='ltr'>(quod</span> <span class='ocrx_word' id='word_1_1076' title='bbox 2469 577 2608 608; x_wconf 85' lang='lat' dir='ltr'>difficilius</span> 
     </span>
     <span class='ocr_line' id='line_1_113' title="bbox 1507 610 2172 644; baseline 0.014 -7"><span class='ocrx_word' id='word_1_1077' title='bbox 1507 610 1581 638; x_wconf 78' lang='lat' dir='ltr'>dictu</span> <span class='ocrx_word' id='word_1_1078' title='bbox 1595 610 1651 644; x_wconf 80' lang='lat' dir='ltr'>est)</span> <span class='ocrx_word' id='word_1_1079' title='bbox 1671 613 1773 641; x_wconf 85' lang='lat' dir='ltr'>mortui</span> <span class='ocrx_word' id='word_1_1080' title='bbox 1783 614 1887 642; x_wconf 89' lang='lat' dir='ltr'>vivunt.</span> <span class='ocrx_word' id='word_1_1081' title='bbox 2169 621 2172 625; x_wconf 70' lang='lat'><strong>⁴</strong></span> 
     </span>
    </p>

    <p class='ocr_par' dir='ltr' id='par_1_46' title="bbox 1486 647 2304 689">
     <span class='ocr_line' id='line_1_114' title="bbox 1486 647 2304 689; baseline 0.004 -14"><span class='ocrx_word' id='word_1_1082' title='bbox 1486 647 1632 676; x_wconf 84' lang='lat' dir='ltr'>Ahundaie</span> <span class='ocrx_word' id='word_1_1083' title='bbox 1647 649 1672 677; x_wconf 71' lang='lat' dir='ltr'>St</span> <span class='ocrx_word' id='word_1_1084' title='bbox 1684 648 1787 685; x_wconf 82' lang='lat' dir='ltr'>Defici,</span> <span class='ocrx_word' id='word_1_1085' title='bbox 1809 653 1952 681; x_wconf 82' lang='lat' dir='ltr'>contraria.</span> <span class='ocrx_word' id='word_1_1086' title='bbox 1983 651 2040 680; x_wconf 89' lang='lat' dir='ltr'>Cic.</span> <span class='ocrx_word' id='word_1_1087' title='bbox 2056 661 2107 689; x_wconf 88' lang='lat' dir='ltr'>pro</span> <span class='ocrx_word' id='word_1_1088' title='bbox 2119 650 2229 683; x_wconf 86' lang='lat' dir='ltr'>Cluent.</span> <span class='ocrx_word' id='word_1_1089' title='bbox 2244 656 2304 685; x_wconf 83' lang='lat'>183.</span> 
     </span>
    </p>

    <p class='ocr_par' dir='ltr' id='par_1_47' title="bbox 1485 684 2609 798">
     <span class='ocr_line' id='line_1_115' title="bbox 1485 684 2609 724; baseline 0.008 -12"><span class='ocrx_word' id='word_1_1090' title='bbox 1485 684 1632 714; x_wconf 76' lang='lat' dir='ltr'>Abundare</span> <span class='ocrx_word' id='word_1_1091' title='bbox 1648 687 1673 715; x_wconf 57' lang='grc' dir='ltr'>ἃ</span> <span class='ocrx_word' id='word_1_1092' title='bbox 1694 686 1795 723; x_wconf 80' lang='lat' dir='ltr'>Egere,</span> <span class='ocrx_word' id='word_1_1093' title='bbox 1816 690 1959 718; x_wconf 82' lang='lat' dir='ltr'>contraria.</span> <span class='ocrx_word' id='word_1_1094' title='bbox 1993 689 2051 718; x_wconf 88' lang='lat' dir='ltr'>Cic.</span> <span class='ocrx_word' id='word_1_1095' title='bbox 2065 699 2090 718; x_wconf 89' lang='lat'>2.</span> <span class='ocrx_word' id='word_1_1096' title='bbox 2108 688 2164 717; x_wconf 77' lang='lat' dir='ltr'>Off.</span> <span class='ocrx_word' id='word_1_1097' title='bbox 2180 698 2221 724; x_wconf 87' lang='lat'>13.</span> <span class='ocrx_word' id='word_1_1098' title='bbox 2262 688 2323 723; x_wconf 72' lang='lat' dir='ltr'>‚Iam</span> <span class='ocrx_word' id='word_1_1099' title='bbox 2338 697 2404 717; x_wconf 89' lang='lat' dir='ltr'>vero</span> <span class='ocrx_word' id='word_1_1100' title='bbox 2419 691 2445 719; x_wconf 86' lang='lat'>&amp;</span> <span class='ocrx_word' id='word_1_1101' title='bbox 2457 699 2551 720; x_wconf 87' lang='lat' dir='ltr'>earum</span> <span class='ocrx_word' id='word_1_1102' title='bbox 2567 701 2609 721; x_wconf 44' lang='lat' dir='ltr'>rea</span> 
     </span>
     <span class='ocr_line' id='line_1_116' title="bbox 1504 723 2607 764; baseline 0.005 -14"><span class='ocrx_word' id='word_1_1103' title='bbox 1504 732 1565 751; x_wconf 85' lang='lat' dir='ltr'>rum</span> <span class='ocrx_word' id='word_1_1104' title='bbox 1577 723 1676 759; x_wconf 86' lang='lat' dir='ltr'>quibus</span> <span class='ocrx_word' id='word_1_1105' title='bbox 1693 723 1895 755; x_wconf 80' lang='lat' dir='ltr'>abundaremus</span> <span class='ocrx_word' id='word_1_1106' title='bbox 1909 728 2064 764; x_wconf 70' lang='lat' dir='ltr'>exportatio</span> <span class='ocrx_word' id='word_1_1107' title='bbox 2076 749 2083 761; x_wconf 87' lang='lat'>,</span> <span class='ocrx_word' id='word_1_1108' title='bbox 2105 728 2131 756; x_wconf 61' lang='grc' dir='ltr'>ὃς</span> <span class='ocrx_word' id='word_1_1109' title='bbox 2142 736 2236 755; x_wconf 78' lang='lat' dir='ltr'>earum</span> <span class='ocrx_word' id='word_1_1110' title='bbox 2253 726 2354 762; x_wconf 87' lang='lat' dir='ltr'>quibus</span> <span class='ocrx_word' id='word_1_1111' title='bbox 2369 736 2512 764; x_wconf 87' lang='lat' dir='ltr'>egeremus</span> <span class='ocrx_word' id='word_1_1112' title='bbox 2531 729 2607 759; x_wconf 72' lang='lat' dir='ltr'>inve.</span> 
     </span>
     <span class='ocr_line' id='line_1_117' title="bbox 1505 761 2352 798; baseline 0.007 -11"><span class='ocrx_word' id='word_1_1113' title='bbox 1505 761 1559 788; x_wconf 63' lang='lat' dir='ltr'>elio</span> <span class='ocrx_word' id='word_1_1114' title='bbox 1570 782 1577 795; x_wconf 93' lang='lat'>,</span> <span class='ocrx_word' id='word_1_1115' title='bbox 1598 768 1671 789; x_wconf 86' lang='lat' dir='ltr'>certe</span> <span class='ocrx_word' id='word_1_1116' title='bbox 1683 761 1758 791; x_wconf 85' lang='lat' dir='ltr'>nulla</span> <span class='ocrx_word' id='word_1_1117' title='bbox 1771 763 1853 798; x_wconf 76' lang='lat' dir='ltr'>esset,</span> <span class='ocrx_word' id='word_1_1118' title='bbox 1875 765 1923 793; x_wconf 79' lang='lat' dir='ltr'>nili</span> <span class='ocrx_word' id='word_1_1119' title='bbox 1935 765 1977 793; x_wconf 88' lang='lat' dir='ltr'>his</span> <span class='ocrx_word' id='word_1_1120' title='bbox 1992 764 2152 794; x_wconf 89' lang='lat' dir='ltr'>muneribus</span> <span class='ocrx_word' id='word_1_1121' title='bbox 2164 764 2352 798; x_wconf 52' lang='lat' dir='ltr'>fungerentur.</span> 
     </span>
    </p>

    <p class='ocr_par' dir='ltr' id='par_1_48' title="bbox 1485 793 2606 876">
     <span class='ocr_line' id='line_1_118' title="bbox 1485 793 2606 838; baseline 0.003 -11"><span class='ocrx_word' id='word_1_1122' title='bbox 1485 797 1674 827; x_wconf 81' lang='lat' dir='ltr'>Circunfluere</span> <span class='ocrx_word' id='word_1_1123' title='bbox 1688 806 1769 836; x_wconf 78' lang='lat' dir='ltr'>atque</span> <span class='ocrx_word' id='word_1_1124' title='bbox 1781 801 1929 831; x_wconf 84' lang='lat' dir='ltr'>abundare.</span> <span class='ocrx_word' id='word_1_1125' title='bbox 1955 802 2012 831; x_wconf 84' lang='lat' dir='ltr'>Cic.</span> <span class='ocrx_word' id='word_1_1126' title='bbox 2029 814 2051 838; x_wconf 86' lang='lat'>5.</span> <span class='ocrx_word' id='word_1_1127' title='bbox 2069 802 2143 831; x_wconf 84' lang='lat' dir='ltr'>Verr.</span> <span class='ocrx_word' id='word_1_1128' title='bbox 2158 812 2182 838; x_wconf 90' lang='lat'>9.</span> <span class='ocrx_word' id='word_1_1129' title='bbox 2215 793 2304 830; x_wconf 81' lang='lat' dir='ltr'>Istum</span> <span class='ocrx_word' id='word_1_1130' title='bbox 2317 802 2399 831; x_wconf 89' lang='lat' dir='ltr'>rebus</span> <span class='ocrx_word' id='word_1_1131' title='bbox 2415 802 2544 833; x_wconf 92' lang='lat' dir='ltr'>omnibus</span> <span class='ocrx_word' id='word_1_1132' title='bbox 2555 813 2606 833; x_wconf 77' lang='lat' dir='ltr'>un.</span> 
     </span>
     <span class='ocr_line' id='line_1_119' title="bbox 1503 836 2467 876; baseline 0.006 -13"><span class='ocrx_word' id='word_1_1133' title='bbox 1503 836 1586 871; x_wconf 76' lang='lat' dir='ltr'>dique</span> <span class='ocrx_word' id='word_1_1134' title='bbox 1597 837 1699 874; x_wconf 88' lang='lat' dir='ltr'>ereptis</span> <span class='ocrx_word' id='word_1_1135' title='bbox 1712 838 1826 875; x_wconf 86' lang='lat' dir='ltr'>impune</span> <span class='ocrx_word' id='word_1_1136' title='bbox 1840 839 2001 869; x_wconf 88' lang='lat' dir='ltr'>eludentem</span> <span class='ocrx_word' id='word_1_1137' title='bbox 2013 840 2196 869; x_wconf 81' lang='lat' dir='ltr'>circunfluere</span> <span class='ocrx_word' id='word_1_1138' title='bbox 2210 847 2291 876; x_wconf 80' lang='lat' dir='ltr'>atque</span> <span class='ocrx_word' id='word_1_1139' title='bbox 2305 839 2467 869; x_wconf 71' lang='lat' dir='ltr'>abundare?</span> 
     </span>
    </p>

    <p class='ocr_par' dir='ltr' id='par_1_49' title="bbox 1482 873 2604 953">
     <span class='ocr_line' id='line_1_120' title="bbox 1482 873 2603 915; baseline 0.004 -12"><span class='ocrx_word' id='word_1_1140' title='bbox 1482 873 1629 903; x_wconf 83' lang='lat' dir='ltr'>Abundare</span> <span class='ocrx_word' id='word_1_1141' title='bbox 1640 880 1721 911; x_wconf 78' lang='lat' dir='ltr'>atque</span> <span class='ocrx_word' id='word_1_1142' title='bbox 1731 876 1850 906; x_wconf 80' lang='lat' dir='ltr'>affluere.</span> <span class='ocrx_word' id='word_1_1143' title='bbox 1873 878 1966 906; x_wconf 88' lang='lat' dir='ltr'>Contr.</span> <span class='ocrx_word' id='word_1_1144' title='bbox 1978 878 2083 907; x_wconf 84' lang='lat' dir='ltr'>Deesse.</span> <span class='ocrx_word' id='word_1_1145' title='bbox 2115 877 2172 906; x_wconf 90' lang='lat' dir='ltr'>Cic.</span> <span class='ocrx_word' id='word_1_1146' title='bbox 2188 877 2235 906; x_wconf 87' lang='lat' dir='ltr'>lib.</span> <span class='ocrx_word' id='word_1_1147' title='bbox 2251 887 2273 906; x_wconf 95' lang='lat'>1.</span> <span class='ocrx_word' id='word_1_1148' title='bbox 2291 877 2326 906; x_wconf 89' lang='lat' dir='ltr'>de</span> <span class='ocrx_word' id='word_1_1149' title='bbox 2340 877 2432 907; x_wconf 91' lang='lat' dir='ltr'>Divin.</span> <span class='ocrx_word' id='word_1_1150' title='bbox 2447 882 2491 907; x_wconf 90' lang='lat'>61.</span> <span class='ocrx_word' id='word_1_1151' title='bbox 2528 878 2603 915; x_wconf 88' lang='lat' dir='ltr'>Quo-</span> 
     </span>
     <span class='ocr_line' id='line_1_121' title="bbox 1501 914 2604 953; baseline 0.005 -14"><span class='ocrx_word' id='word_1_1152' title='bbox 1501 921 1562 939; x_wconf 87' lang='lat' dir='ltr'>rum</span> <span class='ocrx_word' id='word_1_1153' title='bbox 1574 919 1711 949; x_wconf 85' lang='lat' dir='ltr'>utrunque</span> <span class='ocrx_word' id='word_1_1154' title='bbox 1726 914 1902 951; x_wconf 73' lang='lat' dir='ltr'>perstringere</span> <span class='ocrx_word' id='word_1_1155' title='bbox 1919 917 2007 944; x_wconf 84' lang='lat' dir='ltr'>aciem</span> <span class='ocrx_word' id='word_1_1156' title='bbox 2016 916 2117 945; x_wconf 89' lang='lat' dir='ltr'>mentis</span> <span class='ocrx_word' id='word_1_1157' title='bbox 2128 915 2213 951; x_wconf 81' lang='lat' dir='ltr'>solet,</span> <span class='ocrx_word' id='word_1_1158' title='bbox 2245 915 2298 944; x_wconf 86' lang='lat' dir='ltr'>sive</span> <span class='ocrx_word' id='word_1_1159' title='bbox 2314 915 2389 944; x_wconf 87' lang='lat' dir='ltr'>deest</span> <span class='ocrx_word' id='word_1_1160' title='bbox 2406 922 2510 945; x_wconf 74' lang='lat' dir='ltr'>natura:</span> <span class='ocrx_word' id='word_1_1161' title='bbox 2525 916 2604 953; x_wconf 89' lang='lat' dir='ltr'>quid-</span> 
     </span>
    </p>

    <p class='ocr_par' dir='ltr' id='par_1_50' title="bbox 1521 949 1997 990">
     <span class='ocr_line' id='line_1_122' title="bbox 1521 949 1997 990; baseline 0.013 -14"><span class='ocrx_word' id='word_1_1162' title='bbox 1521 949 1574 977; x_wconf 82' lang='lat' dir='ltr'>iam</span> <span class='ocrx_word' id='word_1_1163' title='bbox 1585 971 1593 983; x_wconf 98' lang='lat'>,</span> <span class='ocrx_word' id='word_1_1164' title='bbox 1615 950 1667 978; x_wconf 85' lang='lat' dir='ltr'>sive</span> <span class='ocrx_word' id='word_1_1165' title='bbox 1679 950 1801 980; x_wconf 83' lang='lat' dir='ltr'>abundat</span> <span class='ocrx_word' id='word_1_1166' title='bbox 1811 958 1892 990; x_wconf 83' lang='lat' dir='ltr'>atque</span> <span class='ocrx_word' id='word_1_1167' title='bbox 1903 953 1997 982; x_wconf 85' lang='lat' dir='ltr'>affluit.</span> 
     </span>
    </p>

    <p class='ocr_par' dir='ltr' id='par_1_51' title="bbox 1480 987 2604 1066">
     <span class='ocr_line' id='line_1_123' title="bbox 1480 987 2604 1028; baseline 0.002 -12"><span class='ocrx_word' id='word_1_1168' title='bbox 1480 987 1501 1016; x_wconf 89' lang='lat' dir='ltr'>A</span> <span class='ocrx_word' id='word_1_1169' title='bbox 1524 987 1627 1016; x_wconf 76' lang='lat' dir='ltr'>undare</span> <span class='ocrx_word' id='word_1_1170' title='bbox 1647 988 1675 1016; x_wconf 92' lang='lat' dir='ltr'>in</span> <span class='ocrx_word' id='word_1_1171' title='bbox 1688 998 1715 1017; x_wconf 91' lang='lat' dir='ltr'>re</span> <span class='ocrx_word' id='word_1_1172' title='bbox 1733 988 1831 1026; x_wconf 84' lang='lat' dir='ltr'>aliqua.</span> <span class='ocrx_word' id='word_1_1173' title='bbox 1864 990 1920 1019; x_wconf 88' lang='lat' dir='ltr'>Cic.</span> <span class='ocrx_word' id='word_1_1174' title='bbox 1937 1000 1959 1027; x_wconf 84' lang='lat'>3.</span> <span class='ocrx_word' id='word_1_1175' title='bbox 1981 992 2016 1020; x_wconf 86' lang='lat' dir='ltr'>de</span> <span class='ocrx_word' id='word_1_1176' title='bbox 2029 990 2122 1028; x_wconf 80' lang='lat' dir='ltr'>Legib.</span> <span class='ocrx_word' id='word_1_1177' title='bbox 2138 1001 2179 1026; x_wconf 90' lang='lat'>14.</span> <span class='ocrx_word' id='word_1_1178' title='bbox 2218 990 2425 1028; x_wconf 88' lang='lat' dir='ltr'>Theophrastus</span> <span class='ocrx_word' id='word_1_1179' title='bbox 2442 1000 2508 1019; x_wconf 91' lang='lat' dir='ltr'>vero</span> <span class='ocrx_word' id='word_1_1180' title='bbox 2528 990 2604 1020; x_wconf 77' lang='lat' dir='ltr'>insti.</span> 
     </span>
     <span class='ocr_line' id='line_1_124' title="bbox 1499 1024 2425 1066; baseline 0.006 -14"><span class='ocrx_word' id='word_1_1181' title='bbox 1499 1031 1575 1053; x_wconf 88' lang='lat' dir='ltr'>tutus</span> <span class='ocrx_word' id='word_1_1182' title='bbox 1586 1024 1619 1053; x_wconf 86' lang='lat' dir='ltr'>ab</span> <span class='ocrx_word' id='word_1_1183' title='bbox 1630 1025 1770 1058; x_wconf 87' lang='lat' dir='ltr'>Aristotele</span> <span class='ocrx_word' id='word_1_1184' title='bbox 1784 1027 1934 1057; x_wconf 83' lang='lat' dir='ltr'>abundavit</span> <span class='ocrx_word' id='word_1_1185' title='bbox 1943 1051 1951 1061; x_wconf 88' lang='lat'>,</span> <span class='ocrx_word' id='word_1_1186' title='bbox 1971 1035 2002 1057; x_wconf 92' lang='lat' dir='ltr'>ut</span> <span class='ocrx_word' id='word_1_1187' title='bbox 2013 1028 2084 1058; x_wconf 86' lang='lat' dir='ltr'>scitis</span> <span class='ocrx_word' id='word_1_1188' title='bbox 2094 1051 2101 1063; x_wconf 91' lang='lat'>,</span> <span class='ocrx_word' id='word_1_1189' title='bbox 2123 1029 2153 1057; x_wconf 89' lang='lat' dir='ltr'>in</span> <span class='ocrx_word' id='word_1_1190' title='bbox 2165 1039 2199 1058; x_wconf 89' lang='lat' dir='ltr'>eo</span> <span class='ocrx_word' id='word_1_1191' title='bbox 2210 1038 2310 1066; x_wconf 84' lang='lat' dir='ltr'>genere</span> <span class='ocrx_word' id='word_1_1192' title='bbox 2324 1038 2425 1058; x_wconf 87' lang='lat' dir='ltr'>rerum.</span> 
     </span>
    </p>

    <p class='ocr_par' dir='ltr' id='par_1_52' title="bbox 1479 1062 2106 1103">
     <span class='ocr_line' id='line_1_125' title="bbox 1479 1062 2106 1103; baseline 0.008 -13"><span class='ocrx_word' id='word_1_1193' title='bbox 1479 1062 1626 1091; x_wconf 80' lang='lat' dir='ltr'>Abundare</span> <span class='ocrx_word' id='word_1_1194' title='bbox 1639 1063 1761 1093; x_wconf 82' lang='lat' dir='ltr'>audacia.</span> <span class='ocrx_word' id='word_1_1195' title='bbox 1784 1064 1841 1097; x_wconf 78' lang='lat' dir='ltr'>Cic,</span> <span class='ocrx_word' id='word_1_1196' title='bbox 1856 1076 1907 1103; x_wconf 78' lang='lat' dir='ltr'>pro</span> <span class='ocrx_word' id='word_1_1197' title='bbox 1918 1066 2028 1095; x_wconf 89' lang='lat' dir='ltr'>Cluent.</span> <span class='ocrx_word' id='word_1_1198' title='bbox 2046 1072 2106 1102; x_wconf 86' lang='lat'>183.</span> 
     </span>
    </p>
   </div>
   <div class='ocr_carea' id='block_1_7' title="bbox 1479 1100 2615 1157">
    <p class='ocr_par' dir='ltr' id='par_1_53' title="bbox 1479 1100 2615 1157">
     <span class='ocr_line' id='line_1_126' title="bbox 1479 1100 2615 1157; baseline 0.006 -30"><span class='ocrx_word' id='word_1_1199' title='bbox 1479 1100 1586 1130; x_wconf 86' lang='lat' dir='ltr'>Amore.</span> <span class='ocrx_word' id='word_1_1200' title='bbox 1619 1100 1684 1130; x_wconf 88' lang='lat' dir='ltr'>Ter.</span> <span class='ocrx_word' id='word_1_1201' title='bbox 1697 1101 1805 1131; x_wconf 83' lang='lat' dir='ltr'>Phorm.</span> <span class='ocrx_word' id='word_1_1202' title='bbox 1822 1114 1843 1134; x_wconf 92' lang='lat'>1.</span> <span class='ocrx_word' id='word_1_1203' title='bbox 1859 1113 1882 1138; x_wconf 89' lang='lat'>3.</span> <span class='ocrx_word' id='word_1_1204' title='bbox 1903 1114 1944 1133; x_wconf 94' lang='lat'>11.</span> <span class='ocrx_word' id='word_1_1205' title='bbox 1981 1104 2047 1133; x_wconf 89' lang='lat' dir='ltr'>Aliis</span> <span class='ocrx_word' id='word_1_1206' title='bbox 2065 1105 2129 1141; x_wconf 85' lang='lat' dir='ltr'>quia</span> <span class='ocrx_word' id='word_1_1207' title='bbox 2143 1104 2210 1134; x_wconf 85' lang='lat' dir='ltr'>defit</span> <span class='ocrx_word' id='word_1_1208' title='bbox 2228 1103 2305 1141; x_wconf 82' lang='lat' dir='ltr'>quod</span> <span class='ocrx_word' id='word_1_1209' title='bbox 2321 1110 2432 1139; x_wconf 83' lang='lat' dir='ltr'>amant,</span> <span class='ocrx_word' id='word_1_1210' title='bbox 2460 1112 2529 1140; x_wconf 81' lang='lat' dir='ltr'>aegre</span> <span class='ocrx_word' id='word_1_1211' title='bbox 2544 1104 2615 1157; x_wconf 40' lang='lat' dir='ltr'>est:x</span> 
     </span>
    </p>
   </div>
   <div class='ocr_carea' id='block_1_8' title="bbox 1405 1137 2597 3935">
    <p class='ocr_par' dir='ltr' id='par_1_54' title="bbox 1498 1137 2319 1179">
     <span class='ocr_line' id='line_1_127' title="bbox 1498 1137 2319 1179; baseline 0.007 -14"><span class='ocrx_word' id='word_1_1212' title='bbox 1498 1137 1547 1166; x_wconf 89' lang='lat' dir='ltr'>tibi</span> <span class='ocrx_word' id='word_1_1213' title='bbox 1560 1138 1623 1174; x_wconf 84' lang='lat' dir='ltr'>quia</span> <span class='ocrx_word' id='word_1_1214' title='bbox 1633 1138 1767 1176; x_wconf 77' lang='lat' dir='ltr'>superest.</span> <span class='ocrx_word' id='word_1_1215' title='bbox 1789 1141 1874 1170; x_wconf 83' lang='lat' dir='ltr'>dolet.</span> <span class='ocrx_word' id='word_1_1216' title='bbox 1913 1143 2012 1171; x_wconf 88' lang='lat' dir='ltr'>Amore</span> <span class='ocrx_word' id='word_1_1217' title='bbox 2024 1142 2148 1171; x_wconf 84' lang='lat' dir='ltr'>abundas</span> <span class='ocrx_word' id='word_1_1218' title='bbox 2159 1165 2167 1176; x_wconf 96' lang='lat'>,</span> <span class='ocrx_word' id='word_1_1219' title='bbox 2189 1142 2319 1179; x_wconf 79' lang='lat' dir='ltr'>Antipho.</span> 
     </span>
    </p>

    <p class='ocr_par' dir='ltr' id='par_1_55' title="bbox 1477 1175 2597 1217">
     <span class='ocr_line' id='line_1_128' title="bbox 1477 1175 2597 1217; baseline 0.006 -14"><span class='ocrx_word' id='word_1_1220' title='bbox 1477 1175 1634 1212; x_wconf 78' lang='lat' dir='ltr'>JEqualium</span> <span class='ocrx_word' id='word_1_1221' title='bbox 1645 1176 1874 1208; x_wconf 69' lang='lat' dir='ltr'>familiaritatibus</span> <span class='ocrx_word' id='word_1_1222' title='bbox 1892 1181 1917 1209; x_wconf 71' lang='lat' dir='ltr'>Sc</span> <span class='ocrx_word' id='word_1_1223' title='bbox 1928 1180 2129 1209; x_wconf 88' lang='lat' dir='ltr'>consuetudine</span> <span class='ocrx_word' id='word_1_1224' title='bbox 2141 1180 2370 1217; x_wconf 86' lang='lat' dir='ltr'>propinquorum.</span> <span class='ocrx_word' id='word_1_1225' title='bbox 2399 1178 2458 1210; x_wconf 65' lang='lat' dir='ltr'>Cio.</span> <span class='ocrx_word' id='word_1_1226' title='bbox 2472 1189 2496 1216; x_wconf 83' lang='grc' dir='ltr'>ς.</span> <span class='ocrx_word' id='word_1_1227' title='bbox 2514 1177 2597 1213; x_wconf 57' lang='lat' dir='ltr'>Tusa·</span> 
     </span>
    </p>

    <p class='ocr_par' dir='ltr' id='par_1_56' title="bbox 1477 1212 2259 1255">
     <span class='ocr_line' id='line_1_129' title="bbox 1477 1212 2259 1255; baseline 0.006 -13"><span class='ocrx_word' id='word_1_1228' title='bbox 1477 1212 1603 1242; x_wconf 74' lang='lat' dir='ltr'>Barbarie</span> <span class='ocrx_word' id='word_1_1229' title='bbox 1617 1214 1739 1243; x_wconf 79' lang='lat' dir='ltr'>abundat</span> <span class='ocrx_word' id='word_1_1230' title='bbox 1753 1225 1836 1245; x_wconf 88' lang='lat' dir='ltr'>amor.</span> <span class='ocrx_word' id='word_1_1231' title='bbox 1864 1217 1946 1246; x_wconf 92' lang='lat' dir='ltr'>Ovid.</span> <span class='ocrx_word' id='word_1_1232' title='bbox 1961 1227 1985 1246; x_wconf 90' lang='lat'>2.</span> <span class='ocrx_word' id='word_1_1233' title='bbox 2005 1218 2040 1247; x_wconf 89' lang='lat' dir='ltr'>de</span> <span class='ocrx_word' id='word_1_1234' title='bbox 2051 1218 2112 1246; x_wconf 88' lang='lat' dir='ltr'>Arte</span> <span class='ocrx_word' id='word_1_1235' title='bbox 2125 1220 2183 1247; x_wconf 87' lang='lat' dir='ltr'>Am.</span> <span class='ocrx_word' id='word_1_1236' title='bbox 2198 1227 2259 1255; x_wconf 84' lang='lat'>552.</span> 
     </span>
    </p>

    <p class='ocr_par' dir='ltr' id='par_1_57' title="bbox 1477 1250 2168 1296">
     <span class='ocr_line' id='line_1_130' title="bbox 1477 1250 2168 1296; baseline 0.012 -18"><span class='ocrx_word' id='word_1_1237' title='bbox 1477 1250 1602 1286; x_wconf 69' lang='lat' dir='ltr'>Caligine</span> <span class='ocrx_word' id='word_1_1238' title='bbox 1613 1251 1736 1281; x_wconf 79' lang='lat' dir='ltr'>abundat</span> <span class='ocrx_word' id='word_1_1239' title='bbox 1747 1253 1854 1283; x_wconf 86' lang='lat' dir='ltr'>domus.</span> <span class='ocrx_word' id='word_1_1240' title='bbox 1884 1255 1966 1284; x_wconf 89' lang='lat' dir='ltr'>Ovid.</span> <span class='ocrx_word' id='word_1_1241' title='bbox 1981 1265 2006 1284; x_wconf 90' lang='lat'>2.</span> <span class='ocrx_word' id='word_1_1242' title='bbox 2022 1255 2092 1288; x_wconf 84' lang='lat' dir='ltr'>Met.</span> <span class='ocrx_word' id='word_1_1243' title='bbox 2104 1259 2168 1296; x_wconf 80' lang='lat'>764.</span> 
     </span>
    </p>

    <p class='ocr_par' dir='ltr' id='par_1_58' title="bbox 1477 1288 2077 1328">
     <span class='ocr_line' id='line_1_131' title="bbox 1477 1288 2077 1328; baseline 0.012 -12"><span class='ocrx_word' id='word_1_1244' title='bbox 1477 1288 1565 1325; x_wconf 78' lang='lat' dir='ltr'>Copia</span> <span class='ocrx_word' id='word_1_1245' title='bbox 1578 1289 1717 1318; x_wconf 86' lang='lat' dir='ltr'>frumenti.</span> <span class='ocrx_word' id='word_1_1246' title='bbox 1743 1290 1807 1321; x_wconf 77' lang='lat' dir='ltr'>Caes.</span> <span class='ocrx_word' id='word_1_1247' title='bbox 1822 1298 1847 1325; x_wconf 87' lang='lat'>8.</span> <span class='ocrx_word' id='word_1_1248' title='bbox 1869 1292 1936 1322; x_wconf 87' lang='lat' dir='ltr'>Bell.</span> <span class='ocrx_word' id='word_1_1249' title='bbox 1950 1292 2018 1324; x_wconf 82' lang='lat' dir='ltr'>Gall.</span> <span class='ocrx_word' id='word_1_1250' title='bbox 2032 1303 2077 1328; x_wconf 88' lang='lat'>40.</span> 
     </span>
    </p>

    <p class='ocr_par' dir='ltr' id='par_1_59' title="bbox 1475 1325 1946 1365">
     <span class='ocr_line' id='line_1_132' title="bbox 1475 1325 1946 1365; baseline 0.011 -11"><span class='ocrx_word' id='word_1_1251' title='bbox 1475 1325 1594 1356; x_wconf 88' lang='lat' dir='ltr'>Divitiis.</span> <span class='ocrx_word' id='word_1_1252' title='bbox 1622 1326 1686 1356; x_wconf 89' lang='lat' dir='ltr'>Ter.</span> <span class='ocrx_word' id='word_1_1253' title='bbox 1700 1328 1798 1358; x_wconf 84' lang='lat' dir='ltr'>Heaut.</span> <span class='ocrx_word' id='word_1_1254' title='bbox 1814 1339 1839 1365; x_wconf 91' lang='lat'>3.</span> <span class='ocrx_word' id='word_1_1255' title='bbox 1857 1339 1882 1359; x_wconf 88' lang='lat'>2.</span> <span class='ocrx_word' id='word_1_1256' title='bbox 1906 1334 1946 1359; x_wconf 93' lang='lat'>16.</span> 
     </span>
    </p>

    <p class='ocr_par' dir='ltr' id='par_1_60' title="bbox 1473 1363 2116 1406">
     <span class='ocr_line' id='line_1_133' title="bbox 1473 1363 2116 1406; baseline 0.011 -14"><span class='ocrx_word' id='word_1_1257' title='bbox 1473 1363 1607 1393; x_wconf 72' lang='lat' dir='ltr'>Doctrina</span> <span class='ocrx_word' id='word_1_1258' title='bbox 1618 1367 1644 1394; x_wconf 60' lang='grc' dir='ltr'>ἅ</span> <span class='ocrx_word' id='word_1_1259' title='bbox 1658 1366 1779 1402; x_wconf 78' lang='lat' dir='ltr'>ingenio.</span> <span class='ocrx_word' id='word_1_1260' title='bbox 1811 1367 1868 1396; x_wconf 87' lang='lat' dir='ltr'>Cic.</span> <span class='ocrx_word' id='word_1_1261' title='bbox 1884 1368 1918 1397; x_wconf 94' lang='lat' dir='ltr'>de</span> <span class='ocrx_word' id='word_1_1262' title='bbox 1934 1368 2011 1398; x_wconf 84' lang='lat' dir='ltr'>Orat.</span> <span class='ocrx_word' id='word_1_1263' title='bbox 2025 1377 2050 1406; x_wconf 90' lang='lat'>3.</span> <span class='ocrx_word' id='word_1_1264' title='bbox 2073 1371 2116 1405; x_wconf 83' lang='lat'>56.</span> 
     </span>
    </p>

    <p class='ocr_par' dir='ltr' id='par_1_61' title="bbox 1474 1401 1947 1443">
     <span class='ocr_line' id='line_1_134' title="bbox 1474 1401 1947 1443; baseline 0.017 -14"><span class='ocrx_word' id='word_1_1265' title='bbox 1474 1401 1643 1431; x_wconf 86' lang='lat' dir='ltr'>Honoribus.</span> <span class='ocrx_word' id='word_1_1266' title='bbox 1672 1403 1728 1433; x_wconf 87' lang='lat' dir='ltr'>Cic.</span> <span class='ocrx_word' id='word_1_1267' title='bbox 1745 1414 1785 1434; x_wconf 93' lang='lat'>10.</span> <span class='ocrx_word' id='word_1_1268' title='bbox 1806 1405 1888 1443; x_wconf 81' lang='lat' dir='ltr'>Epist.</span> <span class='ocrx_word' id='word_1_1269' title='bbox 1905 1415 1947 1437; x_wconf 87' lang='lat'>10.</span> 
     </span>
    </p>

    <p class='ocr_par' dir='ltr' id='par_1_62' title="bbox 1473 1439 1828 1474">
     <span class='ocr_line' id='line_1_135' title="bbox 1473 1439 1828 1474; baseline 0.006 -5"><span class='ocrx_word' id='word_1_1270' title='bbox 1473 1439 1523 1469; x_wconf 84' lang='lat' dir='ltr'>Ira.</span> <span class='ocrx_word' id='word_1_1271' title='bbox 1549 1440 1632 1469; x_wconf 90' lang='lat' dir='ltr'>Ovid.</span> <span class='ocrx_word' id='word_1_1272' title='bbox 1647 1443 1672 1469; x_wconf 88' lang='lat'>6.</span> <span class='ocrx_word' id='word_1_1273' title='bbox 1688 1441 1709 1470; x_wconf 88' lang='lat' dir='ltr'>E</span> <span class='ocrx_word' id='word_1_1274' title='bbox 1720 1442 1769 1471; x_wconf 64' lang='lat' dir='ltr'>iist.</span> <span class='ocrx_word' id='word_1_1275' title='bbox 1787 1447 1828 1474; x_wconf 84' lang='lat'>16,</span> 
     </span>
    </p>

    <p class='ocr_par' dir='ltr' id='par_1_63' title="bbox 1472 1476 1909 1510">
     <span class='ocr_line' id='line_1_136' title="bbox 1472 1476 1909 1510; baseline 0.011 -4"><span class='ocrx_word' id='word_1_1276' title='bbox 1472 1476 1586 1507; x_wconf 62' lang='lat' dir='ltr'>Laetitia.</span> <span class='ocrx_word' id='word_1_1277' title='bbox 1608 1477 1694 1507; x_wconf 82' lang='lat' dir='ltr'>Plaut.</span> <span class='ocrx_word' id='word_1_1278' title='bbox 1727 1480 1792 1509; x_wconf 89' lang='lat' dir='ltr'>tich.</span> <span class='ocrx_word' id='word_1_1279' title='bbox 1804 1491 1829 1510; x_wconf 89' lang='lat'>2.</span> <span class='ocrx_word' id='word_1_1280' title='bbox 1846 1490 1869 1510; x_wconf 95' lang='lat'>1.</span> <span class='ocrx_word' id='word_1_1281' title='bbox 1883 1484 1909 1510; x_wconf 88' lang='lat'>6.</span> 
     </span>
    </p>

    <p class='ocr_par' dir='ltr' id='par_1_64' title="bbox 1473 1514 1998 1556">
     <span class='ocr_line' id='line_1_137' title="bbox 1473 1514 1998 1556; baseline 0.011 -13"><span class='ocrx_word' id='word_1_1282' title='bbox 1473 1514 1612 1545; x_wconf 80' lang='lat' dir='ltr'>Laudibus</span> <span class='ocrx_word' id='word_1_1283' title='bbox 1624 1515 1737 1546; x_wconf 89' lang='lat' dir='ltr'>bellicis.</span> <span class='ocrx_word' id='word_1_1284' title='bbox 1769 1517 1826 1548; x_wconf 91' lang='lat' dir='ltr'>Cic.</span> <span class='ocrx_word' id='word_1_1285' title='bbox 1842 1529 1865 1548; x_wconf 90' lang='lat'>1.</span> <span class='ocrx_word' id='word_1_1286' title='bbox 1882 1518 1938 1548; x_wconf 87' lang='lat' dir='ltr'>Off.</span> <span class='ocrx_word' id='word_1_1287' title='bbox 1953 1524 1998 1556; x_wconf 85' lang='lat'>78.</span> 
     </span>
    </p>

    <p class='ocr_par' dir='ltr' id='par_1_65' title="bbox 1473 1553 2289 1595">
     <span class='ocr_line' id='line_1_138' title="bbox 1473 1553 2289 1595; baseline 0.007 -15"><span class='ocrx_word' id='word_1_1288' title='bbox 1473 1553 1582 1590; x_wconf 86' lang='lat' dir='ltr'>Opibus</span> <span class='ocrx_word' id='word_1_1289' title='bbox 1593 1554 1677 1583; x_wconf 76' lang='lat' dir='ltr'>fandi.</span> <span class='ocrx_word' id='word_1_1290' title='bbox 1707 1555 1739 1584; x_wconf 91' lang='lat' dir='ltr'>Id</span> <span class='ocrx_word' id='word_1_1291' title='bbox 1750 1555 1806 1591; x_wconf 79' lang='lat' dir='ltr'>est,</span> <span class='ocrx_word' id='word_1_1292' title='bbox 1827 1556 2000 1594; x_wconf 80' lang='lat' dir='ltr'>Eloquentia.</span> <span class='ocrx_word' id='word_1_1293' title='bbox 2028 1557 2095 1586; x_wconf 80' lang='lat' dir='ltr'>Stat.</span> <span class='ocrx_word' id='word_1_1294' title='bbox 2110 1566 2133 1586; x_wconf 93' lang='lat'>1.</span> <span class='ocrx_word' id='word_1_1295' title='bbox 2152 1556 2208 1595; x_wconf 82' lang='lat' dir='ltr'>Syl.</span> <span class='ocrx_word' id='word_1_1296' title='bbox 2221 1566 2248 1593; x_wconf 82' lang='lat'>4.</span> <span class='ocrx_word' id='word_1_1297' title='bbox 2262 1566 2289 1594; x_wconf 86' lang='lat'>7.</span> 
     </span>
    </p>

    <p class='ocr_par' dir='ltr' id='par_1_66' title="bbox 1471 1590 2150 1630">
     <span class='ocr_line' id='line_1_139' title="bbox 1471 1590 2150 1630; baseline 0.007 -11"><span class='ocrx_word' id='word_1_1298' title='bbox 1471 1590 1548 1620; x_wconf 91' lang='lat' dir='ltr'>Otio.</span> <span class='ocrx_word' id='word_1_1299' title='bbox 1578 1591 1655 1620; x_wconf 86' lang='lat' dir='ltr'>Idem</span> <span class='ocrx_word' id='word_1_1300' title='bbox 1668 1602 1692 1628; x_wconf 95' lang='lat'>7.</span> <span class='ocrx_word' id='word_1_1301' title='bbox 1708 1592 1790 1630; x_wconf 84' lang='lat' dir='ltr'>Epist.</span> <span class='ocrx_word' id='word_1_1302' title='bbox 1805 1604 1828 1624; x_wconf 90' lang='lat'>1.</span> <span class='ocrx_word' id='word_1_1303' title='bbox 1863 1595 1933 1624; x_wconf 88' lang='lat' dir='ltr'>Item</span> <span class='ocrx_word' id='word_1_1304' title='bbox 1946 1595 1981 1624; x_wconf 91' lang='lat' dir='ltr'>de</span> <span class='ocrx_word' id='word_1_1305' title='bbox 1993 1594 2069 1624; x_wconf 86' lang='lat' dir='ltr'>Orat.</span> <span class='ocrx_word' id='word_1_1306' title='bbox 2086 1605 2109 1624; x_wconf 89' lang='lat'>1.</span> <span class='ocrx_word' id='word_1_1307' title='bbox 2123 1598 2150 1624; x_wconf 88' lang='lat'>6.</span> 
     </span>
    </p>

    <p class='ocr_par' dir='ltr' id='par_1_67' title="bbox 1470 1628 2082 1668">
     <span class='ocr_line' id='line_1_140' title="bbox 1470 1628 2082 1668; baseline 0.01 -12"><span class='ocrx_word' id='word_1_1308' title='bbox 1470 1628 1620 1668; x_wconf 71' lang='lat' dir='ltr'>Prccceptis</span> <span class='ocrx_word' id='word_1_1309' title='bbox 1630 1629 1820 1668; x_wconf 67' lang='lat' dir='ltr'>Philosophiae.</span> <span class='ocrx_word' id='word_1_1310' title='bbox 1849 1632 1928 1664; x_wconf 80' lang='lat' dir='ltr'>Idem</span> <span class='ocrx_word' id='word_1_1311' title='bbox 1942 1643 1966 1663; x_wconf 85' lang='lat'>1.</span> <span class='ocrx_word' id='word_1_1312' title='bbox 1987 1632 2044 1663; x_wconf 84' lang='lat' dir='ltr'>Off.</span> <span class='ocrx_word' id='word_1_1313' title='bbox 2058 1642 2082 1662; x_wconf 90' lang='lat'>1.</span> 
     </span>
    </p>

    <p class='ocr_par' dir='ltr' id='par_1_68' title="bbox 1469 1666 1825 1703">
     <span class='ocr_line' id='line_1_141' title="bbox 1469 1666 1825 1703; baseline 0.017 -9"><span class='ocrx_word' id='word_1_1314' title='bbox 1469 1666 1572 1695; x_wconf 90' lang='lat' dir='ltr'>Rebus.</span> <span class='ocrx_word' id='word_1_1315' title='bbox 1605 1667 1662 1697; x_wconf 87' lang='lat' dir='ltr'>Cic.</span> <span class='ocrx_word' id='word_1_1316' title='bbox 1675 1679 1701 1703; x_wconf 84' lang='lat'>4.</span> <span class='ocrx_word' id='word_1_1317' title='bbox 1721 1669 1755 1698; x_wconf 92' lang='lat' dir='ltr'>de</span> <span class='ocrx_word' id='word_1_1318' title='bbox 1767 1669 1825 1701; x_wconf 86' lang='lat' dir='ltr'>Fin.</span> 
     </span>
    </p>

    <p class='ocr_par' dir='ltr' id='par_1_69' title="bbox 1469 1704 1845 1742">
     <span class='ocr_line' id='line_1_142' title="bbox 1469 1704 1845 1742; baseline 0.016 -10"><span class='ocrx_word' id='word_1_1319' title='bbox 1469 1704 1617 1742; x_wconf 80' lang='lat' dir='ltr'>Sapientia.</span> <span class='ocrx_word' id='word_1_1320' title='bbox 1643 1705 1701 1735; x_wconf 92' lang='lat' dir='ltr'>Cic.</span> <span class='ocrx_word' id='word_1_1321' title='bbox 1715 1707 1745 1735; x_wconf 87' lang='lat' dir='ltr'>in</span> <span class='ocrx_word' id='word_1_1322' title='bbox 1757 1706 1845 1739; x_wconf 87' lang='lat' dir='ltr'>Pison.</span> 
     </span>
    </p>

    <p class='ocr_par' dir='ltr' id='par_1_70' title="bbox 1468 1741 1940 1783">
     <span class='ocr_line' id='line_1_143' title="bbox 1468 1741 1940 1783; baseline 0.013 -13"><span class='ocrx_word' id='word_1_1323' title='bbox 1468 1741 1584 1772; x_wconf 88' lang='lat' dir='ltr'>Venere.</span> <span class='ocrx_word' id='word_1_1324' title='bbox 1614 1742 1683 1773; x_wconf 90' lang='lat' dir='ltr'>Plin.</span> <span class='ocrx_word' id='word_1_1325' title='bbox 1699 1744 1746 1774; x_wconf 90' lang='lat' dir='ltr'>lib.</span> <span class='ocrx_word' id='word_1_1326' title='bbox 1764 1755 1805 1774; x_wconf 93' lang='lat'>11.</span> <span class='ocrx_word' id='word_1_1327' title='bbox 1821 1755 1881 1783; x_wconf 86' lang='lat' dir='ltr'>cap.</span> <span class='ocrx_word' id='word_1_1328' title='bbox 1896 1754 1940 1781; x_wconf 77' lang='lat'>37.</span> 
     </span>
    </p>

    <p class='ocr_par' dir='ltr' id='par_1_71' title="bbox 1467 1779 2499 1825">
     <span class='ocr_line' id='line_1_144' title="bbox 1467 1779 2499 1825; baseline 0.008 -17"><span class='ocrx_word' id='word_1_1329' title='bbox 1467 1779 1630 1810; x_wconf 83' lang='lat' dir='ltr'>Virtutibus.</span> <span class='ocrx_word' id='word_1_1330' title='bbox 1660 1782 1730 1811; x_wconf 90' lang='lat' dir='ltr'>Plin.</span> <span class='ocrx_word' id='word_1_1331' title='bbox 1746 1782 1793 1812; x_wconf 88' lang='lat' dir='ltr'>lib.</span> <span class='ocrx_word' id='word_1_1332' title='bbox 1811 1793 1833 1812; x_wconf 87' lang='lat'>1.</span> <span class='ocrx_word' id='word_1_1333' title='bbox 1852 1783 1935 1821; x_wconf 88' lang='lat' dir='ltr'>Epist.</span> <span class='ocrx_word' id='word_1_1334' title='bbox 1952 1792 1993 1820; x_wconf 94' lang='lat'>17.</span> <span class='ocrx_word' id='word_1_1335' title='bbox 2495 1820 2499 1825; x_wconf 45' lang='grc' dir='ltr'>Ι</span> 
     </span>
    </p>

    <p class='ocr_par' dir='ltr' id='par_1_72' title="bbox 1467 1817 2590 1895">
     <span class='ocr_line' id='line_1_145' title="bbox 1467 1817 2590 1859; baseline 0.003 -12"><span class='ocrx_word' id='word_1_1336' title='bbox 1467 1817 1555 1848; x_wconf 87' lang='lat' dir='ltr'>Vitiis.</span> <span class='ocrx_word' id='word_1_1337' title='bbox 1590 1819 1708 1855; x_wconf 81' lang='lat' dir='ltr'>Quintil.</span> <span class='ocrx_word' id='word_1_1338' title='bbox 1738 1820 1888 1852; x_wconf 85' lang='lat' dir='ltr'>Abundant</span> <span class='ocrx_word' id='word_1_1339' title='bbox 1906 1821 2036 1851; x_wconf 85' lang='lat' dir='ltr'>dulcibus</span> <span class='ocrx_word' id='word_1_1340' title='bbox 2049 1821 2132 1852; x_wconf 79' lang='lat' dir='ltr'>vitiis.</span> <span class='ocrx_word' id='word_1_1341' title='bbox 2163 1820 2198 1851; x_wconf 88' lang='lat' dir='ltr'>de</span> <span class='ocrx_word' id='word_1_1342' title='bbox 2216 1821 2329 1852; x_wconf 82' lang='lat' dir='ltr'>Senecae</span> <span class='ocrx_word' id='word_1_1343' title='bbox 2348 1818 2464 1859; x_wconf 84' lang='lat' dir='ltr'>Scriptis</span> <span class='ocrx_word' id='word_1_1344' title='bbox 2481 1819 2530 1851; x_wconf 88' lang='lat' dir='ltr'>hb.</span> <span class='ocrx_word' id='word_1_1345' title='bbox 2547 1829 2590 1850; x_wconf 77' lang='grc' dir='ltr'>ιο.</span> 
     </span>
     <span class='ocr_line' id='line_1_146' title="bbox 1486 1858 1884 1895; baseline 0.01 -11"><span class='ocrx_word' id='word_1_1346' title='bbox 1486 1865 1546 1893; x_wconf 82' lang='lat' dir='ltr'>cap.</span> <span class='ocrx_word' id='word_1_1347' title='bbox 1561 1866 1584 1886; x_wconf 93' lang='lat'>1.</span> <span class='ocrx_word' id='word_1_1348' title='bbox 1603 1867 1630 1894; x_wconf 84' lang='lat' dir='ltr'>p.</span> <span class='ocrx_word' id='word_1_1349' title='bbox 1645 1868 1708 1895; x_wconf 84' lang='lat'>921.</span> <span class='ocrx_word' id='word_1_1350' title='bbox 1730 1858 1773 1888; x_wconf 90' lang='lat' dir='ltr'>ed.</span> <span class='ocrx_word' id='word_1_1351' title='bbox 1792 1859 1884 1888; x_wconf 85' lang='lat' dir='ltr'>Burin.</span> 
     </span>
    </p>

    <p class='ocr_par' dir='ltr' id='par_1_73' title="bbox 1466 1893 2251 1934">
     <span class='ocr_line' id='line_1_147' title="bbox 1466 1893 2251 1934; baseline 0.003 -10"><span class='ocrx_word' id='word_1_1352' title='bbox 1466 1893 1630 1929; x_wconf 76' lang='lat' dir='ltr'>Abundare,</span> <span class='ocrx_word' id='word_1_1353' title='bbox 1651 1895 1774 1925; x_wconf 87' lang='lat' dir='ltr'>absolute</span> <span class='ocrx_word' id='word_1_1354' title='bbox 1788 1897 1916 1934; x_wconf 86' lang='lat' dir='ltr'>positum.</span> <span class='ocrx_word' id='word_1_1355' title='bbox 1947 1896 2019 1933; x_wconf 83' lang='lat' dir='ltr'>Virg.</span> <span class='ocrx_word' id='word_1_1356' title='bbox 2033 1896 2132 1934; x_wconf 82' lang='lat' dir='ltr'>Georg.</span> <span class='ocrx_word' id='word_1_1357' title='bbox 2147 1906 2171 1934; x_wconf 88' lang='lat'>3.</span> <span class='ocrx_word' id='word_1_1358' title='bbox 2185 1903 2251 1933; x_wconf 83' lang='lat'>484.</span> 
     </span>
    </p>

    <p class='ocr_par' dir='ltr' id='par_1_74' title="bbox 1484 1932 2493 2012">
     <span class='ocr_line' id='line_1_148' title="bbox 1578 1932 2084 1972; baseline 0.004 -11"><span class='ocrx_word' id='word_1_1359' title='bbox 1578 1932 1679 1963; x_wconf 84' lang='lat' dir='ltr'>Rursus</span> <span class='ocrx_word' id='word_1_1360' title='bbox 1693 1933 1851 1964; x_wconf 79' lang='lat' dir='ltr'>abundabat</span> <span class='ocrx_word' id='word_1_1361' title='bbox 1869 1935 1971 1963; x_wconf 83' lang='lat' dir='ltr'>fiuidus</span> <span class='ocrx_word' id='word_1_1362' title='bbox 1985 1934 2084 1972; x_wconf 88' lang='lat' dir='ltr'>liquor.</span> 
     </span>
     <span class='ocr_line' id='line_1_149' title="bbox 1484 1969 2493 2012; baseline 0.005 -14"><span class='ocrx_word' id='word_1_1363' title='bbox 1484 1969 1553 1999; x_wconf 89' lang='lat' dir='ltr'>Plin.</span> <span class='ocrx_word' id='word_1_1364' title='bbox 1571 1970 1618 1999; x_wconf 87' lang='lat' dir='ltr'>lib.</span> <span class='ocrx_word' id='word_1_1365' title='bbox 1634 1982 1676 2007; x_wconf 87' lang='lat'>14.</span> <span class='ocrx_word' id='word_1_1366' title='bbox 1698 1972 1728 2000; x_wconf 89' lang='lat' dir='ltr'>in</span> <span class='ocrx_word' id='word_1_1367' title='bbox 1738 1974 1876 2010; x_wconf 79' lang='lat' dir='ltr'>prooemio</span> <span class='ocrx_word' id='word_1_1368' title='bbox 1887 1994 1895 2007; x_wconf 86' lang='lat'>,</span> <span class='ocrx_word' id='word_1_1369' title='bbox 1915 1972 2095 2001; x_wconf 72' lang='lat' dir='ltr'>abundabant</span> <span class='ocrx_word' id='word_1_1370' title='bbox 2106 1973 2132 2002; x_wconf 76' lang='lat' dir='ltr'>Sc</span> <span class='ocrx_word' id='word_1_1371' title='bbox 2142 1973 2256 2010; x_wconf 84' lang='lat' dir='ltr'>praemia</span> <span class='ocrx_word' id='word_1_1372' title='bbox 2270 1974 2297 2003; x_wconf 74' lang='lat' dir='ltr'>«Sc</span> <span class='ocrx_word' id='word_1_1373' title='bbox 2309 1983 2400 2012; x_wconf 86' lang='lat' dir='ltr'>operae</span> <span class='ocrx_word' id='word_1_1374' title='bbox 2410 1973 2493 2003; x_wconf 86' lang='lat' dir='ltr'>vitae.&#39;</span> 
     </span>
    </p>

    <p class='ocr_par' dir='ltr' id='par_1_75' title="bbox 1464 2007 2351 2049">
     <span class='ocr_line' id='line_1_150' title="bbox 1464 2007 2351 2049; baseline 0.003 -12"><span class='ocrx_word' id='word_1_1375' title='bbox 1464 2007 1594 2037; x_wconf 78' lang='lat' dir='ltr'>Abundat</span> <span class='ocrx_word' id='word_1_1376' title='bbox 1605 2009 1666 2039; x_wconf 89' lang='lat' dir='ltr'>fons</span> <span class='ocrx_word' id='word_1_1377' title='bbox 1677 2010 1706 2038; x_wconf 90' lang='lat' dir='ltr'>in</span> <span class='ocrx_word' id='word_1_1378' title='bbox 1717 2020 1830 2039; x_wconf 89' lang='lat' dir='ltr'>omnem</span> <span class='ocrx_word' id='word_1_1379' title='bbox 1841 2016 1956 2049; x_wconf 87' lang='lat' dir='ltr'>partem.</span> <span class='ocrx_word' id='word_1_1380' title='bbox 1988 2010 2056 2039; x_wconf 85' lang='lat' dir='ltr'>Plin.</span> <span class='ocrx_word' id='word_1_1381' title='bbox 2070 2010 2118 2039; x_wconf 89' lang='lat' dir='ltr'>lib.</span> <span class='ocrx_word' id='word_1_1382' title='bbox 2135 2017 2176 2045; x_wconf 87' lang='lat'>18.</span> <span class='ocrx_word' id='word_1_1383' title='bbox 2193 2020 2252 2048; x_wconf 86' lang='lat' dir='ltr'>cap.</span> <span class='ocrx_word' id='word_1_1384' title='bbox 2266 2021 2310 2040; x_wconf 80' lang='lat'>22.</span> <span class='ocrx_word' id='word_1_1385' title='bbox 2329 2022 2351 2041; x_wconf 92' lang='lat'>1.</span> 
     </span>
    </p>

    <p class='ocr_par' dir='ltr' id='par_1_76' title="bbox 1464 2045 2590 2130">
     <span class='ocr_line' id='line_1_151' title="bbox 1464 2045 2590 2086; baseline 0.002 -10"><span class='ocrx_word' id='word_1_1386' title='bbox 1464 2045 1610 2076; x_wconf 82' lang='lat' dir='ltr'>Abundare</span> <span class='ocrx_word' id='word_1_1387' title='bbox 1626 2057 1690 2076; x_wconf 89' lang='lat' dir='ltr'>cum</span> <span class='ocrx_word' id='word_1_1388' title='bbox 1702 2048 1832 2084; x_wconf 79' lang='lat' dir='ltr'>genitivo.</span> <span class='ocrx_word' id='word_1_1389' title='bbox 1862 2048 1948 2079; x_wconf 86' lang='lat' dir='ltr'>Lucil.</span> <span class='ocrx_word' id='word_1_1390' title='bbox 1980 2048 2107 2084; x_wconf 83' lang='lat' dir='ltr'>Quarum</span> <span class='ocrx_word' id='word_1_1391' title='bbox 2122 2050 2148 2079; x_wconf 72' lang='lat' dir='ltr'>Sc</span> <span class='ocrx_word' id='word_1_1392' title='bbox 2160 2049 2333 2079; x_wconf 85' lang='lat' dir='ltr'>abundemus</span> <span class='ocrx_word' id='word_1_1393' title='bbox 2348 2059 2457 2085; x_wconf 88' lang='lat' dir='ltr'>rerum,</span> <span class='ocrx_word' id='word_1_1394' title='bbox 2486 2049 2512 2078; x_wconf 88' lang='lat'>&amp;</span> <span class='ocrx_word' id='word_1_1395' title='bbox 2525 2058 2590 2086; x_wconf 76' lang='lat' dir='ltr'>qua-</span> 
     </span>
     <span class='ocr_line' id='line_1_152' title="bbox 1484 2085 2511 2130; baseline 0.008 -19"><span class='ocrx_word' id='word_1_1396' title='bbox 1484 2094 1545 2112; x_wconf 86' lang='lat' dir='ltr'>rum</span> <span class='ocrx_word' id='word_1_1397' title='bbox 1557 2085 1736 2122; x_wconf 84' lang='lat' dir='ltr'>indigeamus.</span> <span class='ocrx_word' id='word_1_1398' title='bbox 1775 2086 1816 2115; x_wconf 80' lang='lat' dir='ltr'>Ex</span> <span class='ocrx_word' id='word_1_1399' title='bbox 1832 2086 1935 2116; x_wconf 87' lang='lat' dir='ltr'>Nonio.</span> <span class='ocrx_word' id='word_1_1400' title='bbox 2506 2125 2511 2130; x_wconf 49' lang='grc'>,</span> 
     </span>
    </p>

    <p class='ocr_par' dir='ltr' id='par_1_77' title="bbox 1463 2121 2589 2235">
     <span class='ocr_line' id='line_1_153' title="bbox 1463 2121 2589 2158; baseline 0.002 -7"><span class='ocrx_word' id='word_1_1401' title='bbox 1463 2121 1628 2157; x_wconf 83' lang='lat' dir='ltr'>Abundare,</span> <span class='ocrx_word' id='word_1_1402' title='bbox 1657 2133 1720 2152; x_wconf 91' lang='lat' dir='ltr'>cum</span> <span class='ocrx_word' id='word_1_1403' title='bbox 1733 2124 1849 2158; x_wconf 77' lang='lat' dir='ltr'>accusat.</span> <span class='ocrx_word' id='word_1_1404' title='bbox 1873 2124 1967 2153; x_wconf 86' lang='lat' dir='ltr'>Nerat.</span> <span class='ocrx_word' id='word_1_1405' title='bbox 1981 2123 2038 2153; x_wconf 92' lang='lat' dir='ltr'>inl.</span> <span class='ocrx_word' id='word_1_1406' title='bbox 2069 2124 2097 2153; x_wconf 90' lang='lat' dir='ltr'>Si</span> <span class='ocrx_word' id='word_1_1407' title='bbox 2115 2124 2243 2153; x_wconf 89' lang='lat' dir='ltr'>fundum.</span> <span class='ocrx_word' id='word_1_1408' title='bbox 2266 2125 2300 2154; x_wconf 94' lang='lat' dir='ltr'>D.</span> <span class='ocrx_word' id='word_1_1409' title='bbox 2314 2124 2451 2155; x_wconf 85' lang='lat' dir='ltr'>Mandati.</span> <span class='ocrx_word' id='word_1_1410' title='bbox 2485 2124 2530 2154; x_wconf 89' lang='lat' dir='ltr'>Sic</span> <span class='ocrx_word' id='word_1_1411' title='bbox 2540 2130 2589 2154; x_wconf 71' lang='lat' dir='ltr'>tua</span> 
     </span>
     <span class='ocr_line' id='line_1_154' title="bbox 1482 2161 2589 2199; baseline 0.003 -11"><span class='ocrx_word' id='word_1_1412' title='bbox 1482 2169 1545 2197; x_wconf 85' lang='lat' dir='ltr'>pars</span> <span class='ocrx_word' id='word_1_1413' title='bbox 1559 2162 1758 2197; x_wconf 65' lang='lat' dir='ltr'>coarctabitur,</span> <span class='ocrx_word' id='word_1_1414' title='bbox 1779 2168 1811 2191; x_wconf 91' lang='lat' dir='ltr'>ut</span> <span class='ocrx_word' id='word_1_1415' title='bbox 1824 2172 1882 2191; x_wconf 90' lang='lat' dir='ltr'>non</span> <span class='ocrx_word' id='word_1_1416' title='bbox 1893 2161 2017 2191; x_wconf 86' lang='lat' dir='ltr'>abundet</span> <span class='ocrx_word' id='word_1_1417' title='bbox 2030 2162 2154 2190; x_wconf 83' lang='lat' dir='ltr'>mandati</span> <span class='ocrx_word' id='word_1_1418' title='bbox 2169 2163 2360 2199; x_wconf 84' lang='lat' dir='ltr'>quantitatem.</span> <span class='ocrx_word' id='word_1_1419' title='bbox 2399 2162 2432 2192; x_wconf 93' lang='lat' dir='ltr'>Id</span> <span class='ocrx_word' id='word_1_1420' title='bbox 2445 2162 2501 2198; x_wconf 87' lang='lat' dir='ltr'>est,</span> <span class='ocrx_word' id='word_1_1421' title='bbox 2520 2162 2589 2192; x_wconf 89' lang='lat' dir='ltr'>Non</span> 
     </span>
     <span class='ocr_line' id='line_1_155' title="bbox 1482 2198 2530 2235; baseline 0.003 -9"><span class='ocrx_word' id='word_1_1422' title='bbox 1482 2198 1606 2235; x_wconf 79' lang='lat' dir='ltr'>superet.</span> <span class='ocrx_word' id='word_1_1423' title='bbox 1634 2209 1691 2228; x_wconf 89' lang='lat' dir='ltr'>non</span> <span class='ocrx_word' id='word_1_1424' title='bbox 1702 2200 1827 2229; x_wconf 77' lang='lat' dir='ltr'>excedat.</span> <span class='ocrx_word' id='word_1_1425' title='bbox 1865 2200 1910 2229; x_wconf 83' lang='lat' dir='ltr'>Sic</span> <span class='ocrx_word' id='word_1_1426' title='bbox 1928 2199 2032 2228; x_wconf 82' lang='lat' dir='ltr'>habent</span> <span class='ocrx_word' id='word_1_1427' title='bbox 2048 2199 2207 2228; x_wconf 77' lang='lat' dir='ltr'>Haloander</span> <span class='ocrx_word' id='word_1_1428' title='bbox 2217 2201 2243 2229; x_wconf 71' lang='lat' dir='ltr'>Sc</span> <span class='ocrx_word' id='word_1_1429' title='bbox 2255 2201 2397 2230; x_wconf 67' lang='lat' dir='ltr'>Pandectae</span> <span class='ocrx_word' id='word_1_1430' title='bbox 2409 2200 2530 2230; x_wconf 85' lang='lat' dir='ltr'>Florent.</span> 
     </span>
    </p>

    <p class='ocr_par' dir='ltr' id='par_1_78' title="bbox 1462 2234 2592 2349">
     <span class='ocr_line' id='line_1_156' title="bbox 1462 2234 2592 2275; baseline 0.002 -10"><span class='ocrx_word' id='word_1_1431' title='bbox 1462 2234 1537 2265; x_wconf 87' lang='lat' dir='ltr'>Inter</span> <span class='ocrx_word' id='word_1_1432' title='bbox 1554 2236 1699 2266; x_wconf 83' lang='lat' dir='ltr'>Abundare</span> <span class='ocrx_word' id='word_1_1433' title='bbox 1720 2239 1746 2267; x_wconf 73' lang='lat' dir='ltr'>Sc</span> <span class='ocrx_word' id='word_1_1434' title='bbox 1764 2238 1931 2267; x_wconf 82' lang='lat' dir='ltr'>Redundare</span> <span class='ocrx_word' id='word_1_1435' title='bbox 1949 2237 2008 2266; x_wconf 72' lang='lat' dir='ltr'>haec</span> <span class='ocrx_word' id='word_1_1436' title='bbox 2019 2238 2057 2266; x_wconf 90' lang='lat' dir='ltr'>est</span> <span class='ocrx_word' id='word_1_1437' title='bbox 2069 2237 2234 2267; x_wconf 74' lang='lat' dir='ltr'>differentia.</span> <span class='ocrx_word' id='word_1_1438' title='bbox 2272 2238 2419 2274; x_wconf 88' lang='lat' dir='ltr'>Abundat,</span> <span class='ocrx_word' id='word_1_1439' title='bbox 2441 2248 2500 2267; x_wconf 89' lang='lat' dir='ltr'>non</span> <span class='ocrx_word' id='word_1_1440' title='bbox 2512 2236 2592 2275; x_wconf 84' lang='lat' dir='ltr'>quod-</span> 
     </span>
     <span class='ocr_line' id='line_1_157' title="bbox 1481 2272 2587 2316; baseline 0.004 -15"><span class='ocrx_word' id='word_1_1441' title='bbox 1481 2272 1649 2311; x_wconf 77' lang='lat' dir='ltr'>superfluum</span> <span class='ocrx_word' id='word_1_1442' title='bbox 1659 2276 1695 2304; x_wconf 89' lang='lat' dir='ltr'>est</span> <span class='ocrx_word' id='word_1_1443' title='bbox 1706 2297 1714 2310; x_wconf 93' lang='lat'>,</span> <span class='ocrx_word' id='word_1_1444' title='bbox 1735 2275 1781 2304; x_wconf 86' lang='lat' dir='ltr'>sed</span> <span class='ocrx_word' id='word_1_1445' title='bbox 1793 2276 1868 2316; x_wconf 90' lang='lat' dir='ltr'>quod</span> <span class='ocrx_word' id='word_1_1446' title='bbox 1879 2275 1917 2304; x_wconf 88' lang='lat' dir='ltr'>est</span> <span class='ocrx_word' id='word_1_1447' title='bbox 1928 2274 2072 2313; x_wconf 86' lang='lat' dir='ltr'>copiosum</span> <span class='ocrx_word' id='word_1_1448' title='bbox 2083 2278 2109 2305; x_wconf 58' lang='grc' dir='ltr'>ὃς</span> <span class='ocrx_word' id='word_1_1449' title='bbox 2120 2275 2303 2306; x_wconf 87' lang='lat' dir='ltr'>cumulatum.</span> <span class='ocrx_word' id='word_1_1450' title='bbox 2333 2276 2493 2312; x_wconf 81' lang='lat' dir='ltr'>Redundat,</span> <span class='ocrx_word' id='word_1_1451' title='bbox 2509 2276 2587 2313; x_wconf 85' lang='lat' dir='ltr'>quod</span> 
     </span>
     <span class='ocr_line' id='line_1_158' title="bbox 1480 2311 1772 2349; baseline 0.01 -9"><span class='ocrx_word' id='word_1_1452' title='bbox 1480 2311 1713 2349; x_wconf 82' lang='lat' dir='ltr'>supervacaneum</span> <span class='ocrx_word' id='word_1_1453' title='bbox 1726 2314 1772 2344; x_wconf 89' lang='lat' dir='ltr'>est.</span> 
     </span>
    </p>

    <p class='ocr_par' dir='ltr' id='par_1_79' title="bbox 1423 2349 2587 2464">
     <span class='ocr_line' id='line_1_159' title="bbox 1423 2349 2587 2394; baseline 0.003 -17"><span class='ocrx_word' id='word_1_1454' title='bbox 1423 2349 1445 2380; x_wconf 86' lang='lat' dir='ltr'>A</span> <span class='ocrx_word' id='word_1_1455' title='bbox 1453 2359 1468 2377; x_wconf 72' lang='grc' dir='ltr'><strong><em>Β</em></strong></span> <span class='ocrx_word' id='word_1_1456' title='bbox 1476 2359 1494 2377; x_wconf 86' lang='lat' dir='ltr'>u</span> <span class='ocrx_word' id='word_1_1457' title='bbox 1505 2359 1524 2377; x_wconf 96' lang='grc' dir='ltr'>Ν</span> <span class='ocrx_word' id='word_1_1458' title='bbox 1534 2359 1550 2377; x_wconf 83' lang='grc' dir='ltr'>ι)</span> <span class='ocrx_word' id='word_1_1459' title='bbox 1558 2360 1577 2378; x_wconf 76' lang='lat' dir='ltr'>A</span> <span class='ocrx_word' id='word_1_1460' title='bbox 1588 2359 1606 2378; x_wconf 85' lang='lat' dir='ltr'>N</span> <span class='ocrx_word' id='word_1_1461' title='bbox 1615 2360 1626 2379; x_wconf 87' lang='lat' dir='ltr'>s</span> <span class='ocrx_word' id='word_1_1462' title='bbox 1636 2373 1644 2386; x_wconf 99' lang='lat'>,</span> <span class='ocrx_word' id='word_1_1463' title='bbox 1667 2353 1681 2387; x_wconf 93' lang='lat'>[</span> <span class='ocrx_word' id='word_1_1464' title='bbox 1693 2355 1800 2387; x_wconf 54' lang='lat' dir='ltr'>sume&amp;</span> <span class='ocrx_word' id='word_1_1465' title='bbox 1810 2371 1819 2386; x_wconf 87' lang='lat'>,</span> <span class='ocrx_word' id='word_1_1466' title='bbox 1841 2350 1977 2386; x_wconf 59' lang='grc' dir='ltr'>ἅφῖυνῷι]</span> <span class='ocrx_word' id='word_1_1467' title='bbox 1999 2350 2096 2380; x_wconf 84' lang='lat' dir='ltr'>Partic.</span> <span class='ocrx_word' id='word_1_1468' title='bbox 2117 2357 2149 2379; x_wconf 87' lang='lat' dir='ltr'>ut</span> <span class='ocrx_word' id='word_1_1469' title='bbox 2159 2351 2285 2381; x_wconf 84' lang='lat' dir='ltr'>Priscian.</span> <span class='ocrx_word' id='word_1_1470' title='bbox 2298 2351 2345 2381; x_wconf 90' lang='lat' dir='ltr'>lib.</span> <span class='ocrx_word' id='word_1_1471' title='bbox 2361 2357 2402 2386; x_wconf 83' lang='lat'>18.</span> <span class='ocrx_word' id='word_1_1472' title='bbox 2435 2351 2587 2394; x_wconf 78' lang='lat' dir='ltr'>Abundans</span> 
     </span>
     <span class='ocr_line' id='line_1_160' title="bbox 1459 2386 2584 2427; baseline 0.003 -12"><span class='ocrx_word' id='word_1_1473' title='bbox 1459 2386 1534 2416; x_wconf 85' lang='lat' dir='ltr'>illius</span> <span class='ocrx_word' id='word_1_1474' title='bbox 1545 2388 1583 2416; x_wconf 89' lang='lat' dir='ltr'>rei</span> <span class='ocrx_word' id='word_1_1475' title='bbox 1595 2410 1603 2422; x_wconf 92' lang='lat'>,</span> <span class='ocrx_word' id='word_1_1476' title='bbox 1623 2398 1728 2418; x_wconf 88' lang='lat' dir='ltr'>nomen</span> <span class='ocrx_word' id='word_1_1477' title='bbox 1742 2390 1788 2419; x_wconf 91' lang='lat' dir='ltr'>est.</span> <span class='ocrx_word' id='word_1_1478' title='bbox 1826 2389 1898 2420; x_wconf 87' lang='lat' dir='ltr'>Nam</span> <span class='ocrx_word' id='word_1_1479' title='bbox 1912 2390 2008 2427; x_wconf 80' lang='lat' dir='ltr'>partic.</span> <span class='ocrx_word' id='word_1_1480' title='bbox 2026 2389 2145 2418; x_wconf 81' lang='lat' dir='ltr'>ablativo</span> <span class='ocrx_word' id='word_1_1481' title='bbox 2154 2411 2162 2425; x_wconf 91' lang='lat'>,</span> <span class='ocrx_word' id='word_1_1482' title='bbox 2182 2399 2238 2426; x_wconf 84' lang='lat' dir='ltr'>quo</span> <span class='ocrx_word' id='word_1_1483' title='bbox 2249 2390 2337 2419; x_wconf 89' lang='lat' dir='ltr'>modo</span> <span class='ocrx_word' id='word_1_1484' title='bbox 2349 2391 2376 2420; x_wconf 69' lang='grc' dir='ltr'>δι</span> <span class='ocrx_word' id='word_1_1485' title='bbox 2386 2389 2502 2420; x_wconf 85' lang='lat' dir='ltr'>verbum</span> <span class='ocrx_word' id='word_1_1486' title='bbox 2512 2398 2584 2426; x_wconf 71' lang='lat' dir='ltr'>ejus,</span> 
     </span>
     <span class='ocr_line' id='line_1_161' title="bbox 1460 2426 2555 2464; baseline 0.004 -10"><span class='ocrx_word' id='word_1_1487' title='bbox 1460 2426 1647 2462; x_wconf 76' lang='lat' dir='ltr'>conjungitur.</span> <span class='ocrx_word' id='word_1_1488' title='bbox 1677 2427 1749 2464; x_wconf 89' lang='lat' dir='ltr'>Virg.</span> <span class='ocrx_word' id='word_1_1489' title='bbox 1764 2428 1794 2456; x_wconf 90' lang='lat' dir='ltr'>in</span> <span class='ocrx_word' id='word_1_1490' title='bbox 1805 2427 1899 2456; x_wconf 90' lang='lat' dir='ltr'>Bucol.</span> <span class='ocrx_word' id='word_1_1491' title='bbox 1913 2437 1938 2456; x_wconf 89' lang='lat'>2.</span> <span class='ocrx_word' id='word_1_1492' title='bbox 1953 2437 1998 2456; x_wconf 91' lang='lat'>20.</span> <span class='ocrx_word' id='word_1_1493' title='bbox 2552 2438 2555 2439; x_wconf 50' lang='lat'><em>⁷</em></span> 
     </span>
    </p>

    <p class='ocr_par' dir='ltr' id='par_1_80' title="bbox 1541 2463 2314 2503">
     <span class='ocr_line' id='line_1_162' title="bbox 1541 2463 2314 2503; baseline 0.004 -11"><span class='ocrx_word' id='word_1_1494' title='bbox 1541 2463 1632 2499; x_wconf 78' lang='lat' dir='ltr'>Quam</span> <span class='ocrx_word' id='word_1_1495' title='bbox 1650 2464 1726 2494; x_wconf 88' lang='lat' dir='ltr'>dives</span> <span class='ocrx_word' id='word_1_1496' title='bbox 1741 2465 1849 2503; x_wconf 88' lang='lat' dir='ltr'>pecoris</span> <span class='ocrx_word' id='word_1_1497' title='bbox 1859 2487 1867 2498; x_wconf 48' lang='grc' dir='ltr'><strong>Ἰ</strong></span> <span class='ocrx_word' id='word_1_1498' title='bbox 1888 2465 1962 2494; x_wconf 87' lang='lat' dir='ltr'>nivei</span> <span class='ocrx_word' id='word_1_1499' title='bbox 1974 2474 2056 2501; x_wconf 86' lang='lat' dir='ltr'>quam</span> <span class='ocrx_word' id='word_1_1500' title='bbox 2069 2463 2147 2494; x_wconf 68' lang='lat' dir='ltr'>lactis</span> <span class='ocrx_word' id='word_1_1501' title='bbox 2161 2465 2314 2496; x_wconf 77' lang='lat' dir='ltr'>abundans.</span> 
     </span>
    </p>

    <p class='ocr_par' dir='ltr' id='par_1_81' title="bbox 1460 2500 2172 2540">
     <span class='ocr_line' id='line_1_163' title="bbox 1460 2500 2172 2540; baseline 0.004 -12"><span class='ocrx_word' id='word_1_1502' title='bbox 1460 2500 1531 2536; x_wconf 89' lang='lat' dir='ltr'>Quis</span> <span class='ocrx_word' id='word_1_1503' title='bbox 1542 2507 1598 2530; x_wconf 86' lang='lat' dir='ltr'>tam</span> <span class='ocrx_word' id='word_1_1504' title='bbox 1611 2501 1754 2532; x_wconf 82' lang='lat' dir='ltr'>abundans</span> <span class='ocrx_word' id='word_1_1505' title='bbox 1765 2503 1875 2540; x_wconf 73' lang='lat' dir='ltr'>copiis?</span> <span class='ocrx_word' id='word_1_1506' title='bbox 1896 2502 1953 2532; x_wconf 78' lang='lat' dir='ltr'>Cic.</span> <span class='ocrx_word' id='word_1_1507' title='bbox 1990 2512 2018 2531; x_wconf 94' lang='lat' dir='ltr'>ro</span> <span class='ocrx_word' id='word_1_1508' title='bbox 2031 2502 2172 2531; x_wconf 86' lang='lat' dir='ltr'>Cornelio.</span> 
     </span>
    </p>

    <p class='ocr_par' dir='ltr' id='par_1_82' title="bbox 1456 2539 2582 2615">
     <span class='ocr_line' id='line_1_164' title="bbox 1456 2539 2582 2584; baseline 0 -15"><span class='ocrx_word' id='word_1_1509' title='bbox 1456 2539 1607 2569; x_wconf 81' lang='lat' dir='ltr'>Abundans</span> <span class='ocrx_word' id='word_1_1510' title='bbox 1619 2540 1740 2578; x_wconf 79' lang='lat' dir='ltr'>&amp;Inops</span> <span class='ocrx_word' id='word_1_1511' title='bbox 1751 2563 1759 2576; x_wconf 97' lang='lat'>,</span> <span class='ocrx_word' id='word_1_1512' title='bbox 1780 2541 1924 2570; x_wconf 83' lang='lat' dir='ltr'>contraria.</span> <span class='ocrx_word' id='word_1_1513' title='bbox 1983 2541 2015 2570; x_wconf 91' lang='lat' dir='ltr'>ic.</span> <span class='ocrx_word' id='word_1_1514' title='bbox 2034 2541 2063 2569; x_wconf 91' lang='lat' dir='ltr'>in</span> <span class='ocrx_word' id='word_1_1515' title='bbox 2076 2540 2150 2569; x_wconf 89' lang='lat' dir='ltr'>Brut.</span> <span class='ocrx_word' id='word_1_1516' title='bbox 2165 2546 2227 2577; x_wconf 82' lang='lat'>238.</span> <span class='ocrx_word' id='word_1_1517' title='bbox 2269 2540 2336 2570; x_wconf 91' lang='lat' dir='ltr'>Non</span> <span class='ocrx_word' id='word_1_1518' title='bbox 2352 2545 2418 2584; x_wconf 40' lang='lat' dir='ltr'>erat·</span> <span class='ocrx_word' id='word_1_1519' title='bbox 2427 2539 2582 2576; x_wconf 70' lang='lat' dir='ltr'>abundans,</span> 
     </span>
     <span class='ocr_line' id='line_1_165' title="bbox 1477 2577 2448 2615; baseline 0.003 -11"><span class='ocrx_word' id='word_1_1520' title='bbox 1477 2586 1535 2605; x_wconf 89' lang='lat' dir='ltr'>non</span> <span class='ocrx_word' id='word_1_1521' title='bbox 1550 2577 1630 2615; x_wconf 90' lang='lat' dir='ltr'>inops</span> <span class='ocrx_word' id='word_1_1522' title='bbox 1645 2584 1754 2608; x_wconf 82' lang='lat' dir='ltr'>tamen:</span> <span class='ocrx_word' id='word_1_1523' title='bbox 1776 2588 1833 2607; x_wconf 92' lang='lat' dir='ltr'>non</span> <span class='ocrx_word' id='word_1_1524' title='bbox 1843 2578 1923 2607; x_wconf 86' lang='lat' dir='ltr'>valde</span> <span class='ocrx_word' id='word_1_1525' title='bbox 1936 2579 2027 2607; x_wconf 85' lang='lat' dir='ltr'>nitens</span> <span class='ocrx_word' id='word_1_1526' title='bbox 2038 2600 2046 2612; x_wconf 93' lang='lat'>,</span> <span class='ocrx_word' id='word_1_1527' title='bbox 2066 2588 2124 2607; x_wconf 86' lang='lat' dir='ltr'>non</span> <span class='ocrx_word' id='word_1_1528' title='bbox 2136 2578 2218 2615; x_wconf 84' lang='lat' dir='ltr'>plane</span> <span class='ocrx_word' id='word_1_1529' title='bbox 2228 2578 2340 2607; x_wconf 89' lang='lat' dir='ltr'>horrida</span> <span class='ocrx_word' id='word_1_1530' title='bbox 2351 2585 2448 2607; x_wconf 78' lang='lat' dir='ltr'>oratic.</span> 
     </span>
    </p>

    <p class='ocr_par' dir='ltr' id='par_1_83' title="bbox 1457 2613 2583 2721">
     <span class='ocr_line' id='line_1_166' title="bbox 1457 2613 2581 2653; baseline 0.002 -11"><span class='ocrx_word' id='word_1_1531' title='bbox 1457 2613 1608 2644; x_wconf 83' lang='lat' dir='ltr'>Abundans</span> <span class='ocrx_word' id='word_1_1532' title='bbox 1633 2616 1726 2645; x_wconf 89' lang='lat' dir='ltr'>homo.</span> <span class='ocrx_word' id='word_1_1533' title='bbox 1767 2616 1824 2645; x_wconf 91' lang='lat' dir='ltr'>Cic.</span> <span class='ocrx_word' id='word_1_1534' title='bbox 1847 2626 1873 2645; x_wconf 87' lang='lat'>2.</span> <span class='ocrx_word' id='word_1_1535' title='bbox 1899 2616 2017 2653; x_wconf 86' lang='lat' dir='ltr'>Philipp.</span> <span class='ocrx_word' id='word_1_1536' title='bbox 2039 2619 2083 2644; x_wconf 89' lang='lat'>66.</span> <span class='ocrx_word' id='word_1_1537' title='bbox 2130 2616 2222 2645; x_wconf 81' lang='lat' dir='ltr'>Multa</span> <span class='ocrx_word' id='word_1_1538' title='bbox 2250 2618 2276 2645; x_wconf 64' lang='grc' dir='ltr'>ἃ</span> <span class='ocrx_word' id='word_1_1539' title='bbox 2304 2616 2378 2645; x_wconf 87' lang='lat' dir='ltr'>lauta</span> <span class='ocrx_word' id='word_1_1540' title='bbox 2405 2615 2530 2653; x_wconf 81' lang='lat' dir='ltr'>supellex</span> <span class='ocrx_word' id='word_1_1541' title='bbox 2554 2616 2581 2645; x_wconf 85' lang='lat'>&amp;</span> 
     </span>
     <span class='ocr_line' id='line_1_167' title="bbox 1475 2652 2583 2690; baseline 0.002 -10"><span class='ocrx_word' id='word_1_1542' title='bbox 1475 2652 1622 2687; x_wconf 68' lang='lat' dir='ltr'>magnilica</span> <span class='ocrx_word' id='word_1_1543' title='bbox 1637 2653 1731 2684; x_wconf 88' lang='lat' dir='ltr'>multis</span> <span class='ocrx_word' id='word_1_1544' title='bbox 1744 2653 1830 2685; x_wconf 85' lang='lat' dir='ltr'>locis:</span> <span class='ocrx_word' id='word_1_1545' title='bbox 1864 2664 1923 2685; x_wconf 88' lang='lat' dir='ltr'>non</span> <span class='ocrx_word' id='word_1_1546' title='bbox 1940 2654 1986 2683; x_wconf 87' lang='lat' dir='ltr'>illa</span> <span class='ocrx_word' id='word_1_1547' title='bbox 1998 2654 2112 2690; x_wconf 89' lang='lat' dir='ltr'>quidem</span> <span class='ocrx_word' id='word_1_1548' title='bbox 2128 2653 2258 2683; x_wconf 78' lang='lat' dir='ltr'>luxuriosi</span> <span class='ocrx_word' id='word_1_1549' title='bbox 2272 2653 2392 2683; x_wconf 89' lang='lat' dir='ltr'>hominis</span> <span class='ocrx_word' id='word_1_1550' title='bbox 2403 2676 2412 2689; x_wconf 95' lang='lat'>,</span> <span class='ocrx_word' id='word_1_1551' title='bbox 2434 2653 2482 2683; x_wconf 88' lang='lat' dir='ltr'>sed</span> <span class='ocrx_word' id='word_1_1552' title='bbox 2495 2653 2583 2683; x_wconf 87' lang='lat' dir='ltr'>abun-</span> 
     </span>
     <span class='ocr_line' id='line_1_168' title="bbox 1476 2690 1575 2721; baseline 0.02 -3"><span class='ocrx_word' id='word_1_1553' title='bbox 1476 2690 1575 2721; x_wconf 79' lang='lat' dir='ltr'>dantis.</span> 
     </span>
    </p>

    <p class='ocr_par' dir='ltr' id='par_1_84' title="bbox 1456 2727 2580 2835">
     <span class='ocr_line' id='line_1_169' title="bbox 1456 2727 2580 2772; baseline -0.002 -13"><span class='ocrx_word' id='word_1_1554' title='bbox 1456 2727 1589 2764; x_wconf 75' lang='lat' dir='ltr'>Ingenio,</span> <span class='ocrx_word' id='word_1_1555' title='bbox 1609 2728 1734 2758; x_wconf 69' lang='lat' dir='ltr'>doctrina</span> <span class='ocrx_word' id='word_1_1556' title='bbox 1744 2751 1752 2764; x_wconf 96' lang='lat'>,</span> <span class='ocrx_word' id='word_1_1557' title='bbox 1774 2730 1831 2758; x_wconf 90' lang='lat' dir='ltr'>otio</span> <span class='ocrx_word' id='word_1_1558' title='bbox 1848 2731 1874 2759; x_wconf 72' lang='lat' dir='ltr'>Sc</span> <span class='ocrx_word' id='word_1_1559' title='bbox 1888 2729 1977 2758; x_wconf 91' lang='lat' dir='ltr'>studio</span> <span class='ocrx_word' id='word_1_1560' title='bbox 1989 2728 2141 2758; x_wconf 74' lang='lat' dir='ltr'>abmdans.</span> <span class='ocrx_word' id='word_1_1561' title='bbox 2166 2729 2223 2758; x_wconf 91' lang='lat' dir='ltr'>Cic.</span> <span class='ocrx_word' id='word_1_1562' title='bbox 2241 2739 2263 2759; x_wconf 91' lang='lat'>1.</span> <span class='ocrx_word' id='word_1_1563' title='bbox 2278 2729 2313 2758; x_wconf 88' lang='lat' dir='ltr'>de</span> <span class='ocrx_word' id='word_1_1564' title='bbox 2325 2728 2401 2758; x_wconf 83' lang='lat' dir='ltr'>Orat.</span> <span class='ocrx_word' id='word_1_1565' title='bbox 2416 2738 2460 2758; x_wconf 91' lang='lat'>22.</span> <span class='ocrx_word' id='word_1_1566' title='bbox 2491 2728 2580 2772; x_wconf 72' lang='lat' dir='ltr'>Craeci</span> 
     </span>
     <span class='ocr_line' id='line_1_170' title="bbox 1475 2765 2578 2804; baseline 0.001 -10"><span class='ocrx_word' id='word_1_1567' title='bbox 1475 2765 1602 2795; x_wconf 79' lang='lat' dir='ltr'>homines</span> <span class='ocrx_word' id='word_1_1568' title='bbox 1621 2776 1679 2795; x_wconf 89' lang='lat' dir='ltr'>non</span> <span class='ocrx_word' id='word_1_1569' title='bbox 1697 2767 1787 2797; x_wconf 90' lang='lat' dir='ltr'>solum</span> <span class='ocrx_word' id='word_1_1570' title='bbox 1805 2768 1918 2804; x_wconf 82' lang='lat' dir='ltr'>ingenio</span> <span class='ocrx_word' id='word_1_1571' title='bbox 1945 2768 1972 2796; x_wconf 68' lang='grc' dir='ltr'>ἃ</span> <span class='ocrx_word' id='word_1_1572' title='bbox 1996 2766 2122 2796; x_wconf 73' lang='lat' dir='ltr'>doctrina</span> <span class='ocrx_word' id='word_1_1573' title='bbox 2137 2789 2145 2802; x_wconf 95' lang='lat'>,</span> <span class='ocrx_word' id='word_1_1574' title='bbox 2184 2767 2232 2796; x_wconf 86' lang='lat' dir='ltr'>sed</span> <span class='ocrx_word' id='word_1_1575' title='bbox 2250 2768 2335 2797; x_wconf 88' lang='lat' dir='ltr'>etiam</span> <span class='ocrx_word' id='word_1_1576' title='bbox 2354 2767 2413 2796; x_wconf 89' lang='lat' dir='ltr'>otio</span> <span class='ocrx_word' id='word_1_1577' title='bbox 2431 2767 2578 2804; x_wconf 85' lang='lat' dir='ltr'>studioque</span> 
     </span>
     <span class='ocr_line' id='line_1_171' title="bbox 1474 2802 1655 2835; baseline 0.022 -4"><span class='ocrx_word' id='word_1_1578' title='bbox 1474 2802 1655 2835; x_wconf 79' lang='lat' dir='ltr'>abundantes,</span> 
     </span>
    </p>

    <p class='ocr_par' dir='ltr' id='par_1_85' title="bbox 1455 2840 2106 2872">
     <span class='ocr_line' id='line_1_172' title="bbox 1455 2840 2106 2872; baseline 0.003 -2"><span class='ocrx_word' id='word_1_1579' title='bbox 1455 2840 1552 2870; x_wconf 86' lang='lat' dir='ltr'>Fatum</span> <span class='ocrx_word' id='word_1_1580' title='bbox 1566 2841 1717 2871; x_wconf 81' lang='lat' dir='ltr'>abundans.</span> <span class='ocrx_word' id='word_1_1581' title='bbox 1744 2842 1840 2871; x_wconf 82' lang='lat' dir='ltr'>Claud.</span> <span class='ocrx_word' id='word_1_1582' title='bbox 1854 2842 1890 2871; x_wconf 89' lang='lat' dir='ltr'>de</span> <span class='ocrx_word' id='word_1_1583' title='bbox 1903 2841 1970 2871; x_wconf 88' lang='lat' dir='ltr'>Bell.</span> <span class='ocrx_word' id='word_1_1584' title='bbox 1987 2842 2047 2871; x_wconf 89' lang='lat' dir='ltr'>Get.</span> <span class='ocrx_word' id='word_1_1585' title='bbox 2061 2852 2106 2872; x_wconf 88' lang='lat'>22.</span> 
     </span>
    </p>

    <p class='ocr_par' dir='ltr' id='par_1_86' title="bbox 1534 2879 2560 2998">
     <span class='ocr_line' id='line_1_173' title="bbox 1534 2879 2183 2918; baseline 0.003 -11"><span class='ocrx_word' id='word_1_1586' title='bbox 1534 2879 1648 2917; x_wconf 86' lang='lat' dir='ltr'>Semper</span> <span class='ocrx_word' id='word_1_1587' title='bbox 1658 2880 1691 2909; x_wconf 84' lang='lat' dir='ltr'>ab</span> <span class='ocrx_word' id='word_1_1588' title='bbox 1702 2880 1744 2909; x_wconf 89' lang='lat' dir='ltr'>his</span> <span class='ocrx_word' id='word_1_1589' title='bbox 1755 2880 1834 2909; x_wconf 73' lang='lat' dir='ltr'>famae</span> <span class='ocrx_word' id='word_1_1590' title='bbox 1848 2880 1952 2918; x_wconf 76' lang='lat' dir='ltr'>petiere</span> <span class='ocrx_word' id='word_1_1591' title='bbox 1967 2879 2081 2917; x_wconf 80' lang='lat' dir='ltr'>insignia</span> <span class='ocrx_word' id='word_1_1592' title='bbox 2094 2880 2183 2915; x_wconf 87' lang='lat' dir='ltr'>bellis,</span> 
     </span>
     <span class='ocr_line' id='line_1_174' title="bbox 1534 2916 2195 2954; baseline 0.003 -9"><span class='ocrx_word' id='word_1_1593' title='bbox 1534 2916 1668 2950; x_wconf 82' lang='lat' dir='ltr'>Exercere</span> <span class='ocrx_word' id='word_1_1594' title='bbox 1679 2918 1781 2947; x_wconf 74' lang='lat' dir='ltr'>dabant</span> <span class='ocrx_word' id='word_1_1595' title='bbox 1790 2940 1797 2953; x_wconf 91' lang='lat'>,</span> <span class='ocrx_word' id='word_1_1596' title='bbox 1819 2928 1913 2948; x_wconf 83' lang='lat' dir='ltr'>currus</span> <span class='ocrx_word' id='word_1_1597' title='bbox 1925 2928 2076 2954; x_wconf 72' lang='lat' dir='ltr'>regumque</span> <span class='ocrx_word' id='word_1_1598' title='bbox 2091 2926 2195 2950; x_wconf 80' lang='lat' dir='ltr'>catenae</span> 
     </span>
     <span class='ocr_line' id='line_1_175' title="bbox 1534 2954 2560 2998; baseline 0.002 -13"><span class='ocrx_word' id='word_1_1599' title='bbox 1534 2954 1607 2985; x_wconf 87' lang='lat' dir='ltr'>Inter</span> <span class='ocrx_word' id='word_1_1600' title='bbox 1624 2956 1789 2985; x_wconf 73' lang='lat' dir='ltr'>abundantis</span> <span class='ocrx_word' id='word_1_1601' title='bbox 1804 2956 1849 2984; x_wconf 86' lang='lat' dir='ltr'>sati</span> <span class='ocrx_word' id='word_1_1602' title='bbox 1865 2955 1982 2984; x_wconf 77' lang='lat' dir='ltr'>ludibria</span> <span class='ocrx_word' id='word_1_1603' title='bbox 1999 2955 2097 2985; x_wconf 65' lang='lat' dir='ltr'>auehe.</span> <span class='ocrx_word' id='word_1_1604' title='bbox 2554 2992 2560 2998; x_wconf 36' lang='grc' dir='ltr'>ι</span> 
     </span>
    </p>

    <p class='ocr_par' dir='ltr' id='par_1_87' title="bbox 1453 2990 2576 3111">
     <span class='ocr_line' id='line_1_176' title="bbox 1453 2990 2575 3036; baseline 0.001 -16"><span class='ocrx_word' id='word_1_1605' title='bbox 1453 2990 1603 3022; x_wconf 84' lang='lat' dir='ltr'>Abundans</span> <span class='ocrx_word' id='word_1_1606' title='bbox 1623 2994 1760 3030; x_wconf 82' lang='lat' dir='ltr'>pecunia,</span> <span class='ocrx_word' id='word_1_1607' title='bbox 1789 2994 1958 3024; x_wconf 83' lang='lat' dir='ltr'>contrarium</span> <span class='ocrx_word' id='word_1_1608' title='bbox 1977 2992 2070 3022; x_wconf 80' lang='lat' dir='ltr'>Adesa.</span> <span class='ocrx_word' id='word_1_1609' title='bbox 2108 2993 2166 3022; x_wconf 91' lang='lat' dir='ltr'>Cic.</span> <span class='ocrx_word' id='word_1_1610' title='bbox 2188 3003 2239 3031; x_wconf 90' lang='lat' dir='ltr'>pro</span> <span class='ocrx_word' id='word_1_1611' title='bbox 2259 2993 2358 3029; x_wconf 88' lang='lat' dir='ltr'>Quint.</span> <span class='ocrx_word' id='word_1_1612' title='bbox 2380 3003 2403 3022; x_wconf 90' lang='lat' dir='ltr'>c.</span> <span class='ocrx_word' id='word_1_1613' title='bbox 2420 3002 2470 3036; x_wconf 44' lang='lat'>12..</span> <span class='ocrx_word' id='word_1_1614' title='bbox 2504 2991 2575 3029; x_wconf 79' lang='lat' dir='ltr'>Quis</span> 
     </span>
     <span class='ocr_line' id='line_1_177' title="bbox 1470 3030 2576 3069; baseline 0.001 -11"><span class='ocrx_word' id='word_1_1615' title='bbox 1470 3036 1527 3058; x_wconf 83' lang='lat' dir='ltr'>tam</span> <span class='ocrx_word' id='word_1_1616' title='bbox 1538 3032 1662 3067; x_wconf 88' lang='lat' dir='ltr'>perditus</span> <span class='ocrx_word' id='word_1_1617' title='bbox 1679 3041 1710 3060; x_wconf 85' lang='lat' dir='ltr'>ac</span> <span class='ocrx_word' id='word_1_1618' title='bbox 1721 3031 1846 3068; x_wconf 80' lang='lat' dir='ltr'>profusus</span> <span class='ocrx_word' id='word_1_1619' title='bbox 1863 3040 1950 3069; x_wconf 89' lang='lat' dir='ltr'>nepos</span> <span class='ocrx_word' id='word_1_1620' title='bbox 1961 3053 1968 3066; x_wconf 88' lang='lat'>,</span> <span class='ocrx_word' id='word_1_1621' title='bbox 1989 3041 2048 3060; x_wconf 88' lang='lat' dir='ltr'>non</span> <span class='ocrx_word' id='word_1_1622' title='bbox 2059 3031 2138 3060; x_wconf 71' lang='lat' dir='ltr'>adesa</span> <span class='ocrx_word' id='word_1_1623' title='bbox 2156 3033 2229 3067; x_wconf 81' lang='lat' dir='ltr'>jam,</span> <span class='ocrx_word' id='word_1_1624' title='bbox 2256 3030 2303 3059; x_wconf 88' lang='lat' dir='ltr'>sed</span> <span class='ocrx_word' id='word_1_1625' title='bbox 2319 3031 2472 3060; x_wconf 81' lang='lat' dir='ltr'>abundanti</span> <span class='ocrx_word' id='word_1_1626' title='bbox 2491 3040 2576 3068; x_wconf 75' lang='lat' dir='ltr'>pecu»-</span> 
     </span>
     <span class='ocr_line' id='line_1_178' title="bbox 1470 3068 2472 3111; baseline 0 -14"><span class='ocrx_word' id='word_1_1627' title='bbox 1470 3068 1533 3101; x_wconf 81' lang='lat' dir='ltr'>nia,</span> <span class='ocrx_word' id='word_1_1628' title='bbox 1562 3068 1596 3097; x_wconf 85' lang='lat' dir='ltr'>fic</span> <span class='ocrx_word' id='word_1_1629' title='bbox 1614 3068 1758 3098; x_wconf 76' lang='lat' dir='ltr'>dillolutus</span> <span class='ocrx_word' id='word_1_1630' title='bbox 1772 3069 1879 3104; x_wconf 71' lang='lat' dir='ltr'>fuill‘et,</span> <span class='ocrx_word' id='word_1_1631' title='bbox 1904 3076 1933 3098; x_wconf 91' lang='lat' dir='ltr'>ut</span> <span class='ocrx_word' id='word_1_1632' title='bbox 1949 3069 2000 3098; x_wconf 87' lang='lat' dir='ltr'>fuit</span> <span class='ocrx_word' id='word_1_1633' title='bbox 2018 3070 2117 3098; x_wconf 82' lang='lat' dir='ltr'>Sextus</span> <span class='ocrx_word' id='word_1_1634' title='bbox 2132 3069 2266 3099; x_wconf 70' lang='lat' dir='ltr'>Naevius‘?</span> <span class='ocrx_word' id='word_1_1635' title='bbox 2466 3106 2472 3111; x_wconf 37' lang='grc' dir='ltr'>ι</span> 
     </span>
    </p>

    <p class='ocr_par' dir='ltr' id='par_1_88' title="bbox 1414 3104 2571 3223">
     <span class='ocr_line' id='line_1_179' title="bbox 1414 3104 2571 3143; baseline -0.001 -8"><span class='ocrx_word' id='word_1_1636' title='bbox 1414 3104 1458 3135; x_wconf 76' lang='lat' dir='ltr'>As</span> <span class='ocrx_word' id='word_1_1637' title='bbox 1468 3115 1485 3133; x_wconf 89' lang='lat' dir='ltr'>u</span> <span class='ocrx_word' id='word_1_1638' title='bbox 1494 3115 1515 3133; x_wconf 85' lang='lat' dir='ltr'>N</span> <span class='ocrx_word' id='word_1_1639' title='bbox 1525 3116 1541 3134; x_wconf 83' lang='lat' dir='ltr'>u</span> <span class='ocrx_word' id='word_1_1640' title='bbox 1550 3116 1569 3134; x_wconf 79' lang='lat' dir='ltr'>A</span> <span class='ocrx_word' id='word_1_1641' title='bbox 1578 3116 1598 3134; x_wconf 86' lang='lat' dir='ltr'>N</span> <span class='ocrx_word' id='word_1_1642' title='bbox 1606 3116 1625 3135; x_wconf 86' lang='lat' dir='ltr'>T</span> <span class='ocrx_word' id='word_1_1643' title='bbox 1634 3117 1642 3136; x_wconf 93' lang='lat'>1</span> <span class='ocrx_word' id='word_1_1644' title='bbox 1651 3116 1663 3135; x_wconf 89' lang='lat' dir='ltr'>s</span> <span class='ocrx_word' id='word_1_1645' title='bbox 1672 3117 1683 3135; x_wconf 90' lang='lat' dir='ltr'>s</span> <span class='ocrx_word' id='word_1_1646' title='bbox 1694 3118 1700 3134; x_wconf 92' lang='lat'>1</span> <span class='ocrx_word' id='word_1_1647' title='bbox 1711 3117 1730 3135; x_wconf 77' lang='lat' dir='ltr'><strong>M</strong></span> <span class='ocrx_word' id='word_1_1648' title='bbox 1739 3117 1757 3138; x_wconf 82' lang='lat' dir='ltr'>u</span> <span class='ocrx_word' id='word_1_1649' title='bbox 1766 3117 1777 3136; x_wconf 90' lang='lat' dir='ltr'>s</span> <span class='ocrx_word' id='word_1_1650' title='bbox 1788 3129 1795 3142; x_wconf 91' lang='lat'>,</span> <span class='ocrx_word' id='word_1_1651' title='bbox 1818 3106 1875 3136; x_wconf 88' lang='lat' dir='ltr'>Cic.</span> <span class='ocrx_word' id='word_1_1652' title='bbox 1888 3117 1912 3135; x_wconf 89' lang='lat'>2.</span> <span class='ocrx_word' id='word_1_1653' title='bbox 1926 3107 1961 3135; x_wconf 87' lang='lat' dir='ltr'>de</span> <span class='ocrx_word' id='word_1_1654' title='bbox 1973 3107 2048 3136; x_wconf 79' lang='lat' dir='ltr'>Orat.</span> <span class='ocrx_word' id='word_1_1655' title='bbox 2064 3117 2104 3142; x_wconf 83' lang='lat'>14.</span> <span class='ocrx_word' id='word_1_1656' title='bbox 2128 3106 2222 3143; x_wconf 78' lang='lat' dir='ltr'>Longe</span> <span class='ocrx_word' id='word_1_1657' title='bbox 2232 3105 2428 3136; x_wconf 71' lang='lat' dir='ltr'>eruditissimus</span> <span class='ocrx_word' id='word_1_1658' title='bbox 2437 3105 2571 3141; x_wconf 77' lang='lat' dir='ltr'>Timaeus,</span> 
     </span>
     <span class='ocr_line' id='line_1_180' title="bbox 1451 3143 2350 3187; baseline 0.002 -16"><span class='ocrx_word' id='word_1_1659' title='bbox 1451 3143 1477 3171; x_wconf 60' lang='grc' dir='ltr'>ἃς</span> <span class='ocrx_word' id='word_1_1660' title='bbox 1489 3153 1579 3172; x_wconf 88' lang='lat' dir='ltr'>rerum</span> <span class='ocrx_word' id='word_1_1661' title='bbox 1591 3145 1672 3182; x_wconf 83' lang='lat' dir='ltr'>copia</span> <span class='ocrx_word' id='word_1_1662' title='bbox 1687 3147 1712 3174; x_wconf 63' lang='lat' dir='ltr'>S&lt;</span> <span class='ocrx_word' id='word_1_1663' title='bbox 1727 3144 1921 3173; x_wconf 76' lang='lat' dir='ltr'>sententiarum</span> <span class='ocrx_word' id='word_1_1664' title='bbox 1936 3145 2065 3173; x_wconf 83' lang='lat' dir='ltr'>varietate</span> <span class='ocrx_word' id='word_1_1665' title='bbox 2077 3144 2332 3173; x_wconf 69' lang='lat' dir='ltr'>abundantill&#39;imus.</span> <span class='ocrx_word' id='word_1_1666' title='bbox 2345 3182 2350 3187; x_wconf 35' lang='grc' dir='ltr'>ι</span> 
     </span>
     <span class='ocr_line' id='line_1_181' title="bbox 1448 3180 2571 3223; baseline 0 -14"><span class='ocrx_word' id='word_1_1667' title='bbox 1448 3180 1606 3211; x_wconf 81' lang='lat' dir='ltr'>Abundanti</span> <span class='ocrx_word' id='word_1_1668' title='bbox 1636 3182 1761 3211; x_wconf 47' lang='lat' dir='ltr'>doctrina</span> <span class='ocrx_word' id='word_1_1669' title='bbox 1783 3182 1875 3211; x_wconf 88' lang='lat' dir='ltr'>homo.</span> <span class='ocrx_word' id='word_1_1670' title='bbox 1919 3182 1976 3211; x_wconf 84' lang='lat' dir='ltr'>Cic.</span> <span class='ocrx_word' id='word_1_1671' title='bbox 2000 3193 2021 3211; x_wconf 93' lang='lat'>1.</span> <span class='ocrx_word' id='word_1_1672' title='bbox 2042 3183 2076 3211; x_wconf 84' lang='lat' dir='ltr'>de</span> <span class='ocrx_word' id='word_1_1673' title='bbox 2099 3183 2176 3212; x_wconf 82' lang='lat' dir='ltr'>Orat.</span> <span class='ocrx_word' id='word_1_1674' title='bbox 2193 3188 2236 3217; x_wconf 79' lang='lat'>85.</span> <span class='ocrx_word' id='word_1_1675' title='bbox 2284 3181 2462 3211; x_wconf 83' lang='lat' dir='ltr'>Excitabatur</span> <span class='ocrx_word' id='word_1_1676' title='bbox 2485 3180 2571 3223; x_wconf 81' lang='lat' dir='ltr'>homo</span> 
     </span>
    </p>

    <p class='ocr_par' dir='ltr' id='par_1_89' title="bbox 1465 3218 2574 3300">
     <span class='ocr_line' id='line_1_182' title="bbox 1466 3218 2574 3258; baseline -0.001 -10"><span class='ocrx_word' id='word_1_1677' title='bbox 1466 3226 1613 3257; x_wconf 89' lang='lat' dir='ltr'>promptus</span> <span class='ocrx_word' id='word_1_1678' title='bbox 1627 3220 1660 3248; x_wconf 90' lang='lat' dir='ltr'>ab</span> <span class='ocrx_word' id='word_1_1679' title='bbox 1676 3219 1789 3249; x_wconf 82' lang='lat' dir='ltr'>homine</span> <span class='ocrx_word' id='word_1_1680' title='bbox 1802 3220 1954 3249; x_wconf 82' lang='lat' dir='ltr'>abundanti</span> <span class='ocrx_word' id='word_1_1681' title='bbox 1969 3220 2095 3249; x_wconf 78' lang='lat' dir='ltr'>doctrina</span> <span class='ocrx_word' id='word_1_1682' title='bbox 2106 3243 2114 3256; x_wconf 84' lang='lat'>,</span> <span class='ocrx_word' id='word_1_1683' title='bbox 2144 3222 2169 3250; x_wconf 73' lang='lat' dir='ltr'>Sc</span> <span class='ocrx_word' id='word_1_1684' title='bbox 2184 3220 2303 3258; x_wconf 86' lang='lat' dir='ltr'>quadam</span> <span class='ocrx_word' id='word_1_1685' title='bbox 2317 3218 2474 3250; x_wconf 88' lang='lat' dir='ltr'>incredibili</span> <span class='ocrx_word' id='word_1_1686' title='bbox 2489 3228 2574 3248; x_wconf 62' lang='lat' dir='ltr'>varica</span> 
     </span>
     <span class='ocr_line' id='line_1_183' title="bbox 1465 3258 2501 3300; baseline 0.004 -16"><span class='ocrx_word' id='word_1_1687' title='bbox 1465 3263 1521 3285; x_wconf 80' lang='lat' dir='ltr'>tate</span> <span class='ocrx_word' id='word_1_1688' title='bbox 1533 3267 1623 3286; x_wconf 87' lang='lat' dir='ltr'>rerum</span> <span class='ocrx_word' id='word_1_1689' title='bbox 1636 3259 1662 3287; x_wconf 67' lang='grc' dir='ltr'>δε</span> <span class='ocrx_word' id='word_1_1690' title='bbox 1673 3258 1760 3294; x_wconf 84' lang='lat' dir='ltr'>copia.</span> <span class='ocrx_word' id='word_1_1691' title='bbox 2343 3290 2359 3300; x_wconf 25' lang='lat' dir='ltr'>s</span> <span class='ocrx_word' id='word_1_1692' title='bbox 2497 3294 2501 3299; x_wconf 41' lang='grc'><strong>,</strong></span> 
     </span>
    </p>

    <p class='ocr_par' dir='ltr' id='par_1_90' title="bbox 1446 3293 2571 3446">
     <span class='ocr_line' id='line_1_184' title="bbox 1446 3293 2571 3337; baseline -0.001 -14"><span class='ocrx_word' id='word_1_1693' title='bbox 1446 3293 1486 3323; x_wconf 77' lang='lat' dir='ltr'>Ex</span> <span class='ocrx_word' id='word_1_1694' title='bbox 1499 3294 1659 3324; x_wconf 80' lang='lat' dir='ltr'>abundanti.</span> <span class='ocrx_word' id='word_1_1695' title='bbox 1683 3295 1801 3331; x_wconf 90' lang='lat' dir='ltr'>Quintil.</span> <span class='ocrx_word' id='word_1_1696' title='bbox 1818 3294 1865 3324; x_wconf 90' lang='lat' dir='ltr'>lib.</span> <span class='ocrx_word' id='word_1_1697' title='bbox 1878 3306 1903 3331; x_wconf 82' lang='grc'>4.</span> <span class='ocrx_word' id='word_1_1698' title='bbox 1921 3305 1981 3332; x_wconf 72' lang='lat' dir='ltr'>cap.</span> <span class='ocrx_word' id='word_1_1699' title='bbox 1992 3295 2043 3324; x_wconf 86' lang='lat' dir='ltr'>ult.</span> <span class='ocrx_word' id='word_1_1700' title='bbox 2072 3295 2186 3333; x_wconf 71' lang='lat' dir='ltr'>Egregie</span> <span class='ocrx_word' id='word_1_1701' title='bbox 2204 3305 2269 3325; x_wconf 80' lang='lat' dir='ltr'>vero</span> <span class='ocrx_word' id='word_1_1702' title='bbox 2280 3317 2288 3330; x_wconf 85' lang='lat'>,</span> <span class='ocrx_word' id='word_1_1703' title='bbox 2318 3293 2374 3323; x_wconf 91' lang='lat' dir='ltr'>Cic.</span> <span class='ocrx_word' id='word_1_1704' title='bbox 2397 3303 2446 3337; x_wconf 78' lang='lat' dir='ltr'>pro</span> <span class='ocrx_word' id='word_1_1705' title='bbox 2461 3293 2571 3337; x_wconf 81' lang='lat' dir='ltr'>Milone</span> 
     </span>
     <span class='ocr_line' id='line_1_185' title="bbox 1464 3331 2570 3374; baseline 0 -14"><span class='ocrx_word' id='word_1_1706' title='bbox 1464 3332 1650 3362; x_wconf 81' lang='lat' dir='ltr'>inlidiatorem</span> <span class='ocrx_word' id='word_1_1707' title='bbox 1668 3333 1758 3369; x_wconf 85' lang='lat' dir='ltr'>primo</span> <span class='ocrx_word' id='word_1_1708' title='bbox 1770 3333 1901 3362; x_wconf 85' lang='lat' dir='ltr'>Clodium</span> <span class='ocrx_word' id='word_1_1709' title='bbox 1914 3334 2049 3362; x_wconf 80' lang='lat' dir='ltr'>ostendit:</span> <span class='ocrx_word' id='word_1_1710' title='bbox 2079 3341 2139 3362; x_wconf 88' lang='lat' dir='ltr'>tum</span> <span class='ocrx_word' id='word_1_1711' title='bbox 2154 3334 2232 3362; x_wconf 81' lang='lat' dir='ltr'>addit</span> <span class='ocrx_word' id='word_1_1712' title='bbox 2245 3343 2280 3362; x_wconf 87' lang='lat' dir='ltr'>ex</span> <span class='ocrx_word' id='word_1_1713' title='bbox 2295 3331 2446 3374; x_wconf 80' lang='lat' dir='ltr'>abundanti</span> <span class='ocrx_word' id='word_1_1714' title='bbox 2457 3354 2470 3374; x_wconf 73' lang='lat'>³.</span> <span class='ocrx_word' id='word_1_1715' title='bbox 2487 3338 2570 3374; x_wconf 78' lang='lat' dir='ltr'>etiam</span> 
     </span>
     <span class='ocr_line' id='line_1_186' title="bbox 1464 3370 2566 3410; baseline 0 -12"><span class='ocrx_word' id='word_1_1716' title='bbox 1464 3370 1482 3398; x_wconf 92' lang='lat' dir='ltr'>si</span> <span class='ocrx_word' id='word_1_1717' title='bbox 1500 3370 1529 3398; x_wconf 91' lang='lat' dir='ltr'>id</span> <span class='ocrx_word' id='word_1_1718' title='bbox 1544 3380 1601 3399; x_wconf 90' lang='lat' dir='ltr'>non</span> <span class='ocrx_word' id='word_1_1719' title='bbox 1620 3370 1726 3405; x_wconf 69' lang='lat' dir='ltr'>fiiifl‘et,</span> <span class='ocrx_word' id='word_1_1720' title='bbox 1755 3371 1837 3399; x_wconf 78' lang='lat' dir='ltr'>taleni</span> <span class='ocrx_word' id='word_1_1721' title='bbox 1853 3377 1945 3400; x_wconf 88' lang='lat' dir='ltr'>tamen</span> <span class='ocrx_word' id='word_1_1722' title='bbox 1963 3371 2051 3400; x_wconf 86' lang='lat' dir='ltr'>civem</span> <span class='ocrx_word' id='word_1_1723' title='bbox 2066 3381 2131 3400; x_wconf 83' lang='lat' dir='ltr'>cum</span> <span class='ocrx_word' id='word_1_1724' title='bbox 2145 3371 2250 3410; x_wconf 84' lang='lat' dir='ltr'>summa</span> <span class='ocrx_word' id='word_1_1725' title='bbox 2263 3371 2364 3400; x_wconf 83' lang='lat' dir='ltr'>virtute</span> <span class='ocrx_word' id='word_1_1726' title='bbox 2382 3370 2566 3399; x_wconf 46' lang='lat' dir='ltr'>interiecto-ris</span> 
     </span>
     <span class='ocr_line' id='line_1_187' title="bbox 1464 3407 1861 3446; baseline 0.003 -10"><span class='ocrx_word' id='word_1_1727' title='bbox 1464 3408 1490 3436; x_wconf 65' lang='grc' dir='ltr'>ὁὶ</span> <span class='ocrx_word' id='word_1_1728' title='bbox 1505 3407 1607 3444; x_wconf 64' lang='lat' dir='ltr'>gloria,</span> <span class='ocrx_word' id='word_1_1729' title='bbox 1628 3409 1719 3437; x_wconf 80' lang='lat' dir='ltr'>necari</span> <span class='ocrx_word' id='word_1_1730' title='bbox 1734 3408 1861 3446; x_wconf 79' lang='lat' dir='ltr'>potuiise.</span> 
     </span>
    </p>

    <p class='ocr_par' dir='ltr' id='par_1_91' title="bbox 1444 3444 2222 3485">
     <span class='ocr_line' id='line_1_188' title="bbox 1444 3444 2222 3485; baseline 0.004 -12"><span class='ocrx_word' id='word_1_1731' title='bbox 1444 3444 1594 3474; x_wconf 84' lang='lat' dir='ltr'>Abundans</span> <span class='ocrx_word' id='word_1_1732' title='bbox 1609 3447 1740 3484; x_wconf 86' lang='lat' dir='ltr'>corporis.</span> <span class='ocrx_word' id='word_1_1733' title='bbox 1770 3446 1866 3475; x_wconf 84' lang='lat' dir='ltr'>Claud.</span> <span class='ocrx_word' id='word_1_1734' title='bbox 1884 3447 1912 3475; x_wconf 90' lang='lat' dir='ltr'>in</span> <span class='ocrx_word' id='word_1_1735' title='bbox 1924 3445 2038 3484; x_wconf 73' lang='lat' dir='ltr'>Eutrop.</span> <span class='ocrx_word' id='word_1_1736' title='bbox 2055 3446 2102 3476; x_wconf 91' lang='lat' dir='ltr'>lib.</span> <span class='ocrx_word' id='word_1_1737' title='bbox 2115 3457 2139 3477; x_wconf 86' lang='lat'>2.</span> <span class='ocrx_word' id='word_1_1738' title='bbox 2160 3452 2222 3485; x_wconf 86' lang='lat'>380.</span> 
     </span>
    </p>

    <p class='ocr_par' dir='ltr' id='par_1_92' title="bbox 1524 3483 1969 3521">
     <span class='ocr_line' id='line_1_189' title="bbox 1524 3483 1969 3521; baseline 0.004 -10"><span class='ocrx_word' id='word_1_1739' title='bbox 1524 3483 1670 3520; x_wconf 87' lang='lat' dir='ltr'>Corporis,</span> <span class='ocrx_word' id='word_1_1740' title='bbox 1692 3485 1862 3521; x_wconf 79' lang='lat' dir='ltr'>exiguusque</span> <span class='ocrx_word' id='word_1_1741' title='bbox 1877 3484 1969 3514; x_wconf 84' lang='lat' dir='ltr'>animi.</span> 
     </span>
    </p>

    <p class='ocr_par' dir='ltr' id='par_1_93' title="bbox 1442 3518 1913 3559">
     <span class='ocr_line' id='line_1_190' title="bbox 1442 3518 1913 3559; baseline 0.006 -12"><span class='ocrx_word' id='word_1_1742' title='bbox 1442 3518 1560 3549; x_wconf 84' lang='lat' dir='ltr'>Pietatis.</span> <span class='ocrx_word' id='word_1_1743' title='bbox 1589 3521 1686 3551; x_wconf 85' lang='lat' dir='ltr'>Claud.</span> <span class='ocrx_word' id='word_1_1744' title='bbox 1703 3522 1799 3559; x_wconf 75' lang='lat' dir='ltr'>l&#39;aneg.</span> <span class='ocrx_word' id='word_1_1745' title='bbox 1812 3532 1836 3558; x_wconf 84' lang='lat'>7.</span> <span class='ocrx_word' id='word_1_1746' title='bbox 1855 3531 1913 3559; x_wconf 89' lang='lat'>113.</span> 
     </span>
    </p>

    <p class='ocr_par' dir='ltr' id='par_1_94' title="bbox 1523 3558 2530 3602">
     <span class='ocr_line' id='line_1_191' title="bbox 1523 3558 2530 3602; baseline 0.006 -16"><span class='ocrx_word' id='word_1_1747' title='bbox 1523 3558 1614 3587; x_wconf 71' lang='lat' dir='ltr'>Poeiiae</span> <span class='ocrx_word' id='word_1_1748' title='bbox 1628 3569 1726 3598; x_wconf 80' lang='lat' dir='ltr'>parcus</span> <span class='ocrx_word' id='word_1_1749' title='bbox 1740 3568 1804 3589; x_wconf 82' lang='lat' dir='ltr'>erat.</span> <span class='ocrx_word' id='word_1_1750' title='bbox 2477 3597 2482 3602; x_wconf 38' lang='lat'><strong>¹</strong></span> <span class='ocrx_word' id='word_1_1751' title='bbox 2525 3597 2530 3601; x_wconf 36' lang='lat'><em>¹</em></span> 
     </span>
    </p>

    <p class='ocr_par' dir='ltr' id='par_1_95' title="bbox 1405 3593 2565 3700">
     <span class='ocr_line' id='line_1_192' title="bbox 1405 3593 2565 3632; baseline 0.003 -9"><span class='ocrx_word' id='word_1_1752' title='bbox 1405 3595 1425 3624; x_wconf 92' lang='lat' dir='ltr'>A</span> <span class='ocrx_word' id='word_1_1753' title='bbox 1434 3605 1448 3623; x_wconf 76' lang='grc' dir='ltr'><strong>Β</strong></span> <span class='ocrx_word' id='word_1_1754' title='bbox 1457 3604 1475 3622; x_wconf 85' lang='grc' dir='ltr'><em>υ</em></span> <span class='ocrx_word' id='word_1_1755' title='bbox 1485 3604 1505 3622; x_wconf 87' lang='grc' dir='ltr'>Ν</span> <span class='ocrx_word' id='word_1_1756' title='bbox 1517 3605 1561 3624; x_wconf 76' lang='lat' dir='ltr'>DA</span> <span class='ocrx_word' id='word_1_1757' title='bbox 1571 3606 1618 3624; x_wconf 81' lang='grc' dir='ltr'>ΝΤ</span> <span class='ocrx_word' id='word_1_1758' title='bbox 1627 3608 1634 3624; x_wconf 91' lang='lat'>1</span> <span class='ocrx_word' id='word_1_1759' title='bbox 1644 3607 1660 3625; x_wconf 81' lang='lat' dir='ltr'>A</span> <span class='ocrx_word' id='word_1_1760' title='bbox 1671 3619 1680 3631; x_wconf 85' lang='lat'>,</span> <span class='ocrx_word' id='word_1_1761' title='bbox 1701 3607 1730 3626; x_wconf 81' lang='lat' dir='ltr'>ae.</span> <span class='ocrx_word' id='word_1_1762' title='bbox 1762 3596 1873 3632; x_wconf 62' lang='grc' dir='ltr'>[ἐυθκνίοι</span> <span class='ocrx_word' id='word_1_1763' title='bbox 1884 3617 1890 3626; x_wconf 83' lang='grc'><em>,</em></span> <span class='ocrx_word' id='word_1_1764' title='bbox 1913 3595 2022 3626; x_wconf 49' lang='lat' dir='ltr'>abacia</span> <span class='ocrx_word' id='word_1_1765' title='bbox 2034 3617 2041 3629; x_wconf 94' lang='lat'><em>‚</em></span> <span class='ocrx_word' id='word_1_1766' title='bbox 2060 3593 2168 3628; x_wconf 66' lang='lat' dir='ltr'>&#39;sumes&#39;oe</span> <span class='ocrx_word' id='word_1_1767' title='bbox 2179 3615 2186 3626; x_wconf 78' lang='lat'>‚</span> <span class='ocrx_word' id='word_1_1768' title='bbox 2215 3593 2348 3631; x_wconf 51' lang='lat' dir='ltr'>ommim]</span> <span class='ocrx_word' id='word_1_1769' title='bbox 2376 3596 2427 3626; x_wconf 91' lang='lat' dir='ltr'>Rei</span> <span class='ocrx_word' id='word_1_1770' title='bbox 2448 3597 2565 3632; x_wconf 81' lang='lat' dir='ltr'>alicuius</span> 
     </span>
     <span class='ocr_line' id='line_1_193' title="bbox 1442 3632 2565 3700; baseline 0.004 -41"><span class='ocrx_word' id='word_1_1771' title='bbox 1442 3632 1539 3669; x_wconf 80' lang='lat' dir='ltr'>copia:</span> <span class='ocrx_word' id='word_1_1772' title='bbox 1574 3640 1607 3700; x_wconf 66' lang='grc' dir='ltr'>ιιῖὶ</span> <span class='ocrx_word' id='word_1_1773' title='bbox 1620 3634 1793 3700; x_wconf 60' lang='grc' dir='ltr'>έὲίπιιηιίειηῐίτι</span> <span class='ocrx_word' id='word_1_1774' title='bbox 1808 3634 1921 3671; x_wconf 88' lang='lat' dir='ltr'>ingenii.</span> <span class='ocrx_word' id='word_1_1775' title='bbox 1954 3634 2011 3664; x_wconf 86' lang='lat' dir='ltr'>Cic.</span> <span class='ocrx_word' id='word_1_1776' title='bbox 2032 3644 2056 3664; x_wconf 92' lang='lat'>1.</span> <span class='ocrx_word' id='word_1_1777' title='bbox 2073 3635 2155 3664; x_wconf 83' lang='lat' dir='ltr'>Acad.</span> <span class='ocrx_word' id='word_1_1778' title='bbox 2194 3635 2369 3665; x_wconf 79' lang='lat' dir='ltr'>Abundantia</span> <span class='ocrx_word' id='word_1_1779' title='bbox 2388 3635 2506 3681; x_wconf 54' lang='lat' dir='ltr'>quidam</span> <span class='ocrx_word' id='word_1_1780' title='bbox 2523 3635 2565 3663; x_wconf 80' lang='lat' dir='ltr'>in-</span> 
     </span>
    </p>

    <p class='ocr_par' dir='ltr' id='par_1_96' title="bbox 1460 3670 1678 3700">
     <span class='ocr_line' id='line_1_194' title="bbox 1460 3670 1678 3700; baseline 0.014 -3"><span class='ocrx_word' id='word_1_1781' title='bbox 1460 3670 1515 3698; x_wconf 85' lang='lat' dir='ltr'>enii</span> <span class='ocrx_word' id='word_1_1782' title='bbox 1550 3673 1594 3699; x_wconf 61' lang='lat' dir='ltr'>rael</span> <span class='ocrx_word' id='word_1_1783' title='bbox 1609 3683 1623 3700; x_wconf 78' lang='lat' dir='ltr'>a</span> <span class='ocrx_word' id='word_1_1784' title='bbox 1644 3679 1678 3700; x_wconf 78' lang='lat' dir='ltr'>at.</span> 
     </span>
    </p>

    <p class='ocr_par' dir='ltr' id='par_1_97' title="bbox 1440 3678 2563 3785">
     <span class='ocr_line' id='line_1_195' title="bbox 1440 3678 2563 3748; baseline 0.004 -14"><span class='ocrx_word' id='word_1_1785' title='bbox 1440 3678 1519 3735; x_wconf 70' lang='lat' dir='ltr'>iibuii</span> <span class='ocrx_word' id='word_1_1786' title='bbox 1543 3709 1616 3737; x_wconf 79' lang='lat' dir='ltr'>antia</span> <span class='ocrx_word' id='word_1_1787' title='bbox 1631 3712 1655 3738; x_wconf 55' lang='grc' dir='ltr'>ἃ</span> <span class='ocrx_word' id='word_1_1788' title='bbox 1671 3706 1759 3747; x_wconf 78' lang='lat' dir='ltr'>copia.</span> <span class='ocrx_word' id='word_1_1789' title='bbox 1800 3708 1856 3738; x_wconf 90' lang='lat' dir='ltr'>Cic.</span> <span class='ocrx_word' id='word_1_1790' title='bbox 1876 3708 1911 3737; x_wconf 87' lang='lat' dir='ltr'>de</span> <span class='ocrx_word' id='word_1_1791' title='bbox 1926 3709 2033 3739; x_wconf 88' lang='lat' dir='ltr'>Amicit.</span> <span class='ocrx_word' id='word_1_1792' title='bbox 2056 3719 2114 3746; x_wconf 81' lang='lat' dir='ltr'>cap.</span> <span class='ocrx_word' id='word_1_1793' title='bbox 2130 3719 2172 3745; x_wconf 87' lang='lat'>23.</span> <span class='ocrx_word' id='word_1_1794' title='bbox 2214 3710 2302 3747; x_wconf 88' lang='lat' dir='ltr'>Atque</span> <span class='ocrx_word' id='word_1_1795' title='bbox 2323 3710 2370 3739; x_wconf 92' lang='lat' dir='ltr'>ubi</span> <span class='ocrx_word' id='word_1_1796' title='bbox 2384 3709 2563 3748; x_wconf 81' lang='lat' dir='ltr'>suppeditans</span> 
     </span>
     <span class='ocr_line' id='line_1_196' title="bbox 1459 3745 2424 3785; baseline 0.006 -14"><span class='ocrx_word' id='word_1_1797' title='bbox 1459 3745 1585 3774; x_wconf 87' lang='lat' dir='ltr'>omnium</span> <span class='ocrx_word' id='word_1_1798' title='bbox 1597 3756 1687 3775; x_wconf 88' lang='lat' dir='ltr'>rerum</span> <span class='ocrx_word' id='word_1_1799' title='bbox 1699 3758 1765 3784; x_wconf 80' lang='lat' dir='ltr'>quas</span> <span class='ocrx_word' id='word_1_1800' title='bbox 1775 3754 1871 3776; x_wconf 84' lang='lat' dir='ltr'>natura</span> <span class='ocrx_word' id='word_1_1801' title='bbox 1884 3747 2017 3776; x_wconf 75' lang='lat' dir='ltr'>deliderat</span> <span class='ocrx_word' id='word_1_1802' title='bbox 2027 3769 2035 3781; x_wconf 91' lang='lat'>,</span> <span class='ocrx_word' id='word_1_1803' title='bbox 2057 3747 2254 3776; x_wconf 80' lang='lat' dir='ltr'>abundantiam</span> <span class='ocrx_word' id='word_1_1804' title='bbox 2269 3750 2293 3777; x_wconf 59' lang='grc' dir='ltr'>ἃ</span> <span class='ocrx_word' id='word_1_1805' title='bbox 2306 3749 2424 3785; x_wconf 80' lang='lat' dir='ltr'>copiam.</span> 
     </span>
    </p>

    <p class='ocr_par' dir='ltr' id='par_1_98' title="bbox 1439 3781 2560 3855">
     <span class='ocr_line' id='line_1_197' title="bbox 1439 3781 2560 3822; baseline 0.006 -13"><span class='ocrx_word' id='word_1_1806' title='bbox 1439 3781 1614 3812; x_wconf 82' lang='lat' dir='ltr'>Abundantia</span> <span class='ocrx_word' id='word_1_1807' title='bbox 1630 3787 1737 3814; x_wconf 85' lang='lat' dir='ltr'>amoris.</span> <span class='ocrx_word' id='word_1_1808' title='bbox 1775 3785 1832 3814; x_wconf 89' lang='lat' dir='ltr'>Cic.</span> <span class='ocrx_word' id='word_1_1809' title='bbox 1850 3783 1895 3813; x_wconf 89' lang='lat' dir='ltr'>lib.</span> <span class='ocrx_word' id='word_1_1810' title='bbox 1913 3794 1934 3813; x_wconf 91' lang='lat'>1.</span> <span class='ocrx_word' id='word_1_1811' title='bbox 1952 3784 2033 3822; x_wconf 79' lang='lat' dir='ltr'>Epist.</span> <span class='ocrx_word' id='word_1_1812' title='bbox 2052 3795 2078 3821; x_wconf 92' lang='lat'>9.</span> <span class='ocrx_word' id='word_1_1813' title='bbox 2119 3784 2196 3815; x_wconf 84' lang='lat' dir='ltr'>Facis</span> <span class='ocrx_word' id='word_1_1814' title='bbox 2214 3792 2244 3815; x_wconf 92' lang='lat' dir='ltr'>tu</span> <span class='ocrx_word' id='word_1_1815' title='bbox 2263 3786 2378 3822; x_wconf 86' lang='lat' dir='ltr'>quidem</span> <span class='ocrx_word' id='word_1_1816' title='bbox 2391 3786 2560 3817; x_wconf 78' lang='lat' dir='ltr'>abundantia</span> 
     </span>
     <span class='ocr_line' id='line_1_198' title="bbox 1458 3820 1701 3855; baseline 0.016 -8"><span class='ocrx_word' id='word_1_1817' title='bbox 1458 3820 1575 3855; x_wconf 84' lang='lat' dir='ltr'>quadam</span> <span class='ocrx_word' id='word_1_1818' title='bbox 1595 3823 1701 3851; x_wconf 75' lang='lat' dir='ltr'>amoris.</span> 
     </span>
    </p>

    <p class='ocr_par' dir='ltr' id='par_1_99' title="bbox 1438 3856 1837 3896">
     <span class='ocr_line' id='line_1_199' title="bbox 1438 3856 1837 3896; baseline 0.01 -12"><span class='ocrx_word' id='word_1_1819' title='bbox 1438 3856 1506 3885; x_wconf 88' lang='lat' dir='ltr'>Otii.</span> <span class='ocrx_word' id='word_1_1820' title='bbox 1540 3858 1596 3886; x_wconf 86' lang='lat' dir='ltr'>Cic.</span> <span class='ocrx_word' id='word_1_1821' title='bbox 1619 3858 1663 3887; x_wconf 85' lang='lat' dir='ltr'>lib.</span> <span class='ocrx_word' id='word_1_1822' title='bbox 1677 3869 1701 3895; x_wconf 86' lang='lat'>7.</span> <span class='ocrx_word' id='word_1_1823' title='bbox 1718 3859 1799 3896; x_wconf 80' lang='lat' dir='ltr'>Epist.</span> <span class='ocrx_word' id='word_1_1824' title='bbox 1812 3869 1837 3888; x_wconf 89' lang='lat'>2.</span> 
     </span>
    </p>

    <p class='ocr_par' dir='ltr' id='par_1_100' title="bbox 1437 3893 2240 3935">
     <span class='ocr_line' id='line_1_200' title="bbox 1437 3893 2240 3935; baseline 0.005 -12"><span class='ocrx_word' id='word_1_1825' title='bbox 1437 3893 1540 3923; x_wconf 84' lang='lat' dir='ltr'>Rerum</span> <span class='ocrx_word' id='word_1_1826' title='bbox 1552 3895 1703 3932; x_wconf 82' lang='lat' dir='ltr'>aliquarum</span> <span class='ocrx_word' id='word_1_1827' title='bbox 1718 3897 1894 3926; x_wconf 79' lang='lat' dir='ltr'>abundantia.</span> <span class='ocrx_word' id='word_1_1828' title='bbox 1926 3896 1983 3927; x_wconf 86' lang='lat' dir='ltr'>Cic.</span> <span class='ocrx_word' id='word_1_1829' title='bbox 2000 3907 2024 3933; x_wconf 90' lang='lat'>3.</span> <span class='ocrx_word' id='word_1_1830' title='bbox 2040 3897 2076 3926; x_wconf 88' lang='lat' dir='ltr'>dc</span> <span class='ocrx_word' id='word_1_1831' title='bbox 2088 3896 2163 3927; x_wconf 83' lang='lat' dir='ltr'>Orat.</span> <span class='ocrx_word' id='word_1_1832' title='bbox 2181 3908 2240 3935; x_wconf 88' lang='lat'>123.</span> 
     </span>
    </p>
   </div>
   <div class='ocr_carea' id='block_1_9' title="bbox 2324 3445 2514 3475">
    <p class='ocr_par' dir='ltr' id='par_1_101' title="bbox 2324 3445 2514 3475">
     <span class='ocr_line' id='line_1_201' title="bbox 2324 3445 2514 3475; baseline -0.011 0"><span class='ocrx_word' id='word_1_1833' title='bbox 2324 3462 2361 3467; x_wconf 72' lang='lat'>-——</span> <span class='ocrx_word' id='word_1_1834' title='bbox 2370 3445 2514 3475; x_wconf 84' lang='lat' dir='ltr'>abundans</span> 
     </span>
    </p>
   </div>
   <div class='ocr_carea' id='block_1_10' title="bbox 1992 3520 2565 3560">
    <p class='ocr_par' dir='ltr' id='par_1_102' title="bbox 1992 3520 2565 3560">
     <span class='ocr_line' id='line_1_202' title="bbox 1992 3520 2565 3560; baseline -0.003 -9"><span class='ocrx_word' id='word_1_1835' title='bbox 1992 3538 2029 3542; x_wconf 93' lang='lat'>—-</span> <span class='ocrx_word' id='word_1_1836' title='bbox 2038 3523 2112 3552; x_wconf 87' lang='lat' dir='ltr'>mitis</span> <span class='ocrx_word' id='word_1_1837' title='bbox 2124 3522 2252 3560; x_wconf 85' lang='lat' dir='ltr'>precibus</span> <span class='ocrx_word' id='word_1_1838' title='bbox 2261 3544 2269 3557; x_wconf 89' lang='lat'>,</span> <span class='ocrx_word' id='word_1_1839' title='bbox 2290 3521 2400 3560; x_wconf 82' lang='lat' dir='ltr'>pietatis</span> <span class='ocrx_word' id='word_1_1840' title='bbox 2411 3520 2565 3555; x_wconf 73' lang='lat' dir='ltr'>abundans,</span> 
     </span>
    </p>
   </div>
   <div class='ocr_carea' id='block_1_11' title="bbox 2444 3936 2559 3967">
    <p class='ocr_par' dir='ltr' id='par_1_103' title="bbox 2444 3936 2559 3967">
     <span class='ocr_line' id='line_1_203' title="bbox 2444 3936 2559 3967; baseline -0.017 0"><span class='ocrx_word' id='word_1_1841' title='bbox 2444 3936 2559 3967; x_wconf 78' lang='lat' dir='ltr'>Ubertas</span> 
     </span>
    </p>
   </div>
   <div class='ocr_carea' id='block_1_12' title="bbox 2653 2437 2667 3504">
    <p class='ocr_par' dir='ltr' id='par_1_104' title="bbox 2653 2437 2667 3504">
     <span class='ocr_line' id='line_1_204' title="bbox 2653 2437 2667 3504; baseline 0 0"><span class='ocrx_word' id='word_1_1842' title='bbox 2653 2437 2667 3504; x_wconf 95' lang='lat' dir='ltr'> </span> 
     </span>
    </p>
   </div>
   <div class='ocr_carea' id='block_1_13' title="bbox 2644 2437 2667 3962">
    <p class='ocr_par' dir='ltr' id='par_1_105' title="bbox 2644 2437 2667 3962">
     <span class='ocr_line' id='line_1_205' title="bbox 2644 2437 2667 3962; baseline 0 0"><span class='ocrx_word' id='word_1_1843' title='bbox 2644 2437 2667 3962; x_wconf 95' lang='lat' dir='ltr'> </span> 
     </span>
    </p>
   </div>
   <div class='ocr_carea' id='block_1_14' title="bbox 2645 2437 2667 3962">
    <p class='ocr_par' dir='ltr' id='par_1_106' title="bbox 2645 2437 2667 3962">
     <span class='ocr_line' id='line_1_206' title="bbox 2645 2437 2667 3962; baseline 0 0"><span class='ocrx_word' id='word_1_1844' title='bbox 2645 2437 2667 3962; x_wconf 95' lang='lat' dir='ltr'> </span> 
     </span>
    </p>
   </div>
  </div>
 </body>
</html>
