2641 4130
407 960 1278 1068 ANTONIUS
1363 967 2110 1082 “BIRRIUS

803 1164 1351 1237 LECTo
1417 1170 1567 1240 R1
1668 1178 1728 1242 S.

121 1371 219 1420 2335·
381 1375 460 1420 55*ae
516 1373 660 1417 '‘NK-st<
680 1359 748 1398 Ihil
765 1370 924 1411 unquam
942 1364 1058 1402 minus
1074 1363 1151 1402 sore
1169 1375 1235 1413 pu-

76 1390 211 1463 ᾔῖξχ
237 1378 364 1477 ,affl
399 1426 408 1439 ι’
523 1386 666 1468 λῇς)
706 1413 794 1453 tavi,
832 1423 940 1460 quam
973 1422 1011 1450 ut
1039 1415 1077 1450 in
1106 1425 1235 1451 eorum

99 1473 114 1479 Ἴ
204 1466 271 1495 ‘ts
591 1459 594 1469 ¹
622 1461 651 1474 ”¹
704 1459 786 1497 albo
810 1473 946 1498 nomen
969 1474 1090 1500 meum
1112 1462 1237 1499 adscri-

512 1512 518 1525 ‘
588 1518 611 1539 τ·
636 1521 647 1525 “
707 1510 742 1545 bi
763 1518 919 1557 paterer,
949 1514 1010 1559 qui
1029 1524 1105 1548 rem
1131 1510 1237 1549 Lexi-

519 1561 561 1610 ...⁰
630 1591 638 1597 .
705 1560 958 1607 cographicam
976 1561 1030 1597 vel
1050 1573 1123 1598 uno
1145 1561 1236 1609 digi-

587 1616 599 1620 “
627 1631 661 1661 ,ff
708 1609 784 1644 tulo
807 1610 1008 1656 attigerunt.
1061 1611 1236 1656 Quamvis

705 1658 801 1694 enim
826 1657 1055 1696 humaniores
1082 1660 1235 1701 litteras,

709 1718 785 1754 quae
819 1706 921 1754 hujus
948 1705 1091 1751 Lexici,
1136 1708 1237 1757 quod

704 1757 773 1803 jam
809 1759 903 1804 typis
940 1758 1137 1794 restitutum
1173 1759 1238 1794 tibi

576 1839 587 1858 a
620 1839 630 1859 ,Α
706 1804 912 1847 exhibetur,
950 1809 1133 1844 materiam
1166 1803 1239 1843 effi-

510 1877 543 1905 &
572 1855 577 1891 ἶ
646 1881 648 1883 -
708 1856 827 1896 ciunt,
863 1867 882 1891 a
911 1857 1061 1902 pueritia
1085 1868 1238 1904 magno-

648 1936 657 1950 λ,
707 1915 792 1951 pere
810 1904 1069 1948 adamaverim,
1105 1904 1240 1942 studio-

79 1976 81 1980 ·
414 1973 418 1976 »
709 1953 813 2001 seque
858 1952 995 2001 semper
1039 1953 1238 1996 coluerim,

69 2006 293 2043 amoenitates
308 2011 428 2041 tamen
446 2004 559 2051 magis
583 2001 688 2048 hujus
711 2001 814 2038 studii
834 2003 1018 2051 quasdam,
1047 2005 1084 2040 in
1111 2004 1239 2052 quibus

70 2055 206 2102 ingenii
226 2053 417 2091 obleetatio
437 2062 520 2088 cum
542 2050 654 2088 fructu
681 2052 869 2098 conjuntia
886 2052 952 2093 est,
978 2052 1120 2089 sestatus
1143 2052 1237 2095 sum,

71 2115 177 2153 quam
196 2111 235 2140 ut
256 2102 300 2139 ad
321 2109 393 2139 tam
414 2103 656 2142 inamoenaru,
686 2100 969 2149 laboriosamque
994 2102 1240 2149 provinciam,

71 2154 108 2192 in
120 2165 188 2202 qua
201 2152 440 2189 molestiarum
455 2150 664 2198 plurimum,
687 2149 926 2187 emolumenti
943 2162 1152 2199 perparum,
1179 2151 1239 2188 de.

70 2202 267 2240 leuationis
287 2199 378 2238 nihil
402 2200 467 2241 est,
496 2201 654 2236 animum
683 2199 910 2246 applicarem.
961 2200 1061 2246 Quid
1089 2201 1239 2250 quaeris?

69 2251 200 2291 Dicam
221 2250 320 2299 quod
338 2249 511 2298 plerisque
530 2250 679 2289 mirum,
707 2247 890 2285 nonnullis
916 2249 1028 2286 forsan
1051 2250 1241 2287 incredibi-

72 2300 106 2340 le
127 2300 318 2338 videbitur:
347 2298 534 2346 Siquidem
553 2297 629 2334 haec
644 2295 787 2345 publice
812 2306 954 2346 recepta
974 2298 1145 2346 persualio
1173 2300 1240 2342 est.

71 2357 111 2389 ut
130 2361 240 2387 nemo
260 2351 378 2386 vivere
392 2348 464 2385 fine
486 2345 598 2385 offula
621 2347 754 2395 potest,
783 2349 829 2384 ita
853 2349 1037 2384 neminem
1057 2349 1182 2385 litteris
1201 2348 1242 2385 fi-

71 2411 116 2439 ne
134 2399 268 2437 Lexico
287 2398 417 2438 Latino
437 2397 590 2434 studium
612 2403 716 2445 atque
735 2408 882 2444 operam
904 2409 1042 2439 navare,
1065 2397 1242 2434 &littera-

72 2451 100 2487 ti
115 2448 274 2486 hominis
290 2459 427 2485 nomen
443 2447 816 2495 existimationemque
838 2448 927 2484 tueri
943 2445 1060 2494 posse:
1101 2445 1240 2484 Totum

72 2498 146 2537 hoc
165 2510 278 2547 genus
300 2497 408 2546 usque
427 2508 472 2533 eo
495 2495 703 2545 posthabui,
732 2503 771 2532 ut
792 2496 876 2533 inde
903 2507 947 2532 ex
975 2508 1049 2544 quo
1068 2495 1239 2533 litterario

74 2547 163 2586 ludo
181 2547 331 2596 egressus
353 2547 448 2587 sum,
476 2546 513 2582 ἅτ
532 2545 669 2582 triviale
690 2544 799 2588 illud,
829 2545 928 2595 quod
954 2545 1148 2592 puerilibus
1172 2545 1242 2583 stu-

74 2597 140 2634 diis
155 2596 473 2634 accommodatum
496 2595 561 2637 est,
590 2595 724 2642 abjeci,
750 2595 850 2643 supra
868 2606 1001 2631 annum
1023 2594 1242 2644 quadragesi-

73 2657 174 2693 mum
191 2647 300 2684 aetatis
319 2644 483 2684 Lexicon
501 2643 667 2682 Latinum
682 2643 821 2681 nullum
837 2644 925 2680 mihi
946 2647 1240 2692 comparaverim,

73 2694 111 2735 Si
137 2695 224 2744 quid
243 2695 335 2732 forte
354 2694 489 2743 legenti
515 2694 714 2737 incidebat,
741 2693 842 2743 quod
858 2692 982 2731 Lexici
998 2694 1101 2731 usum
1120 2694 1243 2742 posce-

74 2751 148 2786 ret,
175 2745 359 2783 audtorum
382 2742 602 2781 classicorum
623 2743 758 2780 indices
781 2743 1029 2791 inspiciebam,
1056 2750 1116 2779 aut
1143 2743 1238 2791 ipsos

75 2794 234 2833 auctores
270 2793 390 2842 saepius
438 2792 644 2829 volutabam
658 2820 669 2834 ,
712 2792 891 2829 indicante
923 2799 1124 2841 utcunque,
1165 2804 1239 2841 quo

77 2842 237 2892 quidque
263 2843 348 2880 loco
371 2842 535 2884 exstaret,
562 2843 758 2883 memoria,
793 2849 853 2880 aut
877 2841 1032 2890 denique
1063 2841 1242 2878 adnotasse

75 2893 152 2929 satis
181 2892 372 2935 habebam,
399 2890 469 2928 alio
501 2898 687 2939 tempore,
715 2891 1050 2940 quomodocunque
1079 2890 1240 2933 licuerit,

76 2940 313 2990 inquisiturus.
362 2941 493 2990 Neque
511 2952 599 2978 vero
619 2952 659 2977 ea
682 2941 901 2988 parcimonia
922 2940 1004 2981 fuit,
1033 2951 1145 2988 quum
1156 2940 1241 2977 sem-

75 3002 141 3039 per
168 2991 350 3028 bonorum
381 2990 557 3027 librorum
583 3000 700 3038 prope
732 2988 851 3038 supra,
878 3001 985 3038 quam
1018 2989 1241 3026 fortunarum

77 3051 237 3077 mearum
265 3040 416 3077 tenuitas
446 3041 518 3087 pati
549 3037 647 3087 poffe
673 3038 877 3081 videbatur,
903 3038 1071 3076 studiosus
1096 3039 1241 3075 fuerim:

76 3088 214 3127 Verum
241 3090 353 3138 magis
373 3091 411 3126 in
439 3100 484 3125 eo
513 3099 646 3137 genere
667 3088 755 3137 quid
781 3100 858 3125 non
880 3088 1093 3135 probarem,
1134 3099 1242 3136 quam

105 3138 165 3175 uid
188 3140 342 3176 omnino
363 3138 554 3187 probarem
570 3137 808 3175 inveniebam.
859 3136 1022 3184 Calepini
1038 3137 1241 3173 maciem&

90 3189 227 3225 cabiem
262 3199 341 3224 non
378 3187 504 3233 injuria
538 3187 763 3234 aspernabar,
807 3187 868 3229 iis,
920 3186 982 3235 qui
1024 3184 1243 3223 Trebelliani

76 3237 316 3285 Promptuarii
334 3236 557 3273 inconditam
576 3234 787 3284 farraginem
808 3236 920 3284 pluris
939 3235 1114 3276 facerent,
1152 3235 1243 3271 nihil

76 3286 300 3328 invidebam,
328 3285 478 3323 eandem
506 3285 544 3321 in
570 3283 667 3322 Foro
688 3283 857 3324 Romano
889 3285 926 3322 ἅτ
954 3284 1091 3322 AErario
1109 3283 1242 3320 Latinae

78 3335 207 3384 linguae
223 3335 285 3373 sub
306 3335 378 3372 alio
395 3336 545 3372 nomine
559 3334 736 3371 recoffiiam
755 3335 936 3372 crambem
945 3333 1170 3374 fastidiebam,
1182 3332 1243 3370 Fa-

78 3385 190 3423 briani
203 3383 391 3426 Thesauri,
419 3386 480 3434 qui
496 3383 632 3433 alioqui
656 3383 812 3431 palmam
829 3383 952 3425 ferret,
978 3383 1015 3419 in
1032 3392 1180 3430 pcenam
1193 3381 1244 3418 le-

80 3433 182 3471 &oris
204 3433 415 3482 exquifitum
443 3433 610 3470 ordinem
642 3445 748 3471 cruce
775 3435 874 3482 pejus
901 3432 1070 3473 oderam,
1097 3430 1244 3478 Stepha-

78 3495 167 3521 num
182 3495 364 3532 nunquam
381 3483 560 3524 videram,
586 3483 624 3519 δε
643 3482 668 3519 fi
687 3484 778 3520 forte
801 3495 847 3519 ex
866 3481 980 3519 Gallia
999 3480 1151 3517 nancisci
1171 3480 1244 3517 vel-

78 3532 171 3575 lem,
199 3545 264 3570 aere
283 3545 359 3569 non
376 3532 550 3569 mediocri
574 3544 621 3568 ex
637 3531 785 3569 vinculis
806 3529 1035 3568 redimendus
1053 3537 1135 3566 erat.
1187 3530 1245 3567 ln-

77 3588 173 3618 terea
194 3582 390 3629 suspensum
412 3593 469 3617 me
486 3580 744 3629 exspectatione
768 3581 1019 3619 consummatae
1038 3590 1156 3626 operae
1179 3577 1247 3616 Le-

78 3632 152 3674 xici
173 3630 312 3673 Latini,
339 3642 454 3667 annos
479 3631 547 3677 jam
569 3631 709 3668 circiter
734 3642 795 3668 xx
818 3629 1005 3670 tenebant,
1032 3639 1076 3664 ex
1092 3626 1245 3665 Germa-

77 3682 157 3722 nia,
184 3692 228 3717 ex
241 3680 386 3728 Belgio,
412 3691 457 3716 ex
477 3678 611 3720 Gallia,
639 3692 683 3717 ex
702 3679 819 3721 Italia,
850 3691 895 3715 ex
911 3675 1038 3725 Anglia
1057 3674 1246 3724 promisso-

77 3741 143 3767 res.
195 3729 366 3775 Quorum
384 3729 548 3765 omnium
575 3736 694 3766 tamen
720 3727 889 3777 promissa
921 3729 957 3763 in
988 3727 1127 3763 sumum
1152 3727 1245 3762 abie-

76 3786 179 3825 runt,
206 3776 269 3814 nisi
283 3778 382 3827 quod
392 3776 570 3816 Britannia
583 3778 732 3815 demum
744 3777 837 3820 hoc,
890 3775 963 3812 uod
981 3775 1092 3812 oculis
1102 3776 1168 3811 tuis
1185 3777 1248 3811 ite—

77 3835 193 3865 ratum
221 3829 314 3876 typis
342 3827 563 3872 subjicimus,
592 3828 771 3869 triennio,
797 3834 837 3863 ut
894 3825 916 3861 1.
943 3823 1097 3861 editores
1121 3824 1246 3871 praedi-

76 3884 178 3918 cant,
206 3877 222 3919 (
233 3888 352 3924 papae,
380 3887 447 3926 pro
465 3876 563 3913 mole
580 3878 652 3923 ejus
666 3888 773 3925 quam
792 3872 998 3918 celeriterl)
1025 3873 1246 3910 elaboratum

78 3937 170 3976 opus
189 3925 341 3964 extrusit.
363 3970 366 3973 ¹
391 3926 481 3964 Sunt
497 3933 637 3969 autem,
670 3927 732 3976 qui
749 3925 787 3962 id
815 3930 1005 3964 curarunt,
1031 3930 1070 3959 ut
1086 3932 1132 3959 ex
1152 3921 1245 3970 ipso-

1287 1378 1367 1404 rum
1378 1365 1617 1406 Dicatoriazad
1629 1367 1898 1409 GEORGsUM
1919 1369 1960 1409 Π.
1977 1370 2030 1410 Μ.
2044 1371 2080 1410 Β.
2093 1372 2134 1412 R.
2145 1373 2288 1422 epistola
2303 1379 2446 1422 constat,

1288 1415 1347 1454 IV
1363 1416 1441 1455 Viri
1464 1417 1666 1461 Clarissimi,
1694 1419 1908 1456 EnniuNDus
1926 1422 2030 1462 Laws,
2063 1421 2259 1470 Joninuas
2281 1423 2446 1467 Tavum.

1288 1465 1450 1501 THOMAS
1467 1465 1669 1515 JOHNSON,
1687 1469 1829 1504 SANDYS
1847 1468 2110 1507 llurcffltvson.
2137 1470 2216 1516 EJ‘us
2231 1475 2290 1520 qui
2301 1476 2446 1520 primus,

1291 1515 1326 1550 &
1337 1515 1543 1563 solus,qu0d
1555 1517 1709 1558 sciam,in
1720 1517 1786 1554 hac
1795 1519 1880 1554 urbe
1891 1518 2072 1566 exemplar
2081 1519 2141 1556 libi
2151 1522 2449 1568 comparavit,Vir

1292 1564 1349 1604 est,
1362 1575 1443 1601 cum
1456 1567 1623 1603 omnibus
1634 1568 1780 1613 ingenii,
1793 1568 1899 1602 animi
1930 1579 1971 1603 ue
1982 1568 2176 1610 bonis,tum
2188 1570 2395 1606 eruditionis
2412 1583 2450 1607 ac

1291 1610 1458 1650 doetrinae
1469 1614 1572 1651 laude
1583 1613 1829 1659 ornatiffimus,
1841 1613 1900 1663 JO
1940 1615 2094 1653 ANNES
2109 1617 2206 1655 GRY
2214 1618 2450 1660 NAEUS,tunc

1290 1662 1437 1746 puidem
1448 1663 1564 1700 adhuc
1579 1663 1707 1713 Lingg.
1720 1663 1784 1702 Or.
1794 1662 1996 1701 Profefforis
2006 1667 2081 1702 vice
2098 1668 2133 1702 in
2145 1671 2252 1713 patria
2264 1669 2452 1705 Academia

1305 1723 1720 1760 ungens,nuper,magno
1731 1713 1791 1750 suo
1802 1715 1942 1755 merito,
1954 1713 2174 1752 SSTnDac
2184 1715 2293 1752 Locc.
2306 1716 2449 1754 comm.

1292 1760 1328 1797 &
1346 1760 1520 1798 Controv.
1545 1760 1729 1804 Proseffor,
1749 1762 1906 1799 Patribus
1924 1761 2140 1811 Conscriptis
2159 1764 2313 1809 ejusdem
2329 1778 2451 1814 aggre-

1290 1817 1401 1856 gatus.
1450 1811 1481 1848 Is
1500 1821 1609 1859 quum
1630 1811 1736 1852 mihi,
1765 1822 1831 1859 pro
1850 1812 2122 1855 benevolentiae,
2153 1825 2220 1861 qua
2238 1826 2294 1850 me
2315 1814 2449 1860 semper

1290 1860 1523 1907 prosequutus
1548 1861 1614 1902 est,
1641 1860 1913 1906 conJ'unffione,
1939 1860 2039 1897 domi
2063 1862 2126 1898 suae
2147 1862 2352 1909 inspiciendi
2372 1863 2449 1900 libri

1291 1910 1435 1956 copiam
1451 1907 1602 1951 fecisset,
1632 1921 1672 1945 ac
1685 1907 1787 1946 simul
1801 1922 1875 1946 non
1890 1909 2136 1959 usquequaque
2154 1913 2295 1958 probari
2313 1911 2373 1948 libi
2394 1912 2452 1948 de-

1293 1955 1464 1999 clarasset,
1492 1958 1610 1995 auelor
1634 1958 1815 2007 suasorque
1832 1959 1919 1994 mihi
1947 1960 2033 2001 suit,
2070 1968 2110 1996 ut
2132 1962 2203 2006 ejus
2227 1961 2425 1997 recensendi
2440 1989 2449 2002 .

1293 2007 1579 2055 emendandique
1599 2019 1717 2044 curam
1737 2006 1942 2055 susciperem
1958 2035 1966 2048 ‚
1996 2011 2285 2055 promittentibus
2305 2021 2453 2057 operam

1294 2055 1329 2092 &
1353 2063 1458 2104 typos
1481 2057 1560 2094 suos
1580 2057 1615 2092 in
1639 2055 1846 2093 recudendo
1868 2055 2085 2093 THURNISHS
2115 2057 2329 2094 Faiiriussias‘.
2381 2059 2449 2100 lca,

1293 2105 1393 2153 quod
1413 2118 1457 2141 ne
1481 2105 1669 2142 somnianti
1686 2105 1830 2154 quidem
1857 2118 2014 2155 unquam
2036 2108 2073 2142 in
2105 2114 2262 2143 mentem
2287 2116 2450 2149 venerat,

1292 2153 1637 2202 velutAscriptitius‚
1666 2156 1702 2190 in
1722 2153 2016 2192 Gloffulariorum
2040 2154 2177 2192 claffem
2195 2156 2355 2193 accensus
2368 2156 2451 2193 sum.

1290 2203 1402 2251 Igitur
1421 2204 1569 2251 cupide,
1596 2202 1713 2253 eoque
1726 2206 1874 2251 raptim,
1903 2214 1941 2241 ut
1959 2204 2100 2246 assolet,
2127 2206 2244 2252 primo
2268 2205 2452 2243 volumine

1291 2253 1539 2300 pervolutato,
1566 2265 1641 2289 non
1659 2265 1769 2289 unum
1790 2254 1911 2289 locum
1926 2253 2178 2296 animadverti,
2206 2261 2245 2292 ut
2262 2256 2297 2290 in
2318 2254 2452 2291 Admo-

1291 2303 1449 2343 nitorio,
1485 2302 1584 2351 quod
1607 2310 1681 2338 tum
1706 2302 1915 2350 bibliopolae
1942 2303 2183 2350 publicarunt,
2219 2302 2361 2340 schedio
2381 2305 2453 2350 jam

1291 2351 1487 2392 declaravi,
1511 2353 1571 2400 qui
1590 2351 1840 2388 emendatione
1859 2363 1948 2399 opus
1974 2352 2127 2388 haberet.
2180 2351 2366 2393 Ceterum,
2396 2352 2453 2388 seu

1292 2399 1419 2437 chartae
1432 2401 1547 2442 nitor,
1572 2407 1812 2448 typorumque
1832 2399 2032 2447 politiffima
2047 2401 2220 2448 elegantia
2240 2401 2372 2443 oculis,
2400 2403 2454 2437 in-

1291 2451 1473 2498 genioque
1490 2451 1586 2496 juxta
1610 2448 1796 2497 imposuit,
1822 2449 1888 2486 sive
1909 2451 2028 2497 potius
2047 2452 2206 2491 animus,
2230 2452 2386 2486 vanitatis
2399 2452 2454 2486 in-

1292 2499 1426 2540 solens,
1449 2499 1485 2535 ὃς
1499 2510 1543 2535 ex
1563 2498 1622 2535 suo
1642 2498 1799 2535 candore
1815 2497 1965 2535 aliorum
1985 2497 2149 2547 promissa
2170 2499 2358 2541 aestimans,
2390 2501 2454 2540 οἰμ-

1291 2548 1447 2587 finum-lav
1462 2547 1640 2596 quandam
1659 2559 1699 2584 ac
1716 2547 1969 2584 hebetudinem
1992 2548 2035 2584 ad
2052 2548 2089 2584 id
2109 2559 2259 2584 examen
2278 2548 2450 2590 attulerat,

1292 2596 1400 2645 paulo
1423 2597 1566 2634 mollius
1583 2597 1627 2633 de
1643 2608 1755 2644 opere
1780 2596 1855 2644 ipso
1873 2597 2046 2644 judicium
2067 2596 2158 2638 feci,
2186 2609 2290 2644 quam
2303 2596 2373 2633 fine
2392 2608 2452 2633 cu-

1291 2646 1450 2695 jusquam
1482 2647 1606 2692 injuria
1633 2645 1746 2682 facere
1776 2645 1972 2692 potuilsem.
2022 2645 2117 2683 Nam
2145 2647 2372 2693 posteaquam
2395 2658 2453 2682 me

1292 2697 1395 2743 operi
1420 2696 1577 2737 accinxi,
1604 2706 1645 2731 ac
1676 2694 1825 2743 singulas
1851 2696 2013 2743 paginas,
2053 2696 2104 2732 uti
2130 2697 2316 2737 convenit,
2344 2694 2451 2742 paulo

1292 2746 1485 2781 intentiore
1501 2756 1584 2781 cura
1595 2743 1778 2792 perlegere
1795 2747 1911 2792 ccepi,
1939 2745 1988 2780 ibi
2005 2755 2111 2786 vero,
2139 2745 2205 2787 (ut
2221 2744 2326 2785 istuc,
2353 2743 2452 2792 quod

1292 2806 1346 2830 res
1372 2794 1435 2834 est,
1463 2793 1625 2836 dicam,)
1659 2804 1758 2840 paene
1783 2804 1832 2837 pro
1857 2793 1987 2836 thesauro
2018 2792 2150 2826 carbones
2178 2795 2300 2839 reperi.
2350 2791 2450 2838 Quid

1292 2842 1432 2891 ipsimet
1449 2842 1507 2880 IV
1527 2842 1605 2879 Viri
1619 2840 1805 2880 Clariffimi
1823 2843 1860 2878 in
1875 2853 1968 2878 nova
1981 2854 2021 2879 ac
2035 2841 2301 2889 splendidissima
2324 2842 2451 2877 editio-

1292 2905 1338 2929 ne
1357 2892 1414 2929 sua
1438 2892 1677 2939 praestiterint,
1705 2891 1791 2940 quid
1810 2892 1846 2927 in
1863 2891 1986 2927 eadem
2006 2890 2121 2928 adhuc
2136 2890 2345 2931 desiderent,
2373 2901 2450 2926 non

1294 2940 1545 2978 dissimulanter
1565 2940 1711 2989 quidem
1729 2942 1766 2976 in
1780 2941 1983 2988 praefatione
2001 2940 2055 2977 sua
2067 2968 2077 2982 ,
2105 2940 2279 2988 quaehanc
2290 2940 2450 2985 protinus

1292 2991 1469 3038 excipiet,
1497 2989 1803 3038 exprompserunt.
1832 2989 1900 3027 Sed
1912 2989 2018 3037 paulo
2036 2996 2152 3025 tamen
2169 2988 2328 3035 amplius,
2351 2987 2454 3036 quod

1292 3051 1379 3088 pace
1396 3039 1552 3086 ipsorum
1581 3038 1752 3080 dixerim,
1779 3050 1886 3087 quam
1909 3037 2175 3085 exspectandum
2197 3038 2322 3077 luerat,
2351 3038 2385 3071 in
2405 3036 2455 3071 la-

1292 3087 1431 3125 boriosa
1450 3088 1516 3124 hac
1540 3089 1725 3136 provincia
1748 3087 1868 3123 alienae
1896 3087 2086 3134 diligentiae
2108 3087 2285 3132 reliquum
2320 3083 2451 3126 fecisse,

1291 3149 1337 3175 ex
1354 3137 1407 3174 his
1422 3164 1434 3178 ,
1455 3148 1532 3185 quae
1546 3137 1590 3173 de
1609 3138 1717 3178 meis,
1744 3148 1829 3184 quas
1846 3137 1883 3172 in
1901 3136 1974 3172 hoc
1990 3148 2078 3183 opus
2102 3134 2256 3174 contuli,
2285 3136 2374 3170 cutis
2394 3145 2453 3170 ve-

1291 3199 1329 3224 re
1348 3186 1538 3234 praedicare
1563 3185 1726 3233 possum,
1754 3184 1918 3222 cordatus
1931 3185 2042 3221 lector
2058 3183 2156 3220 sacile
2176 3183 2361 3230 intelliget.

1346 3235 1503 3273 Primum
1515 3236 1550 3272 in
1565 3235 1687 3271 eadem
1699 3234 1768 3276 illa,
1781 3246 1885 3282 quam
1897 3233 2281 3281 dixi,praelati0ne,quia
2291 3231 2453 3279 quaedam

1294 3285 1411 3321 minus
1422 3284 1589 3332 explicite
1603 3283 1737 3331 scripta,
1749 3290 1852 3331 atque
1866 3281 2101 3319 adeosum'm
2113 3289 2315 3322 occurrunt,
2329 3293 2372 3317 ne
2383 3281 2454 3317 sor-

1295 3330 1484 3370 sanleClori
1500 3333 1696 3370 molestiam
1705 3339 1876 3373 crearent,
1899 3332 2043 3367 verbum
2053 3330 2165 3367 unum
2180 3330 2400 3377 alterumque
2418 3331 2453 3365 in

1296 3384 1367 3419 ima
1384 3383 1512 3430 pagina
1530 3381 1730 3418 declarandi
1745 3379 1842 3417 caula
1857 3380 2004 3426 adjicere
2024 3378 2161 3415 coaetus
2173 3378 2259 3414 sum.
2312 3379 2453 3424 Quibus

1296 3432 1446 3473 deinde,
1472 3431 1561 3467 dum
1582 3432 1671 3467 inter
1688 3429 1918 3478 relegendum
1944 3428 2009 3464 alia
2036 3436 2140 3476 atque
2168 3428 2232 3463 alia
2263 3429 2378 3464 minus
2402 3439 2453 3463 re-

1298 3477 1370 3522 ste,
1398 3488 1436 3517 ut
1450 3481 1618 3521 arbitror,
1645 3478 1755 3526 poslta
1768 3478 2030 3518 animadverto,
2059 3476 2190 3513 notulae
2212 3476 2349 3523 insuper
2364 3487 2454 3524 quae-

1298 3528 1380 3566 dam
1402 3530 1604 3566 monitoriae
1623 3527 1850 3567 accesserunt,
1878 3537 1961 3573 quas
1982 3528 2024 3563 ab
2042 3525 2095 3561 his
2109 3553 2118 3566 ,
2147 3537 2222 3573 quae
2241 3528 2313 3569 iam
2337 3527 2378 3561 ab
2396 3537 2454 3560 au-

1299 3578 1394 3615 &ore
1412 3579 1624 3626 praelationis
1643 3577 1779 3623 adjeclae
1803 3577 1956 3616 fuerant,
1984 3573 2184 3621 interposita
2201 3574 2303 3614 linea,
2329 3575 2363 3609 &
2383 3574 2454 3609 hoc

1297 3626 1437 3675 lignum
1461 3628 1478 3672 †
1501 3625 1689 3673 distinguit.
1739 3624 1901 3661 Poteram
1932 3623 2077 3671 quidem
2100 3623 2143 3659 de
2165 3622 2303 3659 Lexicis
2323 3622 2454 3659 Latinis

1326 3677 1399 3713 lura
1418 3674 1586 3722 adjicere,
1614 3674 1637 3710 fi
1656 3674 1701 3710 de
1721 3672 1863 3720 singulis
1879 3674 2070 3708 accuratius
2090 3673 2266 3719 inquirere
2283 3671 2453 3710 lubuiffet,

1313 3725 1356 3762 ed
1376 3724 1453 3760 vela
1473 3723 1682 3760 contrahere
1713 3722 1811 3757 satius
1843 3721 1951 3757 visum
1981 3721 2048 3762 est,
2076 3732 2121 3756 ne
2155 3719 2303 3756 editioni
2339 3721 2455 3767 operis

1300 3785 1441 3810 moram
1461 3772 1631 3814 afferrem.
1682 3770 1827 3818 Alioqui
1857 3771 1953 3806 enim
1978 3781 2102 3806 eorum
2133 3770 2250 3816 potius
2272 3768 2455 3804 obsecutus

1299 3822 1402 3860 essem
1415 3820 1609 3861 voluntati,
1639 3821 1698 3870 qui
1709 3831 1765 3855 me
1778 3847 1786 3861 ,
1816 3827 1853 3856 ut
1864 3830 1995 3855 novam
2011 3818 2114 3866 plane
2128 3818 2333 3853 hanctelam
2350 3818 2455 3856 orsus,

1297 3872 1401 3908 aliam
1414 3869 1632 3907 Lexicoruin
1654 3871 1728 3905 Lat.
1744 3867 1924 3904 historiam
1944 3868 2062 3904 denuo
2083 3876 2311 3903 contexerem
2331 3865 2458 3901 adhor-

1296 3922 1478 3960 tabantur,
1518 3929 1629 3966 quum
1651 3928 1764 3966 genus
1788 3917 1983 3958 scribendi,
2023 3916 2121 3965 quod
2140 3917 2202 3951 Vir
2224 3914 2455 3968 Clarissimus,

1855 3972 1876 3991 ἢ
1888 3971 1908 3991 ’⁶
2402 3974 2458 3998 cui
