2604 4222
180 55 251 91 208
593 40 619 75 Δ
716 37 752 73 Ν
846 34 870 71 S

222 128 358 166 Tempus.
393 126 451 156 Cic.
463 128 488 155 6.
502 124 553 155 Att.
568 134 592 158 5·
619 120 672 151 Etsi
683 128 807 150 annuum
821 122 953 159 tempus,
980 116 1175 156 prope-tanien
1187 108 1336 152 emeritum

242 166 412 196 habebamus
432 164 513 199 (dies
527 162 603 191 enim
616 168 688 189 xxxi
697 167 707 186 ι
716 167 739 186 1.
760 163 837 185 erant
857 154 956 190 reliqui
968 153 981 188 )
1000 149 1177 183 soliertudine
1185 155 1337 185 provinciae

242 211 336 233 tamen
351 202 395 231 vel
410 202 530 230 maxime
550 197 723 235 urgebamur.

224 242 294 273 Usus
316 249 432 269 annuus.
464 238 607 268 Africanus
619 234 675 263 inl.
710 232 781 261 Cum
800 234 972 267 quaereretur.
995 225 1027 255 D.
1049 225 1083 254 de
1093 224 1146 261 leg.
1160 233 1184 260 3.
1207 223 1293 261 Quod
1304 222 1340 252 ad

244 279 324 309 usum
340 286 464 306 annuum
480 285 549 313 opus
563 273 637 302 esset.
804 305 809 310 “
1053 300 1058 306 ,
1152 299 1157 305 ,

224 319 355 348 Annuum
367 337 375 349 ,
405 314 491 350 Quod
501 310 611 349 lingulis
626 308 704 338 annis
713 306 761 335 fit:
782 304 889 333 dissum
900 301 973 341 quasi
988 299 1228 335 Anniversarium,
1249 304 1280 328 ut
1290 298 1343 329 An.

245 365 300 384 nua
313 354 392 382 sacra.
415 352 488 388 Virg.
505 360 527 380 1.
547 350 645 384 Georg.
662 350 724 387 3358·
849 379 854 384 .
981 378 986 383 .
1173 375 1178 380 ι

225 394 323 423 Annua
343 390 434 419 febris.
454 390 472 418 i.
489 398 512 417 e.
535 383 728 416 Aiiniversaria.
749 379 827 409 Valla
836 377 886 409 lib.
896 388 923 415 4.
958 377 1006 409 Sic
1022 375 1144 415 Propert.
1159 372 1208 404 lib.
1222 382 1247 412 3.
1260 383 1285 411 3.

225 432 325 460 Annua
336 427 495 457 certamina.
528 424 626 453 Lucan.
638 421 686 449 lib.
701 429 724 448 1.
738 423 800 452 180.

227 467 350 496 Cultura.
373 466 440 494 Hor.
452 472 475 499 3.
494 462 583 491 Carni.
596 469 640 495 24.
656 468 699 501 ¹.4·

228 505 300 534 Cura
318 512 409 532 annua
427 500 505 530 milio
523 499 608 528 venit.
636 496 707 533 Virg.
722 503 746 523 1.
761 493 936 529 Georg.216.

227 542 403 572 Libaannua.
425 538 510 568 Ovid.
530 546 554 566 1.
576 534 717 570 Fast.670.

226 580 368 616 Sumptus.
391 577 449 606 Cic.
464 586 506 611 15.
524 575 576 603 Att.
592 582 638 609 29.

231 618 324 647 Orbis.
358 615 428 651 Virg.
444 624 468 648 ς.
489 613 551 643 ffin.
563 614 608 646 46.
947 642 953 649 η
1125 640 1131 646 .
1210 638 1216 645 .

306 655 421 683 Annuus
439 651 542 680 exaCtis
560 646 719 690 completur
737 643 876 674 mensibus
894 643 979 673 orbis.
1078 639 1252 670 UbiServius
1264 659 1273 674 ,
1293 636 1347 666 An-

247 701 319 721 nuus
334 690 407 719 orbis
418 711 426 723 ‚
456 688 521 725 quia
532 686 639 716 menses
656 695 685 714 in
702 684 729 713 se
746 688 891 712 recurrunt
907 683 933 711 δε
947 688 1053 710 annum
1070 679 1185 707 faciunt.

228 727 368 761 Annuum,
380 725 502 756 absolute
512 724 631 763 positum
641 722 774 760 significat
784 720 886 750 Salaria
896 720 942 749 seu
954 716 1116 748 Mercedem
1128 738 1135 750 ,
1156 714 1200 744 vel
1210 715 1347 744 Alimenta

247 768 276 795 in
286 764 404 802 singulos
413 773 511 793 annos.
543 762 608 805 Ulp.
618 761 652 790 D.
664 759 700 789 de
709 759 813 789 Annuis
823 758 875 795 leg.
895 760 921 787 δε
931 753 1132 799 fideicommiss.
1143 753 1161 782 l.
1184 753 1227 797 ⁴Si
1244 752 1288 795 cui
1299 762 1348 780 an-

247 813 334 832 nuum
344 803 427 832 fuerit
437 801 565 831 relietum
575 801 630 828 line
638 798 796 835 adjedtione
807 796 920 825 summae
928 817 935 830 ‚
961 792 1032 822 nihil
1045 792 1133 820 videri
1143 791 1209 819 huic
1218 790 1347 819 relictum

247 841 325 871 Mela
334 841 380 869 ait.
402 840 515 869 Sueton.
529 839 558 867 in
569 837 664 867 Tiber.
680 846 723 873 50.
739 833 851 864 Peculio
861 831 988 863 concesso
999 840 1013 859 a
1023 828 1290 871 patre,praebitisque
1300 837 1347 856 an-

247 879 329 908 nuuis
339 878 484 911 fraudavit,
499 886 548 914 per
557 875 679 914 speciem
715 873 801 902 ublici
810 872 885 907 juris.
907 871 986 900 ldem
997 867 1076 905 Vesp.
1095 876 1156 904 cap.
1174 866 1344 900 18.Pl1n.10.

248 917 380 954 Epist.40.
401 917 489 952 Atque
499 915 584 943 etiam
594 921 626 942 ut
634 912 691 950 pub
705 912 740 940 ici
749 910 816 939 servi
826 918 916 938 annua
927 906 1077 943 accipiunt.
1096 905 1128 933 V.
1149 914 1167 932 A
1177 913 1197 932 N
1206 913 1228 932 N
1237 913 1254 932 o
1265 912 1286 932 N
1296 913 1326 933 A.

191 955 214 984 A
224 964 243 984 N
253 965 272 983 N
282 965 300 983 u
310 964 329 983 A
340 965 356 982 ι,
365 963 404 989 rs,
416 963 440 982 e.
455 953 497 983 Ad
511 961 616 981 annum
624 951 750 988 spectans
764 958 770 977 :
791 954 831 982 ut,
847 944 1017 976 Annualibus
1027 942 1121 972 causis.
1135 942 1234 971 Arnob.
1243 950 1345 978 1-p.22.

192 994 244 1023 AN
255 1002 274 1020 Ν
285 1001 426 1026 υΑΤιΜ,
447 991 515 1020 Adv.
538 990 586 1019 Per
602 987 721 1025 singulos
737 995 834 1015 annos.
865 982 941 1013 Valla
963 981 1012 1010 lib.
1028 985 1053 1010 6.
1076 981 1144 1009 citat
1161 978 1346 1022 locum-Plin.

229 1030 279 1059 lib.
294 1039 334 1059 12.
347 1039 408 1067 cap.
425 1034 467 1062 18.
487 1029 517 1057 in
531 1037 586 1064 quo
599 1028 633 1056 lic
649 1034 725 1054 nunc
740 1024 857 1060 legitur,
879 1020 1024 1051 Herodoto
1034 1018 1116 1052 teste,
1138 1019 1185 1054 qui
1199 1017 1282 1046 tradit
1298 1019 1348 1045 sin-

230 1068 294 1106 gula
311 1067 399 1096 millia
419 1066 556 1096 talentum
572 1073 663 1094 annua
678 1062 764 1091 thuris
779 1060 878 1089 Arabes
903 1056 1045 1096 pensitasse
1062 1055 1172 1094 regibus
1197 1054 1345 1085 Persarum.

230 1106 287 1136 Ubi
308 1105 386 1134 Valla
403 1104 482 1134 fuisse
499 1103 635 1133 mendum
649 1098 854 1130 subdubitabat.
893 1097 927 1127 ln
954 1094 1098 1126 Onomast.
1127 1099 1182 1125 vet.
1204 1093 1265 1120 κατ’
1283 1093 1349 1124 Er&-

231 1144 389 1182 exponitur.

193 1182 423 1217 ANNUTRio,
462 1178 494 1211 V.
516 1185 733 1208 ADNUano.

628 1217 656 1251 A
749 1212 785 1247 Ν
882 1210 918 1246 Ο

193 1269 243 1300 AN
253 1272 271 1299 δ
279 1279 298 1298 r>
306 1269 326 1298 ἴ(
334 1278 355 1297 Ν
363 1278 379 1297 o
388 1277 409 1296 N
419 1289 428 1303 ‚
461 1267 477 1302 [
494 1262 604 1292 ἀνώδυνον
617 1264 633 1299 ]
657 1261 794 1299 Anodyna
801 1264 936 1289 vocantur
948 1279 956 1294 ‚
985 1258 1054 1295 Quae
1065 1256 1234 1286 levationem
1245 1253 1352 1284 doloris

231 1308 362 1337 somnum
384 1304 542 1335 arcessendo
567 1303 721 1332 moliuntur
733 1321 741 1337 ,
762 1305 794 1328 ut
809 1298 846 1327 ait
867 1295 1032 1326 Hermolaus
1049 1296 1078 1324 in
1095 1294 1163 1323 Plin.
1185 1293 1255 1323 Cels.
1264 1292 1313 1321 lib.
1325 1303 1351 1328 5.

232 1354 292 1383 cap.
305 1354 349 1380 25.
378 1343 515 1379 Anodyna
528 1347 648 1375 vocant,
669 1338 740 1375 Quae
763 1336 861 1366 somno
881 1334 1008 1363 dolorem
1025 1333 1127 1363 levant.
1168 1331 1247 1360 [dem
1258 1330 1306 1360 lib.
1321 1334 1349 1359 6.

233 1393 294 1420 cap.
309 1386 334 1412 6.
384 1381 413 1410 Si
423 1386 530 1410 tantum
541 1378 606 1407 mali
620 1378 678 1413 est,
697 1382 728 1405 ut
738 1375 867 1404 somnum
879 1372 927 1401 diu
939 1370 1105 1410 prohibeat,
1125 1379 1224 1399 eorum
1244 1367 1351 1405 aliquid

233 1421 357 1450 dandum
372 1419 410 1448 est
429 1428 489 1456 quae
507 1415 615 1443 οἰνῶῧυιοι
634 1414 722 1445 Graeci
738 1417 848 1442 vocant.

195 1459 217 1489 A
226 1468 246 1489 N
254 1468 271 1487 o
281 1470 301 1487 M
311 1468 330 1486 A
339 1469 355 1486 1.
363 1468 372 1485 1
380 1467 401 1485 A
412 1478 421 1491 ,
441 1466 471 1484 τε.
497 1456 512 1490 [
525 1451 652 1487 arowasia
666 1453 680 1489 ]
700 1451 796 1481 Latine
805 1449 908 1478 dicitur
916 1446 1091 1484 Inaequalitas
1100 1468 1108 1481 ‚
1129 1446 1156 1475 ὃ(
1165 1444 1203 1474 est
1212 1443 1351 1483 Analogiae

233 1496 378 1526 contraria.
413 1493 483 1523 Gell.
496 1491 543 1521 lib.
555 1501 581 1521 2.
592 1501 653 1529 cap.
666 1500 712 1526 25.
752 1489 786 1519 In
796 1487 894 1518 Latino
902 1486 1027 1516 sermone
1036 1484 1113 1513 sicuti
1125 1484 1155 1512 in
1166 1483 1261 1512 Graeco
1271 1504 1279 1518 ‚
1301 1484 1350 1513 alii

232 1534 388 1576 analogiam
406 1531 573 1568 sequendam
588 1533 774 1567 putaverunt,
793 1526 841 1555 alii
853 1523 1019 1554 anomaliam
1033 1532 1040 1553 :
1058 1519 1202 1567 ,otim-ofin,
1223 1521 1262 1551 est
1279 1521 1351 1551 simi-

232 1572 303 1602 lium
314 1570 407 1600 similis
418 1568 569 1599 declinatio
586 1589 594 1602 ,
617 1576 701 1604 quam
711 1565 823 1602 quidam
832 1562 929 1593 Latine
940 1562 1151 1598 Proportionem
1158 1566 1276 1590 vocant:
1297 1561 1352 1586 ἑνο-

233 1608 321 1645 wala
335 1631 343 1645 ‚
365 1608 403 1638 est
415 1606 583 1643 inaequalitas
595 1604 815 1634 declinationum
834 1600 1066 1630 consuetudinem
1078 1598 1202 1634 sequens.

194 1648 343 1679 AN6N1s
354 1669 362 1683 ,
382 1646 406 1675 is
416 1668 424 1681 ‚
444 1645 489 1675 vel
499 1645 554 1673 idis
565 1665 573 1679 ,
594 1643 613 1672 f.
636 1644 651 1678 [
667 1642 746 1669 ὲνωνὶς
761 1641 776 1676 ]
795 1639 889 1670 Herba
905 1638 944 1667 est
954 1647 1014 1675 quae
1033 1638 1060 1666 &
1072 1635 1183 1665 One->nis
1193 1656 1202 1670 ‚
1226 1634 1328 1664 dicitur
1339 1657 1352 1671 ‚

233 1685 318 1722 vulgo
335 1684 437 1719 Arresta
447 1683 517 1710 bovis
529 1702 536 1714 ,
556 1681 599 1710 vel
609 1681 729 1710 Remora
737 1679 836 1712 aratri⁷
857 1675 1024 1712 Aresteboeuf,
1045 1673 1119 1711 quod
1130 1673 1160 1703 in
1177 1682 1262 1710 opere
1273 1683 1351 1702 aran-

233 1729 276 1753 tes
293 1723 376 1752 boves
388 1720 504 1750 subinde
522 1720 607 1755 sistat,
628 1718 758 1755 durisque
774 1718 800 1746 St
817 1715 880 1745 altis
898 1713 1036 1743 radicibus
1050 1717 1169 1740 aratrum
1185 1718 1349 1740 remoretur.

232 1760 303 1791 Plin.
321 1760 371 1790 lib.
383 1769 428 1796 27.
451 1768 512 1796 cap.
522 1769 549 1794 4.
584 1756 696 1786 Anonin
712 1756 827 1793 quidam
844 1751 978 1782 Ononida
992 1749 1101 1780 malunt
1117 1758 1217 1779 vocare
1230 1771 1239 1785 ,
1260 1759 1350 1779 ramo-

233 1799 290 1828 sam
303 1820 311 1834 ,
336 1797 452 1827 similem
466 1797 633 1833 foenograeco
645 1816 654 1829 ,
674 1793 724 1822 nisi
736 1791 890 1822 fruticosior
907 1789 1089 1824 hirsutiorque
1101 1786 1176 1817 esset.

195 1837 219 1868 A
228 1847 248 1866 Ν
257 1847 274 1866 o
284 1846 304 1866 Ν
315 1837 333 1865 i'(
342 1847 363 1865 M
375 1845 392 1864 υ
402 1845 413 1864 s
424 1857 432 1871 ,
456 1836 471 1871 [
484 1834 615 1869 ἀνώνυμΘι
630 1833 645 1867 ]
665 1832 731 1861 Sine
740 1831 871 1859 nomine:
893 1836 925 1857 ur
942 1828 1076 1862 ινίνὼνυμ-κῷἸ
1097 1824 1183 1854 herba
1192 1825 1267 1863 apud
1276 1824 1348 1854 Plin.

232 1875 281 1904 lib.
291 1883 337 1911 27.
349 1883 410 1911 cap.
423 1883 448 1908 4.
478 1873 637 1909 Anonynios
645 1880 660 1900 a
670 1880 730 1899 non
741 1867 912 1899 inveniendo
922 1865 1038 1895 nomine
1049 1873 1154 1893 nomen
1162 1864 1271 1893 invenit
1284 1872 1291 1893 :
1312 1863 1350 1892 af-

233 1912 319 1942 fertur
333 1921 348 1941 e
363 1911 476 1948 Scythia
487 1932 495 1945 ,
517 1912 569 1940 ἃς.

195 1949 273 1981 ANo
283 1960 330 1979 NY
340 1960 378 1978 m
389 1970 397 1984 ,
419 1947 516 1986 Populi
531 1948 559 1976 in
575 1946 682 1980 Africa,
696 1943 819 1974 Atlantes
835 1942 902 1972 dicti
912 1940 991 1976 sunt,
1016 1940 1079 1978 quia
1093 1939 1213 1977 propriis
1229 1939 1350 1968 nomini-

234 1988 286 2018 bus
296 1987 379 2016 nullis
391 1987 462 2016 inter
471 1985 497 2015 se
506 1985 719 2021 distinguuntur.
743 1982 875 2012 Meminit
885 1979 955 2009 Plin.
969 1978 1019 2008 lib.
1032 1989 1056 2015 5.
1070 1987 1131 2015 cap.
1142 1984 1167 2012 8-
1185 1977 1273 2007 Solin.
1285 1987 1349 2014 cap.

233 2037 281 2093 2s34.
293 2025 376 2055 Mela.
391 2035 415 2054 1.
425 2030 450 2059 8.
473 2023 604 2060 [Omnes
615 2029 709 2052 tamen
718 2021 841 2051 Atlantes
851 2028 899 2051 eos
908 2017 1060 2057 appellant,
1073 2018 1245 2054 Anonymos,
1258 2014 1351 2053 quoad

247 2073 292 2093 cio
332 2073 425 2092 neme.

196 2102 220 2133 A
229 2112 249 2131 N
258 2112 275 2131 o
285 2086 330 2130 1³,AE
341 2111 375 2136 A,
403 2102 418 2137 [
433 2100 540 2127 ἀνάκριναι
553 2099 568 2134 ]
589 2108 633 2137 ap.
654 2097 769 2127 Homer.
786 2095 841 2125 Od.
858 2102 883 2125 λ.
906 2094 969 2124 Avis
977 2103 1012 2123 ex
1023 2092 1176 2130 aquilarum
1185 2099 1294 2129 genere,
1308 2091 1351 2121 fu-

235 2140 296 2170 licae
304 2139 396 2168 similis
407 2160 415 2174 ‚
435 2138 506 2167 Item
515 2137 622 2175 Tegula
628 2136 764 2174 perforata
773 2156 782 2170 ‚
803 2143 863 2171 quae
878 2131 1031 2163 infumibili
1043 2130 1350 2169 spiraculoimponitur‚

236 2179 262 2208 ἃ
271 2177 451 2215 conspectum
470 2176 623 2210 excedens,
644 2173 768 2203 sublimis
780 2194 789 2208 ,
809 2181 891 2210 quam
901 2170 960 2201 visu
974 2169 1076 2208 assequi
1088 2178 1209 2206 nequeas
1221 2190 1229 2204 ,
1251 2167 1285 2197 ab
1297 2168 1350 2199 Eu—

236 2215 314 2245 stath.
324 2225 388 2253 exp.
427 2214 460 2244 V.
479 2214 515 2244 H.
527 2212 622 2251 Steph.
634 2211 716 2242 Thes.
730 2211 775 2240 Gr.

199 2254 275 2284 ANo
287 2263 332 2282 im
343 2264 352 2282 1
363 2263 375 2282 s
386 2275 396 2288 ‚
419 2261 443 2282 e.
465 2253 480 2289 [
494 2250 612 2286 ἀγνώμων
626 2250 639 2287 ]
659 2249 732 2288 quasi
750 2249 816 2278 Sine
834 2256 932 2277 norma
946 2256 953 2277 ι
973 2246 1002 2277 h.
1020 2255 1046 2277 e.
1066 2245 1107 2276 Ab
1122 2243 1241 2274 aliorum
1253 2253 1350 2274 norma

235 2298 366 2322 remotus.
387 2291 453 2320 Hor.
466 2299 491 2320 2.
511 2290 597 2319 Serm.
610 2298 635 2318 2.
656 2298 681 2324 3.

316 2328 442 2359 Rusticus
452 2350 460 2364 ,
479 2327 601 2357 anormis
610 2326 718 2365 sapiens
730 2347 739 2360 ,
760 2323 897 2361 crassaque
905 2322 1041 2353 Minerva.
1121 2321 1139 2350 i.
1155 2331 1179 2351 e.
1201 2319 1278 2350 Ultra
1289 2330 1352 2350 nor-

236 2376 313 2397 mam
327 2366 509 2405 philosophiae
520 2366 634 2403 peritus.
671 2365 725 2394 Aut
738 2362 886 2397 abnormi,
907 2363 989 2390 recta.
1024 2360 1070 2390 Sic
1092 2360 1183 2389 Acron
1204 2359 1349 2396 interpres.

237 2405 294 2435 Sed
302 2410 384 2442 poeta
393 2404 500 2434 videtur
508 2404 600 2441 potius
612 2412 677 2431 eum
690 2401 838 2439 significare
848 2422 857 2435 ‚
878 2399 936 2436 Qui
946 2398 1099 2428 austeritate
1109 2399 1173 2426 vitae
1183 2398 1210 2427 Sc
1220 2397 1352 2426 incondi-

237 2443 274 2472 tis
293 2443 416 2472 moribus
428 2442 462 2471 ab
479 2441 596 2470 aliorum
612 2441 668 2470 vita
676 2440 707 2469 sit
717 2439 838 2473 alienus,
867 2439 894 2467 δι
911 2437 945 2466 ab
954 2437 1032 2465 omni
1050 2436 1183 2465 civilitate
1194 2434 1349 2464 abhorreat.

238 2479 279 2510 Lo
300 2481 374 2510 uitur
381 2481 455 2510 enim
468 2480 502 2508 de
512 2479 630 2516 quodam
640 2476 816 2516 philosopho.
868 2475 972 2512 [Conf.
994 2476 1015 2503 A
1024 2485 1039 2503 a
1047 2484 1067 2503 Ν
1075 2484 1092 2502 o
1102 2484 1118 2502 R
1128 2485 1149 2503 M
1159 2485 1168 2503 i
1178 2483 1199 2502 s.
1221 2473 1266 2502 Sic
1273 2473 1351 2502 enim

226 2518 290 2547 *scri
312 2519 424 2547 endum.
465 2518 514 2555 Ap.
528 2518 586 2546 Aer.
604 2516 753 2553 legendum
765 2514 804 2543 Ab
815 2523 912 2542 norma
921 2514 1004 2542 recta.
1044 2511 1137 2541 Schol.
1160 2511 1348 2549 Cruquianus:

239 2556 306 2586 Non
315 2556 385 2585 ultra
395 2555 510 2584 modum
518 2556 543 2584 ἃ
553 2564 678 2583 normam
688 2552 827 2590 sapientiai
836 2552 945 2581 Stoicae.
962 2550 1124 2588 Legendum
1134 2551 1202 2576 intra
1212 2559 1263 2588 pro
1271 2549 1352 2578 ultra.

239 2594 296 2623 Sed
309 2593 417 2631 qualem
426 2592 544 2630 intelligi
553 2592 678 2629 Sophum
691 2590 758 2621 velit
766 2589 890 2626 Flaccus,
909 2589 982 2625 satis,
997 2587 1056 2626 ipse
1065 2586 1210 2627 explicuit,
1228 2587 1296 2617 dum
1305 2587 1352 2617 ad-

239 2632 322 2668 jecit,
343 2630 487 2668 Crassaque
504 2630 638 2660 Minerva.
657 2668 685 2703 A
778 2666 813 2701 N

203 2727 404 2765 ANQumA,
425 2737 456 2758 ae.
483 2727 566 2758 Funis
586 2728 683 2765 navis,
704 2738 760 2767 quo
771 2727 807 2758 ad
820 2726 925 2758 malum
941 2732 1063 2758 antenna
1080 2726 1283 2766 constringitur.
1308 2727 1353 2758 Isi-

240 2764 300 2795 dor.
319 2776 360 2801 19.
375 2777 402 2803 4.
425 2766 515 2796 Cinna
534 2773 627 2804 poeta,

319 2804 406 2841 Atque
423 2805 543 2841 anquina
558 2805 628 2842 regit
641 2802 765 2834 stabilem
781 2801 923 2833 fortissima
936 2802 1054 2833 cursum.

240 2840 308 2870 dum
318 2848 398 2880 putat
408 2841 565 2871 Turnebus.
602 2842 633 2871 V.
656 2843 684 2871 in
704 2852 724 2870 A
733 2852 752 2870 N
761 2851 778 2871 c
787 2851 807 2870 H
818 2851 835 2869 o
845 2851 862 2869 R
870 2851 899 2870 A.

202 2877 249 2908 AN
259 2883 346 2914 Quia
356 2890 373 2909 ο
385 2903 393 2916 ,
417 2880 478 2915 sivi,
499 2880 579 2909 situm
590 2902 598 2914 ,
620 2882 635 2916 [
648 2876 767 2916 ἀνοιζη-ιέω
782 2879 796 2914 ]
818 2880 872 2908 ere.
894 2878 1045 2916 Antiquum
1058 2879 1096 2908 est
1110 2879 1235 2910 verbum.
1256 2880 1312 2910 Liv.
1323 2889 1349 2911 2.

238 2916 306 2946 Bell.
320 2917 387 2947 Puri.
400 2927 442 2954 52.
464 2918 518 2947 Seu
529 2917 646 2956 legibus,
666 2915 712 2946 seu
723 2917 847 2946 moribus
856 2914 959 2951 mallet,
970 2918 1133 2954 anquireret.
1153 2919 1171 2947 i.
1186 2928 1210 2948 e.
1233 2918 1308 2948 deest
1319 2920 1353 2948 li-

256 2964 309 2998 nea
317 2956 361 2991 (ut
369 2955 452 2993 vulgo
460 2954 613 2993 loquimur)
621 2955 733 2985 Faceret
742 2954 947 2992 inquisitionem
957 2954 1009 2984 sive
1021 2955 1247 2986 informationem
1258 2957 1352 2995 :quod

257 2992 356 3037 Cicero
368 3000 427 3023 tum
439 2993 569 3060 guaerere
576 3015 586 3037 2
606 3000 666 3023 tum
682 2992 823 3031 Inquirere
834 2992 863 3021 in
877 2992 996 3029 aliquem
1007 2993 1084 3023 dicit.
1105 2994 1145 3023 Ex
1156 2994 1267 3024 Budaeo.

236 3031 387 3074 Anquirere
398 3031 433 3061 de
468 3032 533 3068 iquo
544 3032 669 3061 crimine.
681 3032 727 3060 i.e.
740 3031 869 3067 Qiaerere
879 3031 904 3060 ἃ
913 3030 1044 3066 judicare.
1052 3031 1139 3060 Liv.6.
1150 3031 1184 3061 ab
1194 3031 1351 3068 Urbe‚Sunt

257 3078 304 3105 qui
313 3068 489 3112 Duumviros,
501 3070 547 3107 qui
556 3069 591 3098 de
602 3069 794 3108 perduellione
803 3068 988 3105 anquirerent,
1004 3075 1121 3104 creatos,
1132 3070 1260 3099 authores
1268 3070 1330 3101 sint.

237 3106 388 3143 Anquirere
406 3108 516 3145 capite:
551 3107 627 3144 quod
640 3107 753 3136 indocte
767 3106 868 3135 dicitur
879 3127 887 3141 ,
913 3105 1099 3135 Criniinaliter
1114 3114 1210 3137 contra
1228 3107 1350 3144 aliquem

255 3145 415 3187 procedere.
449 3145 506 3175 Liv.
519 3149 545 3179 8.
559 3153 603 3181 33.
634 3145 732 3183 Capite
742 3143 906 3181 anquifitum
916 3142 952 3171 ob
965 3153 1024 3173 rem
1035 3143 1109 3173 bello
1121 3145 1193 3174 male
1201 3146 1302 3183 gestam
1313 3147 1349 3176 de

255 3189 420 3219 imperatore
429 3183 508 3212 nullo
521 3183 556 3212 ad
566 3192 628 3212 eam
641 3183 717 3212 diem
729 3181 791 3211 esse.
819 3181 859 3211 Ex
871 3181 983 3211 Budaeo.

237 3217 342 3255 Capitis
351 3221 511 3258 anquirere,
532 3221 608 3250 idem
615 3221 691 3257 quod
701 3219 798 3257 Capite
809 3220 959 3255 anquirere.
980 3217 1037 3247 Liv.
1050 3218 1154 3249 Decad.
1172 3229 1195 3249 1.
1207 3219 1255 3249 lib.
1268 3230 1294 3250 2.
1316 3221 1349 3250 ln

254 3257 357 3287 mult‘ta
366 3264 555 3296 temperarunt
564 3259 699 3288 Tribuni:
722 3267 786 3287 cum
796 3257 894 3295 capitis
905 3256 1079 3294 anquisissent
1087 3279 1095 3293 ‚
1117 3258 1174 3286 duo
1184 3257 1272 3288 millia
1289 3259 1349 3288 aeris

255 3294 386 3325 damnato
401 3297 534 3326 mulc⁶tam
549 3297 705 3326 edixerunt.

235 3331 385 3375 Anquirere
398 3335 527 3372 pecunia.
545 3334 604 3364 Liv.
617 3339 644 3365 6.
655 3333 723 3365 Bell.
734 3333 802 3363 Pun.
823 3332 868 3363 Bis
880 3331 917 3362 est
930 3330 1071 3361 accusatus
1084 3352 1092 3366 ‚
1114 3332 1289 3371 pecuniaque
1300 3344 1350 3364 an-

253 3370 391 3406 quisitum.
430 3371 470 3401 Ex
487 3372 598 3402 Budaeo.

233 3407 384 3444 Anquirere
397 3430 406 3444 ,
427 3420 477 3447 pro
488 3410 653 3447 Exquirere,
675 3410 728 3440 five
747 3408 903 3447 Diligenter
913 3416 1042 3445 quaerere.
1073 3406 1131 3436 Cic.
1145 3407 1180 3436 de
1190 3407 1274 3439 Fato,
1301 3419 1345 3446 17.

251 3445 305 3473 Sed
321 3446 355 3474 ad
365 3446 440 3490 illam
453 3447 570 3476 Diodori
581 3449 792 3477 contentionem
803 3469 811 3483 ,
836 3456 919 3484 quam
933 3442 987 3475 ‹w‘ei
1007 3443 1113 3472 ἕννατῦν
1123 3466 1131 3479 ,
1143 3446 1294 3483 appellant,
1307 3456 1348 3477 re-

251 3488 406 3526 vertamur:
429 3494 458 3513 in
474 3495 527 3523 qua
549 3486 615 3522 quid
636 3486 724 3515 valeat
739 3486 768 3515 id
780 3485 856 3523 quod
876 3484 933 3514 fieri
947 3482 1047 3522 possit,
1069 3482 1231 3521 anquiritur.

233 3519 400 3564 Anquirere‚
424 3522 461 3550 est
472 3523 583 3552 Circum
598 3533 727 3561 quaerere.
765 3523 866 3553 Festus.

195 3557 216 3586 A
227 3565 246 3584 Ν
257 3562 454 3594 qoisi’ros,
477 3569 492 3588 a
503 3582 511 3595 ,
538 3570 602 3595 uni,
625 3568 674 3596 ut,
695 3560 815 3590 Pecunia
835 3559 992 3597 anquisitus.
1021 3556 1079 3587 Liv.
1094 3560 1138 3587 26.
1151 3566 1175 3594 3.

194 3595 214 3622 A
224 3603 298 3660 {cells
308 3604 336 3623 is
345 3606 353 3623 1
363 3605 383 3624 T
393 3606 407 3624 E
417 3617 426 3631 ‚
446 3597 513 3627 Adv.
535 3604 579 3634 ut,
600 3599 740 3636 Anquisite
757 3598 818 3628 satis
829 3620 837 3633 ‚
858 3598 975 3635 satisque
985 3595 1090 3626 solicite
1100 3595 1204 3633 aliquid
1215 3606 1344 3635 quaerere.

246 3647 253 3659 ι
297 3654 302 3660 .
317 3643 338 3661 Ι.
353 3642 376 3668 3·

194 3669 445 3713 ΔΝςῦιβιγιο,
467 3671 536 3714 onis.
557 3672 575 3702 f.
598 3672 671 3702 Vatr.
685 3684 708 3710 ς.
721 3674 756 3704 de
767 3672 795 3703 L.
808 3672 835 3703 L.
853 3683 880 3709 9.
905 3673 939 3703 In
959 3672 1060 3704 eodem
1074 3672 1277 3702 commentario
1297 3681 1344 3702 an-

231 3706 392 3743 quisitioius.
425 3708 455 3737 V.
478 3708 568 3739 Pitisci
590 3709 655 3740 Lex.

631 3763 659 3796 A
753 3762 788 3797 N
881 3763 903 3798 S

190 3815 211 3845 A
224 3824 293 3844 ΝΜ
305 3837 313 3851 ν
333 3824 364 3858 ²2,-
391 3815 504 3860 [2²34.
525 3816 621 3853 κῶπη]
641 3817 680 3848 est
700 3817 764 3856 Qua
783 3829 844 3855 vas,
866 3826 913 3850 aut
930 3819 1039 3857 quidvis
1055 3818 1130 3849 aliud
1152 3828 1236 3853 manu
1253 3817 1342 3850 teneri

227 3853 303 3883 solet.
325 3852 399 3892 Virg.
414 3857 439 3882 6.
454 3853 526 3884 hccl.
542 3863 584 3891 17.

1132 2804 1241 2842 Angina
1259 2803 1353 2842 legen-

1832 23 1860 59 A
1956 22 1991 59 Ν
2087 23 2120 58 Τ

1492 105 1528 135 Et
1542 105 1628 142 gravis
1652 104 1745 134 attrita
1764 103 1906 142 pendebat
1924 104 2072 135 cantharus
2099 101 2173 135 ansa.

1414 143 1492 174 Dura
1514 143 1586 172 ansa.
1608 143 1731 176 Ovid.8.
1755 142 1903 178 Met-653-

1421 182 1516 212 Panda
1534 180 1608 210 urcei
1621 179 1692 209 ansa.
1729 179 1761 208 V.
1784 190 1802 208 o
1812 189 1876 208 aer.
1886 190 1902 209 υ
1913 189 1935 209 s.

1426 218 1552 250 Tortilis.
1573 217 1656 247 Ovid.
1675 220 1716 246 16.
1727 216 1811 254 Epist.
1824 227 1888 254 232.

1422 257 1492 288 Ans-a
1503 278 1512 292 ‚
1533 256 1597 292 Qia
1614 255 1836 291 constringuntur
1857 254 1954 284 calcei.
1974 250 2082 284 Tibull.
2097 263 2121 284 1.
2134 257 2160 286 8.
2176 263 2220 290 14.

1504 293 1626 330 Ansaque
1637 291 1806 330 compressos
1820 292 1915 330 alligat
1936 294 2009 321 areta
2026 292 2121 330 pedes.
2578 301 2581 315 ε

1426 331 1494 363 Ausa
1507 341 1556 369 per
1576 330 1698 367 metaph.
1712 339 1762 367 pro
1779 330 1942 360 Occasione.
1973 329 2034 360 Cic.
2049 329 2202 367 proPlanc.
2215 332 2259 363 84.
2290 327 2319 358 Si
2330 325 2498 358 locushabet
2508 335 2546 360 re-
2578 326 2582 352 ἕ

1445 369 1635 407 prehensionis
1648 367 1739 396 ansam
1756 367 1885 404 aliquam.
2580 395 2585 399 ,

1426 408 1499 438 Dare
1511 406 1603 436 ansam
1613 428 1621 440 ,
1646 405 1770 435 Praebere
1783 406 1966 435 occasionem.
1988 404 2047 435 Cic.
2058 414 2110 442 pro
2118 405 2193 436 Sext.
2205 412 2250 434 22.
2262 427 2269 431 .
2288 401 2399 432 Deinde
2409 402 2492 433 etiam
2499 403 2549 436 ser..-
2578 415 2593 439 ι»

1446 445 1539 474 monis
1558 444 1633 472 ansas
1650 442 1740 472 dabat.
2537 451 2539 454 ·

1429 483 1529 513 Ansam
1538 481 1603 510 dare
1617 481 1652 510 ad
1663 480 1934 518 reprehendendum.
1957 478 2015 509 Cic.
2028 479 2058 508 in
2067 479 2132 509 Lael.
2142 484 2187 509 60.
2252 475 2265 494 ἶ*

1429 520 1527 550 Ansam
1537 519 1751 548 contentionum
1761 519 1887 547 retinere.
1910 517 2195 555 Cic.proCaecin.18.
2232 515 2265 546 V.
2286 515 2353 546 Lex.
2374 512 2476 545 Pitisci.

1393 558 1562 592 AstiLA,
1591 567 1622 586 ae.
1655 556 1753 586 dimin.
1776 557 1791 592 [
1810 554 1919 584 AaCi'on
1934 555 1950 590 ]
1976 553 2090 585 Ansulas
2099 555 2209 584 videtur
2224 552 2342 592 posuisse
2360 550 2485 583 Valerius
2500 561 2547 592 pro

1433 596 1563 633 Corrigiis
1579 594 1754 632 crepidarum
1765 593 1813 624 lib.
1827 599 1853 628 8.
1865 603 1925 631 cap.
1944 601 1986 628 13.
2023 592 2144 622 Mirifice
2154 594 2180 623 ἃ
2194 591 2243 621 ille
2252 591 2368 627 artifex,
2389 591 2475 628 quiin
2486 601 2550 630 ope-

1432 644 1461 663 re
1473 633 1520 662 suo
1537 633 1645 662 moneri
1662 632 1713 661 sea
1727 632 1816 661 sutore
1836 632 1871 660 de
1896 630 2009 668 crepida
2026 632 2052 660 &
2068 630 2168 660 ansulis
2187 629 2296 668 passus,
2316 629 2353 659 de
2376 637 2455 658 crure
2470 630 2549 662 etiam
2586 649 2588 655 ›

1433 671 1572 708 disputare
1583 670 1783 708 incipientem,
1804 669 1884 707 supra
1913 668 2016 697 lautam
2025 668 2174 698 ascendere
2184 667 2283 697 vetuit.
2528 674 2530 677 ·
2586 663 2587 666 ¹

1395 710 1590 776 ArissATiulsb,
1615 709 1675 744 Adj.
1698 705 1855 744 [amosias]
1876 679 1963 743 diuod
1987 706 2081 736 ansam
2093 705 2187 736 habet.
2208 711 2258 742 ut,
2280 704 2333 735 Vas
2348 703 2481 734 ansatum.
2501 705 2563 742 Coa<

1446 756 1529 776 uine.
1559 756 1567 775 r
1590 756 1630 782 .9.
1644 756 1678 775 ca
1701 768 1706 775 .
1724 755 1765 781 15.

1435 784 1551 814 Ansatus
1567 784 1663 813 homo.
1678 756 1790 813 pPlaut.
1812 781 1882 813 Pers.
1905 791 1930 812 2.
1958 792 1983 818 ς.
2006 788 2032 819 7.
2072 781 2204 812 Ansatum
2218 780 2364 810 hominem
2377 780 2442 817 ioco
2461 780 2558 820 dixit,
2584 804 2585 807 ,

1455 822 1514 859 Qui
1531 822 1639 851 incedit
1656 827 1773 858 utroque
1791 820 1905 850 brachio
1926 819 1956 849 in
1973 820 2098 849 ansarum
2116 819 2234 848 modum
2246 819 2281 848 ad
2291 818 2378 848 latera
2392 817 2530 857 applicato
2542 825 2570 853 ra

1453 860 1508 890 sive
1527 859 1580 896 (ut
1590 859 1708 897 ipsemet
1717 859 1859 896 loquitur)
1885 859 1943 895 Qui
1956 857 2079 887 subnixis
2093 857 2142 887 alis
2155 857 2209 887 sese
2220 856 2312 886 infert.
2552 854 2570 875 ‘¹'

1398 898 1561 929 ANSATAE
1574 919 1583 933 ,
1616 897 1704 927 Subst.
1724 896 1916 932 Jaculamenta
1936 906 2001 925 cum
2019 895 2106 933 ansis,
2126 896 2218 933 inquit
2239 894 2358 924 Nonius.
2382 898 2425 928 18.
2440 902 2484 932 30.
2501 892 2565 932 Enna}

1437 936 1500 965 nius
1513 934 1564 964 lib.
1585 945 1609 971 5.
1630 934 1740 965 Ansatas
1758 935 1875 964 mittunt
1893 943 1908 963 e
1925 933 2056 964 turribus.
2552 926 2571 942 ‘¹'

1700 972 1732 1002 V.
1754 982 1939 1003 AMSANCT
1951 981 2001 1002 us.

1400 975 1424 1004 A
1434 984 1456 1003 N
1465 984 1477 1003 s
1488 983 1509 1003 A
1517 983 1538 1002 Ν
1548 982 1566 1002 c
1574 982 1594 1001 T
1603 983 1622 1002 u
1632 982 1644 1002 s
1654 994 1662 1008 ‚

1401 1013 1638 1047 Aaszemss,
1675 1009 1706 1040 V.
1729 1019 1958 1040 AMSEGETES.
2567 1027 2570 1033 -

1402 1051 1541 1093 ANssR,
1568 1049 1633 1092 ¹eris.
1663 1057 1700 1078 m.
1728 1049 1744 1085 [
1762 1044 1834 1085 χόν]
1861 1049 1924 1077 Avis
1941 1046 2089 1077 notissima.
2129 1045 2262 1077 Anserum
2283 1050 2377 1076 autem
2396 1045 2443 1074 alii
2463 1046 2571 1090 domes?

1439 1088 1499 1117 stim
1511 1109 1519 1123 ‚
1539 1086 1585 1116 alii
1603 1086 1727 1123 agrestes,
1764 1086 1806 1116 De
1818 1087 1941 1122 utrisque
1960 1085 2028 1115 Plin.
2041 1085 2090 1114 lib.
2116 1094 2160 1114 10.
2174 1094 2235 1122 cap.
2249 1093 2293 1113 22.
2317 1084 2392 1121 Virg.
2411 1094 2435 1113 1.
2457 1084 2564 1124 Geor&

1443 1136 1505 1161 119.
1519 1125 1666 1163 improbus
1674 1124 1759 1153 anser.
1780 1124 1799 1153 i.
1822 1133 1846 1154 e.
1864 1122 2117 1160 Insatiabilis,Nulli
2136 1122 2315 1161 probandus,
2335 1122 2428 1159 inquit
2439 1120 2561 1155 Servius..¹

1439 1164 1547 1194 Anseris
1563 1162 1695 1192 medulla.
1718 1162 1821 1192 Author
1840 1162 1963 1191 obscoeni
1979 1162 2110 1191 carminis
2122 1182 2130 1195 ,
2556 1155 2577 1187 ’ΐ-

1521 1201 1645 1237 Quidam
1657 1199 1768 1229 mollior
1784 1199 1884 1229 anseris
1905 1199 2037 1229 medulla.
2120 1198 2156 1228 Et
2175 1197 2277 1228 Catull.
2287 1207 2332 1236 23.
2348 1207 2375 1227 2.
2396 1197 2447 1228 Vel
2459 1197 2578 1233 anseris?

1460 1238 1622 1283 medullula.
1634 1238 1728 1275 Quem
1736 1237 1832 1268 locum
1841 1238 1953 1283 quidam
1965 1238 2000 1281 de
2008 1235 2154 1266 molissima
2163 1234 2290 1280 anserum
2301 1234 2398 1280 pluma
2407 1234 2566 1276 accipiunif.

1460 1282 1653 1345 &aazia
1665 1274 2573 1351 Ξίέἧιξιξῗὶῗὲἓ,ΡὲῧέἑᾞιῖῐιεῗῗεξῑὶἒῖἐέξὲᾓξῗὲήΞῗιῗῗὲἓεὲῗὲ

1460 1351 1743 1421 ἓίᾓὲηεὲἱὲῗὲἒῗῗὲ
1750 1362 1868 1419 '0133ssss
1872 1351 2148 1419 ῗῃὲἓὲξῇἷὲἒιῗιῗέῗὲῑ)
2151 1337 2574 1426 i⁵p5231¹1²0ifi¹iiissffssssiisse¹l¹ssi

1552 1413 1560 1427 7
2144 1411 2152 1424 τ
2563 1399 2570 1418 ²·

1461 1440 1508 1459 ma
1516 1439 1545 1459 re
1554 1428 1677 1466 usurpari
1688 1428 1795 1457 solitam
1806 1427 1859 1457 effe
1869 1450 1877 1463 ,
1899 1438 1963 1459 cuni
1974 1428 2056 1458 Rom.
2067 1428 2174 1464 judicio
2185 1427 2362 1456 teneritatem
2372 1426 2461 1458 carnis
2477 1419 2567 1457 lon*

1461 1467 1602 1504 superaret
1615 1465 1763 1496 mollitudo
1779 1465 1917 1496 medullae.
1938 1465 2062 1496 Turneb.
2103 1464 2136 1494 V.
2155 1464 2246 1495 Pitisc.
2266 1463 2334 1495 Lex.

1442 1506 1557 1536 Anseres
1577 1504 1731 1543 plumigeri.
1750 1503 1819 1533 Plin.
1838 1503 1888 1534 lib.
1900 1514 1942 1534 10.
1963 1513 2025 1541 cap.
2036 1513 2082 1533 22.

1441 1544 1572 1581 Argutus.
1593 1542 1713 1572 Martial.
1736 1541 1784 1572 lib.
1799 1551 1822 1579 3.
1839 1547 1882 1578 58.

1441 1581 1539 1619 Sagax.
1561 1580 1647 1610 Ovid.
1666 1590 1709 1609 11.
1726 1580 1795 1610 Met.
1809 1589 1871 1617 599.

1523 1618 1676 1648 Sollicitive
1691 1628 1792 1654 canes,
1813 1618 1965 1648 canibusve
1983 1616 2104 1655 sagacior
2123 1616 2209 1647 anser.

1442 1657 1547 1695 Strepit
1568 1656 1654 1686 anser.
1676 1655 1750 1694 Virg.
1762 1666 1788 1692 9.
1811 1655 1870 1686 Ecl.
1884 1665 1928 1692 35.

1602 1709 1640 1716 —
1659 1701 1768 1732 argutos
1784 1694 1856 1723 inter
1874 1694 1993 1732 strepere
2010 1692 2088 1722 anser
2105 1692 2206 1722 olores.

1442 1732 1589 1763 Velluntur
1597 1732 1703 1762 anseres
1714 1731 1881 1770 quibusdam
1891 1732 1961 1762 locis
1972 1732 2014 1760 bis
2021 1741 2106 1760 anno.
2126 1730 2195 1760 Plin.
2208 1729 2257 1760 lib.
2274 1739 2315 1760 ιο.
2334 1738 2394 1768 cap.
2405 1736 2451 1761 22.

1443 1771 1590 1802 Anseribus
1603 1770 1704 1800 cibaria
1716 1770 1828 1808 publice
1839 1769 2002 1799 locabantur
2021 1768 2120 1799 Romae
2129 1791 2137 1805 ,
2159 1770 2185 1798 ἃ
2195 1777 2277 1799 canes
2291 1765 2434 1798 alebantur
2443 1768 2473 1798 in
2481 1765 2572 1809 Capsa.
2597 1800 2599 1802 ,

1462 1809 1533 1838 tolio
1546 1831 1555 1845 ,
1576 1815 1608 1838 ut
1617 1808 1800 1846 significarent
1810 1808 1829 1837 fi
1841 1808 1915 1838 fures
1925 1808 2061 1838 venirent.
2084 1806 2142 1836 Cic.
2159 1816 2209 1844 pro
2222 1806 2301 1836 Rosc.
2320 1808 2410 1836 Amer.
2424 1809 2467 1842 56.
2555 1811 2558 1815 '
2588 1805 2596 1823 '⁵

1407 1848 1428 1878 A
1437 1857 1458 1877 Ν
1467 1857 1479 1877 s
1489 1857 1502 1876 ε
1510 1857 1527 1876 R
1539 1869 1557 1891 '.
1570 1846 1736 1884 Cognomen
1746 1852 1846 1884 poetae‚
1862 1856 1946 1883 quem
1956 1845 2038 1875 Ovid.
2051 1845 2200 1874 Procacem
2208 1850 2290 1874 vocat
2299 1843 2349 1874 lib.
2362 1854 2387 1874 2.
2403 1844 2484 1875 Trist.
2495 1853 2527 1884 43
2533 1847 2560 1882 52.
2587 1854 2594 1879 ι»

1525 1885 1616 1914 Cinna
1631 1893 1741 1922 quoque
1758 1883 1801 1914 his
1817 1893 1912 1914 comes
1925 1884 1980 1920 est,
2011 1883 2155 1920 Cinnaque
2172 1883 2319 1921 procacior
2338 1882 2429 1913 Anser.
2583 1868 2598 1890 ‘¹

1446 1923 1579 1953 Meminit
1598 1925 1624 1953 Sc
1649 1922 1771 1960 Propert.
1782 1931 1808 1951 2.
1822 1931 1865 1959 34.
1879 1928 1924 1957 84.
2588 1949 2590 1955 ,

1407 1962 1580 1992 ANssaAR
1591 1972 1600 1989 1
1611 1970 1666 1995 us,
1690 1960 1709 1990 i.
1733 1970 1769 1990 m.
1792 1958 1929 1989 Columel.
1941 1965 1968 1994 8.
1982 1969 2025 1994 14.
2046 1958 2090 1988 De
2101 1958 2240 1989 anseribus
2254 1958 2445 1989 educandis&
2460 1957 2558 1990 anseraae
2586 1960 2596 1991 ¹,

1447 2000 1490 2029 rio
1502 1998 1705 2028 constituendo.
1727 1997 1811 2028 Gloss.
1824 1997 1881 2027 Lat.
1896 1998 1941 2028 Gr.
1954 1997 2129 2032 Anserarius,
2149 1997 2294 2033 χηνοςοσκός.
2336 1997 2440 2034 [Apud
2451 1996 2556 2027 Colum.
2588 1994 2599 2028 ,ἶ

1447 2037 1631 2072 Anserarium,
1648 2037 1677 2066 ii.
1688 2046 1716 2066 n.
1729 2046 1754 2074 g.
1767 2037 1935 2072 χηνοβοσκεϊον,
1958 2034 2055 2073 utipse
2071 2035 2163 2069 docet,
2175 2035 2201 2067 ii.
2221 2045 2245 2065 e.
2257 2034 2502 2065 Locumcustodiae
2513 2044 2559 2065 an·-
2587 2062 2589 2071 ,

1445 2075 1536 2105 serum
1547 2075 1671 2104 denotat.
1719 2072 1751 2103 In
1763 2074 1847 2103 Gloff.
1866 2073 2021 2103 Anserarius
2035 2073 2073 2102 est
2082 2072 2212 2102 Anserum
2226 2073 2324 2102 custos.
2556 2087 2558 2091 ν

1407 2113 1500 2145 ANss
1510 2114 1577 2142 acti
1588 2124 1604 2141 L
1614 2122 1631 2141 υ
1641 2122 1653 2141 s
1664 2133 1673 2148 ‚
1695 2111 1795 2141 dimin.
1825 2113 1840 2148 [
1853 2111 1948 2148 χηνίῶον
1963 2112 1979 2146 ]
2008 2111 2144 2140 Columel.
2165 2110 2213 2141 lib.
2226 2117 2251 2146 8.
2265 2121 2326 2149 cap.
2342 2120 2385 2147 14.
2416 2109 2460 2140 Ne
2468 2109 2558 2143 noceri

1444 2150 1528 2189 possit
1547 2149 1665 2180 excussis
1686 2149 1834 2179 anserculis
1852 2159 1920 2187 quos
1936 2155 2054 2179 enecant
2070 2150 2173 2178 urticae.

1406 2189 1603 2220 ANssaiNu
1614 2198 1644 2231 s,
1663 2186 1733 2224 adj:
1746 2189 1761 2224 [
1773 2184 1864 2225 pelve&
1877 2188 1895 2231 ι]
1917 2187 2002 2223 Quod
2018 2187 2056 2217 est
2072 2186 2189 2217 anseris:
2212 2191 2265 2222 ut,
2285 2185 2369 2222 Jecur
2387 2185 2540 2216 anserinum

1443 2227 1536 2295 ilgeps
1559 2226 1719 2262 anserinus,
1747 2225 1823 2264 apud
1844 2225 1913 2255 le.
1933 2225 2092 2264 saepiffime,
2121 2224 2171 2254 lib.
2193 2232 2239 2256 20.
2257 2234 2318 2263 cap.
2334 2229 2359 2255 6.
2381 2226 2408 2255 &
2428 2206 2558 2256 Columess

1456 2276 1464 2294 1
1487 2288 1493 2294 .
1507 2271 1534 2299 8.
1557 2274 1588 2294 ca
1613 2287 1618 2293 .
1655 2287 1661 2294 .
2535 2270 2537 2273 ’

1443 2303 1575 2333 Anserina
1588 2274 1660 2332 sang.
1684 2300 1748 2339 Ulp.
1767 2300 1826 2330 inl.
1848 2300 1876 2330 Si
1892 2301 1938 2330 cui
1947 2300 2018 2330 lana.
2039 2300 2074 2330 D.
2087 2299 2130 2330 De
2140 2299 2194 2338 leg.
2207 2307 2232 2335 3.

1405 2341 1428 2371 A
1438 2351 1479 2371 Ns
1489 2352 1498 2369 1
1508 2351 1524 2369 B
1533 2351 1552 2369 A
1561 2350 1578 2369 R
1588 2351 1624 2375 ii,
1645 2349 1735 2369 orum.
1756 2339 1855 2377 Populi
1866 2338 2019 2368 Germaniae
2028 2338 2077 2368 inf.
2093 2339 2184 2369 Tacit.
2197 2346 2238 2373 13.
2249 2338 2319 2368 Arm.
2335 2348 2377 2374 55.
2394 2347 2419 2368 1.
2439 2339 2467 2369 ἃ
2480 2340 2555 2375 ς6.4ι

1444 2388 1513 2416 quos
1525 2378 1685 2408 Ammianus
1705 2387 1750 2406 20.
1763 2387 1805 2406 10.
1826 2377 1969 2407 Ansuarios
1987 2384 2076 2407 vocat.
2113 2376 2145 2408 V.
2167 2375 2369 2406 ibiLiridenbr.

1406 2417 1459 2448 ΑΝ
1472 2425 1572 2447 SULA
1585 2437 1594 2452 ,
1634 2415 1666 2446 V.
1687 2425 1800 2445 ANsA.

1841 2464 1871 2500 A
1960 2463 1997 2499 N
2092 2464 2125 2499 T

1405 2539 1513 2570 ANTA
1523 2548 1542 2568 e
1551 2548 1592 2568 ier
1607 2561 1615 2574 ‚
1635 2540 1650 2575 [
1665 2537 1793 2565 ἀνακαῖιι
1808 2538 1823 2573 ]
1842 2536 1930 2567 Pisces
1950 2536 2014 2566 sunt
2029 2536 2180 2575 delphinos
2200 2534 2392 2573 magnitudine
2404 2539 2557 2572 aequantes,

1444 2587 1514 2616 quos
1523 2577 1558 2607 ad
1570 2577 1688 2607 Maeotin
1697 2578 1722 2606 ὀὶ
1732 2576 1905 2614 Borysthenis
1915 2575 1981 2604 ostia
1991 2576 2020 2603 in
2032 2575 2120 2612 glacie
2133 2575 2218 2606 effodi
2228 2574 2326 2603 author
2336 2574 2374 2603 est
2385 2573 2481 2603 Strabo
2501 2572 2518 2602 l.
2530 2577 2556 2610 76

1443 2615 1546 2646 Eorum
1556 2621 1682 2644 naturam
1694 2614 1759 2643 vide
1768 2614 1842 2652 apud
1857 2613 1996 2643 AElianum
2006 2612 2052 2642 lib.
2070 2623 2112 2648 13.
2129 2622 2191 2650 cap.
2208 2622 2233 2649 7.
2259 2612 2327 2641 Hist.
2342 2612 2432 2641 Anim.

1406 2654 1456 2684 AN
1465 2663 1485 2682 T
1494 2663 1514 2682 A
1524 2663 1542 2682 c
1551 2657 1626 2682 i-iAT
1636 2663 1650 2682 ε
1659 2662 1671 2682 s
1683 2674 1691 2687 ,
1721 2653 1736 2688 [
1751 2649 1883 2688 ἀνταχοέπς
1902 2652 1917 2687 ]
1938 2652 2054 2680 Gemma
2069 2659 2104 2680 ex
2122 2652 2229 2680 Achatae
2240 2649 2386 2687 generibus
2395 2671 2403 2684 ‚
2424 2647 2558 2686 myrrham

1445 2691 1574 2721 redolens
1585 2700 1649 2721 cum
1660 2691 1749 2720 uritur
1759 2711 1767 2725 ,
1789 2689 1860 2720 &ob
1874 2690 1903 2718 id
1913 2688 2074 2718 mulieribus
2084 2696 2164 2727 grata.
2187 2689 2255 2718 Plin.
2272 2687 2320 2717 lib.
2335 2697 2376 2725 37.
2389 2695 2448 2724 cap.
2460 2696 2502 2715 10.

1406 2730 1648 2764 ANTAciTss,
1670 2730 1685 2765 [
1701 2727 1834 2757 Α’ντοικίπις
1853 2728 1868 2763 ]
1889 2728 2003 2760 Amnis,
2025 2727 2090 2756 Asiae
2113 2726 2217 2761 latere,
2238 2725 2273 2755 ad
2294 2724 2462 2763 Tyrambem
2482 2720 2556 2761 opp}-
2588 2745 2591 2754 .

1445 2767 1529 2796 dum:
1553 2768 1579 2797 o'c
1590 2766 1623 2796 ab
1642 2776 1676 2796 eo
1690 2765 1777 2804 pisces
1792 2766 1912 2795 Antacaei
1926 2787 1934 2800 ,
1957 2764 2150 2794 salsamentum
2168 2764 2299 2793 Athenaeo
2309 2785 2318 2799 ‚
2342 2763 2501 2798 caeterisque
2510 2769 2557 2790 no-

1444 2805 1500 2834 bile
1515 2815 1521 2834 :
1543 2815 1607 2833 nam
1616 2806 1641 2834 &
1658 2805 1686 2833 iri
1699 2804 1864 2834 hodiernum
1877 2813 1964 2840 usque
1974 2803 2049 2832 diem
2063 2813 2078 2832 a
2088 2802 2184 2832 Ma’oti
2194 2802 2255 2831 lacu
2266 2798 2472 2838 praestantissimi
2482 2802 2556 2836 quot·
2588 2809 2591 2826 i

1444 2843 1525 2872 annis
1540 2842 1718 2871 invehuntur.
1757 2842 1875 2871 Amnem
1883 2842 1958 2870 hunc
1966 2841 2114 2870 Ptolemaeo
2125 2846 2252 2877 corrupte
2264 2839 2405 2869 Atticitum
2417 2860 2425 2872 ,
2446 2846 2496 2875 pro
2508 2837 2555 2865 An·
2577 2833 2591 2862 .'

1442 2881 1527 2910 tacite
1536 2880 1662 2918 legimus.
1698 2880 1886 2917 importantur
1898 2881 1922 2909 ὁὶ
1934 2879 2052 2908 Antacaei
2064 2888 2099 2908 ex
2109 2878 2277 2916 Borysthene
2287 2898 2295 2913 ‚
2316 2882 2348 2905 ut
2364 2876 2456 2913 inquit
2474 2874 2556 2904 Herm
2571 2906 2578 2914 .

1443 2919 1535 2949 dotus.
1577 2918 1643 2948 Haec
1655 2917 1778 2947 Hermol.
1791 2918 1820 2946 iri
1832 2917 1900 2946 Plin.
1915 2916 1962 2945 lib.
1975 2920 2000 2945 6.
2015 2926 2073 2954 cap.
2088 2925 2112 2953 7.
2569 2922 2572 2926 ·

1405 2956 1517 2987 ANTAE
1531 2978 1539 2991 ,
1558 2959 1645 2985 arum.
1667 2955 1738 2994 plur.
1760 2951 1936 2991 [παυς-«ἐὺς
1952 2955 1965 2989 ]
1987 2954 2095 2989 Festus,
2116 2954 2200 2982 Antes
2219 2952 2281 2981 sunt
2298 2949 2420 2981 Extremi
2448 2949 2555 2978 ordine}
2590 2954 2592 2977 t

1443 2995 1595 3024 vinearum.
1636 2994 1717 3023 Unde
1729 2993 1812 3023 etiam
1822 3001 1926 3021 nomen
1937 2993 2050 3021 trahunt
2059 2993 2145 3024 Antce,
2167 3001 2225 3028 quae
2236 2990 2299 3019 sunt
2309 2989 2403 3018 Latera
2418 2988 2552 3017 ostiorum.
2590 3007 2591 3010 ¹

1442 3032 1617 3067 Idem,Antes
1628 3031 1692 3060 sunt
1701 3031 1870 3069 quadraturae
1884 3038 1891 3059 z
1913 3030 1989 3059 unde
1997 3030 2022 3059 ἃ
2032 3031 2108 3059 Antae
2118 3029 2199 3058 dioae
2207 3028 2268 3058 sunt
2278 3027 2399 3065 Quadrae
2409 3026 2553 3056 columnae·
2589 3054 2591 3060 ,

1442 3069 1476 3099 V.
1494 3070 1582 3100 Pitisc.
1596 3069 1658 3099 Lex.
1675 3070 1704 3098 in
1715 3078 1792 3098 voce.
1829 3067 1926 3097 Dacer.
1947 3068 1982 3096 ad
2004 3067 2070 3097 Fest.
2590 3061 2591 3068 ¹

1442 3109 1513 3138 Anta
1530 3109 1559 3136 in
1570 3107 1695 3144 singulari
1710 3106 1808 3144 legitur
1818 3106 1893 3143 apud
1904 3105 2060 3134 Vitruvium
2072 3115 2078 3134 :
2100 3110 2130 3133 ut
2141 3104 2209 3133 Anta
2222 3103 2284 3132 fixa.

1404 3146 1455 3175 AN
1466 3155 1485 3174 T
1495 3156 1539 3175 AR
1550 3156 1559 3174 1
1570 3155 1588 3174 U
1597 3153 1609 3174 s
1620 3167 1628 3179 ,
1652 3145 1712 3180 Adj.
1734 3150 1782 3179 ut,
1803 3143 1929 3173 Antarius
1948 3142 2031 3172 funis.
2055 3143 2158 3172 VitruV.
2171 3140 2219 3170 lib.
2235 3151 2275 3170 10.
2288 3150 2348 3177 cap.
2363 3147 2387 3175 3.
2409 3138 2460 3168 His
2472 3135 2554 3176 expli·
2589 3143 2596 3167 l

1442 3184 1510 3213 catis
1521 3183 1618 3212 antarii
1628 3182 1707 3211 funes
1717 3188 1780 3211 ante
1791 3180 1846 3211 laxi
1858 3181 2040 3210 collocentur.
2075 3182 2145 3209 Sunt
2159 3180 2205 3216 qui
2214 3178 2313 3208 Antani
2327 3178 2432 3215 legunt.

1441 3221 1585 3251 Antarium
1596 3220 1699 3249 bellum
1709 3229 1815 3249 veteres
1833 3217 2028 3256 appellabant,
2049 3220 2161 3247 :rudore
2175 3217 2252 3246 Festo
2263 3238 2271 3251 ‚
2293 3216 2378 3253 Quod
2388 3221 2452 3244 ante
2460 3212 2559 3243 urbem*

1461 3259 1571 3297 geritur.
1608 3258 1638 3288 V.
1661 3258 1792 3294 Bernegg.
1806 3256 1840 3286 ad
1853 3257 1926 3286 Suet.
1943 3257 2010 3293 Aug.
2024 3265 2084 3293 cap.
2100 3266 2122 3284 1.
2136 3264 2162 3284 2.
2202 3254 2300 3283 Dacer.
2320 3254 2356 3283 ad
2374 3252 2441 3282 Fest.

1404 3296 1426 3326 A
1435 3306 1456 3325 Ν
1464 3307 1484 3325 T
1493 3307 1516 3325 ,ιε
1525 3307 1543 3325 A
1553 3318 1562 3332 ,
1583 3306 1614 3326 ae.
1635 3296 1694 3325 Dea
1709 3305 1769 3332 quae
1781 3294 1853 3324 Antii
1866 3293 2022 3327 colebatur,
2044 3293 2141 3322 eadem
2153 3302 2213 3329 quae
2220 3292 2349 3321 Fortuna.
2379 3289 2415 3319 de
2426 3299 2478 3326 qua
2485 3286 2550 3318 Hor.

1444 3344 1468 3364 1.
1478 3334 1568 3363 Carm.
1587 3344 1628 3370 35.
1648 3343 1671 3362 1.
1714 3333 1744 3362 V.
1766 3333 1878 3361 Antium
1890 3333 1915 3361 ἃ
1928 3331 1958 3360 D.
1974 3330 2066 3360 Heius.
2087 3331 2121 3360 ad
2135 3329 2244 3359 Hesiod.
2261 3329 2316 3365 Op.
2329 3330 2354 3358 Sc
2365 3327 2437 3357 Dies.
2448 3337 2475 3364 p.
2487 3326 2546 3362 236.

1403 3372 1452 3401 AN
1462 3382 1539 3401 ΤΕΑ
1550 3381 1562 3401 s
1574 3393 1582 3407 ,
1602 3381 1632 3400 ze.
1663 3372 1679 3407 [
1694 3370 1798 3398 A'irodoai
1815 3371 1830 3405 ]
1850 3369 2014 3406 Scytharum
2025 3378 2091 3403 rex,
2112 3366 2255 3397 Ismeniam
2267 3366 2411 3396 tibicinem
2430 3363 2551 3394 belloca-

1440 3417 1519 3447 ptum
1530 3409 1604 3445 jussit
1616 3409 1696 3446 super
1706 3417 1930 3437 coenamcanere.
1972 3405 2111 3435 Omnibus
2121 3413 2214 3434 autem
2229 3403 2428 3433 admirantibus
2438 3424 2446 3438 ,
2467 3403 2550 3438 &prae

1439 3447 1584 3485 voluptate
1609 3446 1825 3484 plaudentibus,
1856 3443 2035 3481 jureiurando
2054 3443 2216 3477 affirmavit,
2244 3441 2351 3471 suavius
2369 3440 2396 3469 se
2414 3438 2550 3468 interdum

1439 3494 1543 3522 equum
1564 3484 1740 3513 hinnientem
1751 3482 1871 3512 audisse:
1894 3482 2053 3518 usqueadeo
2066 3490 2144 3510 aures
2163 3479 2280 3509 habebat
2291 3489 2306 3508 a
2322 3478 2402 3507 musis
2411 3477 2551 3506 abhorren-

1439 3528 1481 3552 tes
1493 3545 1501 3557 ,
1523 3522 1702 3559 animumque
1712 3522 1741 3550 in
1750 3521 1897 3559 praesepiis.
1937 3519 2004 3548 Haec
2014 3516 2150 3548 Plutarch.
2162 3519 2191 3547 in
2202 3514 2250 3547 lib.
2262 3517 2297 3546 de
2308 3514 2439 3546 Alexand.
2452 3514 2548 3544 fortun.

1438 3562 1465 3589 ὅ(
1484 3561 1544 3589 virt.

1399 3597 1421 3627 A
1429 3607 1450 3625 N
1459 3607 1479 3626 T
1488 3609 1511 3626 ie
1519 3608 1536 3627 o
1546 3608 1559 3626 P
1568 3607 1586 3627 o
1596 3608 1612 3626 L
1621 3608 1628 3626 1
1638 3607 1650 3626 s

1438 3641 1482 3663 tur
1504 3635 1706 3672 Antaeopolitaz.
1739 3631 1835 3671 Steph.

1399 3672 1449 3701 AN
1458 3682 1478 3700 T
1486 3683 1510 3701 ie
1521 3683 1538 3701 u
1547 3683 1559 3701 s
1569 3694 1577 3707 ,
1599 3674 1614 3708 [
1633 3672 1749 3702 Ama&
1764 3672 1779 3706 ]
1800 3669 1923 3708 Gigantis
1934 3669 1986 3698 fuit
1996 3678 2099 3698 nomen
2108 3690 2116 3703 ,
2138 3667 2263 3705 Neptuni
2272 3676 2307 3696 ex
2314 3666 2399 3695 Terra
2409 3662 2458 3694 filii
2470 3685 2478 3706 3
2495 3670 2548 3705 mq-
2594 3671 2604 3686 '¹

1438 3719 1493 3745 gno
1505 3719 1537 3739 ac
1545 3720 1659 3747 procero
1669 3718 1785 3747 corpore
1801 3718 1808 3737 ε
1837 3708 1942 3745 quippe
1952 3707 1997 3744 qui
2011 3706 2112 3735 cubitis
2121 3705 2302 3743 quadraginta
2312 3702 2462 3733 adoleverit
2470 3710 2498 3730 m
2509 3696 2550 3742 13¹·
2594 3717 2596 3722 ·

1437 3747 1489 3783 bya
1504 3769 1511 3781 ,
1534 3748 1609 3784 apud
1624 3748 1723 3776 Lixum
1735 3745 1887 3784 oppidum,
1911 3744 2050 3774 aflumine
2062 3743 2235 3773 Mauritania·
2246 3742 2370 3778 ejusdem
2387 3739 2504 3781 nominis
2513 3741 2548 3765 ita
2594 3744 2596 3752 ¹

1435 3793 1566 3813 vocatum
1577 3806 1585 3819 ‚
1608 3786 1654 3822 qui
1668 3785 1746 3814 locus
1755 3784 1842 3813 Antaei
1853 3783 1925 3819 regia
1936 3782 2052 3816 dicitur,
2069 3781 2205 3810 roboreae
2216 3779 2378 3808 fortitudine
2389 3777 2492 3807 nemim
2507 3779 2548 3803 ce²
2594 3788 2604 3797 ν·

1436 3822 1536 3851 dentis.
1578 3822 1632 3852 Hic
1640 3822 1759 3860 hospites
1771 3821 1863 3851 secum
1877 3820 1972 3849 luctari
1982 3818 2107 3856 cogebat,
2119 3821 2144 3848 ἃ
2155 3817 2298 3846 delaisatos
2312 3815 2460 3845 certamine
2470 3813 2549 3842 inter·

1439 3859 1551 3890 siciebat
1565 3881 1575 3896 ,
1595 3859 1746 3898 cumipse,
1777 3860 1885 3895 quoties
1894 3857 2018 3888 membra
2037 3856 2131 3886 labore
2147 3854 2247 3886 defessa
2264 3854 2370 3890 essent,
2383 3854 2548 3928 tastumgegz

1677 3597 1692 3633 [
1713 3593 1877 3623 Α’νταννέπολις
1894 3594 1909 3630 ]
1928 3593 2042 3632 AEgypti
2060 3593 2197 3632 oppidum
2209 3614 2217 3629 ,
2246 3592 2326 3628 cujus
2339 3589 2438 3621 incola:
2457 3587 2550 3618 dicun-
2598 3600 2604 3616 ε
