2600 4177
0 3223 43 3381 ,1

27 2579 31 2635 l

488 98 519 136 C
614 100 652 137 O
747 100 786 137 M

97 177 174 215 Opes
188 178 364 218 fortunasque
376 180 434 210 snas
442 180 525 211 alicui
540 182 745 212 commendare.
767 182 825 211 Cic.
841 192 891 219 pro
902 181 1000 219 Quint.
1017 186 1063 219 98.

97 217 218 247 Salutem
228 219 342 251 alicuius
354 220 436 248 alicui
447 220 653 248 commendare.
674 219 729 248 Cic.
746 220 774 248 in
791 220 879 248 parad.
896 231 923 255 4.

99 255 318 285 Adolescentiam
331 257 446 292 alicujus
457 257 490 285 ad
499 257 665 294 opinionem
676 257 796 294 aliquam
807 258 987 287 commendat
1008 258 1109 287 domus
1127 256 1212 287 alicu-

116 293 167 327 jus,
191 294 248 322 Cic.
264 304 287 323 2.
307 294 362 322 Off.
377 303 420 327 47.
676 304 678 310 ·

100 328 132 359 ln
142 330 303 360 clientelam
316 331 342 360 sc
358 331 440 360 alicui
451 331 659 359 commendare.
681 329 745 359 Ter.
761 331 828 360 Eun.
844 342 866 362 ς.
882 338 907 361 a.
921 343 947 367 9.

193 368 277 397 Thais
286 370 353 406 patri
364 369 389 397 se
397 368 642 397 commendavitin
654 367 812 397 clientelam
827 371 853 398 ἃ
869 369 962 399 fidem.
1058 369 1120 399 Hoc
1137 376 1215 398 more

119 405 277 435 &instituto
291 405 495 435 Atheniensium
510 427 517 438 ,
538 405 612 441 apud
625 415 694 440 quos
705 427 712 440 ,
733 408 778 442 qui
790 407 862 435 cives
880 417 936 435 non
947 413 1024 436 erant
1039 428 1046 440 ,
1067 407 1113 435 sed
1126 407 1216 442 inqui-

121 441 171 471 lini
186 465 193 475 ,
215 450 362 480 patronum
373 444 491 478 aliquem
508 442 556 471 sibi
570 443 718 479 optabant,
747 444 822 480 quod
844 442 964 474 wenfa'w
984 455 1056 478 niam
1074 444 1215 473 dicebant.

120 480 176 516 Qui
189 486 280 510 autem
293 487 439 517 patronum
456 490 511 508 non
523 480 651 514 habebat,
674 481 700 509 in
715 481 754 512 ius
767 491 800 510 eo
815 482 930 510 nomine
944 483 1102 517 vocabatur,
1122 480 1218 519 appel-

122 517 282 554 labaturque
295 517 524 551 iiludiudicium‚
544 517 684 547 amma—Ia
701 516 754 545 δἰἰκ
783 518 940 548 Turnebus.

103 553 145 584 De
163 555 279 584 meliore
296 562 363 584 nora
380 555 584 584 commendare.
626 555 683 584 Cic.
695 565 719 592 7.
743 555 874 590 Famae.
913 557 1023 593 Quare,
1046 556 1144 586 Cicero
1163 556 1218 591 mi,

120 592 263 629 persevera
274 594 430 621 constanter
441 603 491 622 nos
506 592 665 622 conservare
678 614 687 628 ,
708 595 733 622 ὁὶ
744 593 869 631 Sulpicio
881 593 1024 624 succell'ori
1035 604 1085 624 nos
1104 595 1140 624 de
1162 603 1222 623 me-

123 631 192 658 liore
208 637 274 659 nota
287 631 463 659 commenda.

103 667 183 696 Curae
192 668 307 703 alicujus
315 669 513 697 commendare
522 668 650 705 aliquem.
674 667 759 697 Ovid.
774 676 797 703 3.
808 668 873 698 Fast.
889 672 951 705 776.

104 705 189 735 Fidei.
210 712 239 734 ut
252 727 259 739 ,
281 705 446 735 Ponrilicnm
459 707 626 741 ant‘koritaii,
639 706 712 740 fidei,
724 706 889 742 prudentiae,
903 707 973 736 sacra
985 706 1186 744 religionesque
1196 708 1223 736 &

125 743 241 779 privatas
253 743 430 779 &publicas‚
455 745 571 777 maiores
589 743 829 772 commendabant.
855 745 911 774 Cic.
923 745 958 774 de
971 746 1063 783 Arusp.
1081 744 1164 782 Resp.
1179 755 1222 780 14.

105 780 183 810 Fidei
194 781 305 810 alterius
322 782 443 818 aliquem
457 782 664 811 commendare.
688 781 746 810 Cic.
764 790 804 816 ¹5.
825 781 888 810 Fam
911 792 936 811 2.

105 817 184 885 Fffiei
195 818 349 855 aliquorum
363 820 560 850 commendare
572 841 580 854 ‚
602 828 686 856 quein
698 825 778 848 antea
798 818 851 849 diis
862 819 1080 849 commendavit.
1103 819 1161 848 Cic.
1172 828 1225 856 pro

162 866 236 885 uren.
251 866 275 885 2.

106 893 185 923 fidei
195 915 204 929 ,
226 894 320 923 virtuti
333 916 340 929 ,
362 893 486 924 Felicitati
495 893 612 930 alicuius
622 893 797 924 Provinciam
812 895 1019 926 commendare.
1047 894 1105 925 Cic.
1116 894 1152 924 de
1162 894 1226 924 Pro-

125 931 200 960 vinc.
221 931 333 961 Consul.
346 941 393 967 ις.

106 969 184 999 Fidei
201 977 254 998 tuae
265 977 356 999 totum
374 979 419 999 ine
431 969 610 999 commendo,
634 968 692 999 Cic.
708 978 732 1005 3.
747 970 801 1000 Att.
814 979 859 1001 20.

106 1006 188 1041 Fuere
199 1007 225 1035 se
236 1008 442 1037 commendare.
465 1007 535 1037 Hirt.
549 1008 584 1036 de
595 1007 661 1036 Bell.
673 1008 726 1036 Afr.
741 1018 765 1043 5.

107 1044 209 1074 Gloriae
219 1044 391 1082 sempiternae
406 1045 525 1082 aliquem
540 1045 747 1075 commendare.
771 1045 828 1075 Cic.
844 1056 867 1081 5.
880 1045 955 1076 Fam.
969 1055 1012 1076 12.

108 1082 310 1112 Imniortalitati
321 1083 534 1112 commendatur
547 1084 656 1112 historia
667 1093 736 1113 voce
746 1085 872 1113 oratoris.
897 1084 948 1114 Cic
966 1094 992 1113 2.
1005 1084 1040 1114 de
1050 1083 1127 1114 Orat.
1141 1084 1186 1120 36.

108 1119 220 1159 judicio
230 1122 356 1149 omnium
369 1121 559 1150 commendari
571 1121 604 1150 ab
614 1121 716 1157 aliquo.
738 1121 797 1150 Cic.
810 1131 851 1151 12.
866 1122 938 1151 Fam.
952 1131 993 1158 ¹3·

107 1157 218 1187 Litteris
229 1159 434 1188 commendare.
475 1159 532 1188 Cic.
549 1168 591 1188 11.
604 1159 677 1188 Fam.
695 1168 736 1188 10.
759 1159 830 1189 Satis
841 1169 886 1189 me
901 1159 988 1190 multa
996 1158 1124 1197 scripsisse
1136 1180 1145 1195 ,
1165 1166 1226 1196 quae

128 1194 228 1224 litteris
237 1197 428 1225 commendari
440 1196 542 1234 possint
556 1218 565 1231 ,
587 1197 710 1226 arbitror.

109 1231 305 1299 Ngonumentis
316 1234 431 1271 alicujus
441 1242 537 1272 petere
544 1244 587 1264 res
595 1234 655 1264 suas
663 1244 745 1272 quam
756 1234 900 1265 celerrime
911 1234 1113 1265 commendari.
1136 1233 1196 1263 Cic.
1204 1243 1228 1269 ς.

151 1281 205 1300 ani.
222 1281 263 1301 12.

109 1305 304 1338 Monumentis
315 1309 409 1338 multis
420 1309 455 1338 ad
465 1319 580 1339 omnem
590 1311 752 1339 memoriam
762 1310 961 1340 commendari.
970 1308 1229 1348 Cic.9.Philipp.io.

109 1346 257 1376 Memoriae
269 1348 479 1377 commendare.
518 1347 577 1377 Cic.
594 1350 617 1383 3‘.
632 1349 668 1376 de
680 1348 740 1377 Fin.
753 1358 781 1383 9.
804 1348 896 1384 Quare
914 1349 1030 1378 attendo
1047 1355 1075 1377 te
1093 1347 1231 1384 studiose,

128 1385 155 1414 &
166 1394 338 1422 quaecunque
348 1385 429 1415 rebus
442 1385 503 1421 his,
524 1386 560 1415 de
575 1385 674 1423 quibus
694 1385 742 1416 hic
763 1385 852 1416 sermo
872 1387 911 1416 est
922 1408 930 1423 ,
953 1386 1068 1416 nomina
1086 1385 1210 1424 imponis
1221 1407 1231 1423 ‚

129 1423 273 1452 memoriae
286 1424 467 1452 commendo.

128 1459 237 1489 Dicitur
249 1462 275 1490 δε
289 1461 437 1490 Mandare.
460 1460 495 1490 H.
507 1460 544 1490 St.

110 1497 219 1527 Tutelae
230 1498 384 1535 aliquorum
398 1498 469 1529 filios
480 1498 542 1528 suos
555 1499 763 1528 commendare.
785 1498 844 1529 Cic.
860 1509 883 1529 1.
897 1498 932 1529 de
943 1499 1019 1529 Orat.
1032 1504 1098 1534 228.

111 1535 316 1570 Commendare
336 1537 484 1572 [ἐπαινῶ]
506 1546 556 1574 pro
578 1535 708 1567 Laudare.
750 1537 807 1567 Cic.
819 1547 844 1575 7.
859 1538 931 1567 Verr.
948 1542 1008 1571 i80.
1033 1537 1090 1574 Qui
1105 1547 1191 1575 quum
1206 1537 1234 1568 se

129 1574 239 1609 virtute,
252 1584 309 1602 non
319 1583 429 1611 genere,
439 1574 547 1612 populo
563 1574 642 1604 Rom.
655 1575 845 1605 commendari
857 1582 975 1613 putaret.
1016 1576 1050 1611 [i.
1064 1585 1088 1605 e.
1114 1576 1232 1606 Probari.

111 1611 202 1650 Copia
211 1612 357 1642 verborum
372 1613 583 1647 commendari,
606 1618 651 1647 ut,
673 1612 757 1642 Nulla
770 1623 798 1642 re
816 1623 871 1642 una
887 1614 974 1650 magis
988 1620 1080 1642 orator
1091 1623 1236 1644 commen-

134 1650 214 1679 datur
226 1672 234 1685 ‚
255 1659 336 1687 quain
347 1650 496 1680 verborum
506 1649 654 1688 splendore
664 1652 690 1680 &
700 1660 734 1680 co
758 1651 791 1681 ia.
814 1651 872 1681 Cic.
890 1651 926 1681 de
941 1650 1011 1680 Clar.
1023 1651 1101 1682 Orat.
1114 1655 1178 1681 216.

111 1686 306 1724 Eloquentiam
319 1698 373 1717 vox
383 1688 504 1717 maxime
513 1690 704 1717 commendat.
750 1689 786 1718 ic.
801 1699 823 1718 1.
837 1690 872 1719 de
885 1690 961 1718 Orat.
976 1698 1039 1727 252.

112 1725 225 1755 Faciem
236 1727 416 1756 commendat
431 1736 504 1755 cura.
526 1726 610 1755 Ovid.
627 1726 662 1755 de
675 1727 825 1756 Medicam.
846 1727 944 1761 faciei,
968 1736 990 1755 1-

112 1762 237 1793 Halitum
248 1763 326 1793 suum
338 1774 366 1793 re
376 1764 465 1801 aliqua
475 1764 684 1793 commendare.
725 1764 793 1793 Plin.
806 1765 853 1795 lib.
870 1774 911 1794 12.
923 1775 984 1808 cap.
996 1773 1021 1800 3.
1042 1764 1109 1794 Haec
1133 1764 1171 1794 est
1189 1775 1237 1795 au-

131 1808 190 1831 tem
215 1803 294 1835 cuius
313 1812 397 1839 grana
422 1803 582 1831 Parthorum
600 1811 729 1840 proceres
752 1803 903 1839 incoquere
926 1804 1047 1832 diiiimus
1069 1802 1236 1838 esculentis,

131 1840 351 1869 commendandi
363 1840 461 1869 lialitus
472 1840 566 1877 gratia.

132 1877 342 1907 conciliandum
359 1877 562 1907 &faciendum

113 1914 252 1950 juvenem
264 1916 463 1945 commendare
473 1916 569 1944 amicae
585 1914 685 1944 dicitur
695 1915 800 1945 vinum.
823 1915 890 1946 Hor.
906 1925 930 1945 1.
941 1916 1024 1954 Epist.
1042 1926 1053 1946 1
1062 1927 1085 1953 ς.
1099 1925 1141 1952 19.

401 1970 437 1974 -
446 1952 609 1991 generosum
622 1952 722 1982 &lene
735 1954 861 1990 requiro,

196 1990 286 2028 Quod
297 2000 374 2021 curas
385 1991 496 2028 abigat,
517 1991 593 2026 quod
603 2000 668 2020 cum
684 1990 729 2028 spe
738 1992 825 2020 divite
836 1996 931 2020 manet

192 2028 225 2059 ln
241 2039 325 2058 venas
335 2030 516 2066 animumque
532 2039 644 2064 meum,
666 2030 741 2065 quod
753 2029 835 2058 verba
845 2030 996 2064 ministret,

193 2066 283 2103 Quod
292 2076 337 2096 me
348 2066 465 2096 Lucanae
474 2067 604 2102 juvenem
614 2068 795 2097 commendet
805 2068 908 2097 amicae.
988 2068 1062 2096 lnter
1071 2067 1165 2096 omnia
1176 2076 1238 2105 quae

133 2104 201 2134 vino
215 2105 363 2140 accidunt,
387 2106 413 2134 ἃ
423 2104 493 2134 illud
502 2105 540 2134 est
550 2106 706 2133 maximum
719 2127 725 2138 .
748 2106 823 2142 quod
835 2106 905 2134 vires
925 2105 1030 2141 praestat
1048 2107 1076 2134 in
1093 2105 1238 2135 Venerem.

135 2142 199 2172 Hoc
209 2143 246 2172 est
256 2153 321 2178 ergo
334 2144 410 2180 quod
422 2143 508 2177 dixit,
531 2142 617 2179 Quod
628 2143 760 2178 juvenem
772 2143 953 2172 commendet
964 2144 1076 2173 amicte:
1098 2143 1116 2173 i.
1127 2153 1151 2173 e.
1174 2143 1241 2173 For-

135 2186 194 2210 tem
203 2182 229 2210 Sc
239 2181 385 2210 amabilem
397 2181 492 2210 amicae
502 2181 600 2209 reddat
611 2202 619 2215 ‚
645 2188 676 2209 ut
687 2182 829 2215 juvenem.
863 2180 998 2218 Porphyr..

116 2217 255 2285 Ngmoria
272 2219 397 2249 vivorum
412 2220 439 2249 ἃ
453 2218 629 2257 praesentium
649 2219 715 2248 teste
730 2218 929 2248 commendare
946 2219 1063 2257 aliquos.
1093 2218 1152 2249 Cic.
1164 2227 1190 2250 2.
1203 2219 1240 2249 de

165 2263 214 2286 rat.
228 2267 254 2293 9.

117 2294 284 2325 Munuscula
295 2295 376 2324 amici
385 2292 593 2323 commendare.
616 2293 735 2323 Martial.
748 2293 796 2323 lib.
810 2301 835 2331 7.
849 2303 894 2330 79.

207 2333 263 2363 Sed
276 2333 292 2361 si
306 2343 389 2370 parva
403 2333 443 2361 tui
453 2331 616 2361 munuscula
630 2334 727 2370 q‘uaeris
741 2332 824 2361 amici

246 2370 451 2400 Commendare
460 2392 468 2405 ,
492 2371 544 2399 Sco.

116 2406 218 2438 Nullos
239 2408 345 2452 (crede
353 2408 447 2444 mi’ni)
471 2407 652 2437 commendat
663 2408 755 2445 imago
773 2412 932 2446 parentum.
971 2407 1057 2438 Ovid.
1099 2408 1242 2445 [Videtur

117 2446 457 2514 Ῑῇῗὲξέῗὲἓῐῐὲὶῐῖεηᾱετε
467 2483 560 2513 oleum
571 2482 782 2521 amygdalinum
796 2483 908 2512 dicitur.
937 2482 1006 2513 Plin.
1020 2482 1068 2513 lib.
1083 2492 1127 2519 ²3·
1140 2493 1200 2522 cap.
1212 2494 1240 2518 4.

119 2519 194 2590 ROOS
203 2523 325 2551 maxime
337 2521 519 2552 commendat
528 2521 640 2559 placida
652 2543 660 2557 ,
682 2520 820 2550 summissa
832 2543 840 2557 ,
861 2521 968 2551 &lenis
979 2521 1077 2551 oratio.
1100 2522 1158 2551 Cic.
1175 2532 1197 2551 1.
1207 2523 1242 2552 de

168 2566 219 2589 rat.
235 2565 295 2595 183.

120 2596 191 2628 Vina
203 2596 251 2628 suo
260 2597 341 2628 succo
353 2597 413 2627 liaec
425 2606 468 2627 res
479 2596 668 2627 commendat.

606 1840 634 1870 h.
649 1850 672 1869 e.
697 1840 738 1869 Ad
751 1842 889 1877 optimum
909 1842 935 1870 Sc
955 1841 1102 1870 odoratum
1119 1840 1236 1870 halitum

710 2595 777 2626 Plin.
789 2595 838 2625 lib.
851 2604 892 2632 13.
905 2606 966 2634 cap.
980 2607 1021 2629 19.
1044 2596 1079 2626 de
1089 2596 1149 2625 loto
1165 2597 1244 2627 arbo.

139 2635 293 2673 reloquens
304 2658 312 2671 ‚
335 2636 499 2665 fruticosior
510 2635 569 2664 haec
579 2635 725 2671 fructuque
736 2634 821 2671 magis
832 2635 934 2663 rubens
945 2657 953 2670 ,
971 2635 1049 2670 cujus
1058 2634 1174 2664 nucleus
1186 2645 1244 2664 non

139 2674 220 2704 simul
229 2675 369 2704 manditur
380 2696 388 2709 ,
408 2674 547 2710 jucundus
559 2683 609 2710 per
628 2673 669 2707 se,
691 2680 773 2709 atque
791 2671 898 2701 suavior
918 2683 933 2701 e
950 2674 1017 2701 vino
1031 2683 1037 2702 :
1061 2674 1129 2709 quin
1141 2675 1167 2703 &
1178 2673 1244 2703 vina

140 2712 223 2742 succo
232 2712 279 2743 suo
289 2713 500 2741 commendans.
521 2712 539 2740 i.
553 2721 577 2740 e.
599 2711 715 2740 Faciens
730 2716 761 2740 ut
769 2711 832 2738 vina
844 2709 928 2747 pluris
943 2711 1016 2739 fiant.

85 2749 132 2780 C‘o
143 2760 217 2779 Mirr:
227 2760 247 2779 N
257 2761 274 2778 D
285 2754 301 2779 a
311 2760 331 2778 T
341 2759 377 2778 us
387 2772 395 2784 ,
418 2749 512 2779 Partic.
536 2749 592 2778 Cic.
607 2758 657 2786 pro
673 2748 749 2777 Rosc.
765 2749 852 2776 timer.
872 2757 930 2784 113.
954 2748 1005 2778 Cui
1025 2748 1098 2778 fama
1118 2749 1221 2777 mortui
1235 2770 1243 2785 ‚

124 2788 242 2818 fortunae
253 2788 307 2818 vivi
320 2788 522 2816 commendatae
534 2786 596 2815 sunt
605 2809 612 2821 ‚
634 2793 715 2823 atque
727 2785 904 2815 concreditae.

120 2826 235 2856 Sacrum
244 2825 354 2855 sacrove
363 2825 592 2854 commendatum
604 2825 650 2860 qui
661 2824 797 2861 clepserit,
820 2823 1006 2861 rapseritque,
1028 2823 1164 2861 parricida
1176 2824 1243 2854 esto.

141 2864 200 2893 Cic.
211 2874 237 2893 2.
258 2864 294 2892 de
307 2863 397 2900 Legib.
412 2873 455 2893 22.
475 2870 510 2892 ex
529 2871 586 2891 xii
604 2861 680 2891 tabb.

122 2901 190 2932 Non
199 2902 285 2931 modo
294 2899 468 2931 commiffum
479 2923 487 2936 ,
508 2909 605 2930 verum
616 2900 701 2929 etiam
711 2898 940 2929 commendatum
956 2898 1095 2934 judicium
1105 2898 1246 2936 aliquibus

142 2949 205 2977 erga
212 2940 379 2977 dignitatem
389 2939 515 2976 alicujus.
535 2937 595 2967 Cic.
609 2948 661 2976 pro
672 2937 765 2966 Domo
781 2945 840 2972 ¹4²·

124 2977 146 3008 A
157 2979 217 3007 viro
227 2978 256 3006 iri
273 2977 335 3006 alvo
346 2976 406 3015 spes
418 2976 622 3007 commendata.
647 2975 704 3004 Cic.
718 2984 768 3012 pro
779 2975 890 3004 Cluent.
905 2982 949 3009 34.
972 2974 1057 3011 Spem
1068 2973 1152 3008 illam,
1163 2984 1246 3011 quam

141 3015 171 3045 in
181 3015 243 3045 alvo
255 3015 480 3045 commendatam
489 3014 572 3044 aviro
583 3013 764 3048 continebat,
788 3013 859 3042 vieta
871 3012 983 3040 avaritia
997 3033 1005 3047 ,
1026 3011 1122 3041 sceleri
1140 3012 1247 3050 Oppia-

142 3053 199 3083 nici
208 3053 343 3083 vendidit.
1207 3068 1226 3087 ε,

143 3090 184 3121 Ita
192 3091 294 3120 dicitur
303 3112 311 3127 ‚
333 3097 365 3120 ut
374 3088 498 3128 Agricola
506 3088 687 3119 commendat
696 3087 800 3117 semina
814 3093 902 3116 terrae.
925 3086 960 3116 H.
974 3087 1012 3115 St.
1047 3124 1052 3130 ¹

124 3128 209 3159 Dono
219 3128 313 3165 aliquo
322 3128 438 3158 deorum
447 3129 473 3158 ἃ
483 3137 599 3158 munere
614 3126 804 3158 commendati
816 3125 896 3154 nobis
915 3131 1006 3162 poetae
1027 3124 1164 3154 Videntur.
1188 3124 1247 3155 Cic.

165 3176 196 3197 ro
209 3166 288 3196 Arch.
305 3171 348 3200 18.

124 3177 168 3235 Εξ(
177 3204 298 3234 utilitate
308 3203 353 3233 sua
363 3203 569 3233 commendatae
579 3201 661 3232 nobis
671 3211 723 3236 res,
744 3201 761 3230 i.
772 3209 796 3230 e.
819 3200 897 3237 Quas
907 3209 1031 3230 amamus
1041 3199 1078 3229 ob
1087 3199 1249 3236 utilitatem,

146 3252 229 3281 quam
238 3251 273 3271 ex
282 3243 321 3271 eis
331 3241 509 3279 percipimus.
532 3240 639 3270 Lucret.
658 3239 705 3268 lib.
724 3250 747 3273 ς.
758 3245 823 3273 859-

220 3279 367 3317 Multaque
376 3278 439 3308 sunt
449 3300 457 3313 ,
478 3279 559 3307 nobis
573 3287 608 3307 ex
617 3277 735 3307 utilitate
746 3276 792 3306 sua
803 3285 863 3312 quae

221 3317 424 3347 commendata
434 3324 547 3346 manent
555 3315 649 3345 tutelae
663 3315 764 3345 tradita
776 3314 881 3343 nostrae.

98 3380 101 3381 ν
128 3355 234 3387 Favore
248 3355 364 3390 alicujus
379 3354 610 3383 commendatum
621 3352 685 3383 effe.
707 3352 792 3382 Ovid.
805 3361 829 3388 3.
846 3351 881 3381 de
892 3351 972 3381 Pont.
985 3361 1011 3388 4.
1024 3358 1070 3389 71.

210 3394 272 3424 Sint
282 3391 459 3430 igiturvestro
468 3401 531 3422 mea
545 3391 745 3421 commendata
758 3390 851 3420 favore

250 3431 388 3460 Carmina.

131 3469 248 3499 Honore
259 3468 413 3498 litterarum
424 3467 646 3497 commendatus.
668 3465 737 3495 Plin.
748 3464 796 3494 lib.
808 3473 850 3501 35.
866 3473 931 3506 cap..
942 3468 986 3496 18·
1009 3500 1015 3507 ι
1155 3500 1161 3506 .

132 3507 192 3537 Sibi
204 3507 426 3536 commendatus.
466 3504 523 3534 Cic.
542 3515 568 3540 4.
585 3505 621 3533 de
629 3504 688 3533 Fin.
705 3512 747 3539 34.
777 3503 870 3532 Omne
887 3501 989 3530 animal
1007 3499 1096 3538 ipsum
1109 3499 1161 3530 ‘sibi
1175 3509 1254 3531 com-

151 3544 314 3574 mendatiim
324 3566 333 3580 ,
355 3550 385 3572 ut
395 3543 421 3573 se
432 3543 457 3571 δι
467 3542 570 3572 salvum
580 3543 610 3571 iri
618 3541 665 3572 suo
676 3550 775 3578 genere
789 3539 987 3576 incolumeque
1000 3537 1093 3567 vellet.

134 3582 369 3612 Commendatum
391 3581 493 3610 habere
508 3580 623 3617 aliquid.
662 3580 719 3609 Cic.
736 3588 777 3608 12.
797 3578 872 3608 Fam.
889 3586 930 3606 12.
963 3576 1059 3606 Meam
1087 3575 1253 3613 dignitatem
1288 3607 1290 3611 ,

151 3620 379 3650 commendatam
393 3618 494 3648 habeas
503 3627 579 3655 rogo.

136 3658 250 3695 [sliquos
258 3658 359 3686 habere
374 3655 598 3685 commendatos.
620 3654 678 3684 Cic.
694 3663 734 3682 12.
746 3653 822 3683 Fam.
838 3655 879 3682 16.
909 3651 941 3681 V.
963 3660 1093 3680 HABEO.

136 3695 268 3733 Compar.
308 3696 365 3724 Cic.
376 3704 426 3731 pro
441 3694 523 3723 Corn.
539 3693 624 3722 Balbo
636 3701 680 3724 4³·
703 3691 774 3727 Quis
785 3691 822 3720 est
832 3690 907 3719 enim
919 3689 1041 3733 nostruin
1051 3710 1058 3723 ,
1081 3690 1126 3720 cui
1137 3699 1196 3720 non
1208 3689 1257 3720 illa

156 3734 253 3763 civitas
263 3732 385 3767 sithujns
399 3733 505 3766 studio,
526 3740 591 3760 cura
605 3752 613 3765 ,
639 3729 784 3765 diligentia
796 3749 804 3760 ,
829 3727 1078 3770 commendatior?-

137 3771 281 3801 Memoriae
295 3770 440 3798 hominum
453 3769 625 3805 sempiternae
637 3766 899 3796 commendatiores.
922 3764 1020 3808 Cic.2.
1033 3764 1131 3802 Philip.
1143 3774 1188 3801 32.

138 3807 393 3838 Commendatioris
414 3806 469 3836 esse
481 3808 570 3836 famae.
613 3805 679 3834 Plin.
690 3803 739 3832 lib.
752 3812 797 3839 25.
808 3813 868 3840 cap.
887 3812 928 3831 io.
959 3802 1092 3831 Similiter
1103 3813 1163 3832 eam
1175 3813 1258 3840 quam

157 3845 287 3883 euplcam
296 3852 413 3874 vocant:
435 3845 601 3880 traduntque
614 3853 646 3872 ea
665 3843 814 3878 perimetos
826 3840 1072 3869 commendatioris
1082 3840 1136 3870 effe
1148 3841 1237 3870 famae.

137 3883 245 3950 Super&
268 3882 409 3912 Omnibus
420 3882 501 3912 rebus
510 3879 796 3912 commendatist'imos
808 3878 916 3916 aliquos
924 3877 1029 3908 habere
1038 3877 1072 3908 ab
1082 3878 1185 3916 aliquo.
1196 3878 1257 3909 Cic.

160 3930 204 3952 12.
238 3929 292 3955 am.
301 3923 347 3951 πό.

1659 98 1688 134 C
1786 100 1822 134 O
1920 102 1960 137 M
2351 118 2420 157 539

1301 189 1347 209 om
1358 190 1399 209 Ma
1411 189 1431 210 Ν
1441 191 1458 210 n
1470 191 1486 209 A
1498 189 1518 209 ·1·
1528 191 1537 209 1
1548 190 1564 209 o
1575 203 1582 215 ,
1604 181 1673 209 onis.
1696 180 1714 209 f.
1737 178 1880 215 [atis-amr]
1917 180 1973 210 Cio.
1992 191 2013 211 r.
2035 180 2108 213 Fam.
2124 192 2148 220 3.
2182 188 2278 218 Nostra
2289 211 2297 224 ,
2319 197 2427 222 ceta-ro.

1304 228 1420 254 rumque
1431 220 1585 248 amicorum
1601 219 1845 247 commendatione
1857 219 2019 254 grartiiimus
2031 221 2059 248 in.
2074 224 2218 258 provincia
2229 226 2289 256 suit.

1305 256 1655 291 Caputconimendationis
1665 256 1790 288 alicuius.
1813 257 1871 285 Cic.
1888 266 1928 284 12.
1946 258 2017 285 sain.
2032 268 2075 292 25·

1306 294 1347 320 Ad
1361 301 1468 322 ceteros
1481 295 1634 331 Crmtempti
1650 294 1772 322 hominis
1782 293 1991 323 commendatio
2008 304 2064 323 non
2077 296 2172 326 defuit.
2199 298 2255 329 Cic.
2270 307 2295 333 8.
2310 302 2360 332 Art.
2373 314 2401 339 4.

1307 330 1412 365 Exequi
1425 331 1576 360 ambizione
1586 331 1703 368 quadani
1714 331 1974 361 commendationes
1990 333 2115 367 alicujus.
2142 335 2200 364 Cic.
2217 347 2242 372 ¹3
2273 340 2343 369 Fam.
2361 350 2404 376 ³³·

1307 367 1467 404 Intelligere
1477 369 1752 397 coiiinieniiationem
1764 369 1887 398 maximo
1897 368 1954 398 usui
1968 370 2021 398 ess'e
2035 370 2090 399 libi.
2115 372 2171 401 Cic.
2188 384 2228 403 12.
2243 375 2313 405 Fani.
2327 383 2371 410 ²8-

1308 406 1543 440 eonimenditm,
1565 406 1686 441 [bium]
1709 406 1786 435 Laus.
1827 406 1885 435 Cic.
1903 415 1924 434 1.
1943 408 2019 437 Fam.
2032 417 2057 443 7.
2092 408 2195 445 Magna
2219 413 2256 440 est
2279 413 2425 446 bominum

1327 443 1424 507 pplinio
1438 444 1507 486 dete
1518 465 1526 478 ,
1548 453 1646 481 magna
1656 444 1866 473 commendatio
1878 443 2068 483 liberalitatis,
2089 455 2187 485 magna
2204 451 2339 481 memoria
2352 452 2427 485 Con-

1341 490 1356 508 u
1371 486 1429 508 atus
1438 488 1486 509 tui.

1311 517 1528 546 Commendatio
1541 518 1730 553 acjudicium.
1752 518 1810 548 Cic.
1830 528 1879 556 pro
1894 518 1964 548 Coel.
1977 523 2002 549 6.

1310 554 1435 583 Honoris
1447 556 1580 592 petitio&
1592 556 1811 585 commendatio.
1834 557 1893 586 Cic.
1905 560 1931 586 6.
1949 557 2023 586 Fam.
2039 566 2066 588 2.

1311 592 1419 628 Ingenii
1430 592 1705 621 commendationem
1720 602 1849 623 evertere.
1872 594 1930 622 Cic.
1940 595 1975 624 dc
1984 595 2054 625 Clar.
2067 595 2145 627 Orat.
2160 602 2222 634 138.

1311 629 1494 659 Liberalitatis
1508 630 1728 659 commendatio.
1750 631 1808 660 Cic.
1830 642 1850 660 1.
1870 631 1943 660 Fam.
1959 641 1984 670 7.

1311 667 1468 696 Oculorum
1480 667 1726 697 commendatione
1736 668 1843 706 aliquid
1855 670 1954 699 animis
1963 670 2042 701 tradi.
2065 671 2123 703 Cic.
2135 681 2161 703 2.
2173 673 2209 704 de
2220 674 2296 705 Orat.
2309 684 2372 715 357.

1314 706 1456 734 Acciirata.
1500 705 1529 734 V.
1552 715 1571 733 A
1582 715 1598 732 c
1609 714 1626 733 c
1637 715 1653 733 u
1663 714 1680 733 a
1689 714 1716 735 o.

1312 742 1413 772 Brevis.
1454 742 1483 771 V.
1507 752 1521 770 B
1531 752 1546 769 a
1556 751 1570 770 a
1579 752 1595 770 v
1606 753 1612 770 i
1624 751 1645 771 s.

1313 779 1447 816 Vulgaris.
1470 780 1527 809 Cic.
1542 789 1565 808 1.
1588 779 1662 808 Fam.
1679 788 1704 815 3.

1313 817 1345 847 In
1355 817 1452 854 vulgus
1460 817 1680 846 commendatio.
1704 816 1763 846 Cic.
1776 828 1798 853 5.
1811 817 1893 849 Tusc.
1908 826 1968 851 roz.
1982 818 2052 850 Vide
2064 830 2099 851 ne
2109 822 2171 859 plus
2182 826 2390 856 commendatio
2400 828 2432 859 in

1333 854 1442 891 vulgus,
1458 857 1483 884 St
1495 856 1555 897 liaec
1564 864 1624 891 quae
1639 855 1780 891 expetitur
1791 856 1886 893 gloria,
1898 856 2028 886 molestia
2042 859 2149 895 habeat,
2190 871 2254 891 uam
2269 863 2431 900 voluptatis.

1315 892 1414 959 Odi-atho
1426 892 1570 929 probitatis
1583 893 1829 923 commendatione
1842 916 1850 929 ,
1872 894 1939 923 boni
1949 895 1998 923 viri
2010 895 2129 932 speciem
2141 898 2176 928 de
2198 906 2225 929 et
2236 901 2314 930 tueri.
2335 902 2391 932 Cic.
2404 913 2430 933 2.

1355 940 1370 959 e
1408 937 1456 959 rat.
1472 940 1535 959 211.

1315 967 1410 998 Homo
1421 978 1470 1005 per
1483 967 1508 996 se
1518 967 1645 1003 cognitus
1659 966 1736 996 nulla
1751 969 1996 998 commendatione
2010 972 2155 1007 majorum.
2165 972 2225 1002 Cic.
2234 983 2256 1003 1.
2266 975 2294 1004 in
2304 976 2433 1013 Catil.28.

1315 1006 1359 1035 Ad
1368 1005 1484 1042 gloriam
1496 1005 1705 1034 commendatio
1717 1006 1805 1042 prima
1815 1007 1853 1035 est
1863 1006 2041 1037 adolescenti.
2066 1009 2121 1038 Cic⁴
2136 1020 2160 1039 2.
2179 1011 2235 1040 Off.
2250 1023 2294 1048 45.

1316 1043 1407 1073 Prima
1431 1043 1661 1076 commendatio,
1682 1053 1742 1079 quae
1758 1053 1774 1072 a
1788 1050 1885 1073 natura
1901 1045 1983 1074 nostri
2005 1045 2075 1075 faCta
2100 1047 2153 1083 est,
2184 1049 2265 1079 nobis
2284 1051 2388 1082 incerta
2408 1054 2437 1084 δε

1338 1080 1453 1110 obscura
1464 1081 1509 1109 est.
1542 1080 1599 1109 Cic.
1613 1091 1636 1116 ς.
1653 1080 1688 1109 de
1698 1081 1764 1121 fin.
1778 1091 1822 1116 4¹·

1315 1117 1407 1149 Prima
1418 1119 1626 1148 commendatio
1637 1118 1818 1155 proficiscitur
1830 1128 1846 1148 a
1857 1119 1992 1149 modestia
2001 1141 2010 1156 ,
2031 1126 2092 1150 tum
2114 1123 2219 1160 pietate
2235 1124 2265 1154 in
2286 1133 2415 1162 parentes
2426 1149 2436 1164 ‚

1336 1163 1398 1186 tum
1411 1157 1439 1185 in
1449 1156 1511 1186 suos
1523 1156 1727 1185 benevolentia.
1750 1156 1808 1185 Cic.
1821 1165 1846 1185 2.
1862 1156 1944 1185 Offic.
1956 1161 2000 1193 46.

1316 1195 1349 1225 In
1362 1195 1451 1232 prima
1464 1194 1712 1223 commendatione
1724 1194 1816 1223 dicere
1828 1194 1933 1231 aliquid
1944 1195 1989 1224 vel
2000 1205 2112 1231 ponere.
2154 1198 2211 1228 Cic.
2223 1208 2248 1228 2.
2269 1201 2305 1229 de
2319 1201 2375 1232 Fin.
2392 1212 2436 1239 ³5-

1337 1233 1473 1269 Epicurus
1481 1238 1575 1261 autem
1586 1242 1671 1267 quum
1683 1232 1712 1260 in
1725 1232 1813 1269 prima
1821 1233 2067 1263 commendatione
2077 1234 2248 1272 voluptatem
2261 1238 2439 1274 dixiffet,&c.

1338 1270 1372 1300 Et
1386 1269 1470 1308 paulo
1483 1270 1560 1308 post,
1582 1269 1619 1298 Ut
1631 1269 1804 1307 voluptatem
1819 1270 1896 1300 illam
1913 1271 2040 1308 Aristippi
2050 1271 2078 1300 in
2090 1274 2178 1310 prima
2192 1277 2440 1309 commendatione

1337 1314 1468 1346 poneret.
1506 1308 1524 1336 i.
1543 1316 1567 1336 e.
1591 1307 1623 1336 In
1637 1307 1731 1344 primis
1741 1307 1873 1337 iaudaret.
1915 1307 1982 1343 [vel
1999 1310 2094 1346 potius
2111 1311 2200 1341 Primo
2219 1312 2284 1342 loco
2305 1315 2335 1344 in
2357 1316 2440 1348 bonit

1337 1346 1507 1381 collocaret,
1528 1352 1610 1382 atquc
1621 1346 1693 1374 adeo
1701 1345 1839 1374 summum
1850 1344 1903 1375 effe
1917 1346 2052 1376 statueret.

1319 1384 1341 1414 A
1357 1385 1446 1422 prima
1457 1384 1704 1413 commendatione
1713 1389 1817 1412 naturae
1827 1384 1964 1413 nationem
1976 1383 2087 1416 ducere.
2109 1385 2167 1416 Cic.
2182 1397 2204 1423 ς.
2218 1387 2254 1418 de
2265 1388 2325 1418 Fin.
2337 1393 2382 1426 46.

1319 1422 1454 1451 Accersita
1465 1421 1690 1450 commendatio.
1720 1421 1750 1451 V.
1775 1431 1796 1450 A
1806 1431 1823 1450 c
1832 1431 1848 1450 c
1857 1431 1872 1451 11
1880 1431 1896 1450 R
1904 1431 1916 1450 s
1925 1431 1951 1450 o.

1319 1460 1489 1497 Comparare
1501 1459 1788 1488 commendationem.
1811 1458 1869 1489 Cic.
1881 1468 1907 1488 2.
1922 1458 1979 1489 Off.
1994 1469 2040 1495 45.

1319 1497 1430 1564 Ducerf}
1447 1497 1726 1541 commendationem
1742 1497 1867 1527 ineuntis
1885 1498 1973 1527 aetatis
1992 1497 2026 1527 ab
2046 1498 2192 1537 impietate
2203 1501 2229 1531 ἃ
2247 1499 2359 1531 scelere.
2380 1502 2441 1536 Cic.

1340 1545 1391 1573 pro
1430 1541 1495 1564 eiot.
1509 1544 1535 1564 2.

1321 1573 1407 1611 Egere
1417 1573 1564 1610 gratiarum
1574 1572 1686 1601 actione
1697 1572 1784 1610 magis
1795 1582 1879 1609 quam
1892 1573 2148 1605 commendatione.
2170 1575 2229 1607 Cic.
2249 1585 2292 1606 12.
2310 1576 2386 1608 Fam.
2399 1588 2443 1616 ας.

1321 1611 1452 1641 Evertere
1465 1611 1753 1640 commendationem.
1777 1610 1835 1639 Cic.
1847 1611 1876 1639 in
1891 1610 1964 1640 Brut.
1978 1617 2039 1648 138.

1322 1649 1432 1679 Habere
1443 1648 1730 1678 commendationem.
1751 1648 1809 1678 Cic.
1826 1657 1851 1683 7.
1866 1648 1942 1678 Fam.
1958 1658 2001 1684 19.

1321 1687 1468 1718 Renovare
1482 1686 1768 1715 commendationem.
1793 1686 1850 1715 Cic.
1866 1695 1890 1722 7.
1912 1686 1985 1716 Fam.
2000 1697 2041 1722 19.

1322 1725 1419 1791 νὲ1ετε
1430 1724 1572 1791 comliiiiuni
1584 1722 1661 1753 sensu
1674 1724 1821 1760 omnium,
1843 1725 1870 1753 &
1885 1723 2042 1754 dulcissima
2062 1726 2310 1756 commendatione
2330 1733 2446 1760 naturae.

1367 1773 1401 1792 ic.
1424 1772 1474 1799 pro
1519 1771 1640 1797 anc.31.

1323 1800 1468 1838 Obrepere
1479 1801 1514 1828 ad
1523 1800 1644 1829 honores
1654 1808 1745 1828 errore
1756 1798 1905 1829 hominum
1914 1821 1924 1836 ,
1944 1800 2194 1830 commendatione
2205 1801 2371 1832 fumosarum
2382 1804 2451 1834 ima.

1344 1839 1450 1876 ginum.
1473 1838 1574 1867 Cic.in
1586 1836 1674 1866 Pison.
1693 1847 1717 1866 1.

1287 1876 1335 1907 Co
1346 1888 1365 1904 M
1377 1888 1395 1905 M
1406 1887 1419 1904 ii
1429 1886 1448 1904 N
1459 1886 1476 1904 D
1485 1879 1502 1904 Ji
1518 1885 1531 1903 r
1541 1885 1557 1904 o
1566 1885 1582 1904 R
1592 1897 1600 1910 ,
1624 1875 1686 1904 (iris.
1710 1884 1746 1904 m.
1766 1871 1914 1910 [επ-νεάτης]
1936 1874 1993 1911 Qui
2013 1876 2195 1905 commendat
2210 1876 2332 1913 aliquem
2353 1880 2430 1908 alteri
2440 1901 2451 1915 o

1325 1914 1371 1943 vel
1383 1914 1486 1943 laudat.
1509 1913 1668 1950 Symmach.
1684 1922 1706 1942 1.
1721 1912 1803 1950 Epist.
1816 1923 1862 1948 40.
1879 1912 1914 1942 Et
1925 1912 2033 1951 vopisc.
2046 1914 2075 1942 in
2089 1914 2166 1943 Prob.
2181 1924 2242 1952 cap.
2256 1925 2279 1951 ζ.
2302 1916 2452 1947 Commen-

1327 1952 1438 1981 datores
1450 1961 1547 1980 eorum
1558 1950 1686 1980 historici.

1287 1989 1336 2019 Co
1348 2001 1367 2018 M
1377 2001 1396 2018 M
1408 2000 1422 2018 s
1431 1999 1450 2018 N
1464 2000 1480 2017 o
1491 1993 1507 2017 Ᾰ
1518 1998 1537 2017 τ
1547 1999 1561 2017 a
1571 2000 1580 2017 1
1590 1998 1618 2022 x,
1637 1989 1698 2017 icis.
1713 1988 1734 2017 s.
1752 1985 1914 2024 [mss-diem]
1935 1988 1993 2018 Cic.
2008 1998 2030 2017 1.
2041 1988 2077 2017 de
2089 1988 2180 2026 Legib.
2196 1996 2239 2026 58.
2262 1991 2315 2019 Sed
2327 1992 2452 2028 profecto

1326 2029 1365 2057 ita
1376 2027 1404 2056 se
1413 2037 1456 2056 res
1469 2026 1567 2061 babet,
1588 2034 1619 2055 ut
1637 2026 1770 2063 quoniam
1782 2026 1913 2055 vitiorum
1925 2026 2145 2056 emendatricem
2157 2027 2246 2065 legem
2258 2028 2311 2057 effe
2320 2038 2432 2067 oportet
2442 2051 2452 2067 ,

1326 2065 1655 2101 commendatricemque
1663 2064 1799 2093 virtutum
1812 2085 1820 2098 ,
1843 2063 1876 2092 ab
1887 2072 1918 2092 ea
1931 2065 2042 2093 vivendi
2053 2065 2179 2094 doctrina
2188 2066 2317 2096 ducatur.

1331 2103 1563 2133 Conimendatrix
1580 2102 1778 2131 miraculorum
1789 2107 1868 2130 terra.
1892 2101 1959 2130 Plin.
1970 2108 1994 2135 8.
2011 2103 2091 2139 Epist.
2105 2113 2149 2132 20.

1290 2141 1687 2174 COMMENDATORIUS,
1710 2139 1770 2174 Adj.
1794 2139 1928 2174 Sidone.
1944 2139 2026 2177 Epist.
2044 2150 2085 2169 10.
2152 2163 2154 2165 .

1291 2180 1313 2210 C
1322 2189 1338 2209 o
1348 2190 1396 2208 MM
1406 2188 1448 2208 EN
1460 2189 1477 2207 r)
1491 2187 1535 2207 AT
1545 2187 1598 2206 ιτι
1609 2187 1646 2206 us
1663 2199 1670 2212 ,
1706 2177 1878 2212 [συςαπιυὶς]
1911 2177 1971 2212 Adj.
2002 2184 2032 2207 ut
2041 2200 2049 2212 ‚
2080 2177 2325 2209 Commendatitire
2347 2179 2455 2216 litterae,

1329 2218 1358 2246 in
1369 2217 1469 2254 quibus
1481 2216 1565 2252 aliqui
1575 2214 1817 2244 commendantur.
1842 2214 1901 2243 Cic.
1913 2218 1938 2243 6.
1951 2214 2024 2244 Verr.
2039 2221 2098 2250 148·
2123 2216 2180 2246 Cic.
2196 2228 2219 2251 5·
2235 2217 2307 2246 Fam.
2324 2229 2346 2250 ς.
2368 2219 2455 2255 Quod

1329 2255 1377 2285 ubi
1400 2253 1548 2288 intellexi,
1570 2252 1690 2282 multum
1709 2252 1783 2289 apud
1806 2251 1885 2281 illum
1901 2261 2026 2282 recentes
2044 2254 2160 2282 nuntios
2172 2276 2180 2289 ,
2211 2254 2332 2284 multum
2350 2257 2458 2287 tabulas

1328 2303 1387 2322 non
1399 2291 1662 2325 commendatitias,
1684 2290 1731 2319 sed
1744 2290 1898 2319 tributarias
1916 2290 2048 2321 valuisse:
2070 2292 2216 2321 admonitu
2232 2315 2238 2324 .
2260 2295 2310 2322 Sec.

1329 2331 1446 2360 Litteras
1457 2329 1701 2359 commendatitias
1720 2327 1803 2358 alicui
1821 2329 1941 2358 mittere.
1979 2328 2074 2358 Labeo
2096 2329 2155 2358 inl.
2169 2330 2274 2359 ultima.
2299 2331 2332 2360 D.
2353 2332 2392 2362 de
2411 2342 2457 2363 ac·

1351 2369 1421 2406 quir.
1436 2378 1487 2398 rer.
1500 2368 1575 2396 dom.
1899 2390 1902 2393 .

1292 2406 1315 2436 C
1327 2417 1342 2436 o
1352 2417 1373 2435 M
1383 2417 1404 2434 .=.i
1413 2416 1427 2435 E
1438 2415 1458 2434 Ν
1468 2416 1516 2447 ψ
1526 2416 1540 2433 a
1550 2406 1561 2433 i
1571 2416 1585 2432 i.
1595 2414 1603 2432 1
1614 2413 1625 2433 s
1634 2425 1643 2439 ,
1665 2413 1689 2433 e.
1724 2398 1886 2439 [οὰνετὲὢι]
1914 2402 2038 2440 Dignum
2054 2404 2131 2439 quod
2148 2404 2283 2434 laudetur.
2315 2406 2455 2438 Columel.

1331 2445 1380 2473 lib.
1395 2455 1417 2478 ς.
1428 2453 1486 2479 cap.
1502 2447 1527 2472 6.
1545 2442 1600 2471 Sed
1607 2440 1762 2470 uttlensum
1771 2440 1909 2470 arbustum
1921 2442 2147 2471 commendabile
2157 2442 2246 2472 fructu
2259 2446 2284 2472 &t
2295 2443 2397 2474 decore
2407 2446 2455 2482 est,

1332 2482 1424 2511 ficubi
1435 2504 1443 2516 ,
1465 2483 1516 2511 Sec.
1548 2480 1604 2509 Liv.
1618 2489 1662 2514 42.
1679 2490 1703 2514 ς.
1726 2478 1812 2508 Nullo
1826 2478 2062 2508 commendabilis
2081 2480 2190 2510 merito:
2227 2480 2280 2511 val.
2292 2482 2368 2512 Max.
2382 2494 2407 2518 9.
2428 2493 2453 2514 1.

1336 2520 1428 2550 Cantu
1438 2517 1677 2548 commendabiles
1685 2516 1808 2546 aviculae.

1294 2557 1482 2587 Cominus
1495 2566 1548 2591 us,
1580 2556 1611 2585 ln
1633 2563 1872 2584 commsrroa.

1295 2596 1317 2625 C
1326 2606 1342 2624 o
1354 2606 1374 2624 ir
1383 2606 1403 2624 M
1416 2605 1428 2623 11
1438 2605 1459 2623 N
1468 2604 1488 2623 τ
1500 2604 1518 2623 A
1528 2604 1545 2623 c
1554 2604 1573 2622 u
1584 2604 1600 2622 i.
1611 2603 1627 2621 u
1637 2604 1658 2621 M
1670 2614 1678 2627 ,
1702 2592 1779 2629 Virga
1789 2592 1948 2627 dicebatur,
1970 2601 2023 2630 qua
2036 2602 2128 2630 praeco
2145 2593 2275 2631 publicus
2295 2596 2458 2633 praecedens

1332 2633 1421 2666 sacra,
1443 2632 1553 2661 turbam
1567 2630 1759 2660 summovebat
1772 2652 1779 2664 ,
1802 2629 1998 2667 silentiumque
2017 2631 2178 2665 indicebat,
2204 2642 2239 2661 ne
2257 2643 2315 2662 rem
2333 2634 2457 2665 divinam

1331 2671 1440 2700 facturo
1452 2670 1523 2699 mala
1533 2679 1587 2698 vox
1596 2668 1781 2710 obstreperet.¹
1796 2675 1844 2696 aut
1854 2668 1921 2704 quid
1934 2667 2045 2697 auribus
2056 2670 2131 2699 triste
2140 2670 2288 2707 acciperet.
2330 2672 2458 2709 Namque

1334 2709 1362 2737 in
1373 2709 1491 2738 deoru-m
1508 2707 1646 2736 sacrificiis
1654 2706 1840 2736 taciturnitate
1849 2706 1879 2735 in
1895 2706 1993 2744 primis
2003 2727 2011 2741 ‚
2033 2708 2059 2737 ἃ
2071 2708 2187 2737 intentis
2198 2709 2298 2738 animis
2309 2719 2380 2747 opus
2390 2720 2456 2740 erat.

1337 2747 1377 2775 Ex
1391 2746 1466 2775 Alex.
1479 2744 1585 2775 Genial.
1604 2745 1653 2773 lib.
1663 2755 1687 2779 4.
1700 2753 1760 2781 cap.
1778 2752 1820 2779 17.

1297 2783 1526 2813 Coxiiianrrrius
1535 2805 1543 2818 ,
1565 2782 1750 2811 Commaw‘roa
1759 2803 1766 2816 ,
1796 2780 1817 2810 C
1827 2790 1844 2809 o
1855 2791 1875 2809 M
1886 2790 1929 2810 Miz
1939 2789 1987 2809 NT
1997 2791 2016 2810 u
2026 2792 2056 2810 M.
2095 2780 2126 2812 V.
2159 2792 2177 2812 c
2186 2793 2202 2812 ο
2211 2794 2232 2812 M
2243 2795 2263 2812 M
2273 2795 2281 2812 i
2292 2794 2312 2813 N
2321 2795 2328 2813 i
2337 2794 2350 2814 s
2361 2794 2401 2814 co
2412 2795 2436 2814 R.

1297 2822 1376 2851 Com
1388 2832 1472 2857 nno,
1494 2819 1674 2857 [μεταζοιᾶνω]
1695 2822 1748 2848 are.
1772 2827 1807 2848 ex
1830 2818 1892 2847 Con
1912 2820 1938 2848 &
1956 2818 2043 2855 Meo,
2071 2829 2169 2855 meas,
2195 2823 2398 2857 compositum3
2419 2823 2459 2853 est

1335 2860 1435 2889 Animo
1443 2858 1578 2889 redeundi
1589 2858 1663 2887 abire
1673 2879 1681 2892 ,
1703 2859 1729 2887 ἃ
1739 2856 1809 2894 saepe
1818 2857 1849 2886 in
1862 2866 1963 2893 genere
1972 2857 2055 2887 abire.
2096 2857 2225 2888 Columel
2251 2859 2297 2888 lib.
2317 2870 2336 2889 i.
2351 2870 2412 2898 cap.
2429 2871 2456 2895 3.

1334 2897 1461 2928 Multum
1473 2896 1601 2926 conferre
1612 2895 1683 2932 agris
1692 2895 1743 2924 iter
1751 2894 1952 2924 commodum:
1975 2896 2115 2932 primum,
2137 2897 2213 2933 quod
2229 2898 2267 2926 est
2285 2898 2458 2934 maximum,

1334 2936 1421 2973 ipsam
1433 2935 1603 2972 praesentiam
1613 2933 1721 2963 domini
1733 2943 1739 2962 :
1763 2933 1809 2969 qui
1821 2932 1954 2961 libentius
1966 2938 2173 2964 commeaturus
2184 2934 2229 2970 fit,
2252 2934 2458 2966 sivexationem

1335 2974 1388 3004 viae
1397 2983 1454 3002 non
1465 2972 1635 3002 reformidet.
1682 2971 1746 3001 Ter.
1759 2970 1827 3000 Hec.
1845 2980 1867 2999 1.
1879 2979 1905 2999 2.
1920 2981 1981 3000 100.

1430 3011 1488 3040 Rus
1498 3010 1606 3039 abdidit
1617 3009 1659 3039 se:
1682 3009 1736 3037 huc
1754 3017 1815 3037 raro
1832 3008 1860 3036 in
1878 3007 1976 3037 urbem
1997 3015 2144 3038 commeat.

1336 3049 1504 3078 Commeare
1517 3070 1525 3084 ,
1547 3048 1585 3077 est
1597 3046 1691 3076 Abeffe
1701 3046 1768 3076 inde
1777 3046 1824 3076 ubi
1836 3053 1863 3075 te
1876 3045 1929 3075 effe
1939 3052 2074 3083 oporteat.

1333 3086 1503 3116 Commeare
1512 3086 1645 3115 dicuntur
1656 3094 1720 3113 aves
1730 3106 1738 3119 ‚
1759 3083 1945 3113 anniversario
1958 3084 2079 3113 adventu
2098 3082 2268 3121 disceffiique
2282 3093 2366 3115 notae.
2390 3086 2457 3117 Plin.

1355 3124 1404 3154 lib.
1419 3134 1460 3153 ιο.
1471 3133 1532 3161 cap.
1546 3132 1589 3159 23.
1610 3122 1701 3152 Simili
1711 3121 1819 3151 anseres
1829 3131 1940 3158 quoque
1951 3123 1976 3151 δε
1986 3121 2077 3151 olores
2086 3121 2194 3151 ratione
2207 3130 2377 3154 commeant.

1336 3162 1438 3199 Aliquo
1448 3170 1617 3191 commeare.
1638 3160 1728 3190 Tacit.
1743 3170 1765 3189 1.
1775 3161 1845 3189 nnn.
1857 3163 1902 3194 46.

1337 3200 1377 3229 Ab
1396 3200 1488 3236 aliquo
1508 3206 1578 3228 tuto.
1618 3197 1683 3227 Cres.
1693 3208 1718 3235 7.
1731 3197 1798 3227 Bell.
1808 3196 1878 3226 Gall.
1892 3199 1935 3233 36.
1958 3196 1995 3226 Ut
2014 3202 2075 3227 tuto
2085 3196 2119 3227 ab
2129 3198 2460 3234 repentinoliostiumin..

1357 3236 1435 3267 cursu
1447 3238 1533 3266 etiam
1543 3236 1641 3273 singuli
1652 3244 1810 3264 commeare
1821 3232 1938 3281 possent.

1339 3275 1380 3305 Ab
1392 3281 1454 3304 ortu
1463 3275 1497 3304 ad
1508 3275 1635 3304 occasum
1647 3279 1787 3304 commeat
1797 3272 1844 3301 so'i.
1871 3272 1928 3301 Cic.
1940 3281 1964 3300 2.
1981 3272 2017 3301 de
2027 3271 2092 3301 Nat.
2103 3270 2187 3301 Deor.
2200 3282 2245 3308 49.

1339 3314 1382 3343 Ad
1399 3313 1529 3350 aliquem.
1571 3311 1628 3341 Cic.
1642 3322 1668 3348 7.
1684 3311 1758 3340 Verr.
1769 3321 1813 3344 45·
1846 3309 1887 3340 Te
1896 3309 1972 3339 illam
1981 3319 2080 3339 navem
2092 3320 2205 3347 parare,
2226 3321 2285 3348 quae
2294 3313 2416 3349 praedam
2424 3323 2462 3345 eic

1357 3350 1454 3380 Sicilia
1465 3351 1623 3389 deportaret
1634 3372 1641 3381 .
1665 3350 1691 3378 δι
1701 3358 1761 3385 quae
1771 3348 1806 3377 ad
1815 3357 1846 3376 ea
1856 3348 1927 3377 furta
1939 3357 1998 3384 quae
2011 3347 2160 3383 reliquisses
2173 3370 2179 3382 ‚
2201 3358 2378 3380 commearet.

1339 3389 1371 3420 In
1383 3390 1426 3418 via
1436 3398 1602 3418 commeare.
1626 3387 1728 3423 Ulpian
1741 3384 1799 3415 inl.
1815 3395 1837 3414 1.
1850 3385 1871 3414 Ε.
1886 3384 2000 3414 summa.
2022 3385 2055 3414 D.
2077 3385 2113 3415 de
2130 3385 2171 3414 his
2183 3387 2229 3423 qui
2242 3387 2405 3422 dejecerunt
2416 3389 2463 3420 vel.

1360 3426 1446 3456 effud.
1470 3426 1601 3455 Ceterum
1615 3425 1633 3453 si
1645 3423 1797 3461 aliquando
1812 3416 1909 3459 vulgus
1922 3422 1951 3451 in
1965 3422 2012 3451 illa
2022 3424 2066 3452 via
2077 3432 2135 3452 non
2147 3426 2333 3455 commeabat.

1341 3463 1374 3495 In
1385 3464 1479 3493 locum
1489 3464 1609 3500 aliquem
1618 3468 1778 3491 commeant
1788 3469 1895 3489 omneS.
1918 3459 1975 3489 Cic.
1990 3470 2040 3498 pro
2052 3460 2123 3497 Lege
2135 3461 2231 3490 Manil.
2248 3473 2291 3497 55·

1341 3502 1572 3532 Praeterstatuam.
1595 3499 1664 3528 Plin.
1679 3509 1703 3528 2.
1715 3498 1798 3536 Epist.
1813 3508 1838 3533 7.
1860 3497 1920 3526 Erit
1928 3507 1993 3533 ergo
2001 3507 2158 3535 pergratum
2170 3499 2249 3533 mihi,
2260 3499 2332 3530 hanc
2342 3502 2385 3531 effi
2407 3503 2463 3533 iem

1361 3540 1479 3569 subinde
1499 3538 1601 3567 intueri
1612 3559 1620 3572 ,
1641 3537 1757 3566 subinde
1775 3534 1910 3573 respicere
1920 3557 1928 3570 ‚
1952 3534 2001 3565 sub
2019 3536 2070 3565 hac
2092 3536 2236 3565 consistere
2245 3558 2252 3571 ,
2274 3546 2372 3575 praeter
2411 3551 2465 3570 ane

1363 3586 1530 3607 commeare.
1575 3575 1682 3604 Etcum
1694 3573 1809 3603 accusat.
1833 3572 1888 3601 fine
1900 3573 2015 3611 praepos.
2042 3574 2126 3603 Plaut.
2140 3574 2220 3611 Capt.
2238 3584 2261 3604 1.
2275 3586 2299 3604 2.
2312 3582 2358 3610 82.
2391 3578 2464 3608 Nam

1364 3625 1444 3645 meus
1465 3612 1649 3650 scrupulosam
1668 3613 1756 3641 victus
1773 3618 1915 3640 commeat
1931 3611 2014 3640 viam.
2053 3612 2072 3640 i.
2084 3621 2107 3641 e.
2131 3611 2300 3649 Asperrimus
2320 3615 2359 3644 est
2377 3616 2466 3645 victus

1363 3662 1453 3682 meus.
1486 3651 1570 3685 ‚Iocus
1581 3649 1723 3679 Plautinus
1734 3648 1992 3685 permetaplioram.
2016 3648 2116 3686 Digest.
2127 3648 2145 3678 l.
2158 3655 2204 3684 48.
2222 3656 2241 3679 t.
2256 3661 2298 3680 10.
2310 3651 2329 3682 l.
2341 3662 2385 3690 27.
2408 3653 2466 3692 Qui

1365 3688 1660 3725 falsodiplomatevias
1670 3687 1855 3721 commeavit,
1877 3685 2030 3722 gravissime
2044 3687 2213 3724 puniendus.

1345 3728 1425 3757 Ultro
1437 3728 1562 3762 citroque
1574 3733 1739 3753 commeare.
1761 3723 1819 3752 Liv.
1829 3732 1873 3758 25.
1885 3733 1928 3758 30.

1347 3764 1469 3795 Vicislim
1485 3770 1557 3792 retro
1573 3769 1734 3790 commeant
1746 3760 1850 3790 omnia.
1875 3761 1934 3790 Cic.
1945 3768 1970 3796 ς.
1981 3761 2016 3790 de
2025 3761 2088 3790 Nat.
2101 3760 2182 3791 neor.
2195 3771 2239 3798 31.

1347 3803 1457 3833 Litterae
1468 3805 1634 3830 commeant.
1675 3799 1732 3828 Cic.
1744 3804 1769 3832 8.
1788 3799 1838 3826 Att.
1853 3808 1878 3831 9.
1902 3798 2005 3827 Crebro
2013 3798 2282 3830 enimilliusliiterae
2298 3800 2333 3831 ab
2352 3800 2413 3830 aliis
2431 3801 2468 3830 ad

1369 3849 1420 3869 nos
1430 3844 1597 3867 commeant.
1638 3836 1677 3865 Ab
1687 3837 1736 3865 illo
1748 3857 1755 3871 ,
1777 3836 1812 3865 ad
1823 3836 1891 3865 alios
1902 3835 1995 3865 miffae.

1348 3877 1493 3908 Libidines
1503 3880 1672 3905 commeant.
1711 3873 1769 3903 Cic.
1782 3882 1834 3911 pro
1842 3872 1967 3941 CEoel.38.
1990 3873 2061 3911 Quae
2074 3873 2190 3906 haberet
2209 3874 2301 3912 palam
2324 3875 2469 3941 depretum

1887 3920 1902 3940 e
1912 3920 1927 3940 e
1938 3920 1953 3941 e
1980 3921 1993 3948 3
2372 3921 2469 3950 emper

2240 3009 2293 3039 Ubi
2315 3010 2439 3041 Donatus
2448 3035 2458 3047 ‚
