2641 4187
513 96 1085 150 EPISTOLA
1169 100 1930 155 ADRIANlCardin.
2343 128 2374 149 a

285 441 1232 531 EPISTOLA
1378 450 2192 541 ADRIANI

803 590 1079 644 Cardinalis
1122 593 1183 645 de
1226 595 1460 646 Sermone
1487 598 1682 650 Latino,

237 845 350 880 diosos,
374 846 408 875 de
423 845 512 875 Latini
534 844 667 874 sermonis
684 843 840 881 elegantia,
862 846 1046 884 audiremque
1058 857 1155 878 eorum
1185 849 1223 878 le-

236 884 335 922 rosque
345 883 451 922 Apuleii
463 905 471 918 ,
491 882 619 917 Sidonii,
634 881 757 920 Capellae
769 903 777 918 ,
798 881 937 920 Fulgentii
949 906 956 918 ,
978 894 1037 914 non
1048 892 1105 915 tam
1116 896 1164 916 ver
1185 887 1220 922 is,

239 931 322 959 quam
333 921 482 951 foetoribus
490 919 619 950 scaturire
630 941 638 955 ,
659 920 800 957 verbaque
812 920 848 950 de
865 921 995 951 industria
1006 933 1136 961 promere
1153 924 1222 953 alio-

238 969 300 990 rum
311 960 397 990 etiam
408 964 548 992 autorum,
566 967 626 995 quae
639 964 687 987 aut
696 957 821 987 obsoleta
831 958 916 988 nimis
927 981 934 994 ,
959 967 1007 989 aut
1015 971 1089 991 nova
1097 983 1104 997 ‚
1127 962 1154 992 Sc
1163 971 1223 991 om-

55 1002 125 1033 nino
147 998 262 1030 barbara
283 997 463 1032 viderentur,
485 995 629 1033 multaque
654 1004 707 1032 ego
721 995 810 1026 libere
830 996 883 1032 (ut
893 996 990 1034 soleo)
1011 1005 1110 1029 contra
1123 1008 1223 1029 eorum

54 1039 191 1070 sermonis
201 1035 378 1066 insolentiam
390 1057 398 1069 ,
419 1044 477 1064 non
489 1033 545 1062 sine
559 1033 703 1062 stomacho
713 1055 722 1068 ,
737 1033 921 1071 protulissem,
932 1036 1015 1072 idque
1027 1047 1061 1066 eo
1074 1037 1223 1067 animosius

54 1076 140 1107 essem
153 1073 306 1113 aggressus,
323 1073 400 1110 quod
412 1072 536 1101 viderem
556 1080 614 1100 non
625 1078 682 1100 tam
701 1081 857 1110 paucorum
878 1073 1001 1110 ipsorum
1013 1096 1020 1109 ‚
1041 1075 1088 1112 qui
1109 1084 1224 1106 mecum

55 1116 97 1146 ite
108 1110 348 1149 essentcongreffi,
360 1119 442 1147 quam
452 1115 616 1139 caeterorum
629 1109 686 1138 fere
701 1109 782 1138 nostri
802 1111 939 1147 temporis
960 1112 1107 1142 hominum
1135 1122 1225 1143 unum

57 1160 142 1190 atque
152 1150 276 1182 eundem
285 1148 342 1179 esse
355 1156 478 1177 errorem
488 1168 497 1182 ,
517 1146 633 1185 foreque
643 1146 722 1177 brevi
734 1169 742 1182 ,
763 1147 896 1178 utrelidla
912 1156 1006 1179 vetere
1017 1172 1024 1184 ,
1046 1160 1166 1188 veraque
1176 1149 1227 1180 La-

12 1208 13 1211 =
58 1191 180 1224 tinitate,
191 1190 221 1219 in
235 1187 317 1218 aliam
331 1186 450 1215 omnino
463 1184 590 1222 linguam
601 1205 609 1219 ,
630 1185 656 1215 ἃ
675 1185 748 1222 quasi
762 1184 916 1215 barbariem
932 1189 1157 1226 commigremus.
1187 1188 1228 1218 Ea

55 1228 153 1258 omnia
166 1223 338 1264 longiusculo
358 1224 472 1253 tractata
484 1221 612 1252 sermone
621 1223 648 1252 ἃ
659 1222 757 1253 altiore
766 1224 884 1260 repetita
897 1225 1038 1264 principio
1049 1248 1057 1262 ,
1078 1232 1228 1264 perpetua-

58 1276 115 1303 que
123 1264 250 1295 oratione
260 1283 269 1297 ,
282 1261 389 1291 idcirco
402 1260 554 1298 colligere,
569 1270 602 1290 ac
617 1260 706 1290 literis
724 1261 857 1290 mandare
870 1262 965 1292 volui:
996 1270 1029 1293 ut
1045 1265 1092 1301 qui
1108 1264 1168 1294 haec
1189 1264 1230 1293 le-

59 1305 160 1342 gerint,
171 1300 308 1331 malorum
317 1306 446 1328 autorum
461 1299 619 1328 imitatione
629 1297 726 1328 omiffa
736 1320 745 1334 ,
787 1299 907 1329 erfedios
919 1299 981 1330 illos
993 1301 1083 1331 Latini
1098 1302 1230 1332 candoris

59 1346 192 1380 parentes
205 1337 372 1376 agnoscant,
390 1336 535 1373 studeant,
549 1335 723 1367 aemulentur.

60 1387 140 1413 mus,
157 1384 350 1415 exponamus:

96 1415 227 1452 Quatuor
258 1412 464 1451 propemodum
489 1411 552 1450 post
582 1411 701 1442 Romam
734 1412 881 1443 conditam
908 1413 1039 1444 videntur
1066 1414 1232 1445 Latinorum

59 1454 209 1484 doctorum
223 1450 304 1481 fuiffe
326 1456 472 1489 tempora:
503 1450 748 1488 Antiquissimum,
771 1451 944 1488 Antiquum,
965 1452 1120 1484 Perfectum
1135 1474 1144 1489 ,
1178 1452 1233 1483 Im-

83 1492 228 1522 erfestum.

61 1502 81 1532 p
99 1526 324 1566 Antiquissimum
343 1526 497 1564 reperimus
513 1525 548 1555 ab
564 1525 633 1555 urbe
652 1525 768 1555 condita
785 1526 939 1564 pervenisse
959 1528 1046 1565 usque
1067 1529 1102 1558 ad
1121 1527 1234 1559 Livium

62 1567 272 1599 Andronicum:
294 1564 530 1601 intervallumque
543 1563 615 1594 illud
635 1564 850 1602 quatuordecim
867 1566 895 1594 ἃ
921 1567 1237 1604 quingentorumanno-

63 1615 127 1635 rum
140 1603 220 1634 fuisse
230 1625 239 1639 ,
254 1603 366 1633 Marcus
376 1602 487 1632 Tullius
502 1602 532 1631 in
547 1601 634 1632 Bruto
653 1608 867 1633 commemorat.
906 1603 942 1634 Et
955 1603 1089 1636 Horatius
1111 1604 1237 1643 primum

63 1643 142 1675 hunc
157 1641 321 1681 scriptorum
332 1639 413 1670 fuisse
424 1639 558 1677 significat
569 1661 577 1675 ‚
592 1649 658 1669 cum
670 1640 740 1669 dicit

223 1694 262 1702 -—
279 1678 355 1706 habet
369 1678 411 1705 hos
421 1685 586 1715 numeratque
595 1680 681 1713 partas·

183 1718 229 1745 Ad
238 1717 345 1753 nostrum
357 1723 452 1753 tempus
462 1716 659 1753 Liviscriptorz's
668 1715 700 1744 ab
709 1725 770 1746 avo.

66 1756 101 1788 ln
115 1765 171 1794 quo
181 1755 297 1793 quidem
305 1754 441 1792 temporis
451 1753 601 1783 intervallo
620 1753 701 1783 fuisse
715 1753 872 1791 permultos
889 1754 988 1785 doctos
1004 1753 1135 1794 suspicari
1151 1754 1240 1793 magis

64 1797 120 1832 (ut
133 1794 225 1831 inquit
240 1792 362 1828 Cicero)
381 1801 464 1829 quam
480 1791 638 1829 intelligere
650 1792 794 1830 possumus
806 1814 814 1828 ‚
836 1802 900 1822 cum
912 1793 990 1823 nulla
1009 1794 1122 1831 penitus
1140 1803 1239 1823 eorum

63 1838 167 1863 extent
179 1832 211 1860 in
222 1831 311 1860 literis
326 1836 512 1860 monumenta
526 1839 533 1859 :
554 1835 653 1867 praeter
667 1831 827 1860 orationem
848 1831 931 1868 Appii
949 1831 1041 1867 Caeci,
1063 1832 1090 1861 δι
1107 1831 1240 1869 quasdam

65 1877 244 1902 mortuorum
253 1868 431 1898 laudationes
444 1889 453 1904 ,
473 1867 542 1897 sieut
559 1868 588 1896 in
608 1868 773 1906 Originibus
782 1868 915 1906 scriptum
927 1869 1041 1907 reliquit
1051 1869 1132 1899 Cato.

106 1909 258 1945 Antiquum
269 1915 336 1936 vero
346 1912 459 1944 tempus
471 1906 500 1936 id
513 1906 640 1935 dicemus
648 1927 656 1941 ,
677 1907 754 1944 quod
764 1906 800 1936 ab
815 1906 873 1945 ipso
883 1905 962 1936 Livio
972 1907 1058 1945 usque
1078 1908 1114 1936 ad
1130 1912 1242 1937 aetatem

67 1945 214 1976 Ciceronis
224 1944 373 1974 interfuit:
396 1944 473 1982 quod
491 1944 607 1981 quidem
619 1944 667 1974 vix
677 1951 792 1974 centum
811 1954 917 1981 annos,
940 1952 971 1975 ut
982 1955 1018 1974 ex
1031 1944 1091 1983 ipso
1106 1945 1242 1975 Cicerone

66 1984 227 2022 colligitur,
247 1981 371 2013 excellit.
412 1983 445 2012 ln
461 1981 518 2012 lioc
540 1988 635 2012 autem
657 1983 794 2021 temporis
812 1982 920 2021 spatio,
956 1983 1004 2012 etsi
1022 1993 1107 2022 quam
1126 1983 1241 2021 plurimi

66 2022 220 2052 doctissimi
239 2021 291 2051 viri
316 2020 491 2056 floruerunt,
513 2029 562 2050 eos
585 2027 679 2050 tamen
697 2021 902 2051 horridioribus
926 2021 1017 2051 verbis
1040 2021 1122 2057 usos,
1147 2021 1244 2051 &line

67 2060 149 2090 cultu
160 2061 187 2090 δε
205 2059 354 2088 verborum
366 2057 478 2088 delectu
494 2057 606 2088 locutos
620 2058 719 2095 fuisse,
737 2059 880 2089 Ciceronis
894 2059 1010 2097 sequens
1031 2066 1097 2089 aetas
1113 2060 1241 2089 notavit:

68 2104 101 2128 ut
111 2107 207 2128 verum
218 2097 249 2127 id
258 2095 314 2126 effe
330 2102 480 2134 appareat,
500 2097 577 2134 quod
588 2096 691 2126 dicitur
702 2119 710 2130 ,
733 2097 811 2127 Nihil
824 2097 878 2127 esse
890 2097 970 2126 simul
987 2098 1134 2127 inventum
1147 2098 1244 2136 &per-

68 2137 185 2166 fectum.
226 2134 394 2172 Repertores
407 2135 484 2164 enim
496 2135 606 2165 fuerant
616 2156 625 2171 ‚
656 2136 683 2165 δι
700 2135 772 2173 quali
785 2135 929 2166 architedti
941 2134 1098 2166 Latinitatis
1112 2157 1122 2173 ,
1138 2142 1170 2166 ut
1177 2145 1246 2175 prae-

68 2174 144 2206 clare
153 2173 223 2204 dicit
236 2172 368 2204 Horatius
377 2194 386 2208 ,
707 2182 727 2195 ⁴

300 2225 339 2232 —
357 2220 413 2238 cum
425 2210 512 2247 lingua
524 2211 642 2241 catonis,
662 2210 697 2244 ό·
709 2209 774 2238 Enni*
785 2231 792 2242 .

227 764 296 801 ΠΜ
315 769 454 800 Bononiae
465 768 517 798 viri
532 776 578 799 me
596 768 703 807 aliquot
719 767 842 805 eruditi,
872 769 957 800 officii
977 771 1057 802 causa
1077 772 1224 803 convenis-

57 783 99 948 (
207 777 218 924 ξ
237 808 314 844 sent,
335 813 646 843 commentaremurque
659 807 733 836 inter
742 816 812 841 nos,
834 812 864 836 ut
880 807 910 836 iit
926 809 998 838 inter
1010 810 1150 840 literarum
1170 811 1224 841 stu-

785 1337 820 1366 ed
829 1337 887 1374 jam
905 1338 972 1375 quid
988 1349 1054 1370 cum
1072 1339 1129 1370 illis
1142 1339 1232 1378 egeri-

187 2252 325 2276 Sermonem
334 2251 450 2282 patrium
465 2249 603 2277 afflaverit
613 2269 622 2282 ‚
640 2248 674 2282 ό·
687 2258 757 2276 nova
769 2258 854 2278 rerum

184 2289 295 2315 Nomina
303 2287 449 2322 protulerit.

73 2325 146 2357 Nam
156 2323 266 2354 Livium
277 2334 353 2354 anno
366 2324 425 2362 ipso
440 2329 506 2354 ante
521 2323 644 2354 Ennium
658 2324 783 2355 docuisse
793 2323 915 2355 fabulam
926 2346 935 2360 ,
956 2326 983 2355 ἀ
1002 2325 1139 2355 Catonem
1161 2325 1246 2356 Ennii

74 2364 153 2394 ruisse
161 2362 299 2400 aequa-lem
313 2362 408 2392 scribit
418 2362 517 2392 Cicero
531 2362 562 2391 in
572 2362 668 2398 Bruto,
689 2365 736 2398 qui
747 2362 858 2393 Livium
871 2363 968 2400 inepte
978 2363 1109 2401 scripfiffe
1120 2364 1244 2400 testatur,

72 2402 172 2432 dicens
187 2410 252 2430 eum
263 2400 388 2430 docuisse
400 2400 523 2430 fabulam
535 2409 595 2430 non
605 2400 668 2431 satis
680 2401 793 2439 dignam
806 2423 815 2437 ,
835 2410 897 2438 quae
908 2401 1011 2431 iterum
1026 2402 1173 2440 legeretur.
1211 2402 1248 2432 Et

70 2440 111 2470 *de
124 2439 216 2470 Ennio
232 2438 354 2469 Ovidius
365 2439 400 2468 de
413 2438 558 2474 Tristibus,

190 2478 285 2504 Ennius
297 2478 393 2513 ingenio
404 2478 532 2504 maximus
541 2495 549 2509 ‚
569 2483 626 2504 arte
634 2478 713 2506 rudis.

76 2514 250 2545 Testificatur
269 2514 324 2544 hoc
340 2514 430 2552 ipsum
449 2514 601 2544 Suetonius
610 2515 639 2543 in
659 2513 805 2545 libellode
819 2513 907 2545 Claris
921 2514 1110 2553 grammaticis
1124 2515 1170 2546 his
1187 2524 1248 2545 ver-

74 2553 137 2583 bis:
158 2553 345 2582 Grammatica
358 2552 456 2583 Romae
477 2561 514 2582 ne
530 2553 560 2581 in
575 2551 624 2582 usu
639 2553 756 2591 quidem
782 2552 850 2583 olim
870 2554 976 2583 nedum
991 2553 1020 2582 in
1045 2551 1153 2584 honore
1172 2553 1248 2589 fuit,

76 2590 157 2621 nullo
169 2590 330 2621 liberalibus
340 2590 505 2628 disciplimis
520 2596 644 2620 vacante.
664 2591 779 2622 Initium
790 2601 902 2629 quoque
913 2591 974 2627 ejus
984 2591 1127 2621 mediocre
1136 2592 1245 2622 extitit:

76 2629 213 2667 siquidem
228 2629 407 2666 antiquissimi
421 2629 571 2658 doctorum
584 2650 592 2665 ,
620 2629 733 2666 quidam
759 2630 787 2659 ἃ
808 2636 915 2667 poetae,
937 2630 964 2659 &
987 2628 1137 2665 semigraeci
1159 2635 1249 2659 erant.

78 2665 189 2698 Livium
209 2668 237 2696 δε
255 2666 376 2697 Ennium
393 2667 477 2702 dico,
498 2676 568 2704 quos
590 2673 708 2705 utraque
726 2667 822 2705 lingua
842 2668 940 2699 domi,
974 2666 1248 2704 forisque-docuisse

78 2705 244 2735 adnotatum
255 2705 302 2735 est.
344 2705 458 2735 Catonis
477 2714 543 2734 vero
560 2705 701 2735 orationes
721 2712 752 2735 ut
763 2706 819 2735 illis
837 2704 1014 2744 temporibus
1026 2727 1034 2740 ,
1055 2705 1136 2736 valde
1150 2705 1249 2735 Cicero

78 2743 111 2772 in
125 2743 209 2772 Bruto
223 2742 337 2778 laudat,
359 2743 438 2773 addit
447 2750 542 2772 tamen
555 2765 563 2777 ,
584 2742 737 2781 significare
752 2743 814 2773 illas
829 2744 949 2773 sormam
973 2743 1114 2779 quandam
1131 2744 1249 2781 ingenii,

74 2780 149 2816 -sed,
169 2780 324 2811 admodum
335 2780 513 2820 impolitam,
537 2781 657 2819 &plane
675 2782 783 2811 rude-tn.
825 2782 858 2811 Et
877 2781 962 2820 paulo
982 2781 1061 2818 post:
1084 2782 1250 2820 Antiquior,

80 2819 190 2856 inquit,
212 2819 251 2848 est
265 2818 378 2849 Catonis
399 2819 507 2855 sermo,
529 2820 557 2848 δι
579 2820 708 2856 quaedam
728 2819 885 2850 horridiora
902 2819 1002 2849 verba:
1024 2820 1062 2848 ita
1087 2821 1164 2849 enim
1183 2827 1253 2849 tunc

80 2855 276 2894 loquebantur.
317 2857 352 2887 Et
365 2857 488 2886 eundem
506 2857 562 2893 jam
580 2858 699 2887 desitum
717 2857 772 2896 legi
795 2858 929 2891 testatur,
950 2866 1015 2886 cum
1030 2858 1088 2887 ait:
1111 2858 1252 2888 Catonem

80 2904 149 2924 vero
159 2895 222 2932 quis
241 2894 362 2924 nostrum
372 2904 531 2930 oratorum,
551 2895 599 2932 qui
611 2896 725 2934 quidem
741 2905 818 2926 nunc
836 2895 900 2925 sunt
914 2895 1004 2932 legit?
1026 2902 1076 2924 aut
1090 2896 1153 2933 quis
1169 2896 1252 2925 novit

78 2933 223 2962 onmino‘?
245 2933 278 2962 Et
290 2932 397 2965 subdit,
421 2943 478 2963 non
490 2933 617 2971 ignorare
630 2934 656 2963 se
669 2933 798 2963 nondum
812 2933 874 2963 satis
890 2933 945 2963 esse
966 2931 1087 2970 politum
1107 2933 1202 2969 hunc,
1223 2935 1251 2963 ὁὶ

85 2971 267 3007 quaerendum
283 2971 339 3000 effe
356 2971 462 3008 aliquid
481 2971 640 3008 perfestius.
678 2971 746 3008 Quo
772 2979 901 3010 tempore
925 2971 1009 3000 etiam
1029 2971 1083 3000 fuit
1103 2972 1252 3002 Cornelius

81 3008 241 3046 Cethegus,
263 3017 347 3045 quem
360 3009 458 3039 Cicero
474 3009 596 3046 primum
611 3009 691 3039 fuisse
701 3009 882 3047 eloquentem
900 3008 1018 3039 affirmat
1031 3008 1116 3039 Ennii
1131 3010 1253 3039 testimo-

81 3048 133 3076 nio
145 3067 154 3082 ,
173 3047 222 3084 qui
236 3047 265 3076 in
276 3046 427 3077 Annalibus
435 3047 487 3077 suis
501 3047 534 3076 lic
545 3047 581 3077 de
589 3057 624 3077 eo
635 3047 751 3086 scripsit,

199 3085 315 3112 Additur
326 3093 410 3112 orator
420 3085 754 3125 Corneliussuaviloquenre

197 3126 250 3150 ore
259 3122 390 3160 Cethegus.

82 3160 168 3192 Paulo
179 3170 246 3190 vero
265 3161 345 3198 post,
366 3161 481 3190 fuerunt
496 3160 624 3196 Nevius,
645 3161 774 3197 Plautus,
795 3160 942 3196 CaeciHus,
962 3160 1119 3197 Pacuvius,
1141 3160 1252 3197 Accius,

82 3197 248 3233 C.Laelius,
270 3198 298 3227 P.
319 3198 434 3236 Scipio,
464 3198 583 3229 Gracchi
602 3199 718 3234 fratres,
748 3199 889 3235 Scaevola,
910 3198 940 3229 L.
958 3198 1084 3234 Crassus,
1106 3199 1148 3229 Μ.
1168 3201 1254 3229 Anto-

83 3237 168 3271 nius,
186 3235 351 3274 Philippus,
372 3236 403 3266 C.
415 3236 520 3272 Cotta,
541 3237 725 3267 &innumeri
741 3237 811 3271 alii,
833 3247 903 3275 quos
915 3242 980 3266 aetas
999 3236 1145 3266 Ciceronis
1165 3237 1254 3266 modo

84 3274 209 3313 priscos,
228 3274 316 3304 modo
325 3279 449 3310 veteres,
470 3275 558 3304 modo
577 3281 689 3313 patres,
714 3275 859 3305 interdum
877 3275 1005 3311 antiquos
1017 3296 1025 3308 ,
1047 3274 1196 3311 aliquando
1213 3274 1255 3304 su-

85 3313 210 3380 {fimes
218 3311 351 3356 appellat.
392 3312 472 3356 Quos
483 3313 599 3351 quidem
609 3318 718 3343 veteres
725 3335 734 3350 ,
755 3314 840 3344 nimis
850 3313 964 3351 antique
976 3334 985 3349 ,
1006 3314 1033 3343 ἀ
1041 3312 1174 3351 pleraque
1184 3313 1254 3342 dure

117 3356 217 3389 quutos
227 3355 334 3380 notavit
343 3350 473 3380 Horatius
480 3372 489 3386 ‚
500 3359 568 3381 cum
576 3351 659 3385 dixit,
1014 3360 1020 3363 χ

200 3390 227 3416 Si
235 3395 334 3416 veteres
344 3390 384 3415 ita
395 3390 505 3416 miratur
514 3408 523 3421 ‚
541 3389 679 3426 laudatque
688 3391 781 3420 poetas,

202 3427 241 3456 Ue
257 3425 322 3454 nihil
335 3426 462 3465 anteferat
472 3447 480 3459 ,
498 3425 563 3454 nihil
569 3427 615 3454 illis
624 3433 764 3463 comparet,
783 3434 862 3456 errae.

203 3465 229 3492 δι’
238 3465 348 3501 quadam
357 3466 430 3491 nimia
441 3466 545 3501 antique
558 3483 566 3495 ,
583 3463 605 3499 fi
612 3465 729 3502 pleraque
742 3466 804 3493 dure

200 3503 290 3529 Dicere
301 3504 386 3529 credat
395 3511 433 3529 eos
446 3521 454 3533 ,
471 3505 567 3539 ignave
581 3502 779 3539 muleafatetur.

205 3540 313 3576 Eesupit
323 3559 331 3571 ‚
349 3539 384 3571 ό»
398 3549 492 3567 mecum
502 3539 585 3577 flacit,
604 3540 638 3573 ό·
648 3539 716 3577 Jove
728 3541 825 3573 indicae
839 3548 911 3577 aquo.

89 3577 189 3607 Cicero
223 3585 318 3613 uoque
341 3583 468 3607 veterum
492 3577 573 3607 illum
594 3577 751 3607 sermonem
768 3577 795 3607 se
812 3586 924 3615 quoque
943 3576 1103 3615 improbare
1125 3575 1257 3612 ostendit,

89 3624 156 3645 cum
170 3615 199 3644 in
232 3621 294 3644 ruto
305 3614 392 3644 dicit:
414 3614 493 3645 lllius
507 3622 603 3645 autem
613 3617 700 3645 aetatis
714 3617 761 3653 qui
781 3615 870 3645 sermo
884 3615 984 3650 fuerit,
1004 3624 1040 3644 ex
1051 3615 1183 3645 Nevianis
1194 3614 1256 3644 scri-

91 3653 149 3690 ptis
166 3652 263 3690 colligi
278 3653 385 3691 potest:
407 3654 435 3682 ὰ
450 3653 562 3689 subdit,
583 3653 727 3683 Caecilium
750 3655 777 3684 δι
794 3653 946 3684 Pacuvium
963 3653 1036 3682 male
1054 3653 1165 3682 locutos
1182 3653 1259 3681 vide-

90 3699 164 3720 mus.
203 3689 277 3719 Hinc
291 3690 413 3727 Quintil.
435 3692 519 3720 Accio
533 3712 541 3726 ,
561 3691 670 3729 inquit,
691 3693 717 3722 &
730 3691 852 3721 Pacuvio
869 3692 944 3720 nitor
957 3712 966 3725 ,
987 3692 1014 3720 Sc
1033 3689 1141 3721 summa
1160 3690 1190 3719 in
1210 3699 1258 3719 ex-

90 3727 221 3758 colendis
239 3728 371 3766 operibus
389 3737 506 3765 manus,
524 3729 612 3766 magis
625 3729 716 3759 videri
727 3730 816 3766 potest
828 3727 1003 3766 temporibus
1023 3738 1105 3766 quarn
1127 3728 1191 3767 ipsis
1211 3728 1260 3757 de-

91 3765 182 3796 fuisse.
219 3764 299 3796 Idem
309 3766 394 3795 etiam
413 3766 487 3796 dixit
508 3766 670 3797 Lucretium
685 3776 744 3796 non
759 3767 850 3797 facere
872 3766 991 3805 phrasim
1004 3788 1014 3802 ,
1033 3767 1064 3796 id
1076 3767 1135 3802 est,
1156 3775 1260 3805 corpus

90 3804 270 3841 eloquentiae.
311 3804 450 3834 Martialis
465 3804 551 3834 etiam
563 3805 599 3834 de
609 3805 653 3835 his
661 3805 710 3840 ait,

223 3842 314 3868 Accius
327 3841 360 3873 ό·
371 3843 492 3878 quicquid
503 3844 676 3880 Pacuviusque
687 3850 807 3872 vomunt.

94 3879 129 3910 Et
140 3879 241 3909 Cicero
263 3879 293 3907 in
311 3878 412 3909 Bruto:
434 3879 571 3910 Carbonis
591 3882 617 3910 ἅ
637 3880 754 3910 Gracchi
783 3879 918 3910 habemus
941 3878 1101 3914 orationes,
1126 3878 1258 3908 nondum

92 3918 156 3947 satis
178 3916 335 3954 splendidas
344 3916 435 3946 verbis
446 3939 454 3952 ,
470 3917 518 3946 sed
529 3924 644 3947 acutas:
663 3920 689 3948 Sc
704 3918 812 3953 subdit,
833 3918 864 3947 C.
884 3917 1042 3947 Gracchum
1062 3917 1099 3945 de
1112 3916 1260 3954 superiori-

91 3955 145 3987 bus
155 3954 244 3985 solum
253 3954 319 3994 lego
329 3976 339 3989 ,
361 3963 460 3985 manus
472 3961 566 3985 tamen
577 3963 701 3986 extrema
712 3965 770 3986 nou
780 3955 891 3986 accessit
900 3955 1033 3993 operibus
1044 3955 1115 3991 ejus,
1126 3953 1258 3993 praeclare

1278 772 1410 817 inchoata
1431 774 1539 811 multa,
1560 775 1682 813 persecsta
1697 786 1754 806 non
1768 777 1861 816 plane.
1899 778 1935 808 Et
1949 780 2069 818 iterum,
2090 782 2121 813 1..
2138 782 2222 814 Cotta
2246 791 2310 813 cum
2331 782 2439 819 verbis,

1280 817 1340 839 tum
1354 817 1437 841 etiam
1449 812 1518 855 sono
1534 814 1607 848 quasi
1627 814 1776 857 subrustico
1797 816 2005 857 persequebatur
2022 828 2107 857 fitque
2125 821 2284 850 imitabatur
2295 822 2442 857 antiquita-

1279 856 1346 891 terri.
1388 848 1420 878 Et
1448 860 1478 879 in
1498 852 1619 880 eodem:
1642 851 1771 881 Curionis
1791 853 1847 882 loci
1866 854 1930 882 lane
1951 855 2064 886 inanes.
2092 867 2187 888 verum
2210 860 2294 888 etiam
2313 859 2441 888 nondum

1278 892 1350 929 tritis
1370 887 1526 918 nostrorum
1546 888 1694 918 hominum
1707 889 1830 923 (auribus
1845 911 1853 925 ,
1873 899 1927 918 nec
1946 894 2052 923 erudita
2070 897 2179 926 civitate
2199 895 2367 926 tolerabiles.
2408 896 2442 925 Et

1278 923 1400 967 Quintil.
1415 935 1516 963 pueros
1533 932 1647 961 monet,
1673 935 1709 955 ne
1725 934 1851 956 veterum
1870 927 2048 960 admiratores
2065 932 2134 968 sint,
2155 934 2222 963 dum
2242 934 2278 963 sic
2292 933 2439 971 praecipit:

1280 960 1325 990 Ne
1356 971 1398 1004 uis
1416 973 1518 1000 pueros
1528 964 1700 1001 antiquitatis
1717 964 1820 993 nimius
1835 963 1983 994 admirator
1996 967 2026 995 in
2046 968 2233 1000 Gracchorum
2253 971 2419 1007 Catonisque
2445 991 2447 994 .

1280 999 1309 1027 ἃ
1329 971 1445 1030 alliorum
1461 1000 1592 1031 similium
1613 1001 1735 1031 led‘tione
1750 1001 1894 1031 durescere
1904 1001 1984 1031 velit:
2006 1004 2074 1034 fient
2091 1008 2164 1036 enim
2177 1008 2279 1037 horridi
2297 1009 2323 1038 ἃ
2341 992 2443 1044 jejunit

1280 1035 1356 1066 Tum
1371 1044 1464 1067 autem
1477 1039 1552 1076 quod
1566 1039 1639 1076 quasi
1658 1049 1708 1076 per
1722 1039 1822 1076 gradus
1843 1038 2003 1075 eloquentia
2021 1042 2056 1070 ad
2071 1044 2269 1079 perfectionem
2279 1045 2444 1080 ascenderit,

1280 1074 1396 1104 testatur
1429 1075 1527 1106 Cicero
1559 1077 1589 1106 in
1621 1076 1723 1106 eodem
1753 1076 1859 1112 Bruto,
1879 1085 1944 1105 cum
1963 1078 2051 1113 dicit,
2072 1079 2142 1116 Quae
2156 1083 2239 1111 fuerit
2259 1083 2397 1118 ascensio,
2417 1085 2445 1112 &

1282 1120 1366 1149 quam
1388 1112 1415 1141 in
1440 1114 1572 1144 omnibus
1589 1114 1671 1144 rebus
1692 1113 1814 1144 difficilis
1833 1113 1935 1152 optimi
1956 1116 2090 1152 perfectio
2099 1125 2180 1155 atque
2196 1119 2345 1155 absolutio,
2365 1129 2445 1150 exeo

1282 1150 1359 1192 quod
1373 1150 1466 1180 dicam
1477 1173 1485 1185 ,
1506 1152 1654 1181 existimari
1666 1152 1765 1190 potest.
1806 1151 1929 1189 Etpaulo
1941 1152 2002 1190 post'
2018 1158 2224 1185 connumeratis
2239 1157 2342 1194 aliquot
2353 1164 2447 1187 orato-

1283 1186 1378 1223 ribus,
1399 1189 1445 1226 qui
1464 1188 1520 1218 serii
1534 1190 1589 1225 jam
1610 1189 1701 1220 Ennio
1720 1189 1924 1223 successerant,
1944 1190 2104 1228 subjungit,
2123 1192 2186 1228 Jam
2208 1195 2282 1223 enim
2300 1203 2357 1224 erat
2374 1205 2446 1233 quae-

1283 1225 1349 1254 dam
1380 1227 1491 1256 unctior
1514 1228 1540 1256 &
1561 1227 1736 1265 splendidior
1761 1226 1935 1256 consuetudo
1954 1227 2099 1264 loquendi.
2140 1230 2173 1260 Et
2200 1231 2307 1261 subdit:
2340 1233 2450 1270 Sergius

1284 1262 1391 1292 deinde
1411 1264 1498 1294 Galba
1515 1265 1646 1303 princeps
1661 1275 1697 1295 ex
1717 1265 1840 1301 Latinis,
1861 1264 1981 1294 contulit
2001 1268 2120 1296 orationi
2146 1269 2257 1306 propria
2277 1278 2449 1299 ornamenta.

1286 1299 1387 1330 Videre
1399 1301 1467 1331 licet
1479 1302 1549 1332 alios
1566 1303 1670 1332 deinde
1684 1303 1801 1341 gradus,
1821 1311 1887 1332 cum
1898 1302 1974 1332 idem
1983 1302 2081 1333 Cicero
2095 1304 2201 1334 subdit:
2225 1305 2254 1335 L.
2265 1305 2362 1336 Furius
2377 1308 2450 1337 Pilus

1286 1338 1411 1376 perbene
1430 1339 1508 1377 loqui
1524 1340 1622 1370 Latine
1639 1340 1810 1378 putabatur,
1831 1340 2020 1377 literatiusque
2042 1351 2124 1379 quam
2144 1345 2243 1373 caeteri.
2284 1344 2313 1373 1..
2330 1345 2452 1374 Scaevoia

1287 1376 1373 1414 paulo
1397 1378 1481 1408 etiarn
1505 1378 1651 1416 copiosior.
1673 1380 1699 1409 δε
1723 1377 1819 1407 addit:
1842 1377 1931 1407 Etiam
1958 1378 2101 1417 Philippus
2114 1381 2142 1408 in
2157 1382 2272 1418 primis,
2292 1388 2323 1410 ut
2346 1391 2454 1420 tempo.

1287 1415 1364 1443 ribus
1379 1414 1434 1445 illis
1445 1437 1453 1452 ,
1476 1415 1580 1446 Graecis
1598 1416 1686 1446 literis
1704 1416 1854 1445 institutus.
1895 1415 1930 1444 Et
1946 1416 1975 1444 in
1992 1418 2091 1446 eodem
2107 1417 2207 1454 Bruto,
2220 1420 2256 1448 ad
2267 1417 2453 1449 Gracchorum

1286 1459 1398 1482 aetatem
1412 1452 1472 1483 laus
1491 1453 1663 1491 eloquentiae
1681 1454 1804 1492 perfecta
1821 1452 1949 1482 nondum
1968 1453 2029 1483 fuit.
2067 1454 2238 1493 Eloquentiae
2258 1463 2350 1486 autem
2369 1457 2455 1487 veluti

1288 1490 1408 1527 gradus,
1427 1499 1458 1521 ut
1469 1491 1547 1527 dixi,
1576 1492 1663 1522 iactos
1688 1491 1744 1521 esse
1776 1491 1860 1521 docet
1888 1491 1964 1520 idem
1990 1491 2089 1522 Cicero
2106 1494 2136 1522 in
2153 1493 2266 1523 Tuscul.
2288 1494 2398 1523 dicens:
2422 1496 2457 1524 At

1288 1535 1406 1565 contra,
1427 1537 1568 1559 oratorem
1595 1529 1723 1559 celeriter
1743 1529 1888 1566 complexi
1909 1528 2020 1565 sumus,
2043 1540 2098 1560 nee
2117 1540 2182 1560 eum
2202 1534 2278 1569 prius
2297 1532 2455 1567 eruditum,

1289 1572 1386 1603 aptum
1409 1573 1503 1597 tamen
1517 1568 1553 1597 ad
1571 1567 1744 1602 dicendum,
1765 1567 1827 1605 post
1845 1573 1938 1596 autem
1958 1567 2106 1598 eruditum.
2149 1569 2222 1599 Nam
2248 1569 2373 1603 Galbam,
2392 1570 2457 1598 Afri-

1291 1613 1412 1640 canum,
1433 1604 1549 1634 Laelium
1569 1605 1668 1635 doctos
1685 1604 1764 1635 fuisl'e
1777 1605 1917 1634 memoriae
1932 1606 2065 1635 traditum
2084 1605 2131 1636 est.
2183 1606 2342 1636 studiosum
2365 1615 2457 1637 autem

1290 1650 1357 1670 eum
1369 1664 1377 1677 ,
1399 1643 1446 1679 qui
1464 1643 1499 1673 iis
1508 1643 1634 1673 anteibat
1647 1643 1784 1672 Catonem
1795 1664 1804 1678 ,
1815 1642 1876 1680 post
1887 1652 1954 1672 vero
1970 1643 2108 1681 Lepidum
2121 1666 2129 1679 ,
2143 1643 2276 1674 Catonem
2288 1666 2296 1679 ,
2309 1645 2457 1681 Gracchos,

1291 1679 1397 1709 deinde
1411 1681 1449 1710 ita
1468 1690 1584 1718 magnos
1599 1681 1719 1710 nostram
1734 1681 1769 1710 ad
1786 1687 1897 1710 aetatem
1909 1702 1917 1716 ‚
1938 1687 1969 1710 ut
1978 1690 2036 1710 non
2048 1681 2168 1711 multum
2183 1704 2192 1718 ,
2204 1690 2251 1711 aut
2266 1681 2458 1711 nihilomnino

1292 1717 1396 1747 Graecis
1413 1719 1570 1748 cederetur.
1609 1719 1644 1748 Et
1655 1718 1739 1748 alibi:
1763 1719 1790 1748 P.
1805 1719 1900 1756 Scipio
1911 1718 2008 1748 Latine
2024 1718 2168 1756 loquendo
2188 1729 2286 1749 omnes
2304 1719 2457 1757 superabat.

1292 1754 1327 1784 Et
1353 1756 1471 1786 iterum:
1495 1756 1596 1794 Quinti
1620 1756 1713 1786 Catuli
1733 1765 1792 1785 non
1813 1757 1928 1793 antiquo
1954 1756 2004 1785 illo
2019 1766 2098 1786 more
2111 1779 2118 1792 ,
2140 1757 2186 1786 sed
2198 1767 2271 1796 pene
2289 1758 2344 1786 hoc
2358 1758 2458 1787 nostro.

1293 1792 1328 1822 Et
1345 1793 1445 1824 Cicero
1462 1794 1491 1823 in
1520 1794 1621 1824 eodem
1643 1794 1730 1823 Bruto
1748 1799 1829 1823 notat
1853 1800 1963 1824 aetatem
1980 1796 2052 1824 aetati
2068 1795 2121 1825 suae
2153 1797 2308 1834 proximam
2332 1796 2462 1824 nondum

1294 1831 1418 1868 perfet‘te
1443 1831 1584 1867 locutam,
1609 1832 1707 1862 dicens
1725 1853 1734 1867 ,
1765 1831 1905 1861 inferioris
1924 1840 2017 1862 autem
2040 1834 2128 1862 aetatis
2145 1842 2202 1862 erat
2218 1835 2362 1871 proximus
2383 1833 2409 1862 L.
2422 1833 2461 1862 Si-

1294 1869 1380 1899 senna
1397 1870 1496 1900 doCtus
1510 1870 1570 1906 vir,
1591 1869 1687 1899 studiis
1705 1869 1820 1908 optimis
1839 1869 1948 1899 deditus
1960 1892 1968 1905 ,
1990 1870 2061 1900 bene
2078 1870 2176 1900 Latine
2197 1871 2324 1909 loquens.
2373 1871 2462 1906 Hujus

1295 1907 1388 1936 omnis
1407 1908 1525 1938 facultas
1540 1917 1575 1937 ex
1590 1907 1703 1937 historia
1720 1907 1803 1946 ipsius
1823 1907 1940 1945 perspici
1962 1908 2059 1945 potest.
2100 1908 2156 1975 (ᾆυὶ
2183 1918 2248 1938 cum
2266 1909 2348 1938 facile
2365 1918 2462 1937 omnes

1294 1946 1389 1975 vincat
1409 1945 1581 1984 superiores,
1602 1946 1709 1975 indicat
1726 1953 1820 1975 tamen
1839 1952 1975 1982 quantum
1996 1945 2064 1975 absit
2081 1956 2096 1975 a
2128 1956 2242 1976 ummo:
2263 1956 2328 1976 nam
2348 1946 2409 1976 usus
2423 1946 2462 1975 est

1296 1982 1447 2020 aliquando
1476 1982 1618 2013 veteribus
1640 1981 1751 2019 verbis,
1780 1984 1808 2013 ἀ
1824 1983 1859 2012 ab
1882 1982 1930 2012 usu
1950 1983 2092 2021 perferto,
2113 1985 2140 2014 &
2156 1984 2267 2014 auribus
2282 1985 2398 2013 eruditis
2422 1993 2463 2012 re-

1297 2022 1392 2051 motis.
1433 2021 1521 2051 Recte
1543 2022 1621 2051 enim
1635 2021 1714 2058 loqui
1730 2020 1866 2059 putabat,
1886 2020 1941 2050 effe
1961 2021 2090 2051 inusitate
2108 2020 2194 2058 loqui.
2235 2022 2277 2052 De
2292 2022 2325 2051 iis
2333 2021 2464 2058 gradibus

1298 2058 1491 2095 Quintilianus
1508 2060 1546 2089 ita
1571 2059 1723 2089 meminit:
1744 2059 1868 2090 Fuerunt
1890 2059 2015 2096 quaedam
2032 2068 2132 2096 genera
2147 2060 2279 2095 dicendi,
2300 2060 2465 2089 conditione

1297 2103 1426 2135 tempora
1454 2097 1611 2128 horridiora
1625 2119 1634 2132 ,
1665 2097 1792 2135 alioquin
1823 2106 1952 2133 magnam
1979 2097 2035 2126 vim
2062 2098 2169 2134 ingenii
2197 2107 2252 2136 prae
2280 2096 2307 2126 se
2338 2098 2464 2127 ferentia.

1297 2135 1372 2165 Hinc
1392 2135 1456 2165 sunt
1476 2135 1571 2171 Laelii,
1599 2135 1740 2170 Africani,
1763 2134 1906 2170 Catones,
1928 2133 2065 2168 Gracchi,
2096 2135 2218 2164 mediam
2241 2135 2318 2165 illam
2346 2135 2465 2164 formam

1297 2179 1397 2203 tenent
1413 2172 1566 2208 L.Crassus,
1586 2173 1624 2208 Q.
1636 2172 1798 2203 Hortensius
1809 2194 1816 2208 ,
1839 2179 1898 2202 tum
1909 2172 2013 2201 deinde
2023 2172 2167 2202 efflorescit
2178 2183 2234 2202 non
2251 2173 2373 2202 multum
2392 2174 2465 2202 inter

1300 2211 1328 2241 se
1343 2211 1503 2241 distantium
1517 2211 1678 2247 hujusmodi
1692 2217 1836 2240 oratorum
1857 2211 1955 2248 ingens
1971 2218 2133 2248 proventus.
2175 2211 2230 2240 Sed
2248 2211 2392 2241 Cornelius
2411 2209 2466 2240 Ta-

1298 2250 1372 2279 citus
1391 2249 1427 2278 de
1442 2249 1529 2278 Claris
1545 2249 1702 2279 oratoribus
1712 2270 1720 2284 ,
1741 2249 1813 2278 hanc
1824 2248 1979 2278 distinctam
1990 2254 2115 2278 veterum
2132 2249 2375 2286 imperseffionem
2387 2254 2465 2277 notat

1298 2287 1333 2316 iis
1350 2287 1441 2317 verbis
1456 2297 1465 2323 ;
1487 2287 1574 2324 Quod
1591 2287 1627 2317 ad
1639 2287 1697 2316 Ser.
1711 2286 1827 2315 Galbam
1838 2307 1847 2319 .
1869 2287 1894 2316 δι
1909 2285 1940 2315 C.
1950 2285 2064 2315 Laelium
2087 2287 2204 2322 attinet,
2225 2287 2250 2316 δι
2276 2287 2294 2315 si
2308 2296 2375 2323 quos
2398 2286 2467 2316 alios

1298 2325 1478 2362 antiquorum
1500 2325 1603 2362 agitare
1628 2334 1686 2354 non
1714 2324 1834 2358 desistis,
1856 2333 1915 2353 non
1945 2324 2032 2360 exigit
2056 2323 2266 2358 defensionem,
2296 2333 2359 2353 cum
2380 2325 2467 2354 fatear

1299 2364 1430 2401 quaedam
1449 2362 1620 2401 eloquentiae
1630 2372 1747 2397 eorum,
1768 2368 1800 2392 ut
1815 2361 1938 2391 nascenti
1955 2362 2063 2395 adhuc,
2084 2371 2136 2392 nec
2155 2362 2219 2392 satis
2228 2361 2329 2391 adultae
2339 2360 2466 2391 defuisse.

1299 2401 1355 2431 Sed
1375 2402 1448 2431 hanc
1465 2401 1582 2431 nimiam
1598 2401 1762 2430 vetustatem
1776 2399 1874 2429 Cicero
1886 2400 2003 2429 omnino
2020 2399 2227 2437 explodendam
2250 2401 2278 2429 in
2298 2399 2381 2429 Bruto
2408 2409 2468 2428 mo-

1299 2446 1359 2469 net.
1400 2439 1457 2469 Sed
1468 2439 1573 2472 nimia,
1594 2439 1700 2476 inquit,
1721 2437 1839 2468 vetustas
1853 2447 1905 2467 nec
1916 2437 2000 2467 habet
2013 2447 2092 2474 eam,
2113 2447 2196 2476 quam
2212 2437 2374 2476 quaerimus,
2392 2437 2466 2466 sum-

1299 2478 1427 2507 mitatem
1439 2498 1449 2512 ,
1469 2486 1523 2506 nec
1535 2476 1575 2506 est
1586 2476 1648 2506 sane
1660 2476 1820 2506 tolerabilis

1338 2515 1482 2545 Hastenus
1503 2516 1538 2544 de
1557 2522 1685 2552 tempore
1695 2515 1828 2551 antiquo,
1848 2513 1982 2551 deinceps
2007 2513 2043 2542 de
2057 2512 2184 2551 perfeeto
2203 2513 2340 2542 dicemus.
2376 2511 2466 2554 Caesar

1299 2559 1331 2583 ut
1343 2552 1419 2582 idern
1434 2553 1535 2583 Cicero
1545 2553 1629 2582 refert
1639 2575 1648 2588 ,
1668 2553 1805 2582 rationem
1818 2551 1956 2581 adhibens
1967 2573 1975 2585 ‚
1996 2552 2226 2580 consuetudinem
2246 2549 2466 2589 priscisertnonis

1299 2591 1428 2621 vitiosam
1446 2592 1472 2621 ἃ.
1485 2598 1647 2629 corruptam
1657 2613 1666 2625 ,
1685 2599 1754 2628 pura
1765 2589 1962 2627 &incorrupta
1972 2589 2175 2619 consuetudine
2190 2588 2365 2621 emendabat,
2378 2587 2466 2630 splen-

1302 2629 1399 2658 didam
1416 2628 1559 2665 quandam
1570 2650 1579 2664 ,
1600 2629 1773 2665 minimeque
1787 2628 1980 2657 veteratoriam
1997 2627 2135 2656 rationem
2152 2626 2264 2656 dicendi
2278 2634 2392 2659 tenens;
2406 2624 2467 2653 scri·

1300 2667 1407 2705 psitque
1419 2667 1455 2696 ad
1466 2667 1634 2696 Ciceronem
1645 2667 1681 2696 de
1693 2667 1800 2696 ratione
1811 2665 1908 2695 Latine
1918 2665 2052 2702 loquendi
2063 2686 2072 2701 ,
2093 2675 2126 2695 ac
2141 2665 2232 2702 primo
2251 2665 2278 2693 in
2291 2663 2362 2707 libro
2374 2663 2444 2706 dixit
2457 2671 2464 2691 :

1308 2706 1459 2735 Verborum
1474 2705 1618 2735 delectum
1632 2704 1769 2742 originem
1789 2702 1843 2733 esse
1863 2702 2031 2740 eloquentiae
2042 2724 2050 2738 ,
2070 2702 2181 2739 ejusque
2192 2703 2281 2738 copiae
2299 2709 2465 2738 principem,

1304 2743 1539 2780 inventoremque
1549 2742 1718 2772 Ciceronem
1731 2741 1796 2772 esse.
1836 2741 1923 2777 Quod
1944 2740 2078 2770 affirmare
2101 2741 2211 2770 videtur
2229 2739 2328 2782 &ipse
2347 2738 2465 2780 Cicero.

1302 2781 1372 2811 dum
1389 2782 1419 2810 in
1438 2781 1523 2810 Bruto
1544 2781 1580 2810 sic
1595 2780 1732 2818 loquitur:
1761 2780 1843 2809 Certe
1866 2780 1893 2809 &
1920 2788 1970 2807 nos
1993 2778 2062 2815 boni
2088 2778 2194 2815 aliquid
2214 2777 2354 2807 attulimus
2371 2784 2466 2811 ςυνακ-

1302 2820 1378 2856 tuti,
1399 2818 1626 2857 magnificentius
1646 2827 1730 2856 quam
1741 2817 1825 2847 fuerit
1838 2816 1909 2846 illud
1929 2826 2016 2854 genus
2025 2816 2159 2851 dicendi,
2181 2815 2355 2846 &ornatius:
2375 2814 2464 2856 ’ἄτιο-

1303 2858 1413 2887 cuimus
1424 2856 1534 2886 fortaffe
1547 2879 1556 2893 ,
1577 2857 1654 2894 quod
1671 2863 1778 2886 veteres
1792 2855 1933 2884 orationes
1949 2854 2010 2892 post
2031 2854 2151 2887 nostras,
2171 2863 2229 2882 non
2245 2862 2263 2882 a
2281 2860 2325 2881 me
2336 2850 2465 2893 quidem,

1303 2896 1373 2925 meis
1386 2895 1462 2925 enim
1485 2894 1546 2924 illas
1565 2900 1730 2932 antepono,
1759 2893 1807 2922 sed
1825 2902 1840 2922 a
1857 2891 1991 2930 plerisque
2011 2891 2066 2929 legi
2086 2891 2147 2921 sunt
2167 2890 2266 2934 desitae.
2305 2888 2338 2918 Et
2355 2887 2464 2931 subdit,

1303 2933 1375 2963 Cum
1402 2939 1497 2963 autem
1522 2942 1558 2962 ex
1581 2932 1676 2962 Sicilia
1702 2941 1749 2961 me
1773 2930 1935 2969 recepissem
1949 2951 1958 2965 ,
1991 2930 2046 2966 jam
2062 2929 2207 2959 videbatur
2222 2937 2250 2957 in
2270 2935 2315 2956 me
2332 2925 2465 2969 quicquid

1303 2971 1389 3006 esset,
1410 2971 1466 3002 effe
1485 2970 1642 3008 perfestum
1656 2991 1666 3006 ‚
1686 2971 1712 3000 ἃ
1727 2968 1831 2999 habere
1845 2967 2033 2998 maturitatem
2048 2967 2187 3003 quandam
2196 2966 2280 2995 suam.
2319 2963 2408 3006 Fuisse
2417 2972 2465 2992 au-

1303 3015 1361 3039 tem
1379 3009 1501 3039 eandem
1512 3009 1715 3046 perfectionem
1731 3008 1762 3036 in
1779 3006 1916 3045 plerisque
1928 3005 2072 3035 Ciceronis
2084 3003 2234 3042 aequalibus
2246 3001 2374 3046 ,testatur
2384 3000 2464 3044 idem

1303 3048 1333 3076 in
1348 3047 1450 3077 eodem
1471 3046 1542 3076 libro
1552 3068 1561 3082 ,
1594 3046 1642 3075 ubi
1662 3045 1868 3075 connumeratis
1882 3043 2072 3082 compluribus
2090 3043 2128 3072 sui
2142 3049 2274 3083 temporis
2287 3038 2466 3081 oratoribus,

1302 3084 1432 3116 Neculla
1445 3106 1453 3120 ,
1475 3085 1583 3122 inquit,
1605 3091 1685 3113 aetate
1702 3084 1815 3112 uberior
1836 3089 1976 3112 oratorum
1992 3081 2076 3110 foetus
2096 3080 2157 3123 fuit.
2178 3079 2211 3108 Et
2225 3077 2381 3121 ineodemg
2405 3075 2467 3119 Tri-3

1304 3123 1382 3161 ginta
1392 3122 1472 3152 annis
1488 3122 1558 3151 mihi
1575 3121 1682 3152 Crassus
1692 3128 1771 3151 aetate
1781 3120 1932 3159 praestabat.
1971 3119 2172 3161 Quodidcirco
2185 3115 2283 3159 posui,
2304 3122 2335 3143 ut
2345 3113 2467 3157 *dicendi

1303 3162 1396 3200 prima
1413 3161 1556 3190 maturitas
1569 3181 1578 3194 ,
1598 3160 1628 3189 in
1642 3169 1696 3197 qua
1711 3164 1791 3189 aetate
1808 3157 1960 3192 extitisset,
1981 3156 2069 3195 pollet
2084 3162 2171 3197 notari
2187 3175 2196 3187 ‚
2218 3154 2244 3183 &
2264 3151 2468 3195 intelligeretur

1304 3201 1365 3237 jam
1394 3198 1430 3228 ad
1458 3198 1597 3228 summum
1627 3207 1701 3236 pene
1729 3196 1784 3227 eise
1834 3196 1996 3229 erdustam,
2019 3201 2048 3223 ut
2074 3202 2108 3222 eo
2131 3190 2202 3221 nihil
2219 3190 2306 3234 ferme
2324 3188 2467 3231 quisquam

1304 3237 1408 3267 addere
1421 3235 1513 3274 possit.
1564 3235 1598 3265 Et
1611 3236 1688 3264 idem
1706 3235 1736 3264 iri
1754 3234 1799 3264 Tu
1813 3232 1918 3263 culanis
1929 3254 1938 3267 ,
1968 3240 2024 3261 non
2042 3230 2140 3273 ,solum
2159 3227 2360 3272 perfectionem
2380 3234 2468 3256 aetans

1305 3275 1361 3305 suae
1371 3275 1501 3309 testatur,
1522 3273 1588 3307 sed,
1618 3273 1793 3302 interituram
1813 3272 1889 3301 brevi
1908 3270 2092 3305 eloquentiam
2114 3266 2250 3309 praedioit.
2291 3265 2441 3295 Oratorum
2454 3285 2466 3298 ,

1305 3314 1417 3350 inquit,
1438 3312 1499 3342 laus
1511 3312 1549 3341 ita
1566 3312 1650 3341 ducta
1666 3311 1701 3340 ab
1718 3309 1817 3340 humili
1838 3309 1915 3338 venit
1932 3308 1966 3336 ad
1981 3306 2117 3335 summum
2128 3326 2139 3340 ,
2160 3311 2191 3334 ut
2206 3302 2355 3347 §amquod
2370 3309 2467 3331 natura

1304 3352 1359 3381 fert
1368 3351 1397 3379 in
1414 3349 1549 3380 omnibus
1562 3350 1665 3384 rebus,
1684 3349 1742 3378 fere
1760 3346 1896 3381 senescat,
1916 3345 1990 3386 brevi
2013 3351 2140 3380 tempore
2157 3341 2194 3371 ad
2215 3340 2333 3384 nihil-um
2351 3344 2467 3368 ventura

1305 3389 1444 3418 videatur.
1484 3387 1526 3417 De
1540 3388 1620 3424 cujus
1638 3388 1725 3416 aetatis
1744 3385 1916 3423 perfectione
1931 3404 1938 3416 ,
1960 3380 2230 3425 ‘Cicerein‘quadam
2243 3377 2357 3422 epistola
2377 3377 2413 3406 ad
2422 3378 2466 3406 At-

1305 3427 1395 3457 ticum
1410 3427 1447 3455 de
1467 3424 1591 3456 Tulliola
1608 3424 1664 3454 filia
1685 3425 1819 3460 loquens,
1850 3421 1937 3458 Ergo,
1959 3426 2067 3455 inquit,
2088 3428 2128 3462 iis¹
2140 3417 2314 3454 temporibus
2333 3423 2389 3444 tam
2407 3423 2468 3442 eru-

1306 3465 1373 3494 ditis
1384 3486 1393 3499 ,
1415 3471 1551 3501 quantum
1562 3462 1620 3492 fieri
1635 3463 1740 3500 poterit
1753 3483 1761 3497 ‚
1781 3460 1860 3490 illam
1874 3456 2040 3488 consecrabo
2053 3465 2131 3486 omni
2145 3464 2250 3493 genere
2268 3460 2465 3483 monumento-

1306 3512 1378 3532 rum.
1401 3502 1436 3532 Et
1450 3501 1580 3531 Horatius
1591 3522 1600 3534 ,
1913 3533 1917 3538 Δ
1955 3533 1960 3538 ⁸

1428 3541 1542 3567 Venimus
1560 3540 1594 3566 ad
1604 3537 1733 3575 summum
1753 3536 1870 3572 fortuna,
1890 3539 2014 3568 pingimus
2024 3539 2101 3568 arque

1430 3577 1569 3608 psallimus,
1584 3576 1618 3608 ό*
1629 3576 1752 3602 Ιηεῗαωιαν
1763 3573 1866 3600 Achivis
1875 3571 1966 3597 dodras
1977 3571 2065 3598 aenflu.

1309 3614 1345 3646 Et
1361 3614 1472 3644 Solinus
1490 3615 1526 3643 de
1551 3613 1670 3650 Augusto
1684 3612 1819 3648 loquens,
1841 3607 1926 3645 Quod
1941 3615 2051 3645 tempus
2062 3628 2070 3642 ,
2090 3605 2200 3650 inquit²
2220 3604 2307 3634 ferme
2323 3602 2413 3632 solum
2427 3611 2469 3631 re-

1309 3660 1420 3691 pertum
1445 3651 1501 3687 est,
1523 3660 1577 3688 quo
1587 3651 1739 3688 plurimum
1754 3649 1780 3677 ἃ
1798 3655 1873 3676 arma
1894 3644 2049 3679 cessarunt,
2071 3645 2217 3686 &inger-iia
2233 3643 2402 3686 floruerunt..
2436 3639 2468 3669 Et

1309 3691 1415 3722 Plinius
1434 3691 1470 3719 de
1489 3689 1592 3719 Natura
1606 3688 1697 3717 histor.
1713 3685 1748 3714 de
1767 3684 1807 3714 M.
1821 3684 1940 3713 Varrone
1957 3682 2094 3720 loquens:
2121 3682 2154 3712 ln
2170 3680 2217 3710 illa
2229 3701 2238 3715 ,
2259 3686 2366 3715 inquit,
2394 3687 2469 3714 inge-

1311 3729 1423 3759 niorum
1435 3737 1496 3765 quae
1506 3734 1573 3756 tunc
1583 3725 1637 3755 fuit
1653 3722 1840 3753 multitudine.
1880 3720 1915 3751 Et
1936 3720 2066 3750 Horatius
2082 3727 2205 3750 veterem
2221 3723 2333 3747 atatem
2342 3724 2468 3753 carpens,

1310 3768 1339 3798 ἃ
1358 3765 1433 3796 suam
1443 3764 1593 3803 perfedtam
1611 3761 1767 3794 affirmans,
1788 3760 1824 3789 de
1841 3758 1948 3788 Lucilio
1963 3758 1998 3787 sic
2010 3757 2112 3793 scribit,

1428 3807 1453 3836 δᾳ
1463 3802 1530 3838 foret
1542 3802 1585 3829 hoc
1599 3799 1705 3836 nostrum
1715 3798 1771 3835 fato
1781 3797 1924 3833 delapsust'n
1937 3805 2026 3827 avum,

1427 3843 1558 3868 Detereree
1571 3836 1621 3873 fibi
1635 3837 1735 3864 multa:
1755 3836 1872 3862 recideret
1887 3844 1957 3861 amm*
1971 3833 2036 3869 quod
2044 3832 2114 3859 altra

1431 3875 1568 3912 Persefium
1585 3874 1728 3901 traheretur
1740 3885 1748 3899 :
1769 3872 1803 3906 ό·
1814 3875 1841 3899 in
1857 3875 1934 3909 versu
1942 3871 2056 3908 faciendo

1428 3919 1486 3950 δεμ
1496 3912 1570 3949 sapas
1578 3911 1692 3949 scaberet
1701 3930 1710 3943 ,
1732 3912 1812 3938 vivos
1827 3909 1860 3944 ό·
1877 3911 1974 3976 retieret
1988 3915 2086 3943 unguu-
2439 3938 2472 3969 Et
