2641 4187
444 148 473 189 A
573 154 602 188 C
703 149 733 189 ‘C

84 234 128 272 ὃς.
142 237 216 266 Verr.
256 237 297 266 Ad
314 236 453 265 summum
466 235 625 265 Graecorum
640 236 729 265 otium
741 237 835 274 potius
845 259 853 272 ‚
876 247 959 274 quam
971 238 1005 267 ad
1019 239 1074 268 vim
1088 248 1134 269 aut
1148 249 1194 269 tu...

84 274 203 304 multum
215 274 428 303 accommodati.

64 307 297 343 Accommodatus
317 311 351 340 ad
370 311 481 347 flagitia.
517 310 575 340 Cic.
592 320 614 346 3.
635 310 710 340 Verr.
727 314 773 340 60.
810 312 851 341 Ad
870 312 960 343 Verris
979 314 1080 351 flagitia
1096 310 1193 343 libidi-

85 360 189 387 nesque
202 349 423 378 accommodato.

65 385 282 417 Accommodata
293 387 380 415 oratio
393 386 428 415 ad
437 385 646 414 consolandum.
671 385 728 415 Cic.
742 395 766 421 3.
780 387 861 418 Tusc.
874 389 905 417 V.
921 399 943 423 ς.
958 388 1032 418 Fam.
1046 392 1086 417 16.
1100 389 1187 426 princ.

84 425 204 454 Minime
218 423 276 453 sum
291 425 326 453 ad
338 429 365 453 te
376 423 577 453 consolandum
596 424 833 454 accommodatus.
877 426 1018 456 Orationis
1036 427 1071 455 ad
1085 426 1195 464 'persua-

84 462 209 491 dendum
222 461 449 491 accommodatae.
465 460 562 496 Acad.
580 471 601 489 1.
621 469 664 494 32.

65 499 275 529 Accommodati
286 506 395 528 tantuin
407 499 442 527 ad
453 497 581 536 speciem.
606 497 726 534 Quintil.
743 498 789 528 lib.
805 506 830 533 8.
848 510 907 538 cap.
921 499 947 532 6,

63 537 317 575 Accommodatum
336 537 370 565 ad
392 542 526 565 naturam.
558 537 585 565 Sc
605 537 855 566 Accommodatum
875 546 987 568 naturae.
1031 539 1135 575 [ainau
1162 535 1194 574 τῇ

85 575 180 610 φύσει]
210 576 268 604 Cic.
281 586 307 610 4.
324 574 408 603 Acad.
446 573 552 611 Percipi
572 582 631 603 non
648 574 755 612 potest,
786 578 1067 606 acconimodatumne
1088 583 1192 605 naturae

83 612 116 642 sit
127 635 134 647 ,
154 623 189 641 an
199 612 331 641 alienum.
356 611 435 641 Idem
446 611 528 641 Acad.
540 623 566 648 4.
582 617 624 648 38.
654 612 719 641 Non
729 613 818 649 potest
829 614 930 644 animal
942 614 1030 644 ullum
1042 624 1099 643 non
1110 623 1196 652 appe-

84 656 143 679 tere
160 651 189 679 id
202 650 278 687 quod
290 650 535 683 accommodatum
545 649 581 679 ad
591 655 717 678 naturam
734 657 873 687 appareat.

65 685 283 718 Accommodata
294 687 418 725 frugibus
429 687 605 717 demetendis
615 695 750 725 tempora.
783 687 840 717 Cic.
861 689 895 717 de
914 689 1022 719 Senec't.
1036 698 1081 726 70.
1120 688 1194 718 Reli-

85 736 139 762 qua
149 732 241 754 autem
253 733 378 763 tempora
390 725 565 754 demetendis
580 725 703 762 frugibus
712 747 720 760 ,
742 730 790 754 aut
800 725 988 768 percipiendis
999 727 1194 757 accommoda-

85 769 114 793 ta
124 763 194 793 sunt.
233 763 265 792 Id
276 763 314 792 est
323 786 330 798 ,
353 763 395 792 Ad
404 773 465 793 eam
476 773 534 792 rem
545 770 608 801 apta
618 774 626 799 ς
648 763 675 792 &
686 769 717 792 ut
727 763 782 792 dici
795 763 863 792 iolet
872 786 880 798 ,
902 764 1021 802 Propria.

65 801 284 831 Accommodata
297 807 425 838 tempora
435 801 470 830 ad
482 801 595 839 aliquid.
627 800 685 830 Cic.
696 801 750 829 Att.
767 801 815 831 lib.
827 811 853 831 2.
870 812 912 838 19.
950 802 1196 832 Accommodatius

85 839 166 868 nobis
177 839 215 868 est
227 839 262 868 ad
273 838 389 868 liberam
400 839 569 876 legationem
580 845 691 876 tempus
702 837 781 868 illud.

65 877 309 908 Accominodatior
321 877 514 907 concionibus.
552 877 610 906 Cic.
629 885 679 914 pro
695 876 806 906 Cluent.
845 879 913 907 rinc.
947 878 978 907 V.
999 878 1065 908 Caes.
1082 888 1106 915 3.
1124 876 1193 907 Beli.

85 915 155 944 Gall.
173 925 233 953 cap.
251 925 294 952 13.
316 915 386 944 Plin.
403 925 444 951 13.
460 925 483 951 3.
521 914 655 952 JEgyptus
666 924 824 943 accommm
835 916 951 946 atillima
961 917 1120 955 unguentis.
1143 916 1197 944 Co.-

84 953 180 983 lumel.
195 963 218 990 3.
236 964 245 982 1
255 964 277 983 1.
315 953 370 983 Res
381 953 482 982 alendo
499 951 609 981 surculo
623 953 923 984 accommodatilsimae.

66 992 341 1021 Accommodatiores
352 990 496 1029 glandium
508 991 603 1027 generi
613 990 752 1020 castanese.
781 990 848 1020 Plin.
867 992 914 1021 lib.
931 1002 970 1027 15.
989 1002 1050 1030 cap.
1065 1001 1109 1029 23.
1191 1023 1195 1027 .

29 1028 126 1062 Acco
136 1041 157 1058 M
167 1040 187 1059 M
196 1040 213 1059 0
224 1040 240 1058 D
251 1040 268 1058 A
277 1039 338 1058 'rio
348 1051 356 1065 ,
377 1029 447 1058 onis.
470 1027 595 1057 Verbale.
624 1028 685 1066 lpse
697 1029 774 1058 aetus
789 1030 1022 1060 accommodandi
1043 1027 1196 1066 [itemst]

68 1066 127 1096 Cic.
143 1077 166 1104 3.
183 1067 257 1097 Verr.
273 1073 332 1103 189.
373 1066 413 1096 Ex
424 1066 685 1096 accommodatione
698 1067 905 1104 magistratuum
915 1090 922 1102 ,
944 1068 1119 1097 consuetudo
1132 1067 1200 1096 cesti-

66 1106 198 1135 mationis
213 1105 371 1134 introducta
384 1104 430 1133 est.
462 1103 541 1133 Idem
556 1114 578 1133 1.
595 1105 630 1135 de
641 1103 749 1133 invent.
763 1115 789 1140 9.
830 1105 958 1135 Elocutio
974 1106 1013 1135 est
1029 1106 1199 1137 idoneorum

67 1143 217 1173 verborum
229 1145 255 1174 St
266 1143 464 1172 sententiarum
475 1142 510 1171 ad
522 1142 714 1172 inventionem
726 1144 961 1173 accommodatio.

29 1179 331 1215 Accoiiiionn'ra,
354 1179 422 1210 Adv.
444 1176 597 1216 [ἐπιτηδῖς]
619 1182 656 1220 Ap
680 1180 764 1216 osite,
785 1188 856 1219 apte.
879 1181 936 1211 Cic.
953 1192 976 1211 1.
994 1182 1029 1211 de
1041 1181 1119 1212 Orat.
1134 1191 1196 1217 149.-

67 1218 168 1249 Dicere
184 1219 218 1248 ad
233 1218 376 1248 veritatem
389 1218 610 1248 accommodate.
639 1219 651 1248 I
674 1228 720 1249 em
733 1229 757 1254 ς.
774 1219 809 1248 de
822 1219 881 1248 Fin.
896 1229 941 1256 24.
976 1218 1018 1249 Ita
1036 1219 1099 1249 finis
1111 1219 1200 1254 bono-7

66 1267 130 1286 rum
145 1256 251 1291 existit,
280 1254 435 1288 secundum
452 1261 579 1285 naturam
596 1258 705 1286 viveret
736 1256 773 1286 sic
787 1256 937 1294 affectum,
958 1263 990 1287 ut
1003 1258 1110 1296 optime
1127 1257 1199 1291 affici

68 1294 151 1333 possit
159 1316 167 1329 ,
188 1293 223 1323 ad
235 1300 417 1331 naturamque
428 1294 722 1324 accommodatiffime.

32 1330 78 1364 Ac
86 1341 186 1363 coma
194 1341 211 1361 o
220 1340 294 1361 »ΛΤ
302 1341 361 1361 oa.
383 1332 446 1362 oris.
470 1331 555 1361 Vetus
565 1332 710 1371 Inscriptio
721 1332 797 1371 apud
807 1332 916 1365 Gruter.
931 1344 959 1372 p.
973 1340 1034 1372 789.

311 1428 314 1429 ⁷
380 1427 382 1429 .
509 1389 545 1425 D.
673 1395 716 1428 M.
748 1428 751 1431 ,
784 1427 786 1429 ,
919 1429 923 1433 ,

306 1431 477 1466 HERMA
516 1432 929 1464 ACCOMMODATOR

384 1470 530 1504 VIXIT
569 1471 637 1502 AN.
678 1469 843 1503 XLVIII.

30 1519 156 1557 Accoir
166 1532 287 1553 monus
297 1545 305 1559 ,
326 1517 386 1559 Adj.
420 1517 573 1562 [emmor]
602 1533 637 1553 ex
648 1518 689 1553 Ad
704 1525 730 1554 ἃ
745 1523 936 1560 Conunodus,
964 1523 1044 1554 Idem
1057 1522 1135 1561 quod
1148 1526 1198 1552 no.-

68 1572 133 1592 men
145 1561 397 1597 Acoominodatus,
418 1568 515 1599 aptus,
536 1562 664 1591 idoneus.
696 1562 769 1599 Virg.
785 1572 827 1592 11.
844 1562 906 1592 AEn.
922 1572 984 1598 522·

40 1634 45 1638 .
143 1599 187 1630 Est
197 1609 281 1629 curvo
293 1599 416 1631 anfractu
427 1599 512 1629 valles
521 1621 529 1635 ‚
549 1601 732 1630 accommoda
743 1599 841 1630 fi-audi.

31 1639 130 1670 Acco
140 1648 216 1668 Miro
226 1648 242 1666 n
252 1647 266 1667 ε
276 1660 284 1673 ,
305 1638 373 1667 Adv.
402 1637 523 1674 Quintil.
540 1637 588 1667 lib.
599 1649 626 1673 4.
643 1647 703 1676 cap.
719 1649 742 1668 1.
781 1637 834 1667 Cui
851 1637 1107 1668 accommodiffime
1119 1637 1199 1675 jungi

69 1677 181 1706 initium
192 1676 367 1714 sequentium
378 1676 489 1714 poterit.
529 1676 584 1706 Sed
595 1675 658 1705 libri
672 1676 776 1706 habent
790 1676 1028 1706 Commodiffime.

30 1712 52 1745 Α
60 1725 77 1744 c
86 1725 102 1744 c
111 1725 126 1743 R
137 1725 150 1743 Ε
160 1725 176 1743 r)
185 1724 202 1743 o
213 1737 221 1749 ,
247 1714 288 1743 idi
297 1732 306 1749 ,—
326 1716 400 1743 itum
410 1736 418 1749 ‚
450 1715 642 1750 [ωεέωστεεύω]
673 1716 728 1744 ete.
767 1714 889 1744 Verbum
907 1716 992 1744 rarius
1002 1737 1010 1749 ,
1031 1724 1082 1753 pro
1097 1713 1199 1744 eodem

88 1753 146 1782 uod
159 1752 286 1781 Credere.-
309 1751 447 1781 Columel.
463 1752 510 1781 lib.
527 1762 549 1782 1.
567 1762 628 1790 cap.
646 1763 669 1782 1.
705 1752 793 1791 quue
808 1753 893 1782 etiam
903 1763 961 1782 non
972 1753 1143 1791 spernendus
1153 1762 1201 1781 au..

66 1797 80 1822 t
101 1800 133 1820 or
143 1791 183 1820 rei
193 1790 299 1820 rusticae
310 1790 422 1820 Saserna
432 1791 541 1820 videtur
552 1791 739 1821 accredidiffe.
777 1789 886 1820 Lucret.
900 1800 923 1829 3.
941 1797 1005 1830 870.

74 1862 79 1865 .
146 1862 149 1863 .
183 1845 220 1850 -—
229 1828 310 1858 facile·
323 1828 378 1858 hoc
392 1829 539 1859 accredere
551 1828 645 1871 pollis.

69 1866 137 1898 Hor.
153 1877 176 1896 1.
192 1866 275 1905 Epist.
292 1877 333 1902 15.
350 1872 394 1903 25‘.
454 1899 459 1901 .

79 1938 82 1941 .
118 1938 120 1940 .
184 1921 221 1927 -
232 1905 283 1934 tibi
297 1915 349 1934 nos
362 1904 509 1935 accredere
521 1915 570 1944 par
584 1899 630 1935 est.

68 1942 121 1974 Alii
132 1953 209 1972 more
221 1943 336 1981 antiquo
347 1943 471 1973 scribunt
484 1943 646 1974 Adcredere.
907 1975 912 1979 ,

31 1976 53 2012 A
62 1991 79 2010 c
87 1991 104 2010 c
112 1991 128 2010 R
137 1991 151 2010 Ε
160 1992 177 2010 D
186 1991 205 2010 u
214 1991 230 2010 o
241 2000 249 2017 ί
264 1981 294 2011 is.
318 1981 483 2011 Obsoletum
494 1982 609 2012 verbum
619 1992 626 2017 ;
648 1991 699 2019 pro
709 1980 862 2011 Accredere
871 2003 879 2017 ,
894 1981 947 2010 five
958 1980 1086 2011 Credere.
1109 1980 1196 2011 Plaut.

68 2019 140 2049 Asin.
154 2030 177 2055 ς.
195 2029 220 2048 2.
234 2031 261 2055 4.
300 2019 401 2057 Neque
415 2020 519 2056 divini,
548 2030 640 2060 neque
655 2019 725 2049 mihi
738 2019 853 2049 humani
870 2020 1021 2059 quicquam
1038 2020 1197 2053 accreduas,

49 2076 53 2084 .
69 2057 163 2087 Hodie
179 2057 279 2095 legitur
292 2058 437 2090 Accre‘das.
631 2089 635 2092 ,
657 2084 660 2085 γ

13 2089 79 2128 ‘Ac
87 2106 104 2124 c
112 2106 129 2124 R
137 2106 170 2125 as
179 2105 196 2125 c
205 2105 240 2132 o,—
261 2096 323 2132 6vi5
351 2096 542 2133 [ἓπαωξάνὴμαῳ
551 2116 559 2129 ,
581 2088 732 2132 immam]
755 2096 809 2125 ὅτε.
833 2106 868 2125 ex
879 2096 920 2125 Ad
931 2097 958 2125 Sc
969 2095 1068 2124 Cresco
1085 2105 1200 2133 compo-

68 2133 168 2169 situm}
194 2133 274 2163 Idem
285 2134 362 2171 quo'd
371 2133 508 2164 Crescere.
535 2133 643 2164 Sallust.
654 2135 683 2164 in
694 2134 752 2164 Cic.
765 2144 789 2171 3.
833 2134 904 2170 Qiae
917 2133 934 2163 si
945 2133 996 2162 tibi
1007 2133 1071 2162 falsa
1082 2133 1196 2169 objicio,

13 2184 17 2187 ’
66 2172 154 2201 redde
163 2172 299 2201 rationem
309 2179 445 2210 quantum
456 2173 616 2211 patrimonii
629 2173 779 2210 acceperis,
795 2172 863 2209 quid
871 2171 923 2201 tibi
932 2171 1027 2201 litibus
1037 2172 1196 2201 accreverit.

68 2210 195 2240 Accrevit
205 2210 326 2239 amicitia
337 2220 403 2240 cum
414 2217 503 2241 aetate.
528 2210 593 2241 Ter.
606 2211 677 2241 And.
693 2220 718 2248 3.
734 2220 758 2249 3.
776 2219 803 2248 7.
842 2210 914 2251 Quae
929 2210 1054 2248 incoepta
1071 2220 1087 2240 a
1098 2211 1198 2248 parvis,

73 2281 76 2283 .
89 2254 154 2277 cum
165 2255 244 2277 aetate
255 2249 376 2278 accrevit
386 2248 474 2278 simul.
871 2249 875 2251 ’

68 2285 186 2316 Flumen
197 2286 286 2316 subito
297 2287 424 2318 accrevit.
448 2287 505 2316 Cic.
519 2287 555 2316 de
564 2286 674 2317 Invent.
688 2296 714 2317 2.
732 2290 777 2324 9‘7‘.

67 2324 188 2362 Negotia
198 2334 271 2354 nova
280 2325 419 2355 veteribus
431 2325 599 2355 accrescunt.
620 2325 693 2355 Plin.
708 2324 791 2362 Epist.
803 2330 829 2359 8.
845 2323 892 2354 lib.
905 2333 931 2354 2.
1090 2356 1093 2357 .

68 2362 195 2392 Accrevit
204 2363 372 2400 pectorices
387 2373 424 2394 es.
463 2363 527 2393 Hoc
536 2364 574 2394 est
584 2382 593 2399 ,-
613 2364 655 2393 Ad
664 2364 763 2401 pectus
773 2373 860 2400 usque
871 2361 957 2391 crevit
966 2384 974 2397 ‚
996 2361 1050 2391 five
1060 2361 1095 2391 ad
1105 2363 1202 2400 peno..-

87 2401 124 2431 ris
136 2400 329 2435 altitudinem.
385 2402 450 2438 acit.
469 2401 519 2431 lib.
534 2412 557 2431 1.
574 2402 644 2431 Ann.
658 2410 718 2440 cap.
733 2411 777 2437 19.
816 2400 1002 2439 Aggerebatur
1014 2399 1198 2431 nihilominus

26 2463 38 2475 ,
88 2438 198 2479 cespes:
219 2439 331 2477 jamque
342 2440 450 2478 pectori
461 2449 549 2477 usque
560 2444 724 2469 accreverat.
865 2470 867 2472 ,

33 2472 55 2508 A
63 2485 80 2507 c
88 2486 104 2506 c
113 2487 128 2505 a
139 2487 152 2506 a
160 2483 223 2506 Tio
232 2494 241 2512 ,-
262 2478 333 2507 onis.
369 2478 578 2508 lucrementum
587 2500 596 2514 ,
616 2477 674 2516 ipse
685 2479 761 2506 aetus
771 2475 947 2506 accrescendi
967 2472 1111 2512 [inibo-15]
1138 2476 1197 2507 Cic.»

66 2525 96 2544 ·1.
113 2513 194 2545 Tusc.
207 2519 254 2549 68.
292 2515 457 2553 Lunamque
470 2517 628 2549 accretione
640 2517 668 2547 δι
677 2515 865 2548 diminutione
876 2514 991 2544 luminis
1000 2536 1009 2550 ,
1035 2515 1109 2551 quasi
1119 2514 1200 2545 fasto..

68 2563 131 2583 rum
142 2559 288 2583 notantem
300 2555 327 2584 Sc
338 2554 537 2591 fignificantem
546 2554 616 2586 dies.-
663 2585 666 2588 .
700 2585 704 2588 ,
798 2585 801 2589 .

33 2586 261 2622 Aecum-:NT
271 2602 288 2621 u
297 2603 335 2627 M,-
358 2593 376 2622 i.
402 2589 578 2629 [ὲπαάξησις]
604 2591 723 2623 Verbale
738 2591 772 2623 ab
786 2590 936 2627 Accresco;
969 2589 1049 2620 Idem
1064 2591 1141 2628 quod
1155 2590 1201 2621 In-

36 2653 38 2655 .
70 2635 253 2659 crementum.
286 2630 355 2660 PIin.
372 2630 421 2661 Iib.
434 2636 460 2667 9.
480 2640 541 2669 cap.
555 2641 580 2660 2.
617 2630 650 2660 In
663 2630 732 2659 mari
744 2637 838 2659 autem
847 2635 904 2658 tam
915 2629 969 2658 late
983 2628 1101 2666 supino,
1129 2630 1200 2659 mol-

68 2667 145 2705 lique
162 2678 194 2698 ac
207 2668 291 2698 fertili
302 2675 479 2698 accremento
489 2691 497 2704 ,
523 2669 680 2707 accipiente
697 2667 789 2698 causas
804 2666 939 2705 genitales
955 2676 971 2696 e
981 2665 1093 2696 sublimi
1103 2689 1111 2703 ‚
1131 2666 1202 2696 sem-

69 2712 175 2744 perque
186 2707 309 2744 pariente
319 2714 427 2742 natura,
440 2707 572 2745 pleraque
581 2707 667 2736 etiam
675 2706 844 2738 monstrifica
853 2705 1040 2744 reperiuntur.
1061 2704 1197 2735 Harduin.

72 2753 107 2773 ex
119 2744 197 2775 MSS.
209 2744 276 2782 legit
288 2745 476 2774 Nutrimento.
828 2776 832 2779 ,
967 2775 970 2777 ,

35 2781 180 2812 Aeetine·
189 2804 197 2818 ‚
218 2783 265 2818 ui,
285 2782 358 2813 ‘itum
367 2805 376 2819 ,
398 2779 590 2822 [rsta'mfaeoq]
617 2792 671 2813 are.
703 2782 786 2820 Quasi
797 2781 833 2811 ad
850 2780 900 2818 (id
911 2780 949 2810 est
961 2780 1059 2823 juxta)
1082 2780 1202 2818 Cubare,

71 2818 117 2849 vel
130 2820 245 2887 affiderke’
256 2821 328 2859 Virg.
343 2824 369 2851 6.
385 2821 449 2851 AEn.
460 2825 525 2857 686.
655 2820 836 2854 ——furiarum
847 2819 970 2852 maxima
981 2825 1060 2855 Juxta

152 2859 226 2889 Accu
247 2864 284 2888 at.

70 2895 195 2925 Acciib'at
204 2906 323 2927 mecum.
344 2896 433 2927 Plaut.
445 2897 514 2927 Afin.
529 2902 554 2933 ς’.
570 2907 593 2926 1.
608 2900 633 2934 3⁴.
675 2930 679 2932 .
808 2927 824 2930 ,,
900 2927 903 2930 .
997 2927 999 2929 .
1064 2926 1069 2929 .
1186 2927 1190 2932 .

69 2934 212 2964 Accubare
223 2935 324 2965 eodem
333 2935 416 2965 Iec‘to.
444 2935 501 2965 Liv.
517 2935 565 2965 lib.
577 2941 603 2969 8.
621 2934 688 2965 Bell.
699 2935 767 2965 Puri.
791 2933 838 2965 ,Εἴ
849 2933 951 2963 eodem
961 2933 1046 2963 etiam
1058 2932 1133 2963 lecto
1145 2933 1204 2964 Sci-³

22 3002 26 3006 ,
89 2973 138 3009 pio
151 2974 177 3002 Sc
188 2972 335 3008 Asdrubal,
356 2974 421 3011 quia
431 2974 469 3003 ita
480 2973 558 3003 cordi
570 2980 628 3003 erat
639 2974 715 3011 regi,
735 2973 935 3002 accubuerunt.

27 3008 33 3018 ⁸
71 3009 213 3078 Acpubafie
226 3012 300 3049 regie
314 3012 387 3042 dixit
401 3011 488 3042 Plaut.
501 3012 588 3041 Stich.
601 3021 627 3042 2.
641 3021 665 3050 3.
682 3021 723 3049 52.
746 3011 793 3049 qui
805 3009 948 3040 tricliniari
966 3009 1021 3039 hoc
1031 3008 1118 3039 verbo
1129 3009 1202 3048 saepe

89 3057 108 3077 u
122 3059 152 3078 us
166 3059 181 3078 e
206 3070 212 3077 .

68 3085 212 3154 Apsculpare
224 3087 353 3118 scortum.
384 3087 471 3120 Plaut.
487 3087 567 3118 Men.-
583 3098 626 3121 11.v
667 3087 785 3123 Prandi,
804 3087 918 3126 potavi,
939 3085 1061 3116 scortum
1071 3085 1200 3119 accubui.

33 3146 37 3152 .
85 3159 87 3161 .
116 3148 122 3154 .
161 3125 268 3155 acchid.
284 3136 307 3155 1.
325 3136 348 3157 1.
382 3137 407 3162 9.
648 3157 664 3162 .‚
709 3158 712 3161 A

58 3196 59 3199 .
70 3162 227 3198 Accubare,
243 3174 292 3202 per
301 3135 512 3193 translationem
522 3164 557 3194 de
567 3164 619 3194 fitu
628 3163 745 3200 alicujus
754 3164 803 3199 rei,
818 3173 869 3201 pro
881 3162 1023 3196 Adiacere-
1044 3161 1159 3191 Sueton.
1171 3162 1202 3191 in

48 3215 50 3217 >
87 3201 158 3238 ACaes.
174 3201 204 3231 C.
215 3213 261 3238 44.
284 3201 451 3237 ATheatrum
464 3202 578 3232 summae
589 3202 793 3240 magnitudinis
803 3201 924 3239 Tarpeio
937 3200 1026 3231 monti
1036 3199 1182 3243 accubans.

57 3249 60 3253 ’
72 3239 214 3271 Accubare
223 3262 231 3275 ,
251 3239 287 3269 ad
298 3239 394 3278 epulas
404 3240 568 3270 translatum
577 3263 585 3275 ,
604 3240 683 3270 Idem
696 3240 772 3278 quod
784 3239 964 3270 Accumbere.
998 3239 1110 3274 Antiqui
1126 3239 1203 3269 enirn

92 3278 247 3316 epulantes,
262 3279 292 3306 in
303 3278 370 3308 toris
380 3278 534 3308 cubabant:
557 3278 633 3315 quod
642 3278 808 3308 accumbere
818 3278 871 3311 five
880 3276 1014 3307 accubare
1022 3298 1030 3309 ,
1047 3277 1073 3306 Sc
1084 3275 1205 3305 discum-⁷

92 3316 157 3345 bere
169 3316 323 3346 dicebatur.
364 3316 435 3353 Quae
444 3316 524 3346 verba
537 3316 677 3354 hodieque
687 3316 850 3354 usurpamus
858 3337 867 3351 ‚
888 3315 1002 3353 quanvis
1013 3314 1156 3343 sedeamus
1167 3315 1202 3343 ad

92 3353 232 3389 mensam,
256 3364 315 3383 non
331 3354 475 3384 cubemus.
507 3354 566 3384 Cic.
578 3366 605 3391 4.
620 3354 703 3384 Tusc.
718 3364 742 3390 3.
783 3354 895 3384 Morem
906 3352 980 3391 apud
995 3352 1113 3386 maiores
1127 3352 1204 3381 hunc

94 3392 239 3430 epularum
249 3392 328 3424 fuisse
337 3415 345 3428 ,
365 3399 397 3422 ut
408 3393 542 3431 deinceps
554 3393 601 3430 qui
612 3392 780 3422 accubarent
788 3415 797 3428 ,
819 3396 952 3422 canerent
962 3390 997 3419 ad
1007 3390 1105 3418 tibiam
1116 3389 1205 3419 claro-1

91 3439 156 3459 rum
170 3431 292 3460 virorum
303 3430 413 3461 laudes.-
460 3431 547 3468 [Imo
564 3430 698 3460 differunt
713 3430 857 3460 Accumbo
872 3431 898 3463 Sc
911 3428 1024 3458 Accubo
1034 3444 1044 3463 ς
1073 3427 1120 3469 etsi
1132 3427 1204 3465 saepe·

94 3468 324 3504 confunduntur,
343 3474 377 3501 ut
387 3469 463 3507 apud
474 3468 584 3499 Graecos
599 3464 737 3497 o'ivoenix'lm
747 3488 755 3500 ,
776 3467 923 3499 ἀνακλίνεαᾟ
939 3465 984 3496 vel
1001 3463 1161 3499 καῶικλμεῶς
1176 3467 1203 3495 &

94 3506 210 3540 ἀνωκὲῐοζ
221 3506 266 3536 vel
281 3504 416 3540 κοιᾶικεῑολ.
453 3506 528 3536 Illud
539 3507 600 3543 eJ'us
611 3506 667 3542 est,
687 3507 735 3544 qui
751 3506 778 3536 se
789 3506 824 3535 ad
839 3504 961 3535 mensam
973 3503 1017 3533 vel
1033 3502 1099 3532 alias
1110 3503 1145 3532 ad
1157 3510 1205 3533 cu'-

83 3542 218 3573 ‘bandum
234 3545 381 3582 componit
389 3567 397 3581 ,
419 3545 430 3581 (
441 3543 512 3575 Gall.
529 3549 557 3572 Se
566 3550 656 3572 mettre
669 3555 685 3571 a
696 3545 783 3579 table)
804 3544 859 3573 hoc
870 3544 929 3577 eius
939 3565 946 3578 ,
968 3542 1015 3578 qui
1026 3542 1082 3576 jam
1091 3540 1117 3570 se
1128 3551 1207 3570 com-

94 3580 195 3619 posuit.
221 3582 313 3618 (Gall.
328 3583 382 3610 e‘tre
393 3583 411 3609 a
421 3583 506 3618 table)
532 3582 573 3612 Ita
583 3582 717 3611 differunt
727 3582 795 3612 Sido·
804 3584 830 3612 ἃ
839 3582 929 3611 Sedeo
940 3603 947 3615 ,
969 3580 1017 3609 Sto
1030 3581 1056 3608 Sc
1067 3579 1136 3614 Sisto
1146 3602 1154 3615 ,
1171 3588 1203 3609 ut

96 3619 193 3649 docuit
210 3620 301 3657 Valla,
323 3622 350 3650 ἆ
366 3620 412 3650 vel
425 3621 505 3658 pueri
518 3627 631 3651 norunt.
671 3620 776 3650 Eadem
792 3620 861 3649 ratio
878 3620 908 3648 iri
919 3616 1086 3655 Compositis
1098 3619 1204 3647 caeteris

95 3656 247 3693 Concubo,
269 3658 449 3694 Coneu'mbo‚
470 3658 604 3694 Decubo‘,
626 3657 774 3690 Decumbo
785 3681 793 3693 ,
814 3657 952 3690 Discubo,
972 3655 1124 3690 Discumbo
1133 3678 1141 3691 ,
1160 3655 1205 3685 In-

94 3694 169 3726 cubo
179 3713 188 3728 ,-
205 3695 342 3726 Incumbo
355 3698 407 3726 διε.
436 3696 471 3725 de
483 3696 583 3734 quibus
603 3696 633 3725 V.
648 3695 666 3725 s.
680 3696 701 3725 l.
737 3695 869 3726 Similiter
886 3694 1016 3724 Germani
1032 3692 1205 3731 distinguunt

84 3734 210 3769 stegen&
223 3737 306 3770 Ligeri.
329 3734 421 3764 Altero
432 3734 517 3763 verbo
526 3736 603 3764 aetus
615 3734 650 3763 ad
661 3735 785 3771 quietem
796 3733 822 3764 se
833 3733 924 3762 dantis
934 3755 947 3768 ³,
965 3731 1051 3761 altero
1062 3731 1117 3765 iam
1129 3733 1206 3769 quie-

93 3769 195 3800 scentis
210 3773 382 3809 exprimitur.
419 3772 557 3801 Caeterum
567 3772 602 3801 de
613 3772 744 3802 Veterum
754 3771 915 3801 Accubandi
925 3770 979 3799 ritu
994 3769 1025 3797 V.
1041 3768 1115 3798 Hier.
1130 3769 1207 3799 Mer.

95 3808 190 3839 curial.
204 3809 239 3838 de
248 3810 311 3841 Arte
321 3810 422 3848 Gymn.
433 3810 451 3839 l.
467 3820 490 3839 1.
507 3820 531 3839 c.
545 3820 555 3838 1
565 3820 587 3840 1.
610 3811 636 3839 Se
647 3809 758 3839 Petrum
769 3809 951 3840 Ciacco‘nium
962 3806 1096 3845 peculiari
1107 3807 1205 3837 libello

94 3847 133 3914 {Ile
147 3847 283 3914 Tri‘liilinllo
294 3870 302 3883 ‚
338 3858 404 3878 cum
421 3847 498 3877 Fulv.
516 3847 606 3878 Ursini
625 3848 789 3886 ‚Appendice
809 3847 889 3877 edito*
902 3864 913 3882 ‚·
943 3845 1003 3879 Iani
1021 3844 1121 3877 Dousae
1136 3846 1205 3876 item

126 3892 180 3914 aut.
223 3894 260 3923 xp
274 3909 280 3914 .
293 3897 321 3921 4.
338 3895 380 3922 12.
613 3919 616 3921 .
1099 3915 1102 3917 ,

76 3922 216 3952 Acciibare
225 3923 254 3952 in
264 3924 404 3955 convivio>
433 3924 492 3953 Cic.
505 3924 535 3952 in
545 3923 625 3953 Catil.
637 3933 663 3953 2.
680 3929 723 3953 16.
764 3923 821 3960 Qui
833 3922 903 3952 mihi
914 3921 1083 3951 accubantes
1092 3920 1122 3949 in
1137 3930 1207 3950 cona

95 3961 192 3996 viviis,
214 3963 340 3991 eruerant
354 3961 525 3991 sermonibus
544 3961 598 3991 suis
618 3962 725 3991 caedem
741 3960 888 3990 bonorum.
930 3959 1021 3994 Mihi,
1042 3959 1151 3988 dativus
1165 3959 1203 3988 est

54 4027 63 4045 ·.
95 3999 253 4066 cqsmmunlis
263 4022 271 4034 ,
292 4000 341 4037 qui
350 3999 448 4029 Graeco
457 4008 535 4029 more
546 3999 670 4029 abundat
681 4002 708 4038 St
726 4006 856 4036 magnam
866 3998 1033 4035 elegantiam
1053 3992 1146 4026 habet.-

152 4046 168 4065 0
178 4047 201 4067 L.
239 4060 244 4067 .

1678 167 1707 201 Α
1805 170 1834 205 C
1933 170 1962 205 C
2361 188 2404 228 33·

1288 242 1425 272 Accubare
1437 245 1510 281 apud
1527 246 1655 283 aliquem.
1690 247 1747 278 Cic.
1762 250 1815 278 Att.
1838 250 1886 279 lib.
1903 262 1945 288 14.
1965 263 2006 282 12.
2046 255 2112 286 Haec
2125 257 2214 296 scripsi
2232 269 2258 288 x.
2273 260 2408 294 Calendis

1304 280 1440 309 accubans
1453 284 1526 319 apud
1541 284 1700 314 Vestorium.
2381 285 2386 293 λ

1287 317 1442 358 Aetoliam,
1466 321 1628 356 proluet-rc.
1660 323 1723 352 Scn.
1741 325 1769 352 in
1782 324 1897 362 llippol.
1914 337 1954 356 10.
1993 327 2162 367 Hippou-tus
2181 333 2258 369 (heu
2273 343 2339 371 me)
2363 340 2409 368 fii>

1305 354 1353 382 bili
1366 364 1430 383 voto
1446 358 1568 387 accubat.
1610 360 1670 389 lloc
1683 362 1720 390 cst
1731 384 1738 395 ‚
1759 361 1889 392 Mortuus
1899 365 1988 400 jacet,
2011 374 2040 395 ut
2051 363 2157 405 optasti.

1287 391 1521 437 Accensrio,
1542 398 1610 438 onis.
1634 398 1758 428 Verbale.
1780 397 1959 436 [mcejawm.
1982 401 2144 441 καῖἅιλισπ]
2170 408 2270 438 Achlsi
2295 411 2410 443 sericeu-

1307 427 1398 472 bfindi.
1422 431 1477 458 Lic.
1496 443 1516 460 1.
1532 435 1587 462 Oti.
1605 441 1663 478 ¹28:
1699 439 1808 472 Status,
1830 439 1965 473 incellus,
1986 431 2080 476 selliO,
2102 445 2255 476 accubatio.
2273 421 2357 478 lldem
2374 452 2409 481 de

1307 466 1415 508 δρψ-(ζ.
1436 479 1480 501 45.
1512 470 1593 513 'liene‘
1610 482 1685 501 enim
1710 475 1829 509 Alzijores
1846 477 2056 508 accubationem
2077 482 2217 518 epularem
2238 487 2389 517 amicorum

1307 511 1442 544 quiavita·
1453 512 1680 547 coniunctionem
1693 512 1821 548 liaberet,
1843 516 2002 545 convivium
2020 526 2205 548 nominarunt
2249 522 2358 555 Nonius
2372 512 2410 555 le1

1309 547 1347 575 git
1360 540 1568 583 Acciibitiontm
1580 567 1586 578 ,
1609 550 1751 610 quomodo
1763 554 1787 580 ἃ
1799 551 1959 588 accubitus,
1982 563 2047 582 mox
2061 565 2115 584 non
2128 559 2285 589 acciibatus.

1288 577 1648 624 Accubaitioiicsaicuiiieiizis
1660 586 1694 613 (le
1705 588 1767 616 rolis
1778 599 1808 617 ’.ιε
1819 589 1883 618 liliis
1895 590 1968 620 fecit.
1990 592 2008 621 S
2031 593 2124 622 arrian.
2140 594 2208 624 Vero
2219 605 2279 634 cap.
2294 608 2306 633 ς
2355 599 2410 631 Hic

1261 646 1264 650 .
1307 624 1358 651 pro
1369 615 1577 660 iliiziclintei·iis,
1600 621 1651 661 live
1666 624 1793 653 Stilmdi'i's
1807 630 1923 664 politum
1935 630 1980 658 cll.
2028 653 2034 658 .
2053 640 2237 661 aecumst
2253 646 2272 663 Μ
2299 622 2317 664 ἰ.

1252 653 1390 705 Acfuiii
1409 663 1484 688 res,
1504 665 1542 697 us.
1560 666 1595 684 ni.
1617 660 1781 702 [sumaim]
1804 665 1877 693 ldem
1890 667 2137 708 qiiodAccubatio.
2158 669 2225 699 Plin.
2238 657 2370 712 liblglcap
2383 686 2399 704 2

1290 689 1299 718 I
1312 689 1597 733 lenisque'liominum
1609 696 1738 735 tricliniis
1756 702 1884 730 accubitu
1899 714 1951 733 iere
1965 714 2012 742 per
2027 704 2121 737 lestOS.
2161 708 2343 743 [l’larduinus
2355 698 2409 742 cdi·

1290 727 1332 755 dit
1348 727 1512 771 Accubituui
1525 752 1533 763 ,
1556 737 1585 759 ut
1598 732 1628 759 lit
1644 734 1779 770 Supinum
1798 739 1872 767 xcrbi
1888 743 2046 779 incumbo,
2079 745 2103 773 ὁὶ
2121 747 2193 775 redte
2204 748 2300 783 procul
2314 732 2413 780 (lubio⁴

1289 764 1385 801 ltaque
1403 766 1494 794 adhuc
1507 767 1640 797 idoneum
1653 774 1791 801 auclore-m
1807 776 1989 808 desidi-ininius
2008 781 2035 808 in
2055 781 2106 810 hac
2119 792 2187 813 voce
2198 806 2206 819 ,
2237 785 2325 815 doctis
2345 774 2411 818 licet}

1290 802 1416 877 ἶίιὶιςῐριιέι
1432 804 1548 878 pridem.
1589 806 1669 835 Coiii'.
1688 808 1730 837 Dii
1753 810 1847 840 lresnc
1862 815 1889 842 in
1903 816 1983 845 (iloll‘.
2007 818 2097 848 Utitur
2113 820 2189 858 Visig.
2208 821 2323 862 Interpr.
2341 825 2410 855 Bibl.

1252 872 1551 915 Accusi‘roarus,
1569 890 1599 915 a,
1615 891 1671 910 um.
1692 884 1737 917 ut,
1755 878 1855 914 Accubi

1253 915 1463 951 Aecuiwro,
1485 928 1538 946 arc.
1561 919 1697 956 irciiiicnr.
1720 922 1849 952 Scdiilius
1861 892 2103 922 smmststlmmm'
2119 896 2192 933 ’ΨΜ
2205 897 2311 928 Petron.
2324 910 2351 937 P’
2365 905 2410 938 ’¹⁷⁶'

1396 955 1400 959 ι
1593 957 1597 961 .
1719 960 1723 964 ·
1844 962 1849 967 ‘
1862 926 1998 964 principio
2010 932 2108 967 operis.

1263 984 1266 987 A
1367 954 1502 992 Dignatus
1516 956 1613 985 nostris
1628 959 1783 988 accubitare
1799 969 1873 991 toris.

1253 991 1326 1021 Ace
1336 1002 1376 1020 UB
1387 1003 1402 1021 u
1412 1003 1447 1027 o,-
1468 994 1535 1022 Ailv.
1560 993 1644 1024 Plaut.
1658 996 1773 1038 Trucul.
1786 1008 1811 1027 2.
1826 1011 1851 1035 4.
1869 1004 1912 1034 68.
1952 1001 2010 1031 Post
2023 1004 2050 1032 id
2062 1015 2113 1040 eqo
2124 1014 2182 1037 tota
2191 1015 2283 1039 tecum
2297 1022 2412 1042 mervo-

1291 1028 1382 1072 luptas
1394 1040 1480 1067 usque
1491 1042 1538 1060 ero
1616 1034 1736 1065 Asliiluo.
1768 1046 1793 1064 n.
1815 1037 1871 1065 imo
1884 1038 1975 1067 herde
1988 1050 2050 1069 vcro
2070 1036 2193 1073 Argiuum
2207 1034 2364 1079 mar->linui
2387 1040 2401 1081 e

1291 1074 1369 1113 Juxta
1386 1078 1431 1097 me
1448 1069 1550 1112 cubes,
1572 1080 1655 1108 quam
1671 1072 1772 1102 sedeas.
1811 1076 1851 1104 Ad
1867 1076 2048 1107 imitationem
2065 1090 2110 1113 ur,
2134 1083 2241 1111 (iiiam,
2257 1074 2341 1117 tinxit
2368 1075 2372 1080 ”
2405 1075 2411 1081 ”

1254 1105 1422 1149 Αρςυυιχ,
1445 1107 1490 1141 di,
1511 1107 1586 1143 sum,
1610 1110 1809 1147 [vi-ivyaaew]
1838 1115 1891 1142 ‹Ere-
1925 1114 2173 1147 Ludcudoaddcrc
2186 1113 2342 1159 ψάιὶρῂιηῖ
2376 1138 2413 1156 icr

1291 1144 1509 1186 translzitioneiii.
1534 1145 1617 1176 l'laiit.
1630 1147 1717 1177 Mere.
1734 1159 1759 1178 2.
1772 1159 1796 1187 3.
1811 1155 1854 1187 9⁶³
1883 1150 1951 1180 Tres
1962 1154 2049 1182 mins
2061 1158 2191 1185 accurit-n.
2202 1162 2284 1189 eriam
2305 1139 2401 1193 iiis'iim

1264 1213 1267 1218 .
1292 1187 1445 1219 uttriginta
1459 1184 1533 1212 lient.
1569 1185 1597 1213 V.
1615 1195 1722 1215 cuno.
2296 1174 2301 1199 l
2347 1181 2350 1192 Ι
2405 1188 2412 1199 ’

1254 1219 1384 1251 AccuM
1396 1230 1453 1253 uo,
1476 1220 1561 1256 ubui,
1584 1223 1711 1259 ubitum,
1741 1226 1967 1262 [ταραλὲςὲμεα]
1998 1232 2051 1256 cre.
2088 1231 2163 1259 ldem
2177 1235 2248 1264 quiid
2272 1237 2315 1266 im

1292 1256 1375 1293 [Iino
1391 1257 1420 1287 V.
1438 1258 1627 1296 supratnotata
1641 1262 1675 1290 ad
1689 1262 1714 1291 h.
1728 1263 1774 1297 v.]
1804 1262 1889 1292 Plaut.
1903 1265 1988 1293 Stich.
2005 1276 2027 1299 ς.
2045 1277 2067 1301 5.
2081 1278 2105 1303 i).
2142 1267 2234 1299 [strum
2248 1281 2293 1301 rin.
2324 1262 2328 1267 ⁸

1292 1294 1350 1324 bo‘?
1372 1305 1419 1325 sa..
1444 1298 1558 1326 utrum‘?
1580 1299 1625 1327 ubi
1637 1307 1666 1328 tu
1676 1300 1725 1329 vis.
1742 1310 1789 1330 ετ.
1814 1311 1878 1330 cum
1889 1303 2024 1332 ambobus
2035 1304 2106 1334 volo.
2133 1307 2197 1336 lden

1291 1333 1347 1370 Age
1358 1344 1406 1371 age
1418 1344 1483 1371 ergo
1495 1341 1524 1363 tu
1538 1336 1572 1378 Sa
1584 1337 1681 1365 mistio
1691 1360 1698 1373 ,
1722 1339 1855 1368 accumbe
1867 1340 1896 1368 in
1907 1341 2022 1370 summo.

1292 1371 1480 1407 Accumbere,
1508 1373 1576 1403 aliut
1600 1376 1638 1404 est
1658 1386 1740 1412 quam
1757 1377 1868 1406 Sedere.
1910 1378 1980 1407 N.un
1995 1380 2040 1416 qui
2060 1383 2217 1418 accumbit,
2249 1396 2336 1423 nuque
2353 1391 2399 1420 itit

1310 1410 1507 1454 neqiie‘sed'et,
1532 1421 1623 1449 neque
1634 1413 1774 1449 ambulat,
1797 1414 1841 1444 scd
1856 1416 1982 1446 medium
1992 1418 2123 1454 quiddam
2137 1421 2209 1450 sicit.
2232 1423 2250 1450 l.
2268 1435 2325 1461 ¹24-
2341 1427 2363 1456 D
2408 1415 2415 1426 ’

1311 1448 1385 1477 verb.
1400 1448 1511 1485 signific.
1648 1480 1650 1482 .
2367 1451 2372 1457 ⁸

1290 1484 1366 1515 Inter
1378 1486 1547 1519 Accumbere
1563 1488 1589 1517 &
1600 1488 1780 1519 Discumbere
1792 1489 1862 1520 illud
1874 1492 2000 1525 interest,
2031 1495 2106 1531 quod
2124 1495 2302 1528 Distumbcrc
2317 1500 2419 1540 sempr—s·

1308 1523 1620 1599 {lpaepgqqilbszs‘dieitiirz
1650 1533 1681 1556 ut
1700 1527 1758 1557 Cic.
1772 1529 1826 1558 Att.
1842 1528 1890 1563 lib.
1908 1541 1931 1567 5.
1948 1531 2030 1574 hpist.
2047 1543 2068 1561 1.>
2106 1533 2303 1567 Discubuimus
2324 1549 2419 1571 omnes

1292 1599 1462 1633 Accumbere
1472 1623 1480 1635 ,
1502 1611 1552 1639 pro
1566 1601 1682 1632 Cubare.
1707 1603 1793 1633 Plaut.
1808 1604 1916 1635 Mostel.
1932 1616 1954 1635 1.
1968 1618 1994 1642 4.
2015 1611 2055 1646 13‘.

1337 1676 1342 1681 ι
1373 1640 1446 1682 Cave
1457 1640 1543 1668 modo
1556 1649 1590 1669 ne
1604 1641 1679 1678 prius
1690 1641 1719 1670 in
1730 1642 1774 1671 via
1788 1644 1935 1673 accumbas
1945 1667 1953 1679 ,
1975 1648 2025 1674 &c

1311 1675 1370 1705 Cic.
1383 1676 1456 1706 bam.
1472 1677 1519 1707 lib.
1534 1688 1559 1713 9.
1573 1682 1617 1707 26.
1663 1679 1852 1710 Accubueram
1866 1681 1933 1710 hora
1944 1692 2026 1712 nona.

1293 1715 1461 1744 Accumbere
1474 1715 1573 1750 alicui,
1603 1718 1628 1745 δε
1640 1726 1704 1745 cum
1720 1717 1822 1755 aliquo.
1862 1719 1948 1749 l’laut.
1963 1721 2048 1751 Stich.
2065 1732 2086 1758 3.
2103 1732 2128 1752 2.
2147 1728 2190 1760 32.
2231 1718 2350 1758 Martial.
2368 1722 2414 1760 lib

1311 1758 1336 1786 8.
1357 1763 1398 1789 50.
1412 1791 1417 1797 Ο
1440 1792 1445 1796 .
1494 1770 1530 1796 -.
1542 1754 1672 1783 accubuit
1686 1756 1794 1792 genitor
1807 1766 1872 1786 cum
1886 1758 1969 1795 plebe
1984 1760 2111 1790 deorum.
2408 1753 2414 1760 ⁴

1292 1790 1324 1821 ln
1337 1800 1478 1834 convivio.
1498 1790 1555 1821 Cic.
1569 1800 1593 1827 3.
1608 1792 1682 1821 Verr.
1720 1792 1794 1823 Tum
1806 1794 1854 1823 ille
1864 1797 1976 1833 negavit
1987 1799 2072 1827 moris
2083 1798 2136 1830 esse
2148 1800 2307 1832 Gra-corum
2318 1826 2325 1838 ,
2347 1812 2377 1834 ut
2387 1806 2416 1835 iii

1311 1838 1440 1858 convivio
1453 1839 1575 1858 Virorum
1586 1830 1716 1860 mulieres
1727 1833 1933 1868 accumberent:
2412 1838 2416 1839 ⁷

2353 1261 2356 1265 ,
2377 1251 2411 1269 l'k'-

2317 1288 2415 1307 'CCUHI‘

2198 1310 2413 1351 11‘21115,‚.15‚

2384 1430 2418 1458 de

1252 1870 1255 1875 “
1291 1867 1463 1897 Accumbere
1478 1867 1575 1906 epulis.
1608 1868 1680 1905 Virg.
1698 1879 1718 1898 1.
1735 1869 1797 1903 ffin.
1811 1877 1854 1907 83.-

1339 1937 1343 1940 .
1452 1916 1488 1926 —‘—
1498 1910 1527 1935 tu
1541 1906 1589 1935 das
1601 1907 1691 1944 epulis
1704 1908 1868 1938 accumbere
1883 1909 1988 1941 divum.
2005 1939 2020 1944 ..

1266 1974 1270 1979 .
1312 1942 1370 1975 Cic.
1383 1954 1434 1981 pro
1448 1943 1556 1987 Muren.
1570 1953 1614 1981 74.
1694 1945 1749 1982 Qui
1764 1947 1933 1985 quotidianis
1944 1947 2035 1986 epulis
2045 1949 2074 1978 in
2085 1950 2184 1980 robore
2196 1954 2374 1984 accumbunt.

1254 1981 1301 2015 Ac
1310 1991 1327 2010 c
1336 1992 1353 2010 u
1362 1992 1376 2023 ¹}
1386 1986 1423 2010 ir
1432 1992 1449 2010 u
1458 1992 1497 2025 .M.⁷
1518 1992 1536 2010 1.
1557 1992 1584 2012 n.
1608 1979 1847 2025 [evacuandam]
1878 1985 1955 2022 Quid
1972 1985 2105 2023 significet
2114 2011 2121 2023 ,
2145 1989 2187 2019 his
2199 1991 2288 2020 verbis
2299 2001 2332 2021 ex
2356 1993 2419 2024 licat

1292 2019 1375 2049 Glosl.
1389 2029 1417 2048 in
1426 2019 1546 2048 Plinium
1558 2019 1733 2057 Hermolaus,
1749 2031 1773 2050 v.
1788 2022 1943 2059 Abaculus3
1966 2024 2090 2054 Stibadia
2100 2026 2234 2057 lcdticul.e
2246 2028 2331 2059 sunta
2360 2032 2420 2062 her-

1292 2057 1326 2086 ba
1336 2058 1450 2095 quidem
1462 2059 1487 2087 ἃ
1501 2058 1653 2087 stramentis
1663 2059 1737 2088 dicta
1746 2081 1754 2094 ,
1775 2066 1807 2088 ut
1817 2061 1892 2098 apud
1906 2071 1956 2091 nos
1967 2063 2037 2091 tori:
2060 2062 2108 2093 sed
2123 2074 2158 2094 ex
2175 2076 2310 2096 marmore
2325 2070 2418 2100 tamen

1292 2096 1477 2139 quandoque,
1500 2104 1529 2125 ut
1542 2096 1708 2139 iiiEpistolis
1725 2097 1805 2127 Plinii
1817 2098 1939 2134 Caecilii,
1961 2100 2046 2130 Nunc
2059 2111 2094 2135 ex
2110 2109 2195 2140 opere·
2212 2105 2358 2142 intestino,
2389 2110 2419 2138 in

1292 2134 1392 2171 'quibus
1405 2134 1554 2163 accubatur
1567 2135 1688 2165 interdiu
1701 2136 1822 2169 maxime
1832 2159 1840 2172 ,
1869 2137 1960 2174 qualia
1971 2137 2146 2169 celebrantur
2161 2141 2307 2172 Florentiae
2319 2144 2419 2176 Tusca-⁴

1291 2173 1363 2208 nica.
1405 2171 1544 2201 Dicuntur
1556 2174 1581 2202 Sc
1597 2173 1800 2209 Anaclinteria‚
1823 2175 1890 2204 sicut
1901 2176 1975 2213 apud
1993 2175 2181 2215 Lampridium
2195 2180 2225 2208 in
2237 2181 2417 2218 Heliogabalo

1292 2209 1426 2240 Aecubita
1437 2219 1497 2248 cap.
1512 2221 1553 2246 19.
1594 2211 1655 2240 Nec
1665 2211 1763 2240 cubuit
1772 2212 1801 2240 in
1812 2213 1946 2247 accubitis
1959 2213 2039 2243 facile
2049 2237 2056 2251 ,
2079 2216 2127 2245 nisi
2139 2217 2172 2247 iis
2181 2239 2190 2253 ,
2211 2227 2272 2255 quae
2282 2212 2369 2257 pilum
2379 2221 2418 2251 le..

1292 2249 1425 2286 porinum
1441 2248 1575 2278 haberent
1591 2251 1643 2279 ἃς.
1665 2280 1666 2283 .
1681 2249 1712 2278 V.
1728 2249 1766 2278 ibi
1784 2250 1893 2280 Salmas.
1913 2252 1939 2281 Sc
1958 2252 2032 2286 conf.
2053 2261 2113 2291 cap.
2128 2264 2172 2289 25.
2211 2255 2318 2286 Horum
2332 2260 2416 2289 etiam

1292 2286 1360 2316 facit
1374 2287 1548 2315 mentionem
1568 2286 1632 2316 Cael.
1653 2287 1743 2325 Antiq.
1764 2287 1837 2318 Lect.
1854 2287 1902 2323 lib.
1916 2295 1960 2318 26.
1983 2299 2042 2328 cap.
2059 2301 2103 2327 29.
2126 2294 2153 2322 Sc
2169 2292 2216 2323 lib.
2237 2303 2280 2326 27.
2298 2302 2414 2335 cap-25..

1294 2325 1384 2354 obiter
1398 2323 1553 2354 admonens
1570 2335 1585 2354 a
1597 2325 1741 2355 nonnullis
1760 2326 1906 2356 Accubitas
1917 2328 2009 2357 vocari
2029 2335 2131 2366 genere·
2145 2331 2302 2362 foeminino.-
2339 2334 2370 2364 V.
2391 2337 2417 2365 ἃ

1266 2395 1270 2399 .
1292 2362 1371 2393 Fulv.
1384 2362 1472 2393 Ursin.
1487 2363 1613 2401 Append.
1625 2363 1660 2392 ad
1673 2363 1763 2393 Ciacc.
1780 2364 1815 2393 de
1826 2364 1942 2400 Triclin.
1955 2375 1983 2404 p.-
1995 2376 2059 2401 221.

1255 2402 1513 2434 ACCUBITALE,
1538 2400 1779 2433 V.cuarTA1.E.·
1959 2407 1963 2410 ’
1995 2434 1999 2436 .

1255 2441 1277 2474 A
1287 2450 1304 2469 c
1313 2449 1330 2469 c
1340 2449 1358 2468 u
1367 2442 1413 2468 Μῠ
1422 2450 1437 2467 L
1446 2449 1463 2467 o
1474 2461 1481 2474 ,
1504 2435 1612 2476 [¹193ssoe
1622 2459 1629 2469 ‚
1652 2437 1798 2475 καῶιπυεεύω
1809 2459 1827 2475 ι,
1837 2442 2004 2477 έπῡιεπυξειέω]
2025 2446 2079 2472 are.
2108 2436 2249 2482 aggerare.
2272 2440 2313 2476 Ad
2324 2450 2419 2478 curnu-

1294 2478 1353 2507 Ium
1365 2476 1470 2514 aliquid
1481 2477 1591 2506 addere.
1614 2477 1672 2506 Cic.
1685 2477 1720 2506 de
1731 2477 1802 2516 Lege
1816 2478 1873 2517 Agr.
1886 2489 1912 2508 2:
1931 2490 1974 2516 59.
2015 2480 2068 2510 Vix
2080 2481 2133 2517 jam
2145 2484 2255 2512 videtur
2268 2484 2346 2515 locus
2356 2486 2420 2522 effe,

1314 2517 1342 2545 ui
1354 2522 1446 2545 tantos
1455 2525 1567 2544 acervos
1579 2516 1705 2553 pecuniae
1717 2517 1823 2554 capiat,
1853 2524 1951 2555 auget,
1972 2517 2066 2555 addit,
2089 2520 2256 2550 accumulat.-

1294 2527 1408 2584 Caedem
1420 2553 1489 2582 caedi
1501 2553 1686 2583 accumulare.
1715 2553 1822 2584 Lucret.
1840 2555 1886 2584 lib.
1902 2565 1925 2590 3.
1939 2566 1983 2594 71.-

1375 2591 1514 2629 Sanguine
1529 2591 1604 2621 civili
1617 2602 1676 2621 rem
1690 2592 1830 2622 conflant:
1853 2593 2019 2631 divitiasque
2045 2624 2049 2626 ,

1376 2628 1586 2667 Conduplicant
1600 2630 1691 2665 avidi,
1711 2630 1817 2659 caedem
1831 2632 1906 2660 caede
1921 2631 2138 2664 accumulantes.
2249 2665 2254 2670 ,

1295 2668 1358 2698 Hoc
1370 2667 1416 2703 est,
1427 2667 1487 2697 Post
1497 2668 1604 2697 caedem
1613 2667 1822 2704 iinarii,alteram
1832 2673 1941 2707 quoque
1952 2670 2187 2706 edentes‚caedem
2196 2673 2265 2703 caedi
2276 2674 2417 2704 addentes.-

1296 2706 1404 2740 Causas.
1444 2705 1536 2735 Sabin.
1555 2706 1637 2745 Epist.
1651 2716 1674 2735 2.
1693 2710 1737 2743 63.
1836 2737 1851 2741 ..
1900 2710 1903 2712 '
1977 2738 1980 2741 A

1375 2744 1443 2779 Non
1456 2750 1551 2773 tamen
1565 2744 1665 2773 excuso
1680 2745 1785 2774 reditus
1796 2767 1804 2780 ,
1832 2745 1898 2774 licet
1911 2746 2038 2783 undique
2050 2747 2105 2777 fata

1413 2781 1599 2812 Accumulent
1612 2781 1712 2812 causas.
1735 2789 1861 2821 tempora
1872 2793 1953 2821 parva
1966 2791 2042 2822 peto.

1296 2820 1393 2851 Curas.
1430 2819 1513 2850 Ovid.
1530 2830 1571 2856 15‘.
1593 2820 1675 2858 Epist.
1688 2824 1731 2856 69.

1375 2858 1411 2888 Et
1424 2864 1555 2896 tanquam
1570 2859 1675 2894 delint,
1699 2869 1759 2896 quae
1773 2868 1817 2888 me
1833 2859 1888 2888 sine
1902 2859 1957 2890 fine
1972 2861 2097 2898 fatigent,-

1417 2896 1578 2926 Accumulat
1592 2906 1670 2926 curas
1683 2896 1739 2926 filia
1752 2907 1835 2935 parva
1848 2907 1931 2933 meas.
2025 2900 2027 2903 '

1297 2934 1442 2964 Honorem
1457 2934 1548 2964 alicui.
1587 2934 1670 2964 Ovid.
1684 2944 1708 2964 2.
1729 2935 1796 2964 Fast.
1816 2939 1876 2965 121'.

1377 2972 1453 3002 Dum
1468 2973 1593 3002 canimus
1607 2972 1693 3002 sacras
1707 2973 1813 3002 alterno
1827 2974 1938 3012 pectine
1952 2973 2059 3009 Norias‘,

1309 3042 1313 3045 ,
1414 3010 1556 3045 Maximus
1571 3010 1612 3040 his
1627 3011 1709 3041 Fastis
1724 3011 1914 3041 accumulatur
1930 3011 2028 3046 honos.

1297 3048 1479 3078 Accumulare
1492 3048 1613 3085 aliquem
1625 3049 1715 3080 donis.
1755 3050 1826 3086 Virg.
1839 3055 1864 3078 6.
1884 3049 1944 3079 AEn.
1959 3055 2021 3085 835.
2082 3079 2085 3083 A

1378 3086 1533 3124 Purpureos
1547 3086 1670 3124 spargam
1683 3087 1781 3116 flores:
1803 3088 1977 3124 animamque
1989 3087 2100 3125 nepotis

1310 3156 1313 3159 .
1378 3124 1428 3154 His
1442 3123 1537 3154 saltem
1551 3124 1726 3154 accumulem
1741 3125 1830 3155 donis.
1921 3155 1924 3158 ,
2132 3153 2138 3156 .
2159 3152 2162 3156 .

1297 3161 1479 3195 Accumulare
1490 3163 1575 3194 vitem
1584 3184 1592 3197 ,
1614 3163 1756 3198 arborem,
1778 3170 1826 3197 auAt
1841 3162 1946 3200 aliquid
1958 3161 2060 3197 ssmile3
2084 3160 2142 3195 Post
2154 3160 2284 3198 hyemem
2294 3168 2422 3200 aggerare

1316 3207 1417 3229 terram
1427 3206 1508 3238 atque
1518 3201 1741 3236 circuiisiindere,
1751 3202 1776 3231 δι
1786 3193 1871 3234 veluti
1882 3200 2094 3232 circummunire
2105 3199 2213 3228 arbores
2223 3199 2328 3237 optima
2341 3210 2420 3237 terra,

1317 3247 1353 3267 ne
1365 3238 1455 3267 calore
1474 3240 1561 3267 nimio
1580 3239 1685 3268 radices
1701 3239 1866 3268 exarescant.
1907 3238 2009 3275 Vulgus
2028 3237 2157 3274 gallicum
2173 3244 2253 3266 vocat
2272 3239 2422 3275 Rechausser.

1311 3275 1382 3316 ,Eius
1393 3277 1571 3312 contrarium,
1586 3276 1760 3314 Ablaqueare.
1784 3276 1851 3306 Plin.
1867 3276 1911 3305 lib.
1926 3286 1967 3312 ¹7-
1980 3285 2087 3312 φῆμις).
2110 3275 2189 3304 Idem
2199 3274 2297 3310 libas.
2309 3285 2419 3314 cap.29.

1298 3313 1479 3344 Accumulare
1492 3315 1648 3344 acervatim.
1678 3314 1786 3343 Lucret.
1803 3314 1850 3343 lib.
1864 3320 1890 3342 6.
1906 3319 1984 3342 1261.
2115 3342 2119 3343 ⁷
2289 3344 2292 3348 .

1260 3348 1331 3385 Ace
1340 3362 1388 3381 uri
1397 3363 1414 3381 υ
1425 3364 1465 3381 [Α
1476 3363 1494 3381 N
1504 3361 1532 3388 s,
1554 3354 1632 3382 antis.
1656 3352 1750 3382 Partic.
1773 3352 1839 3381 Plin.
1854 3352 1900 3380 lib.
1913 3363 1938 3386 4·
1953 3352 2013 3388 cap.-
2026 3352 2069 3386 13'.
2106 3349 2262 3380 Ventorum
2273 3350 2340 3380 flatu
2357 3361 2424 3380 con-⁷

1271 3421 1276 3426 .
1299 3391 1401 3427 geriem
1417 3395 1505 3419 are'nae
1522 3390 1767 3423 accumulantium.
1957 3418 1960 3419 .

1259 3428 1282 3457 A
1291 3438 1307 3457 c
1317 3438 1333 3457 c
1343 3438 1361 3457 υ
1370 3439 1390 3457 M
1400 3438 1416 3457 u
1425 3439 1440 3456 L
1450 3439 1466 3457 A
1477 3439 1495 3456 τ
1506 3440 1516 3454 i-
1527 3451 1534 3463 ,
1560 3429 1624 3457 Λᾶν,
1671 3441 1693 3451 —
1701 3425 1794 3465 goiim]
1819 3427 1875 3456 Cic.
1893 3428 1931 3460 13.
1949 3425 2022 3454 Fani.
2036 3434 2081 3460 42.
2115 3424 2187 3454 Cum
2199 3425 2313 3461 diceret,
2329 3427 2423 3455 omnia

1297 3469 1325 3495 te
1345 3466 1590 3502 accumulatissime
1609 3468 1635 3502 ἃ
1670 3466 1841 3495 iberalissime
1861 3463 2085 3501 proturatoribus
2102 3462 2155 3493 suis
2174 3460 2332 3502 pollicitum
2357 3465 2420 3493 else.

1273 3535 1277 3538 .
1299 3503 1423 3540 [Melius
1435 3505 1464 3537 in
1475 3505 1629 3533 emendatis
1641 3504 1723 3533 codd.
1741 3503 1839 3540 legitur
1849 3500 2076 3534 Cumulatillime.

1260 3542 1307 3575 Ac
1316 3551 1358 3571 cn
1368 3553 1388 3570 Μ
1398 3553 1415 3571 U
1424 3554 1439 3570 L
1448 3552 1467 3570 Α
1477 3552 1496 3570 Τ
1506 3552 1538 3571 10
1548 3565 1556 3576 ‚
1582 3543 1651 3571 onis,
1675 3537 1899 3577 [nabeo-alpem]
1929 3538 1997 3567 l'lin.
2012 3539 2059 3568 lib.
2075 3542 2116 3576 1'7.
2133 3548 2192 3576 cap.
2207 3543 2250 3568 26.
2291 3538 2423 3568 Commu-

1273 3610 1278 3614 .
1298 3580 1361 3616 nia,
1383 3579 1556 3618 ablaqueatio
1567 3602 1575 3615 ,
1597 3579 1790 3609 accumulario.
1828 3577 1868 3605 De
1882 3577 2012 3606 remediis
2023 3577 2152 3606 arborum
2166 3579 2294 3614 loquitur.

1262 3617 1308 3646 Ac
1317 3628 1334 3647 c
1344 3628 1389 3647 um
1399 3628 1416 3646 u
1427 3629 1442 3646 1.
1451 3629 1469 3646 A
1479 3628 1497 3646 ‘r
1506 3628 1522 3647 o
1533 3629 1548 3646 a
1558 3640 1565 3653 ,
1581 3618 1642 3646 s‘iris.
1663 3617 1727 3645 Tac.
1739 3618 1807 3644 Anu.
1818 3614 1864 3643 lib.
1873 3624 1895 3650 3.
1907 3625 1966 3652 cap.
1979 3625 2020 3649 30.
2033 3625 2058 3643 n.
2071 3624 2095 3643 2.
2118 3614 2212 3653 Opum
2223 3614 2421 3644 accumulaton

1260 3655 1283 3685 A
1292 3665 1334 3685 ος
1343 3666 1361 3684 U
1370 3666 1386 3684 R
1395 3666 1411 3684 0
1421 3674 1430 3691 5
1452 3654 1648 3692 [m.A.;;s.gAua4]
1677 3664 1728 3683 are.
1760 3652 1885 3686 Studiose
1897 3654 1922 3681 S:
1935 3652 2081 3689 diligenter
2094 3652 2198 3689 aliquid
2209 3652 2297 3681 facere
2313 3652 2364 3681 live
2377 3662 2426 3681 cu:

1298 3698 1364 3723 rare.
1397 3694 1454 3722 Cic.
1468 3693 1514 3722 lib.
1531 3703 1552 3721 1.
1573 3693 1722 3721 delnvent.
1739 3696 1780 3725 58.
1821 3688 1924 3719 Melius
1941 3694 2107 3724 accurantur
2123 3701 2182 3727 quie
2194 3690 2307 3719 comilis)
2324 3700 2425 3727 gerim:

1298 3736 1361 3768 tur,
1384 3741 1465 3768 quam
1478 3739 1538 3768 <iure
1548 3731 1602 3759 line
1614 3729 1726 3758 consilio
1739 3728 1969 3757 administrantur.
1999 3728 2084 3757 Plaut.
2097 3728 2164 3757 Pers.
2178 3739 2207 3764 4:
2225 3738 2247 3756 1.
2264 3738 2287 3756 1.

1379 3770 1407 3798 Si
1420 3779 1501 3805 quam
1513 3778 1569 3797 rem
1581 3777 1692 3796 accures
1707 3766 1794 3794 sobrie
1804 3782 1813 3800 ,-
1834 3775 1880 3795 aur
1891 3766 2041 3803 frugaliter,

1378 3806 1455 3836 Solet
1470 3805 1515 3834 illa
1530 3807 1601 3838 recte
1616 3804 1663 3833 sub
1678 3813 1776 3833 manus
1790 3803 1946 3838 succedere,
2075 3833 2078 3836 .

1313 3877 1315 3880 .
1381 3845 1466 3881 Atque
1478 3843 1586 3880 aedepol
1598 3843 1683 3871 ferme
1697 3850 1727 3870 ut
1741 3842 1856 3879 quisque
1867 3852 1925 3870 rem
1937 3846 2047 3875 accurat
2059 3840 2141 3870 suani.

1298 3883 1432 3912 Accurare
1446 3880 1573 3918 hospites.
1599 3880 1685 3909 Plaut.
1698 3880 1781 3918 Epiri.
1795 3890 1818 3915 5.
1835 3890 1855 3908 1.
1871 3891 1912 3914 ςς.
1955 3879 2095 3908 Remedio
2108 3880 2180 3907 intro
2190 3901 2196 3913 ,
2219 3881 2251 3907 ut'
2260 3880 2425 3908 aceure'ntut

1304 3920 1500 3954 Aadvenientes
1512 3918 1639 3956 hospites.
1682 3918 1713 3947 Id
1728 3921 1782 3951 eit,
1805 3917 1958 3952 Curentur,
1982 3919 2007 3946 St
2023 3921 2172 3945 tractentur
2188 3916 2339 3953 diligenter.

1297 3958 1456 3991 Prandium.
1484 3954 1569 3985 Plaut.
1584 3956 1661 3986 Men.
1678 3966 1700 3984 1.
1717 3966 1739 3991 3.
1755 3966 1800 3990 25·

1376 3994 1447 4030 Jube
1461 3994 1542 4023 nobis
1560 3994 1647 4023 tribus
1664 3994 1740 4040 apud
1758 4001 1785 4023 te
1802 3992 1951 4031 prandium
1967 3993 2125 4022 accurarier.
2302 4018 2317 4024 ,,
2366 4018 2372 4022 .
2408 4030 2411 4031 .

1844 4030 1864 4059 E
2296 4026 2420 4061 Perisum,
