2604 4222
136 107 208 145 592
609 83 907 124 cOM

188 179 256 209 urbe
267 176 407 216 profectus
416 174 454 204 est
463 196 471 210 ,
487 174 538 204 διε.
559 171 680 210 pertinet
691 170 717 199 ἃ
731 169 766 197 ad
777 167 918 197 Tribunos
928 162 1048 205 militum
1060 182 1068 194 ‚
1089 160 1116 189 &
1125 157 1280 202 praefectos,

192 219 218 247 i&
229 216 346 245 comites
357 213 537 251 Legatorum,
558 210 605 247 qui
619 209 654 238 ad
671 207 794 236 aerarium
810 204 913 236 delati,
934 208 981 230 aut
1000 209 1028 228 in
1050 204 1284 241 commentarium

190 254 325 293 principis
333 252 409 281 relati
421 250 490 280 sunt.
531 246 629 277 Sensus
639 245 676 275 est
689 266 696 279 ,
718 251 748 273 ut
758 243 818 272 vult
829 243 865 270 ibi
876 241 992 270 Budaeus
1005 259 1013 272 ,
1033 235 1174 278 Tribunos
1186 256 1194 269 ,
1207 235 1285 278 ⁴Prte-

190 291 330 328 fedtosque
341 290 462 318 militum
474 310 482 321 ,
502 294 652 320 eorumque
662 283 789 311 omnium
799 279 961 309 comitatum
972 298 979 309 ,
1002 276 1061 317 noh
1072 273 1152 302 ahter
1165 271 1284 314 Reipub.

192 330 273 360 causa
286 327 376 358 abesse
385 325 489 356 censeri
499 347 507 359 ,
529 332 609 361 quani
623 322 639 350 si
649 322 679 349 in
689 321 749 348 arta
760 318 844 347 aerarii
861 326 920 351 quae
941 313 1053 357 publica
1067 311 1131 355 sunt
1143 332 1150 344 ‚
1171 318 1218 352 aut
1232 318 1287 346 pri-

191 375 286 398 vatum
300 363 530 395 commentarium
546 359 680 400 principis
691 356 851 386 referendos
863 354 889 382 se
904 356 1045 386 curarint,
1066 349 1097 378 id
1107 348 1145 378 est
1157 347 1288 384 registi-an-

192 407 232 433 das
244 412 273 434 ut
286 404 369 439 vulgo
382 403 510 431 dicimus.
861 429 866 435 ,

175 443 311 479 Regerere
323 441 461 477 aliquidin
472 434 693 467 commentarios.
716 429 835 468 Quintil.
849 428 897 458 lib.
911 436 938 457 2.
954 436 1022 470 cap..
1032 434 1075 454 11.

175 481 305 518 Reperire
316 478 420 513 aliquid
433 477 460 505 in
473 472 678 504 commentariis
687 470 812 504 alicujus.
834 467 893 496 Cic.
911 475 935 495 1.
953 464 1072 530 PhiliprE).
1088 471 1115 506 ᾳ.

175 518 302 549 Scribere
312 514 541 546 commentarios,
563 511 638 540 idem
647 508 721 545 quod
734 506 887 536 Conficere.
926 503 995 532 Plin.
1006 512 1038 545 7..
1067 499 1127 538 pist.
1139 507 1196 542 19..
1206 497 1289 534 Quae-

195 564 273 586 rente
294 554 438 584 minaciter
458 550 558 580 Mettio
582 548 651 577 Caro
660 568 667 581 ,
688 555 723 575 an
746 542 884 581 rogass‘et‘?
909 539 1053 579 respondit
1065 560 1073 574 ,
1093 537 1206 575 Rogavi.
1248 537 1289 564 An

195 592 411 623 commentarios
421 589 554 626 scripturo
563 584 694 619 dedisset,
714 583 795 612 Dedi.
814 583 865 611 διο.

175 632 300 662 Scribere
311 627 524 658 commentarios
534 633 623 653 rerum
631 622 746 652 suarum.
768 620 826 649 Cic.
840 619 876 647 de
886 616 955 647 Clar.
967 616 1044 645 Orat.
1056 617 1122 643 261.

175 670 309 707 Superare
317 666 478 696 memoriam
488 670 627 692 recentem
637 660 792 697 aliquorum
802 655 974 686 coiiientario
983 653 1040 682 suo.
1049 651 1161 687 Cic.pro
1171 646 1288 683 Sull.45.

176 707 302 743 Tangere
312 705 405 733 locum
415 702 535 738 aliquem
547 700 665 728 breviter
675 698 703 725 in
715 695 932 726 commentariis.
958 692 1016 721 Cic.
1031 699 1055 727 3.
1068 688 1125 720 Off.
1138 693 1164 722 8.

176 744 292 773 Volvere
301 740 516 772 commentarios
525 737 650 772 alicujus.
673 736 727 764 Liv.
748 743 772 769 3.
1031 766 1036 771 ι
1161 763 1166 768 .
1182 762 1187 768 .

139 781 161 812 C
171 792 186 811 o
196 793 216 811 M
225 793 245 810 M
257 791 270 809 iz
280 790 298 809 N
309 790 328 808 >r
339 791 357 808 A
367 789 381 807 r.
393 790 401 806 1
412 782 428 807 ὁ
440 789 456 806 r.
468 787 485 805 υ
498 787 537 810 M,
560 776 578 803 i.
601 784 628 803 n.
651 769 864 809 [νὶπμινιμρίπον]
886 768 983 796 dimin.
1006 765 1065 795 Cic.
1082 773 1106 792 1.
1118 762 1288 804 Philipp.16.

174 822 214 849 An
226 820 253 847 in
265 815 500 847 commentariolis
511 817 536 843 ok
547 810 735 847 chirographis
747 811 771 838 Sc
786 806 897 841 libellis,
916 806 941 834 se
957 815 1014 834 uno
1023 803 1136 832 auclore
1155 799 1267 837 prolatis
1280 819 1288 830 ,

175 867 208 886 ac
223 867 257 885 ne
268 854 381 891 prolatis
392 854 505 891 quidem
515 874 523 887 ,
546 850 591 879 sed
601 847 796 878 tantummodo
805 846 898 879 dietis,
911 846 969 873 acta
978 841 1086 871 Caesaris
1098 839 1175 881 firma
1185 843 1265 878 erunt
1274 835 1288 863 ἶ)

175 905 235 932 quae
247 894 292 922 ille
303 895 328 921 in
341 903 375 921 πε
388 891 502 924 incidit,
526 890 553 916 in
565 897 619 923 quo
631 883 813 924 populijuffa,
836 879 1117 920 perpetuasqueleges
1127 877 1180 905 elle
1188 874 1289 919 yolum

174 942 225 971 pro
238 931 325 960 nihilo
335 929 507 958 habebuntur
519 928 532 955 ⁶?
555 925 603 955 His
620 925 709 954 verbis
722 923 821 951 Cicero
839 919 981 956 fignificat,
1004 917 1227 957 Commentarios
1238 920 1292 948 pri-

173 978 263 999 vatam
272 968 325 998 effe
338 967 516 996 memoriam:
541 964 604 992 Acta
617 970 709 991 autem
723 960 824 990 debere
834 958 887 987 effe
903 957 1036 986 memoria
1047 953 1162 992 publica
1171 952 1267 980 testata
1280 970 1289 984 ,

175 1018 235 1044 qua:
246 1008 272 1035 in
285 1007 378 1035 aerario
393 1003 446 1033 effe
457 1001 591 1031 solebant.
620 1000 742 1028 Budaeus.
1003 1030 1009 1036 ·

173 1045 326 1074 Perfectum
336 1043 412 1071 omni
425 1042 529 1070 ratione
540 1035 810 1067 commentariolum.
833 1033 890 1062 Cic.
902 1033 937 1061 de
951 1031 1031 1060 Petit.
1050 1027 1130 1058 Coris.
1144 1037 1190 1062 45.

175 1082 366 1112 Profitentium
377 1076 614 1109 commentariolis
625 1075 729 1110 aliquid
743 1073 882 1109 vulgatum
893 1070 953 1098 elle.
968 1067 1087 1104 Quintil.
1100 1066 1147 1094 lib.
1161 1076 1181 1093 i.
1195 1073 1287 1100 caps.

137 1119 161 1149 C
170 1130 186 1149 o
198 1132 216 1148 Μ
227 1131 246 1148 Μ
258 1129 271 1147 iz
282 1129 300 1147 N
309 1128 328 1147 'r
338 1129 354 1146 A
366 1128 380 1146 Ρ.
390 1129 398 1145 1
409 1126 451 1145 RN
462 1126 473 1145 s
484 1127 491 1143 1
503 1125 515 1144 s
524 1137 531 1149 ,
554 1115 583 1143 is.
608 1123 643 1142 m.
668 1112 724 1148 Qui
738 1112 765 1139 in
783 1107 1015 1138 commentarium
1034 1104 1171 1134 custodias
1191 1101 1288 1134 refert,

175 1160 202 1187 ἃ
213 1157 298 1186 veluti
309 1156 427 1184 diarium
439 1153 623 1183 custodiarum
635 1149 755 1179 coniicit.
778 1147 904 1177 Budaeus.

174 1193 436 1225 commentariensis
449 1214 457 1226 ,
479 1201 528 1228 pro
541 1189 658 1218 Custode
667 1197 697 1216 :ic
709 1186 839 1222 praefeclo
854 1182 968 1212 carceris
979 1200 987 1212 ,
1008 1180 1055 1217 qui
1072 1180 1227 1209 vinitorum
1242 1185 1291 1204 no-

194 1233 307 1263 minain
319 1230 536 1261 commentario,
558 1228 586 1255 id
605 1225 747 1255 estlibello
758 1222 909 1260 perscribit.
950 1220 1040 1256 Impp.
1059 1217 1075 1246 l.
1088 1228 1114 1252 4.
1145 1216 1175 1245 C.
1192 1216 1227 1258 de
1246 1223 1291 1242 cu—

194 1271 264 1300 stod.
281 1280 349 1299 reor.
375 1268 415 1297 Ad
426 1264 701 1296 commentariensem
712 1269 886 1299 receptarum
902 1258 1082 1296 personarum
1104 1254 1227 1284 custodia
1243 1251 1292 1280 ob-

195 1308 367 1343 servatioque
378 1306 521 1343 pertineat.
552 1304 602 1332 &o
630 1301 742 1330 norom.
1127 1330 1132 1335 ¹

176 1344 435 1376 commentariensis
446 1365 454 1377 ,
475 1351 525 1378 pro
535 1339 683 1369 Tabulario
696 1338 748 1367 sive
760 1334 897 1368 actuario,
919 1333 966 1370 qui
978 1331 1103 1371 publicas
1114 1329 1219 1358 litteras
1230 1337 1290 1365 per-

195 1384 378 1418 scribitatque
389 1379 507 1410 asservat.
531 1378 628 1407 Paulus
640 1375 696 1405 inl.
710 1385 753 1409 4ς.
768 1375 789 1411 §.
804 1377 828 1402 6.
844 1372 878 1402 D.
890 1372 988 1407 dejur.
999 1370 1053 1398 iisc.
1077 1368 1196 1404 Quoties
1216 1365 1291 1402 apud

194 1422 290 1451 fiscum
304 1421 406 1457 agitur,
429 1419 553 1448 ac‘torum
563 1414 679 1452 potestas
690 1411 853 1450 postulanda
864 1410 903 1440 est
911 1432 920 1445 ,
942 1416 972 1438 ut
982 1407 1082 1437 merito
1093 1407 1125 1435 iis
1136 1406 1176 1434 uti
1186 1404 1268 1434 liceat
1281 1412 1288 1431 :

194 1468 281 1496 eaque
293 1467 376 1486 manu
389 1452 638 1485 commentariensis
648 1450 808 1480 adnotanda
823 1448 892 1478 sunt.
918 1447 1103 1476 Hotomanus.

176 1493 473 1526 Comnientarienfisin
485 1491 581 1521 Castris
593 1496 664 1524 erat,
686 1489 742 1525 Qui
752 1487 882 1522 obsequia
895 1484 1015 1514 rnilitum
1027 1505 1033 1517 ,
1055 1480 1196 1515 excubias,
1215 1488 1292 1509 com-

194 1533 354 1570 meatusque
369 1534 393 1562 &
404 1531 456 1560 alia
475 1528 634 1565 hujusmodi
651 1528 680 1556 in
699 1523 914 1555 commentarios
931 1521 1074 1551 referebat.
1098 1519 1190 1556 Veget.
1206 1527 1232 1546 2.
1246 1527 1288 1551 19.

193 1571 325 1601 Asconius
338 1571 367 1599 in
382 1579 446 1599 eum
462 1568 554 1596 locum
577 1566 633 1594 Cic.
648 1574 672 1600 3.
683 1564 757 1594 Verr.
774 1572 818 1600 71.
847 1560 982 1591 Accensus
997 1557 1133 1591 Neronis,
1155 1554 1291 1585 Accensus

193 1609 325 1646 (inquit)
345 1616 448 1636 nomen
455 1605 494 1634 est
507 1604 629 1637 ordinis,
651 1600 870 1639 &promotionis
882 1599 911 1627 iri
921 1597 1018 1627 militia
1028 1618 1037 1631 ,
1058 1601 1089 1625 ut
1104 1604 1180 1624 nunc
1191 1593 1291 1622 dicitur

194 1646 336 1683 Princeps,
350 1645 393 1674 vel
403 1640 671 1675 Commentariensis,
681 1647 726 1669 aut
737 1637 950 1669 Cornicularius.
973 1635 1039 1665 Haec
1048 1633 1126 1663 enim
1132 1632 1246 1661 nomina
1256 1630 1292 1659 de

193 1684 353 1721 Legionaria
366 1681 577 1718 militiasumpta
590 1678 661 1707 sunt.

138 1723 161 1753 C
170 1732 186 1752 o
194 1733 215 1751 M
226 1732 247 1750 M
258 1732 266 1749 1
277 1731 296 1749 N
307 1732 314 1749 1
324 1731 335 1750 s
344 1730 363 1749 T
371 1731 387 1749 R
396 1730 412 1749 0
423 1741 431 1754 ,
452 1715 592 1755 [ὕπεξγὲω
605 1738 614 1751 ‚
635 1714 760 1751 ὐπηρεπῗ]
780 1716 835 1742 are.
858 1711 935 1741 Idem
948 1709 1023 1747 quod
1033 1708 1199 1738 Ministrare.
1220 1705 1291 1735 Plin.

175 1760 224 1789 lib.
235 1764 278 1792 28.
292 1768 351 1796 cap.
362 1763 388 1791 8.
410 1757 497 1794 Super
505 1755 599 1784 onmia
609 1754 663 1788 est,
684 1752 760 1789 quod
771 1758 924 1780 extremam
939 1746 1184 1778 fistulamintestini
1195 1752 1293 1773 contra

175 1798 281 1826 ducum
291 1806 322 1825 ac
331 1795 495 1833 potestatum
508 1792 666 1829 iniquitates
678 1789 907 1819 comministrant.
948 1785 1161 1816 Emendatiores
1179 1782 1292 1811 codices

176 1835 274 1873 legunt
283 1833 514 1863 Commonstrant.
537 1830 569 1859 V.
591 1828 724 1859 Harduin.
742 1825 801 1856 inl.
822 1826 957 1863 Loquitur
972 1823 1007 1853 de
1017 1822 1166 1852 medicinis
1174 1830 1210 1850 ex
1220 1820 1293 1857 hyae-

176 1883 212 1902 na
221 1894 229 1907 ,
251 1881 285 1900 ex
297 1871 431 1909 opinione
442 1869 598 1906 Magorum.

139 1911 161 1941 C
171 1921 188 1940 ο
199 1921 219 1939 Μ
227 1920 248 1938 Μ
257 1911 268 1937 ἵ
277 1918 296 1937 Ν
306 1919 322 1937 0
331 1918 347 1937 ir
357 1930 366 1943 ,
387 1906 532 1944 [ἀπωλέω]
554 1905 603 1934 ari.
625 1904 703 1933 Idem
719 1901 794 1939 quod
806 1899 916 1934 Minati,
936 1898 981 1928 vel
990 1897 1076 1927 Valde
1085 1896 1194 1926 minari.
1214 1895 1290 1924 Suet.

177 1949 207 1977 in
217 1946 281 1976 Caes.
291 1956 350 1983 cap.
363 1949 407 1975 62.
417 1945 454 1974 Ut
462 1943 589 1981 aquilifer
597 1941 715 1971 moranti
727 1940 753 1969 se
762 1938 876 1976 cuspide
886 1937 917 1966 sit
928 1937 1121 1966 comminatus.
1135 1934 1290 1970 Liv.10.39.

176 1984 380 2015 Comminando
391 1982 486 2020 magis,
506 1990 587 2018 quain
599 1978 744 2008 inferendo
755 1986 891 2015 pugnam,
902 1975 961 2004 dies
968 1973 1167 2005 absumebatur.

140 2024 162 2054 C
172 2034 188 2052 0
198 2033 264 2052 MMi
276 2032 294 2050 N
304 2031 320 2050 o
332 2043 339 2056 ,
360 2025 413 2051 are.
436 2019 516 2057 Apul.
529 2017 620 2048 Miles.
635 2027 660 2054 7.
686 2026 750 2054 pag.
763 2024 825 2050 192.

142 2062 217 2091 CoM
228 2070 265 2088 Mi
275 2068 370 2088 NATU
381 2069 393 2088 s
404 2081 412 2093 ,
433 2056 498 2096 pass.
521 2056 607 2086 Idem.

142 2098 294 2129 C0MM1N
307 2104 505 2129 AnuNnus,
527 2094 584 2130 Adj.
607 2092 694 2122 Idem.

142 2137 217 2167 Com
228 2146 248 2163 M
258 2146 265 2163 ι
275 2144 294 2163 Ν
304 2144 321 2162 A
331 2143 350 2162 T
359 2145 368 2162 1
378 2144 395 2162 0
404 2156 412 2168 ‚
443 2133 513 2161 (mis,
536 2131 555 2161 f,
584 2132 598 2166 [
611 2127 755 2163 ἀπείλησας]
787 2124 856 2156 Plin.
877 2125 927 2155 lib.
942 2130 969 2160 8.
998 2134 1058 2162 cap.
1071 2133 1117 2160 45.
1158 2122 1214 2153 Sed
1233 2127 1293 2152 tota

180 2172 360 2204 comminatio
373 2171 510 2209 prioribus
529 2169 558 2197 in
570 2169 688 2206 pedibus
704 2167 753 2195 stat
767 2186 775 2200 ,
796 2165 834 2193 ira
846 2164 979 2202 gliscente
994 2163 1115 2191 alternos
1137 2160 1291 2198 replicans,

178 2211 359 2248 spargensque
368 2210 397 2238 in
408 2209 495 2238 altum
508 2216 619 2237 arenam
629 2227 639 2241 ‚
660 2207 686 2235 ἃ
696 2204 770 2234 solus
783 2203 947 2232 animalium
962 2210 997 2230 eo
1015 2200 1125 2229 stimulo
1138 2199 1290 2229 ardescens.

176 2249 436 2321 lpasbiiilsldiicumagi
446 2283 480 2313 ad
492 2288 574 2312 nutus
585 2277 871 2315 comminationesque
887 2275 1050 2307 Hannibalis
1065 2273 1230 2312 flagitiosum
1242 2273 1292 2303 du-

196 2324 285 2353 cebat.
308 2323 363 2351 Liv.
376 2328 419 2351 26.
435 2327 462 2355 8.

176 2361 317 2392 Orationis
327 2358 508 2390 comminatio
517 2363 647 2393 tanquam
661 2363 798 2385 armorum
809 2353 844 2383 ad
860 2352 938 2382 usum
956 2351 1003 2380 est.
1044 2350 1102 2379 Cic.
1118 2358 1142 2386 3.
1163 2350 1198 2378 de
1211 2349 1289 2378 Orat.

197 2410 261 2434 ²04-
284 2398 423 2427 Orationis
435 2403 528 2426 autem
541 2395 622 2433 ipsius
631 2402 760 2430 tanquam
775 2400 912 2421 armorum
923 2390 975 2423 est,
1002 2388 1046 2418 vel
1067 2388 1104 2417 ad
1122 2387 1198 2417 usum
1215 2396 1292 2416 com-

193 2437 308 2466 minatio
319 2438 344 2465 81
356 2435 428 2472 quasi
439 2434 538 2472 petitio
552 2455 560 2468 ,
581 2432 624 2462 vel
633 2433 666 2460 ad
676 2430 845 2460 venustatem
855 2428 911 2465 ipsa
924 2427 1058 2457 tractatio.

177 2472 450 2504 Coniminationibus
460 2472 610 2508 reprimere
622 2470 735 2498 hostem.
774 2468 850 2497 Suet.
861 2466 955 2496 Tiber.
966 2473 1027 2502 cap.
1041 2473 1084 2501 37.
1112 2462 1202 2500 Reges
1214 2471 1290 2491 com·

196 2511 392 2541 minationibus
403 2510 499 2546 magis,
518 2517 599 2546 quam
608 2508 634 2536 vi
646 2505 777 2544 repressit.

140 2552 186 2581 Co
198 2560 246 2579 MM
258 2560 266 2577 1
277 2558 295 2578 N
307 2551 322 2577 A
332 2558 351 2576 ’1-
362 2558 378 2576 o
388 2557 404 2576 a
415 2567 422 2580 ‚
446 2547 509 2576 oris.
529 2543 703 2575 m.Tertu11.

140 2589 466 2619 CoMMiNATivus,
488 2583 549 2619 Adj.
571 2583 657 2612 Idem.

140 2628 246 2657 CoMM
259 2633 368 2657 iNuo‚
389 2622 433 2655 ui.
453 2624 550 2656 situm,
570 2618 717 2655 [συνπίὲω.
737 2617 830 2653 μείω]
850 2617 904 2645 ere.
926 2613 1004 2645 Idem
1019 2613 1093 2652 quod
1113 2613 1241 2643 Minuere
1260 2612 1290 2641 li·

175 2662 297 2700 gnificat.
339 2660 406 2690 Plin.
425 2659 471 2688 lib.
482 2669 527 2687 20.
540 2668 600 2695 cap.
616 2668 642 2692 4.
662 2656 747 2686 Sativi
758 2665 821 2684 vero
832 2654 942 2684 decocti
955 2676 962 2689 ‚
983 2662 1065 2682 mane
1076 2652 1137 2690 poti
1148 2652 1183 2680 ad
1196 2657 1290 2680 ternos

175 2700 290 2737 cyathos
305 2719 313 2733 ,
334 2697 565 2727 comminuunt&
579 2695 695 2729 ejiciunt
704 2693 834 2723 calculos.

175 2736 328 2768 Deturbiire
339 2757 346 2770 ,
368 2735 487 2771 affligere
498 2754 506 2767 ,
532 2733 720 2762 comminuere
733 2752 742 2766 ,
762 2730 888 2767 dissipare
901 2728 1014 2765 aliquid.
1037 2727 1095 2756 Cic.
1108 2726 1137 2755 in
1150 2726 1287 2760 Pison.93.

195 2775 239 2806 Illi
256 2781 347 2802 autem
357 2773 470 2802 statuam
483 2772 557 2799 istius
569 2769 731 2807 persimilem
741 2790 748 2804 ,
769 2769 874 2804 (quam
896 2767 963 2795 stare
981 2765 1162 2795 celeberrimo
1176 2765 1205 2792 in
1224 2761 1288 2792 loco

195 2812 338 2846 voluerat,
359 2820 394 2839 ne
405 2808 547 2838 suaviilimi
560 2807 679 2836 hominis
691 2806 824 2836 memoria
835 2811 986 2833 moreretur
996 2805 1019 2839 ‚)
1038 2801 1203 2837 deturbant,
1220 2801 1289 2830 affli-

197 2855 283 2887 gunt,
304 2848 519 2881 comminuunt,
540 2845 678 2882 dillipant.

177 2888 309 2923 Frangere
322 2887 347 2915 &
361 2886 550 2914 comminuere
562 2883 692 2919 aliquem.
732 2880 791 2910 Cic.
804 2890 828 2909 2.
840 2878 898 2908 Off.
914 2888 960 2912 4ο.
983 2878 1061 2916 Opes
1072 2876 1169 2906 habuit
1180 2878 1205 2905 &
1218 2875 1289 2904 mul-

195 2933 223 2955 to
236 2925 351 2959 majores
361 2923 478 2951 Viriatus
490 2921 631 2950 Lusitanus
642 2942 648 2954 ‚
664 2921 716 2948 διε.
737 2927 819 2955 quem
829 2917 859 2946 C.
874 2915 972 2945 Laelius
981 2938 988 2950 ,
1008 2917 1031 2945 is
1042 2915 1088 2953 qui
1098 2914 1204 2952 sapiens
1215 2913 1289 2942 usur-

196 2969 292 3001 patur,
314 2962 412 2990 Praetor
428 2959 544 2993 fregit&
564 2957 746 2991 comminuit,
767 2956 994 2990 ferocitatemque
1014 2955 1072 2989 ejus
1085 2953 1124 2981 itii
1144 2951 1289 2990 reprelik,

196 2999 312 3030 utfacile
325 2998 427 3027 bellum
439 2997 549 3032 reliquis
561 2995 688 3024 traderet.

179 3037 293 3066 Avaritia
302 3058 309 3070 ,
331 3035 497 3065 comminuit
510 3041 591 3071 atque
602 3032 687 3062 violat
697 3029 828 3060 officium.
851 3028 909 3058 Cic.
922 3037 972 3066 pro
984 3027 1082 3064 Quint.
1092 3030 1138 3057 26.

179 3075 288 3104 Pondus
302 3073 404 3111 argenti
417 3073 618 3102 comminuere.
641 3070 707 3099 Hor.
723 3078 745 3097 1.
756 3069 842 3096 Serm.
857 3076 879 3094 1.
891 3075 935 3101 43.

258 3111 332 3148 Quid
346 3112 417 3145 iuvat
433 3108 596 3138 immensum
610 3116 637 3136 te
648 3106 753 3143 argenti
769 3104 895 3143 pondus,
918 3105 942 3132 &
953 3102 1011 3131 auri

259 3149 362 3178 Furtim
375 3147 478 3177 defossa
489 3147 618 3176 timidum
627 3145 768 3182 deponere
781 3142 871 3171 terra?

259 3186 342 3223 Quod
357 3185 372 3213 si
388 3186 561 3214 comminuas
573 3206 580 3219 ‚
601 3183 685 3212 vilem
699 3181 835 3217 redigatur
845 3179 880 3208 ad
891 3177 983 3208 assem.

181 3224 255 3253 Vires
266 3224 368 3258 inuenii
381 3223 579 3251 comminuere.
602 3221 685 3249 Ovid.
701 3229 725 3255 3.
738 3219 774 3247 de
786 3218 862 3246 l'ont.
875 3225 899 3251 3.
912 3226 955 3251 34.

179 3261 316 3298 Lacrymis
328 3260 490 3289 comminui.
512 3261 563 3288 i.e.
587 3259 681 3295 Frangi
696 3279 702 3291 ,
724 3256 818 3290 flecti,
839 3254 965 3291 mitigari.
986 3251 1069 3281 Ovid.
1082 3260 1107 3288 3.
1127 3250 1210 3289 Epist.
1225 3259 1286 3289 134.

180 3298 349 3327 Comminuti
361 3309 388 3326 re
399 3297 533 3326 familiari.
557 3296 615 3325 Cic.
633 3307 658 3330 4.
678 3296 730 3324 Att.
743 3302 768 3329 ι.

182 3335 362 3364 Commiiiiitze
378 3345 445 3371 opes
456 3337 480 3363 Sc
492 3333 630 3370 depreffie.
653 3332 711 3361 Cic.
725 3341 750 3367 7.
766 3330 839 3359 Verr.

144 3372 166 3402 C
175 3382 191 3401 o
201 3384 221 3400 Μ
231 3384 250 3400 Μ
261 3383 267 3399 1
279 3382 297 3399 N
308 3383 323 3400 υ
335 3382 347 3399 ii
357 3382 375 3400 N
388 3383 404 3400 0
416 3382 431 3399 υ
443 3382 454 3400 s
465 3394 472 3404 ,
493 3371 697 3406 [συισςιπἹὲΘι]
718 3369 813 3398 Partic.
837 3365 920 3396 Ovid.
936 3364 971 3394 de
983 3363 1133 3394 Medicam.
1146 3364 1197 3394 fac.
1210 3372 1255 3401 72.

273 3410 390 3444 Utraque
402 3409 445 3437 sex
456 3410 554 3437 habeat
562 3418 639 3445 zeqiio
648 3407 805 3436 discrimine
814 3405 895 3433 libras
906 3426 914 3438 ,

326 3447 443 3482 Utraque
455 3448 489 3474 da
501 3447 583 3482 nigris
592 3444 809 3474 comminuenda
817 3441 907 3471 molis.

145 3483 168 3512 C
178 3493 194 3511 o
204 3493 222 3511 M
233 3493 251 3511 M
261 3493 269 3511 1
278 3492 296 3511 Ν
307 3493 322 3511 υ
334 3494 352 3511 ’1-
363 3496 368 3511 i
378 3495 396 3511 M
409 3506 416 3517 ,
438 3485 503 3512 Adv.
527 3484 600 3520 ripic.
614 3495 639 3517 4.
651 3494 676 3517 4.
699 3481 900 3511 Comniiiiutim
909 3477 1028 3507 concisa.

146 3522 363 3553 CoMMiNus,
386 3522 414 3548 V.
438 3530 613 3549 ‹.oMiNus.

146 3558 386 3589 commisero,
408 3558 521 3590 miscui,
548 3559 656 3585 mistum
672 3558 697 3585 st
713 3557 847 3589 mixtum,
876 3549 1084 3589 [avfzeederaeo
1106 3550 1285 3587 murmur]

183 3597 236 3623 Ere.
261 3594 335 3636 Ideni
350 3597 423 3630 quod
436 3595 604 3623 Permiscere.
643 3594 725 3622 l'l.iiit.
743 3593 809 3622 Pers.
823 3603 844 3621 1.
860 3601 883 3626 3.
896 3601 921 3627 7.
944 3589 1101 3619 Conimisce
1118 3588 1245 3618 mulsum.

181 3632 365 3660 Commilceri:
377 3631 477 3665 aliquid
490 3643 552 3660 cum
564 3632 658 3660 altero.
682 3631 764 3659 i'laut.
780 3630 849 3658 Rud.
866 3641 891 3658 2.
906 3633 932 3658 ⁶.
947 3638 970 3664 3.

262 3669 329 3710 Nam
344 3669 359 3695 s:
375 3669 434 3703 quis
446 3671 511 3705 quid
528 3680 591 3698 cum
607 3679 640 3697 eo
652 3669 690 3696 rei
705 3667 887 3697 commiscuit.
970 3665 987 3694 i.
1000 3675 1023 3694 e.
1045 3664 1074 3696 Si
1094 3664 1162 3704 quid
1180 3663 1285 3701 negotii

199 3705 236 3734 est
247 3706 392 3733 altericum
404 3715 443 3732 eo.

179 3742 363 3784 Commiscere
374 3742 514 3770 confilium
524 3753 586 3771 cum
597 3743 696 3779 aliquo.
738 3742 819 3771 Plaiit.
835 3741 892 3770 Mil.
907 3748 933 3768 2.
950 3750 973 3772 ς.
990 3743 1035 3773 68.

261 3780 314 3812 bigo
325 3779 392 3806 abeo
404 3790 417 3806 a
432 3786 458 3806 tc
469 3801 476 3811 ,
498 3781 607 3814 nequid
620 3789 711 3808 tecum
722 3780 827 3808 coniilii
839 3778 1042 3808 commisceam.

180 3816 287 3853 Corpus
303 3816 488 3844 commiscere.
522 3819 577 3844 Cic.
592 3828 614 3845 2.
627 3819 661 3845 de
679 3822 733 3845 xlar.
749 3819 825 3845 Deor.
846 3822 903 3847 infe.
928 3816 1036 3843 Deinde
1056 3819 1145 3851 pai-tes
1157 3814 1283 3851 corporis

199 3856 224 3882 ὁὶ
235 3854 269 3896 ad
281 3854 479 3894 procreandum
492 3874 498 3884 ,
519 3855 542 3881 ξι
554 3854 587 3881 '.id
603 3855 817 3890 concipiendum
828 3853 985 3889 apollini-c,
1007 3854 1032 3881 δέ
1055 3853 1084 3881 in
1100 3861 1194 3888 mare,
1216 3853 1242 3882 δι
1254 3852 1285 3882 ln

198 3891 301 3921 femma
311 3889 576 3920 commilecndorum
588 3901 734 3927 corporum
745 3893 818 3920 mitae
833 3890 970 3921 libidines.

1811 71 1840 105 C
1935 72 1969 106 O
2068 71 2106 108 M

1377 154 1424 190 Jus
1434 151 1596 183 accusatoris
1609 160 1673 180 cum
1684 151 1742 187 jure
1750 151 1900 181 testimonii
1912 152 2100 184 commiscere.
2112 153 2226 184 Au&.ai
2234 153 2355 183 Herenn.
2366 151 2492 193 lib.4.47,

1341 192 1388 222 Co
1397 204 1418 221 M
1429 204 1448 220 M
1459 203 1466 220 i
1477 201 1489 220 s
1500 201 1541 219 ‘ru
1553 200 1565 218 s
1574 212 1582 223 ‚
1605 193 1629 218 ὅ(
1651 189 1672 217 C
1682 199 1698 218 0
1707 200 1726 217 M
1738 201 1755 217 Μ
1767 200 1775 217 1
1786 200 1805 218 x
1815 200 1834 218 *r
1845 200 1860 218 u
1870 200 1892 224 s,
1916 192 2089 226 [σψμιχθὲις
2103 192 2117 226 ]
2139 192 2234 221 Partic.
2257 191 2367 229 Legitur
2383 198 2499 231 utroque

1378 230 1465 260 modo
1477 251 1485 265 ‚
1507 228 1554 258 sed
1564 226 1726 270 plerumque
1738 227 1921 257 Commixtus.
1945 228 2014 265 Vir-g.
2031 238 2053 263 3.
2069 229 2131 258 AEn.
2146 233 2210 265 632.

1539 281 1574 285 ———
1586 264 1686 293 samem
1698 266 1825 293 eructans
1835 288 1843 300 ,
1864 275 1895 294 ac
1907 266 1987 295 frusta
1999 273 2115 295 cruento

1460 303 1510 333 Per
1526 302 1652 332 somnum
1668 303 1818 331 commixta
1829 313 1914 332 mero,

1631 355 1667 358 -
1678 340 1782 377 primus
1798 341 1831 368 ad
1843 350 1919 370 auras

1462 377 1606 411 AErheriaS,
1618 376 1688 406 Italo
1699 379 1867 407 commixtus
1878 378 2018 415 sanguine,
2032 377 2120 414 surget

1995 303 2075 333 Idem
2091 307 2117 333 6.
2132 303 2194 335 IEn.
2213 307 2277 341 762.

2231 379 2340 409 Silvius.

1382 418 1404 448 F
1406 427 1486 446 umus
1497 417 1524 444 in
1534 424 1612 444 auras
1623 416 1790 444 commixtus
1801 421 1901 445 tenues
1909 415 1978 453 fugit
1989 416 2102 447 diversa.
2132 417 2152 446 i.
2167 426 2191 447 e.
2214 416 2263 447 Per
2277 416 2391 448 diversa.
2399 416 2499 456 Virgq.
2545 437 2551 443 -
2566 409 2574 453 ζ,

1402 455 1503 491 Georg.
1518 464 1579 487 500-
1602 452 1719 481 Servius.

1385 492 1457 522 Cum
1468 491 1587 520 ablativo
1599 489 1664 519 loeo
1674 490 1770 519 dativi.
1792 490 1864 527 Virg.
1883 499 1907 519 2.
1926 490 2024 528 Georg.
2036 499 2099 526 327.

1465 530 1582 566 Magnus
1593 528 1640 556 alit
1652 537 1754 565 magno
1769 529 1939 558 commixtus
1949 538 2067 566 corpore
2083 529 2177 559 foetus.

1403 567 1523 597 Servius.
1547 566 1655 595 Lucret.
1669 569 1696 595 6.
1712 575 1774 602 321.

1464 607 1497 634 At
1515 604 1653 641 tepefacta
1669 610 1764 633 tamen
1784 603 1879 633 veniat
1897 603 2040 633 commista
2057 603 2158 634 calore.

1402 642 1481 672 Idem
1493 646 1519 671 6.
1535 652 1544 670 1
1554 651 1615 678 157.

2304 529 2356 560 Pro
2374 529 2500 568 Corpori.

1966 641 1971 647 .
2111 642 2117 647 ·
2252 603 2318 636 Scil.
2350 606 2398 637 Vis
2417 605 2505 638 venti.

1854 657 1890 662 —
1900 649 2005 675 gemitu
2014 642 2157 671 commista
2168 642 2289 680 querela.

1346 681 1603 714 CoMMixriM,
1625 678 1693 708 Adv.
1715 678 1862 716 Voxapud
1877 678 1969 714 JCtos.

1346 719 1589 751 COMerrio,
1611 717 1682 746 finis.
1703 717 1723 746 f.
1746 717 1869 752 [κόμαι]
1891 716 1976 747 Gloff.
1993 716 2038 746 Gr.
2052 716 2108 747 Lat.
2124 718 2150 748 &
2163 717 2309 749 Firmicus.

1347 757 1617 786 COMM1XTURA
1630 777 1638 789 ,
1660 765 1690 783 ae.
1714 755 1733 784 f.
1757 754 1826 783 Cato
1839 754 1874 783 de
1891 754 1968 784 R.R.
1984 764 2045 792 cap.
2061 764 2122 790 157.

1347 795 1368 823 C
1378 805 1394 823 o
1406 805 1426 822 M
1438 805 1458 822 M
1467 804 1476 821 1
1487 803 1498 822 s
1508 803 1525 822 C
1533 802 1551 821 u
1560 802 1610 838 uus,
1632 793 1691 828 Adj.
1714 790 1834 828 [mohs]
1856 792 1939 822 Gloss.
1953 792 2010 822 Lat.
2023 793 2067 822 Gr.
2081 792 2113 822 In
2122 793 2167 823 ed.
2179 793 2274 831 Steph.
2286 793 2500 829 commisculus.

1347 833 1369 861 C
1380 843 1425 861 0M
1436 839 1649 860 Miscissitis
1661 851 1669 865 ,
1690 839 1714 859 e.
1736 829 1853 859 Tertull.
1868 830 1904 859 de
1917 831 2031 865 Anima,
2052 839 2112 867 cap.
2130 841 2172 860 12.

1346 870 1368 900 C
1378 880 1394 899 o
1404 880 1426 899 M
1435 878 1497 898 Mis
1508 879 1520 897 11
1528 878 1543 896 a
1552 879 1565 896 E
1574 878 1585 897 s
1595 878 1612 897 c
1621 867 1824 903 office-wassero]
1836 868 1973 898 ere.ldem
1986 868 2501 908 quodiviiserescereffennec.1454.
2545 885 2547 890 ·
2570 863 2572 865 ⁴

1466 906 1507 935 Ibi
1518 907 1632 935 demum
1644 906 1681 934 ita
1693 915 1763 943 aegre
1774 905 1856 941 tulit,
1877 912 1908 934 ut
1923 906 2009 944 ipsam
2021 906 2189 937 Bacchidem

1463 945 1491 974 Si
1510 943 1631 978 adeffet,
1653 944 1755 978 credo,
1777 944 1837 979 ejus
1857 943 2117 974 commiseresceret.

1385 1020 1622 1051 commiserescite.
1652 1019 1762 1048 Nonius
1774 1028 1798 1056 7.
1813 1029 1857 1057 37.

1346 1059 1620 1088 CoriMrsuasor.
1633 1079 1640 1089 ,
1662 1057 1710 1086 Eri.
1733 1057 1804 1087 Gell.
1820 1068 1862 1091 ις.
1877 1067 1919 1092 19.

1346 1097 1605 1130 C0Mrrisi13Ron,
1626 1095 1786 1130 [κμπλείω]
1806 1096 1854 1125 ari.
1876 1095 1954 1125 Idem
1980 1094 2057 1132 quod
2083 1095 2208 1126 Miseror.
2249 1095 2308 1127 Cic.
2323 1106 2347 1127 1.
2372 1096 2504 1133 Verr.46.

1384 1135 1462 1171 Quid
1478 1143 1563 1171 quum
1575 1132 1777 1167 commiserari,
1798 1135 1933 1170 conqueri
1946 1155 1953 1166 ,
1977 1135 2003 1163 &
2027 1143 2062 1164 ex
2078 1133 2153 1163 illius
2169 1134 2276 1165 invidia
2294 1135 2445 1165 deonerare
2457 1135 2506 1166 ali·
2528 1138 2533 1148 ¹

1383 1173 1450 1209 quid
1460 1194 1467 1207 ,
1488 1172 1551 1201 &iri
1562 1178 1589 1199 te
1599 1171 1725 1206 trajicere
1733 1172 1875 1208 coeperit?
1899 1170 1968 1201 Gell.
1976 1171 2023 1200 lib.
2038 1180 2062 1209 7.
2077 1181 2138 1209 cap.
2154 1183 2178 1208 ς.

1346 1210 1368 1240 C
1378 1221 1394 1239 o
1404 1221 1423 1238 Μ
1434 1220 1455 1238 Μ
1466 1220 1473 1237 1
1484 1219 1496 1238 s
1506 1220 1518 1237 a
1528 1220 1545 1237 R
1556 1220 1575 1237 A
1584 1217 1603 1237 Ν
1612 1219 1624 1238 s
1634 1230 1642 1243 ,
1666 1209 1867 1244 [ιωιπικἹείρων]
1889 1209 1985 1239 Partic,
2006 1208 2075 1238 Gell.
2088 1209 2137 1239 lib.
2154 1221 2177 1245 ς.
2191 1219 2251 1248 cap.
2267 1219 2311 1244 14-
2332 1210 2375 1240 Ad
2386 1210 2506 1242 eandem

1383 1248 1498 1285 specum
1514 1248 1590 1276 venit
1606 1246 1705 1275 hicleo
1717 1268 1724 1281 ‚
1747 1246 1832 1276 debili
1846 1257 1903 1276 uno
1920 1248 1945 1277 δι
1967 1253 2084 1276 cruento
2102 1248 2194 1285 pede,
2215 1248 2334 1285 gemitus
2353 1249 2458 1285 edem,
2477 1251 2515 1286 ἃ,

1385 1295 1526 1315 murmura
1536 1284 1664 1314 dolorem
1674 1285 1883 1322 cruciatumque
1893 1284 2013 1314 vulneris
2022 1285 2252 1316 commiserantia.

1346 1324 1368 1354 C
1378 1334 1394 1353 o
1406 1335 1425 1352 M
1435 1335 1456 1352 M
1465 1334 1474 1352 1
1484 1333 1495 1352 s
1506 1333 1520 1351 r<
1529 1333 1544 1351 R
1554 1333 1572 1351 A
1585 1333 1605 1350 N
1617 1333 1634 1351 r>
1644 1332 1682 1351 us
1692 1344 1700 1355 ,
1719 1322 1814 1352 Partic.
1837 1324 1913 1352 Auct.
1931 1323 1967 1352 ad
1985 1323 2087 1353 Heren.
2104 1333 2131 1360 4.
2168 1323 2236 1354 Haec
2253 1324 2400 1354 exornatio
2420 1324 2505 1362 plui-i.

1384 1372 1460 1391 mum
1468 1362 1559 1405 potest
1575 1362 1604 1389 in
1615 1359 1809 1404 amplificanda
1819 1362 1845 1390 δι
1854 1359 2073 1390 commiseranda
2082 1370 2121 1391 re.

1346 1400 1368 1429 C
1377 1410 1393 1428 o
1404 1411 1423 1428 Μ
1432 1410 1453 1428 Μ
1462 1410 1471 1427 1
1481 1409 1492 1428 s
1501 1409 1517 1427 ε
1528 1409 1543 1427 a
1551 1409 1579 1434 o,
1590 1402 1661 1428 onis.
1672 1407 1709 1427 m.
1721 1397 1838 1428 Tertull.
1850 1399 1911 1428 adv.
1927 1399 2014 1428 Marc.
2029 1409 2055 1434 ⁴·
2069 1403 2114 1433 ³6·
2136 1398 2266 1429 Haeretici
2279 1398 2504 1432 commiserones.

1346 1438 1393 1467 Co
1404 1446 1491 1466 MMis
1503 1447 1517 1465 s
1527 1447 1541 1464 a
1552 1445 1599 1465 AT
1609 1448 1618 1465 i
1630 1446 1647 1465 o
1658 1458 1667 1471 ,
1688 1436 1758 1466 onis.
1780 1436 1799 1466 f.
1822 1436 2034 1473 [rw-nitentem]
2066 1436 2124 1467 Cic.
2138 1447 2164 1466 2.
2186 1437 2222 1466 de
2238 1437 2314 1468 Orat.
2334 1447 2395 1475 ης.
2425 1438 2503 1476 Quid

1383 1476 1418 1504 de
1431 1476 1466 1512 Q.
1480 1475 1564 1518 Regis
1574 1473 1816 1503 commiseratione
1826 1475 1918 1504 dicam
1931 1475 1943 1503 ἶ)
1965 1474 2039 1504 conf.
2065 1483 2089 1509 3.
2109 1475 2144 1504 de
2160 1475 2235 1505 Orat.
2251 1485 2315 1510 219.

1383 1513 1660 1543 commiserationem
1671 1512 1785 1542 brevem
1796 1511 1850 1542 effe
1859 1519 1987 1550 oportet:
2007 1512 2079 1542 nihil
2091 1513 2296 1551 enimlacryma
2307 1513 2390 1544 citius
2400 1513 2504 1546 arescit.

1403 1553 1481 1580 Aust.
1493 1551 1527 1579 ad
1546 1550 1646 1579 Heren.
1659 1549 1708 1579 lib.
1721 1560 1747 1579 2.
1762 1559 1806 1586 50.

1346 1589 1368 1619 C
1377 1599 1393 1618 o
1404 1600 1424 1618 M
1434 1599 1497 1618 Mis
1507 1598 1518 1617 s
1528 1599 1544 1617 u
1554 1600 1575 1617 M
1585 1610 1593 1623 ‚
1614 1588 1635 1617 C
1645 1598 1662 1617 o
1670 1599 1690 1616 M
1698 1598 1719 1617 M
1727 1599 1736 1616 i
1745 1597 1757 1617 s
1766 1598 1795 1617 sr
1804 1598 1834 1622 o,
1857 1587 2045 1618 C0MM1ssum
2053 1609 2062 1624 ‚
2083 1588 2246 1619 COMMrssus
2256 1611 2264 1624 ,
2285 1589 2317 1619 V.
2339 1599 2503 1621 εοΜΜιΤτο.

1347 1627 1370 1656 C
1381 1637 1397 1656 ο
1407 1637 1425 1655 Μ
1436 1638 1456 1655 Μ
1465 1631 1478 1656 ῑ
1486 1628 1524 1670 ri
1534 1637 1552 1655 c
1562 1637 1578 1655 o
1590 1648 1597 1661 ,
1619 1626 1766 1662 [ιιᾳπιπιοὶω
1777 1647 1786 1661 ,
1808 1621 1996 1661 &morarive-1]
2018 1629 2072 1656 are.
2095 1627 2175 1656 Idem
2185 1627 2260 1664 quod
2271 1626 2412 1665 Mitigare.

1384 1665 1582 1701 Commitigare
1594 1663 1715 1693 sandalio
1729 1671 1813 1701 caput
1824 1662 1949 1698 alicujus.

1403 1703 1595 1740 Commitigari
1609 1724 1617 1737 ‚
1639 1702 1678 1731 est
1689 1702 1853 1731 Tundendo
1864 1701 1983 1739 deprimi
1993 1708 2075 1739 atque
2085 1703 2200 1741 deponi.

1347 1741 1370 1772 C
1379 1751 1396 1770 o
1406 1752 1426 1769 Μ
1437 1752 1457 1786 Μ
1467 1752 1475 1768 1
1486 1750 1534 1786 Τυτ
1542 1751 1559 1769 o
1567 1762 1575 1776 ,
1595 1739 1626 1769 'isi
1637 1762 1646 1775 ,
1666 1739 1748 1784 issum
1757 1762 1765 1775 ,
1787 1739 1919 1775 [euroin-'lm
1930 1761 1938 1774 ,
1956 1743 2054 1776 νμφόω
2063 1762 2072 1774 ,
2092 1741 2206 1775 ὄπτα-ξένω
2217 1763 2227 1776 ‚
2247 1739 2358 1771 πιςούω.
2385 1747 2506 1778 πλημμε-

1383 1779 1482 1822 μειλεω]
1504 1788 1559 1808 ere.
1570 1788 1694 1822 ‘proprle
1714 1780 1726 1813 (
1737 1778 1828 1821 inquit
1839 1777 1930 1807 Festus
1941 1778 1953 1813 )
1973 1777 2011 1807 est
2021 1777 2134 1808 insimul
2144 1779 2255 1809 mittere
2266 1785 2313 1809 aut
2323 1781 2503 1818 coniungere.

1382 1817 1458 1860 Ρ1111.ι
1468 1827 1510 1846 10.
1525 1816 1608 1860 Epist.
1620 1826 1666 1851 41.
1688 1815 1744 1845 Sed
1755 1822 1896 1845 incertum
1912 1822 2004 1844 utrum
2025 1816 2059 1845 ad
2078 1816 2270 1854 colligendum
2288 1817 2436 1848 humorem
2454 1819 2505 1848 cir-

1384 1861 1602 1921 cumjacgntium
1613 1863 1741 1892 agrorum
1750 1875 1758 1890 ,
1778 1863 1814 1883 an
1825 1853 1860 1883 ad
1871 1854 2108 1884 committendum
2119 1854 2229 1885 flumini
2237 1855 2338 1886 lacum.
2358 1856 2378 1886 i.
2393 1866 2419 1886 e.
2432 1856 2506 1887 Con·

1385 1902 1488 1930 jungeri
1514 1902 1569 1921 um.

1384 1931 1499 1960 Animos
1508 1930 1692 1959 committere.
1716 1926 1816 1958 Catus..
1830 1931 1875 1958 60.
1889 1937 1932 1966 17.

1463 1969 1558 2005 Quare
1567 1978 1642 1997 nunc
1651 1968 1759 1997 animos
1770 1964 1869 1996 saitem
1881 1967 2049 1997 committite
2059 1967 2173 1999 vestros.
2254 1968 2437 1999 Committere
2446 1969 2504 1999 an'u

1402 2015 1463 2035 mos
1475 2028 1483 2041 ,
1505 2007 1542 2035 est
1556 2007 1669 2035 Animos
1679 2006 1707 2035 in
1719 2005 1942 2034 commissionem
1955 2007 1980 2035 δι
1992 2012 2132 2035 certamen
2145 2006 2296 2041 adducere,
2308 2008 2334 2037 ἃ
2344 2009 2378 2037 ad
2388 2013 2504 2037 conten-

1404 2045 1513 2073 tionem
1525 2054 1704 2081 comparare:
1727 2043 1801 2072 unde
1812 2043 2025 2073 Commiffiones
2034 2044 2218 2081 gladiatorum
2229 2044 2402 2081 dicebantur,
2417 2054 2512 2083 quum.

1405 2084 1480 2118 paria
1489 2082 1728 2120 comparabantur.
1751 2081 1908 2111 Turnebus.
1932 2081 1963 2111 V.
1986 2081 2033 2110 sub
2043 2081 2136 2111 finem.

1384 2119 1586 2154 Committere,
1609 2120 1784 2156 Comparare.
1810 2119 1877 2148 Vide
1890 2119 2072 2150 Committere
2086 2120 2162 2157 apud
2180 2119 2356 2159 Propertium
2377 2121 2408 2150 in
2432 2130 2505 2151 nr.

1403 2167 1454 2187 ΝΝ
1465 2168 1495 2187 A.
1536 2157 1662 2193 Juvenal.
1679 2158 1733 2187 Sat.
1747 2160 1771 2186 6.
1785 2167 1808 2186 v.
1822 2161 1886 2192 436.

1477 2196 1635 2225 Committit
1645 2202 1719 2224 vates
1730 2196 1755 2224 &c
1766 2202 1910 2232 comparat
1920 2205 1928 2228 ;
1950 2194 2017 2224 inde
2027 2194 2173 2225 Maronem
2183 2216 2193 2231 ‚

1478 2235 1564 2271 Atque
1576 2231 1628 2263 alia
1638 2240 1714 2271 parte
1727 2233 1755 2261 in
1772 2234 1874 2262 trutina
1884 2230 2025 2270 suspendit
2037 2233 2200 2263 Homerum.
2294 2232 2329 2263 H.
2340 2233 2381 2264 St.

1384 2270 1482 2301 Cervix
1494 2272 1679 2315 committitur
1690 2281 1740 2309 per
1750 2269 1846 2315 yitalia
1859 2270 1970 2300 vincula
1986 2272 2079 2308 primo
2093 2278 2159 2300 artu.
2185 2269 2272 2300 Valer.
2284 2282 2312 2308 4.
2324 2273 2424 2310 Argon.
2437 2279 2500 2309 310.

1381 2309 1463 2340 Furta
1475 2316 1649 2338 committere
1660 2308 1779 2338 latebris.
1808 2309 1825 2338 i.
1838 2318 1862 2338 e.
1885 2308 2066 2338 Abscondere.
2089 2309 2154 2338 Stat.
2168 2319 2194 2339 2.
2209 2308 2297 2338 Achil.
2313 2319 2376 2345 3²2·

1382 2347 1512 2377 Gemmas
1525 2347 1699 2376 committere
1711 2357 1798 2380 mero,
1820 2357 1870 2384 pro
1882 2346 1992 2376 Merum
2002 2347 2178 2376 committere
2188 2348 2307 2384 gemmis
2318 2369 2327 2383 ,
2347 2348 2367 2378 i.
2379 2357 2406 2378 e.
2422 2347 2504 2379 Gem-
2548 2368 2551 2377 .

1401 2387 1482 2415 matis
1494 2385 1612 2423 poculis.
1647 2384 1799 2422 Hypallage
1811 2385 1848 2413 est
1861 2385 1937 2422 apud
1948 2385 2015 2414 Stat.
2032 2395 2054 2413 1.
2065 2384 2157 2414 Theb.
2170 2394 2232 2421 149.

1576 2438 1612 2443 -—
1624 2433 1675 2452 nec
1691 2432 1769 2451 curas
1780 2432 1856 2451 mero
1871 2423 2047 2452 committere
2061 2431 2185 2460 gemmas
2194 2444 2203 2460 ,

1465 2462 1552 2495 Atque
1562 2470 1659 2489 aurum
1674 2459 1776 2489 violare
1785 2460 1863 2489 cibis.

1383 2498 1488 2529 Noctes
1511 2499 1577 2528 duas
1598 2499 1784 2541 committere.
1825 2498 1842 2527 i.
1869 2507 1892 2527 e.
1924 2497 2101 2535 conjungere
2116 2519 2124 2532 ,
2153 2498 2267 2528 excluso
2285 2497 2340 2528 die.
2373 2498 2458 2529 Ovid.
2476 2507 2501 2530 1.

1404 2538 1494 2565 Amor.
1514 2546 1553 2571 13.
1565 2541 1610 2579 46.
1634 2536 1674 2579 De
1686 2535 1761 2571 ,jovis
1770 2536 1901 2565 11111οᾶ10
1913 2557 1921 2571 ,
1944 2545 1999 2571 quo
2010 2535 2160 2565 Herculem
2171 2537 2275 2574 genuit.

1383 2574 1454 2603 oras
1465 2573 1551 2616 plagae
1562 2574 1678 2617 alicuius
1689 2574 1864 2602 committere
1875 2572 2082 2610 suturis,vulgus
2092 2573 2183 2603 chirur
2203 2584 2283 2603 orum
2295 2573 2366 2603 dicit
2375 2575 2504 2610 coniunge.

1371 2647 1374 2655 .
1402 2622 1428 2638 re
1442 2611 1622 2647 labrasuturis.
1643 2612 1712 2655 Cels.
1724 2611 1772 2640 lib.
1785 2621 1810 2648 7.
1823 2620 1884 2649 cap.
1893 2621 1933 2646 19.
1946 2611 1985 2640 Eo
1995 2611 2077 2646 facto,
2090 2611 2187 2640 testicu
2201 2622 2230 2642 us
2240 2613 2316 2642 intus
2324 2613 2504 2650 reponendus

1402 2649 1440 2678 est
1452 2671 1459 2684 ,
1480 2659 1589 2686 oraeqiie
1600 2648 1678 2678 scroti
1689 2649 1787 2678 suturis
1800 2650 1871 2678 inter
1882 2649 1907 2678 se
1917 2649 2142 2685 committendae,
2163 2651 2215 2680 διο.

1384 2687 1491 2733 Suturae
1509 2688 1606 2724 capitis
1619 2688 1646 2716 in
1657 2697 1780 2724 unguem
1790 2687 1949 2717 commiffae.
1991 2687 2021 2717 V.
2043 2696 2090 2716 1N.

1384 2724 1667 2768 Lonimitrereiemen
1677 2725 1745 2754 solo.
1791 2725 1927 2754 Columel.
1942 2724 1989 2754 lib.
2002 2734 2027 2754 2.
2040 2733 2102 2762 cap.
2116 2730 2143 2759 8.
2165 2725 2221 2759 Sed
2234 2720 2504 2761 siserisunti'mbres.

1404 2773 1528 2799 quamvis
1539 2764 1637 2791 litienti
1648 2762 1706 2791 solo
1719 2785 1726 2796 ,
1749 2764 1820 2792 redte
1829 2762 1923 2792 semen
1932 2763 2128 2792 committitur.

1383 2799 1474 2829 Sulcis
1487 2802 1662 2829 committere
1673 2800 1785 2830 semina.
1831 2801 1902 2837 Virg.
1919 2811 1939 2829 i.
1957 2800 2056 2837 Georg.
2073 2809 2137 2837 ²²3·

1384 2838 1479 2867 Terrae
1490 2838 1593 2867 semina
1604 2839 1789 2867 committere.
1810 2838 1915 2868 Tibiill.
1930 2838 1979 2867 lib.
1996 2849 2017 2867 i.
2032 2847 2057 2874 7.
2072 2847 2116 2873 3¹-

1383 2876 1489 2919 Stirpes
1501 2877 1678 2905 committere
1689 2877 1780 2905 ramis.
1803 2876 1911 2906 Lucret.
1925 2874 1973 2906 lib.
1988 2886 2011 2911 ς.
2028 2880 2107 2912 1364.

1384 2913 1487 2943 Vinum
1503 2915 1679 2943 committere
1691 2915 1777 2943 venis.
1801 2914 1868 2944 Hor.
1882 2923 1906 2942 2.
1922 2914 2009 2943 Serm.
2019 2924 2045 2948 4.
2056 2923 2101 2949 25.

1578 2968 1614 2972 —-
1623 2952 1754 2988 quoniam
1763 2952 1856 2981 vacuis
1866 2952 2042 2981 committere
2056 2951 2135 2981 venis

1410 3026 1416 3032 .
1479 2988 1543 3023 Nori
1557 2989 1605 3017 nisi
1619 2989 1681 3018 lene
1693 2990 1784 3018 decet.
1866 2989 2037 3019 Subauditur
2049 2989 2159 3018 Vinum.

1383 3024 1476 3072 Vitem
1489 3028 1567 3070 tenui
1577 3026 1753 3070 committere
1763 3026 1838 3056 sulco
1849 3028 1876 3056 .i.
1889 3038 1913 3056 e.
1926 3026 2013 3061 Foffa,
2024 3034 2054 3056 ut
2064 3025 2499 3064 aitServius.Virg.2.Georg.²8⁹.

1384 3064 1568 3107 Committere
1580 3065 1604 3107 se
1615 3075 1643 3093 in
1655 3065 1797 3094 conclave.
1840 3065 1897 3094 Cic.
1909 3075 1959 3102 pro
1971 3064 2048 3094 Rosc.
2064 3066 2152 3094 Amet.
2163 3068 2208 3096 64.
2230 3065 2316 3101 Quod
2325 3071 2433 3102 poterat
2442 3063 2502 3093 sane

1403 3102 1457 3130 esse
1468 3104 1784 3146 liiipicioliimneutrum
1796 3101 1900 3131 sensisse
1910 3104 1923 3131 ἱ)
1942 3101 2038 3131 ausum
2052 3109 2145 3131 autem
2156 3101 2209 3132 esse
2223 3112 2380 3140 quenquam
2396 3102 2423 3132 se
2433 3101 2502 3131 inid

1403 3140 1537 3168 conclave
1549 3148 1736 3174 committere,
1748 3150 1781 3169 eo
1791 3138 1963 3177 potissimum
1973 3147 2100 3177 tempore
2109 3162 2117 3175 ‚
2132 3142 2185 3169 διε.

1383 3175 1511 3220 Τεεῖωβ
1523 3178 1707 3207 committere.
1731 3178 1815 3207 Ovid.
1828 3188 1852 3208 2.
1867 3179 1902 3207 de
1914 3179 2016 3211 Ponto,
2033 3187 2058 3207 2.
2072 3186 2114 3214 37.

1383 3213 1451 3243 Urbi
1469 3215 1696 3257 {econ-iiiiittere.
1737 3215 1795 3245 Cic.
1809 3226 1850 3251 ις.
1867 3217 1919 3245 Att.
1934 3225 1974 3245 11.
1996 3215 2050 3245 Sed
2075 3216 2170 3245 auetor
2187 3222 2245 3244 non
2263 3213 2323 3244 sum
2341 3221 2372 3244 ut
2387 3220 2416 3244 te
2436 3211 2502 3242 Urbi

1401 3261 1567 3282 coniunctas.

1383 3289 1565 3319 Committere
1576 3313 1583 3324 ,
1605 3290 1756 3327 [ἓτιτςέπεεν
1767 3312 1775 3324 ,
1802 3285 1907 3318 meatim
1922 3290 1936 3325 ]
1957 3289 2087 3319 Tradere.
2123 3289 2249 3319 Donatus
2260 3310 2269 3323 ,
2294 3289 2502 3318 Committimut

1402 3337 1462 3364 qua:
1474 3337 1538 3356 cum
1551 3338 1651 3363 maimo
1663 3328 1786 3363 periculo
1795 3328 1924 3357 volumus
1935 3327 1987 3357 eise
1998 3325 2107 3357 servata.
2131 3327 2193 3356 Ter.
2208 3327 2276 3356 And.
2292 3336 2314 3356 1.
2331 3337 2354 3362 ς.
2367 3331 2412 3355 61.

1476 3366 1550 3394 Bona
1561 3368 1647 3395 nostra
1662 3367 1719 3395 hec
1731 3366 1782 3394 tibi
1794 3367 1942 3394 committo
1953 3387 1961 3400 ,
1984 3367 2009 3395 ἃ
2023 3373 2076 3395 tuae
2094 3365 2197 3394 mando
2215 3364 2288 3394 fidei.
2405 3363 2500 3393 Cic-².

1402 3400 1461 3431 Off.
1478 3413 1516 3446 iz..
1534 3404 1636 3447 'ltaque
1647 3404 1687 3432 his
1701 3403 1816 3432 salutem
1828 3403 1955 3438 nostram,
1979 3403 2021 3432 his
2030 3404 2154 3433 fortunas
2167 3424 2174 3438 ,
2196 3403 2239 3433 his
2250 3402 2350 3432 liberos
2357 3399 2502 3431 rectissime

1401 3442 1720 3470 committlarbitrumur.

1381 3477 1568 3523 Committere
1579 3482 1603 3508 δι
1615 3478 1824 3507 commendare.
1860 3477 1891 3507 V.
1916 3487 1933 3507 c
1942 3487 1989 3508 οΜ
2000 3488 2021 3506 Μ
2030 3487 2045 3506 u
2054 3486 2073 3506 N
2084 3487 2102 3505 r>
2111 3487 2138 3505 o.

1380 3515 1563 3558 Committere
1577 3519 1599 3545 S.-
1610 3517 1828 3546 communicare.
1870 3515 1927 3544 Cic.
1943 3524 1967 3550 3.
1983 3515 2054 3544 Fam.
2070 3525 2111 3544 10.
2134 3513 2210 3551 Quid
2222 3513 2289 3542 mihi
2299 3513 2347 3543 ille
2358 3522 2415 3543 non
2425 3521 2500 3543 com-

1401 3555 1492 3581 milit‘?
1516 3554 1581 3590 quid
1594 3565 1649 3582 non
1662 3563 1770 3582 mecum
1781 3553 2021 3582 communicavit?

1380 3590 1564 3620 Committere
1574 3593 1599 3621 St
1609 3592 1731 3620 credere.
1773 3590 1830 3619 Cic.
1843 3600 1893 3628 pro
1906 3590 1997 3619 Domo
2010 3599 2032 3619 1.
2054 3589 2091 3618 Ut
2103 3589 2195 3618 omnis
2213 3587 2332 3625 Reipub.
2355 3588 2488 3626 dignitas,

1398 3630 1526 3658 omnium
1540 3630 1642 3658 civium
1652 3628 1740 3663 salus,
1760 3629 1831 3662 vita,
1854 3627 1979 3663 libertas,
2000 3636 2070 3660 arae,
2092 3625 2163 3661 foci,
2183 3625 2222 3654 dii
2242 3633 2356 3663 penates
2369 3647 2378 3661 ,
2399 3627 2487 3658 bona.
2514 3648 2515 3651 .

1398 3664 1530 3709 soi-tunic,
1552 3666 1693 3695 domicilia
1705 3676 1711 3695 :
1742 3666 1833 3695 vestra:
1858 3666 2012 3703 sapientire,
2041 3664 2105 3694 fidei
2117 3685 2124 3699 ,
2147 3663 2330 3702 potestatique
2350 3661 2488 3694 commiffa

1398 3705 1556 3740 creditaque
1568 3704 1620 3733 eise
1632 3704 1788 3733 videantur.

1379 3740 1561 3770 Committere
1572 3743 1596 3770 N
1605 3743 1716 3770 credere
1727 3740 1864 3769 honorem
1875 3738 1965 3769 alicui.
1988 3740 2045 3769 Cic.
2058 3747 2083 3775 7.
2096 3737 2171 3768 Verr.
2182 3747 2226 3775 35.

1379 3777 1465 3806 Recte
1477 3780 1652 3808 committere
1667 3779 1770 3816 aliquid
1781 3778 1872 3807 alicui.
1895 3778 1952 3807 Cic.
1969 3787 1991 3806 1.
2004 3777 2078 3806 Fam.
2091 3786 2116 3812 9.

1378 3814 1517 3845 Alendiim
1530 3817 1651 3853 aliquem
1662 3817 1840 3845 committere
1852 3816 1944 3844 alicui.
1967 3815 2051 3844 Ovid.
2069 3824 2110 3847 13.
2126 3813 2196 3843 Met.
2208 3822 2274 3849 431.

1382 3852 1529 3889 Rege-odos
1539 3854 1646 3891 aliquos
1663 3855 1838 3883 committere
1847 3853 1938 3882 alicui.
1961 3853 2045 3882 Ovid.
2060 3861 2083 3886 3.
2098 3852 2134 3880 de
2144 3853 2206 3880 Arte
2219 3854 2277 3880 Am.
2295 3857 2356 3885 527.

1378 3890 1498 3920 Arbitrio
1509 3891 1625 3928 alicujus
1635 3892 1739 3928 aliquid
1749 3892 1932 3921 committere.
1946 3890 2042 3920 nom.
2057 3890 2144 3920 Serm.
2159 3899 2185 3925 ς.
2201 3899 2260 3925 ¹05·
2275 3888 2311 3917 al.
2323 3886 2491 3952 Permigere-

2435 3927 2493 3952 Dm-

1452 981 1458 988 ,
1821 982 1827 987 ι
1913 982 1918 987 .
2253 944 2359 975 Ennius
2375 945 2504 978 Hectoris
2536 964 2537 970 .
2570 946 2571 951 ¹

1383 982 1491 1020 Lytris,
1516 982 1615 1011 Servos
1636 983 1662 1011 &
1683 982 1801 1010 vestrum
1820 991 1988 1020 imperium,
2015 983 2042 1012 &
2063 981 2148 1013 fidem
2173 982 2387 1021 Myrmidonum
2404 985 2506 1022 vigilet
2534 994 2537 999 ’

1989 1663 2053 1693 Ter.
2067 1664 2135 1694 Euri.
2151 1675 2174 1700 ς.
2187 1670 2213 1699 8.
2224 1677 2251 1701 4·
2281 1665 2335 1695 Ubi
2357 1666 2502 1702 Donatum
2519 1686 2522 1692 .

2570 1454 2587 1584 &Qu-:j

2566 1595 2587 1655 12⁴.-

2566 1660 2587 1743 „eea-3*

2566 1804 2567 1810 ⁴
2565 1742 2587 1797 ”3⁷

2565 1877 2581 1951 fif„-

2569 1934 2587 2122 ..a-⁶32*
