2604 4222
194 145 263 178 230
609 136 632 169 Λ
732 136 755 170 P
851 136 875 170 P

242 214 404 252 Applicare,
424 215 545 245 absolute
557 217 683 254 politum.
705 217 802 252 justin.
814 216 861 245 lib.
872 226 897 245 2.
936 214 1024 252 Igitur
1033 225 1116 252 quum
1130 213 1263 244 Hercules
1273 215 1308 243 ad
1316 216 1362 244 iit-

260 260 303 280 tus
315 254 482 282 Amazonum
494 254 676 292 applicuisset.
699 255 767 283 Hirr.
781 255 815 283 de
828 254 894 282 Bell.
908 253 983 290 l-lisp.
1000 263 1041 289 37.
1060 253 1134 291 ltcm
1150 260 1245 289 quarto
1256 251 1301 281 die
1314 263 1363 281 na-

261 290 400 325 vigatione
418 292 543 321 confecta
555 314 562 326 ,
591 292 788 328 insequuntur:
821 292 867 327 qui
883 291 1010 328 imparati
1024 300 1038 318 a
1049 290 1156 318 Carteia
1172 290 1289 327 profecti
1305 290 1360 318 line

252 337 330 364 ‘aqua
338 328 449 357 fuissent
461 352 468 362 ,
490 330 523 358 ad
534 338 631 358 terrani
642 329 792 366 applicant.
833 328 862 357 ln
881 328 921 356 his
932 328 1020 365 potest
1029 327 1199 356 accusativus
1210 328 1243 356 Se
1254 327 1298 357 vel
1308 328 1361 356 Na-

262 375 309 393 ves
321 365 474 394 subaudiri:
508 367 573 395 utin
586 367 670 395 verbo
685 365 829 404 Appellere
842 366 972 394 diximus.

243 403 389 440 Applicare
410 405 424 438 [
438 404 537 437 ἐπέχειν,
554 402 746 440 φύσαξμρξων,
766 400 910 432 membru.»
926 404 940 437 ]
962 412 1012 439 pro
1026 402 1180 430 Admovere
1191 423 1198 435 ,
1220 412 1284 431 cum
1294 402 1363 431 dati-

262 450 306 468 vo.
334 441 390 469 Liv.
404 450 428 469 2.
441 441 506 469 b'ell.
518 441 628 470 Maced.
663 440 805 470 Cornelius
817 440 909 469 eidem
918 439 1027 469 flumini
1043 440 1126 469 castra
1137 439 1281 478 applicuit.
1299 441 1317 469 i.
1334 450 1358 469 e.

261 477 349 514 Prope
366 479 469 506 fiumen
484 479 583 516 posuit.

242 516 322 544 Arma
341 517 510 552 corporibus.
534 517 590 545 Liv.
602 526 624 551 3.

242 553 325 582 Aures
336 554 458 582 vocibus.
482 554 546 582 Hor.
563 564 585 588 3.
600 553 688 582 Carm.
706 563 715 581 ι
726 563 747 581 ι.
763 559 788 586 8.
813 553 891 582 Votis
902 553 980 583 Idem
996 552 1085 582 Carni.
1101 552 1191 582 Secul.
1205 562 1249 590 72.

400 606 437 611 ν-
458 591 532 619 Votis
549 601 695 628 puerorum
711 591 812 619 amicas
924 591 1053 628 Applicet
1068 601 1156 620 aures.

242 627 355 656 Catulos
366 628 506 665 applicare
516 629 656 656 stomacho
669 638 699 657 ac
710 629 826 666 pectori.
857 628 926 658 Plin.
938 629 985 658 lib.
998 639 1040 665 30.
1054 638 1115 666 cap.
1127 639 1154 666 7.

240 664 343 694 Remos
354 667 438 694 vadis.
463 666 545 694 Oviu.
558 675 580 700 3.
597 666 677 694 Trist.
693 674 718 700 9.
735 676 776 695 10.

239 703 486 739 Scalasaoplicare;
506 703 619 732 subaudi
633 704 719 733 Muris
731 727 738 739 ‚
761 703 804 732 vel
815 704 851 733 Ad
862 714 962 733 muros.
984 704 1042 734 Liv.
1058 707 1083 733 6.
1098 703 1163 733 Bell.
1176 704 1243 733 Pun.

239 741 273 769 Se
286 741 319 768 ad
331 741 460 776 aliquem.
491 741 548 769 Cio.
561 742 589 769 in
601 740 664 770 Lael.
679 747 704 775 8.
735 742 844 771 Deinde
855 749 885 771 ut
898 743 1036 779 requirant
1045 749 1127 778 atque
1144 748 1277 779 appetant
1287 742 1359 774 eius-

257 779 321 806 dem
340 780 446 814 generis
462 779 633 814 animantes,
655 779 691 807 ad
709 789 775 815 quas
793 780 818 809 se
836 780 988 817 applicent.
1011 781 1027 808 i.
1047 790 1070 808 e.
1103 780 1268 815 Adiungant.
1290 779 1354 807 Ter.

255 816 325 844 And.
338 827 391 851 5.4.
404 826 449 855 21.
472 816 544 844 Tum
557 816 603 845 ille
613 826 697 853 egens
708 818 778 846 foi-te
790 818 914 855 applicat
923 819 1044 856 primum
1052 817 1087 846 ad
1096 818 1234 855 Chrysidis
1247 823 1355 854 patrem

256 853 290 881 se.
313 854 330 881 i.
349 863 372 882 e.
397 854 434 882 Ex
445 854 587 891 naufragio
603 855 637 883 ad
648 854 726 884 illum
737 855 763 884 se
777 857 883 894 recipit.

235 890 342 928 Aliquo.
366 890 424 919 Vet>
438 900 512 928 poet.
523 902 566 929 ap.
578 892 636 922 Cic.
652 902 675 929 3.
693 893 774 923 Tusc.
789 906 834 930 44.

316 928 393 964 Quid
410 936 501 965 petam
512 931 638 967 przelidli,
652 938 699 960 aut
708 931 838 968 exsequar
847 933 860 960 ⁶?
883 941 972 968 quove
983 940 1058 960 nunc
1069 930 1172 959 auxilio
1180 936 1226 958 aut
1235 929 1298 966 fuga

314 965 392 995 Freta
403 967 472 995 lim?
503 977 564 996 arce
578 970 603 997 ἃ
616 969 682 998 urbe
693 970 760 998 orba
778 970 853 999 sum:
876 980 930 1006 quo
945 969 1074 998 accedam
1084 969 1097 996 ²?
1119 978 1173 1004 quo
1192 967 1352 1005 applicem?

253 1003 335 1039 Quasi
345 1004 419 1033 dicat
429 1027 436 1040 ,
459 1005 524 1041 Quo
535 1015 580 1034 me
590 1013 694 1035 vertam
708 1008 721 1035 ἶ)
742 1017 797 1044 quo
807 1008 964 1044 confugiam
973 1006 1069 1035 auxilii
1077 1006 1181 1043 gratia?

233 1041 380 1108 Applicare
391 1042 433 1076 se,
457 1044 481 1072 S<
498 1044 612 1080 propius
624 1045 791 1079 admovere,
815 1046 866 1074 live
888 1046 1038 1081 adjungere
1057 1045 1092 1072 ad
1109 1042 1222 1080 aliquid.
1246 1042 1302 1072 Cic.
1322 1043 1351 1071 in

275 1079 315 1108 ael.
332 1089 374 1113 31.
393 1080 683 1117 Fafftaligniiicatione
697 1083 858 1121 probitatis:
889 1092 970 1118 quam
985 1081 1246 1119 quiappetiverint‚
1264 1080 1354 1117 appli-

251 1124 316 1145 cant
333 1117 387 1146 sese
399 1120 546 1156 &propius
556 1120 707 1149 admovent
735 1119 848 1149 subaud.
872 1121 910 1148 Ad
923 1129 993 1149 eam.
1019 1119 1088 1148 ibid.
1104 1129 1149 1153 49.
1179 1119 1261 1156 Siqua
1272 1118 1352 1155 signi-

252 1155 343 1184 ficatio
355 1157 463 1185 virtutis
471 1156 588 1192 eluceat,
599 1158 727 1194 adquam
738 1158 763 1187 se
774 1158 865 1186 similis
878 1158 985 1186 animus
995 1156 1117 1194 applicet
1137 1157 1312 1194 &adjungac

232 1192 268 1221 Se
279 1193 313 1222 ad
323 1194 473 1223 amicitiam
488 1194 628 1232 fidemque
640 1196 738 1233 populi
749 1196 827 1224 Rom.
838 1195 981 1232 applicuit.
1004 1196 1061 1224 Cic.
1079 1194 1190 1230 4.Ve1r.
1203 1205 1229 1224 2.

231 1230 266 1259 Se
277 1232 311 1259 ad
322 1231 448 1261 arborem
458 1232 605 1270 applicare.
630 1233 694 1262 Caes.
707 1237 731 1262 6.
744 1233 811 1262 Bell.
823 1233 892 1262 Gall.
909 1237 954 1262 26.

230 1268 265 1297 Se
275 1269 309 1297 ad
322 1269 436 1298 ductum
456 1270 566 1300 alterius
584 1271 732 1308 applicare.
755 1271 812 1300 Cic.
826 1280 850 1306 3.
864 1271 936 1299 Fam.
950 1280 994 1299 21.

230 1305 265 1335 Se
276 1307 312 1338 ad
330 1307 544 1336 familiaritatem
564 1308 687 1344 alicujus.
709 1308 767 1337 Cic.
789 1318 838 1346 pro
855 1308 966 1337 Cluent.
978 1312 1024 1344 46.
1068 1308 1126 1345 Qui
1142 1307 1169 1337 se
1180 1307 1215 1338 ad
1228 1306 1350 1336 hominis

248 1345 372 1381 egentis,
395 1347 446 1375 &cz
475 1345 687 1375 familiaritatem
707 1345 866 1384 applicavit.
1129 1346 1132 1352 “

227 1382 262 1411 Se
274 1383 308 1411 ad
323 1382 471 1412 flammam.
501 1384 561 1412 Cic.
578 1395 601 1419 5.
617 1384 698 1413 Tusc.
711 1393 755 1421 77.
792 1384 919 1420 Cumque
928 1384 1089 1413 adflammas
1101 1383 1127 1413 se
1137 1383 1348 1421 applicaverint,

245 1420 301 1448 sine
311 1422 414 1457 gemitu
424 1421 584 1451 aduruntur.

226 1457 261 1487 Se
278 1458 312 1486 ad
323 1458 435 1496 aliquod
446 1459 583 1493 studium,
607 1459 682 1496 quod
693 1460 777 1488 etiam
789 1458 934 1497 Appellere
954 1459 1065 1489 dicitur.
1089 1459 1147 1488 Cic.
1162 1468 1185 1487 1.
1204 1458 1260 1488 Off.
1285 1469 1346 1494 115.

243 1495 339 1561 Itaqlue
351 1496 376 1525 se
395 1496 442 1525 alii
453 1497 487 1526 ad
496 1497 704 1535 philosophiam
717 1520 725 1533 ,
751 1496 796 1526 alii
816 1498 851 1526 ad
868 1498 912 1533 jus
924 1497 1024 1532 civile,
1046 1497 1093 1526 alii
1106 1498 1141 1526 ad
1158 1496 1348 1534 eloquentiam

244 1543 299 1571 app
314 1541 394 1563 icant.

224 1570 260 1600 Se
269 1571 303 1600 ad
313 1572 450 1602 convivia.
472 1572 541 1601 Cato
549 1572 622 1609 apud
632 1572 701 1601 Gell.
717 1582 726 1600 1
736 1582 758 1601 1.
771 1582 797 1602 2.
827 1573 854 1602 Si
868 1573 928 1609 quis
950 1573 979 1601 in
990 1582 1021 1602 ea
1028 1582 1057 1602 re
1068 1571 1212 1607 studebat,
1236 1577 1283 1601 aut
1292 1571 1347 1602 sese

244 1609 279 1638 ad
297 1611 424 1638 convivia
442 1610 616 1648 applicabat:
639 1609 768 1647 grassator
784 1610 941 1639 vocabatur.

223 1646 258 1676 Se
268 1647 301 1675 ad
312 1648 462 1676 doctorem.
487 1648 544 1677 Cic.
560 1648 589 1676 in
601 1648 683 1677 Bruto
697 1652 757 1683 316.
794 1648 898 1685 Meque
908 1649 943 1677 ad
953 1648 1086 1682 eundem,
1100 1656 1183 1684 quem
1192 1647 1288 1676 Romae
1300 1658 1347 1677 au-

241 1685 364 1714 diveram
375 1708 382 1718 .
402 1685 548 1714 Molonem
559 1686 707 1723 applicavi.
749 1685 832 1715 Paulo
844 1693 907 1715 ante
916 1686 1022 1715 dixerat
1032 1709 1040 1722 ,
1062 1686 1167 1715 Eodem
1176 1695 1249 1714 anno
1260 1687 1345 1715 etiam

243 1722 355 1752 Moloni
368 1723 477 1752 Rhodio
492 1724 622 1752 dedimus
639 1733 760 1760 operam.

223 1760 339 1789 Servum
348 1761 486 1799 applicare
496 1762 534 1790 rei
548 1762 703 1795 communi,
725 1762 741 1791 i.
758 1764 783 1791 e.
806 1762 953 1791 Praeficere.
975 1761 1109 1798 Pompon.
1123 1761 1152 1789 iri
1165 1760 1182 1789 l.
1193 1760 1211 1789 si
1222 1761 1251 1790 id
1259 1761 1343 1797 quod.

243 1798 276 1827 D.
299 1799 363 1828 fam.
386 1799 477 1828 ercisc.
503 1799 590 1828 Dolus
602 1809 683 1837 quem
694 1799 785 1828 servus
796 1800 912 1828 liaeredis
924 1799 1071 1828 admisitin
1087 1799 1223 1833 judicium
1233 1799 1344 1828 familiae

241 1836 408 1866 erciscundae
419 1847 476 1865 non
485 1838 571 1871 venit,
594 1836 643 1865 nisi
654 1836 762 1866 domini
778 1837 861 1875 culpa
872 1839 901 1867 in
915 1838 970 1867 hoc
981 1843 1038 1867 erat
1046 1837 1121 1874 quod
1132 1847 1190 1866 non
1206 1837 1344 1867 idoneum

239 1874 346 1903 servum
359 1875 398 1903 rei
417 1875 559 1903 communi
574 1874 748 1912 applicuerit.

221 1912 368 1949 Applicare
382 1934 389 1947 ,
412 1913 452 1941 Ad
462 1913 581 1950 aliquem
593 1913 671 1942 usum
683 1913 826 1950 quidpiam
841 1912 1062 1942 accommodare.
1086 1911 1223 1941 Columel.
1234 1911 1280 1941 lib.
1297 1922 1339 1942 11.

241 1959 302 1987 cap.
318 1960 343 1979 2.
377 1951 520 1979 Sarmenta
530 1961 638 1988 quoque
649 1958 730 1986 atque
740 1951 911 1980 arbustorum
923 1960 1034 1980 ramose
1044 1950 1189 1987 segetibus,
1203 1956 1250 1979 aut
1260 1950 1343 1979 rubos

239 1997 315 2017 nunc
326 1998 435 2025 egerere
444 2011 452 2023 ,
474 1990 499 2018 ὁὶ
510 1990 544 2017 ad
556 1988 648 2027 sepem
659 1988 798 2027 applicare
808 1996 927 2027 oportet.
957 1989 1015 2018 Cic.
1028 1998 1054 2018 2.
1074 1989 1109 2017 de
1120 1988 1180 2018 Fin.
1193 1998 1234 2025 37.
1257 1988 1294 2017 Ut
1306 1988 1343 2017 ad

240 2025 411 2055 honestatem
425 2026 587 2064 applicetur.

222 2064 267 2093 Sic
277 2065 303 2092 «St
313 2073 377 2092 cum
389 2064 490 2093 dativo
521 2064 657 2093 Columel.
676 2064 724 2093 lib.
739 2073 762 2100 3.
779 2073 840 2102 cap.
855 2075 896 2094 10.
931 2065 989 2101 Qui
999 2063 1111 2093 nullum
1119 2063 1204 2093 alium
1216 2063 1341 2093 laborem

240 2102 310 2130 ferre
321 2110 403 2138 queat
413 2124 421 2136 ,
443 2102 508 2131 huic
518 2102 609 2131 officio
619 2102 781 2140 applicatur.

221 2140 351 2168 Animum
362 2140 395 2168 ad
407 2140 521 2177 frugem·
552 2141 725 2170 Plaut.T1·in.
739 2150 765 2169 2.
781 2151 803 2169 1.
818 2149 861 2176 34.

221 2178 352 2206 Animum
363 2185 495 2214 ¹aegrotum
507 2179 540 2207 ad
552 2179 717 2207 deteriorem
727 2184 843 2216 partem.
862 2178 925 2209 Ter.
938 2177 1008 2207 And.
1025 2188 1048 2207 1.
1059 2187 1084 2207 2.
1098 2187 1141 2207 22.

220 2215 363 2253 Applicuit
382 2216 429 2244 libi
443 2226 475 2244 ea
485 2217 602 2245 animus.
633 2217 697 2245 Seri.
715 2227 739 2245 1.
762 2217 797 2245 de
807 2216 901 2245 Benef.
919 2226 943 2245 e.
959 2226 1000 2245 ιι,
1041 2215 1161 2245 Posthaec
1178 2214 1340 2245 habebimus

240 2254 439 2289 conjunciione
448 2263 479 2282 ac
491 2254 632 2291 sanguine,
652 2254 754 2291 usuque
766 2256 791 2283 Sc
802 2253 1004 2283 consuetudine
1013 2253 1104 2289 longa,
1123 2254 1213 2286 chara,
1234 2261 1263 2282 ut
1274 2254 1341 2282 libe-

238 2301 291 2325 τος,
302 2292 434 2329 coniuges
446 2314 453 2325 ,
471 2298 622 2328 caeteraque
634 2302 693 2330 quae
705 2302 790 2329 usque
801 2301 835 2321 eo
845 2293 954 2322 animus
965 2291 1014 2320 sibi
1025 2290 1178 2329 applicuit,
1201 2297 1232 2320 ut
1240 2291 1273 2321 ab
1283 2291 1340 2321 illis

239 2339 321 2366 quarn
331 2339 346 2358 a
357 2330 411 2358 vita
425 2329 518 2358 divelli
529 2330 636 2367 gravius
647 2330 793 2359 existimet.

220 2367 365 2406 Applicare
383 2377 497 2396 annum.
520 2368 637 2397 Martial.
658 2368 705 2397 lib.
718 2372 742 2397 6.
756 2374 801 2402 28.

299 2405 343 2434 Bis
359 2405 429 2434 senis
446 2406 531 2434 modo
546 2405 675 2435 messibus
698 2407 814 2443 peractis
825 2428 833 2440 ‚

298 2443 352 2471 Vix
373 2453 458 2472 unum
479 2453 548 2481 puer
561 2443 719 2482 applicabat
734 2453 847 2474 annum.

238 2490 316 2509 mum
335 2490 439 2510 annum
450 2481 608 2511 accedebat.

182 2519 421 2548 ΛΡΡιιεῖιτυε
432 2541 439 2553 ,
461 2530 490 2554 a,
513 2529 568 2548 um,
592 2520 687 2549 Partic.
718 2520 732 2555 [
748 2519 929 2554 ωεθπρμιιθέις
944 2519 958 2553 ]
980 2518 1045 2549 Caes.
1059 2528 1082 2556 3.
1098 2519 1165 2549 Bell.
1180 2519 1259 2548 Civil.
1275 2529 1338 2549 101.

218 2556 424 2593 Applicatisque
440 2557 535 2586 nostris
549 2558 582 2586 ad
593 2565 706 2586 terrram
718 2557 841 2587 navibus.
868 2557 936 2586 Plin.
951 2556 999 2586 lib.
1013 2567 1056 2594 30.
1075 2567 1136 2596 cap.
1154 2568 1178 2594 5.
1193 2558 1338 2588 Stoniachi

218 2594 345 2622 dolorem
355 2593 450 2623 sedant
466 2595 598 2632 applicati
608 2595 712 2632 saepius.

219 2631 371 2669 Applicatae
382 2642 465 2661 aures.
504 2633 584 2661 Varro
595 2643 619 2662 2.
634 2635 669 2662 de
680 2633 710 2662 R.
723 2632 755 2662 R.
778 2642 838 2669 cap.
857 2641 882 2668 7.
911 2632 939 2662 Si
950 2632 987 2661 est
998 2632 1086 2662 oculis
1099 2633 1184 2671 nigris
1195 2655 1202 2668 ,
1224 2633 1337 2662 naribus

238 2679 295 2698 non
307 2669 433 2705 angustis,
444 2671 588 2708 applicatis
596 2671 715 2699 auribus.
751 2670 833 2706 Quali
846 2670 929 2705 dicat,
937 2671 1081 2706 Brevibus,
1100 2680 1158 2700 non
1170 2670 1298 2708 oblongis
1310 2673 1336 2701 δε

238 2707 436 2744 pendentibus.
459 2708 499 2737 De
511 2718 581 2744 equo
593 2709 707 2737 diclum.

930 2444 948 2473 i.
968 2454 992 2474 e.
1013 2443 1066 2474 Vix
1077 2444 1113 2474 ad
1135 2444 1249 2474 tertium
1263 2443 1339 2474 deci-

220 2744 326 2774 Fistulae
336 2755 383 2780 per
394 2754 459 2781 quas
469 2756 536 2783 aqua
546 2746 655 2775 ducitur
665 2745 810 2784 applicatae
822 2745 938 2775 aedibus.
975 2746 1111 2784 Pompon.
1130 2745 1219 2802 inssi
1231 2746 1334 2776 fistulae.
1380 2756 1384 2757 ⁷

239 2783 272 2812 D.
287 2783 322 2811 de
334 2783 421 2811 servit.
434 2783 493 2812 urb.
506 2784 588 2821 proed.

218 2820 329 2850 Ferrum
344 2820 522 2858 applicatum.
552 2820 700 2850 Columell.
713 2820 730 2849 l.
744 2832 770 2856 4.
784 2830 807 2850 c.
825 2829 870 2856 24.
899 2820 1013 2850 Pressius
1030 2822 1106 2851 enim
1125 2821 1143 2851 fi
1154 2821 1280 2852 abnodes
1290 2832 1336 2860 ap·-

237 2858 340 2896 plicato
359 2859 429 2887 ferro
440 2881 447 2893 ,
470 2865 515 2887 aut
534 2865 591 2887 tota
605 2858 711 2887 tollitur
722 2880 730 2894 ,
755 2865 802 2887 aut
814 2858 1037 2889 convulneratur.

218 2896 380 2934 Applicatus
390 2918 397 2930 ,
419 2897 444 2925 Sc
455 2904 615 2932 occupatus.
660 2897 718 2925 Cic.
732 2907 756 2931 4.
768 2896 803 2924 de
815 2896 874 2925 Fin.
890 2907 930 2931 ¹4·
963 2896 1040 2932 Quid
1055 2897 1130 2925 enim
1142 2897 1211 2927 dicis
1222 2920 1229 2932 ,
1251 2907 1335 2926 omne

236 2934 338 2962 animal
350 2933 510 2970 simulatque
520 2935 550 2963 sit
560 2941 651 2962 ortum
663 2933 832 2972 applicatum
841 2933 894 2962 eise
906 2934 941 2963 ad
952 2934 977 2963 se
986 2935 1171 2972 diligendum,
1187 2936 1296 2973 esseque
1304 2936 1334 2964 in

235 2971 262 3001 se
276 2971 464 3001 conservando
476 2979 652 3009 occupatum.

182 3010 202 3039 A
213 3019 292 3040 PPL!
304 3012 369 3038 cir
380 3019 417 3038 us
429 3032 436 3043 ,
459 3019 492 3043 a,
513 3020 569 3038 um.
595 3009 641 3038 alt.
665 3009 759 3037 Partic.
780 3005 1062 3046 [weewgumstſscoa]
1083 3010 1130 3039 Sil.
1143 3009 1192 3039 lib,
1212 3021 1253 3045 ις,

298 3047 441 3076 Proximus
455 3047 588 3085 applicito
604 3047 701 3075 saxosis
719 3056 816 3084 aggere
841 3046 920 3083 sylvis
1000 3047 1157 3077 Tendebat.
1198 3048 1264 3077 Plin.
1278 3048 1294 3077 l.
1305 3059 1331 3078 2.

218 3083 268 3122 Ep.
278 3094 317 3122 17.
332 3085 502 3123 Applicitum
514 3085 552 3114 est
561 3083 690 3114 cubiculo
700 3084 900 3121 hypocaustum
910 3086 1099 3123 perexiguum.
1124 3087 1141 3114 i.
1151 3096 1175 3115 e.
1189 3086 1331 3122 junctum.

182 3123 246 3152 App
257 3134 271 3151 1.
286 3133 325 3151 ax
338 3145 345 3157 ,
372 3123 431 3152 icis.
453 3129 499 3155 ut.
520 3123 657 3160 Complex
672 3144 680 3157 ,
706 3122 847 3159 Supplex,
866 3122 927 3150 icis.

218 3160 347 3204 Compar.
370 3160 448 3199 Apul.
464 3170 506 3189 10.
525 3160 593 3190 Met.
606 3171 634 3198 p.
646 3169 709 3196 249.
732 3159 890 3197 Appliciore
901 3169 974 3192 nexu
984 3159 1147 3190 adhaerebat.
1170 3171 1220 3199 pro
1239 3162 1333 3200 Appli-

233 3206 344 3228 cariore.

181 3237 315 3265 Λρρως
327 3245 419 3265 Λῃο
430 3258 437 3271 ‚
466 3237 536 3265 finis,
560 3235 577 3264 f,
613 3236 628 3271 [
643 3233 802 3270 ωερπέξμκσκ
817 3234 832 3269 ]
860 3233 919 3271 ipse
934 3234 1095 3272 applicandi
1109 3236 1194 3265 aetus.
1226 3236 1283 3266 Cic.
1303 3238 1331 3266 in

216 3272 279 3302 Lael.
293 3283 337 3310 27.
360 3274 538 3311 Quapropter
546 3283 560 3302 a
569 3279 664 3302 natura
673 3272 741 3301 mihi
749 3272 857 3300 videtur
867 3273 969 3310 potius,
990 3282 1070 3308 quam
1081 3273 1114 3302 ab
1125 3273 1278 3309 indigentia
1290 3285 1333 3303 or-

216 3318 242 3339 ta
253 3310 389 3341 amicitia:
410 3311 598 3348 applicatione
609 3311 694 3339 animi
705 3310 790 3347 magis
801 3320 862 3338 cum
872 3310 994 3346 quodam
1005 3309 1081 3340 sensu
1092 3312 1203 3340 amandi
1219 3334 1226 3347 ,
1247 3322 1331 3350 quam

216 3350 383 3385 cogitatione
393 3356 525 3386 quantum
535 3348 581 3377 illa
589 3358 630 3378 res
641 3348 767 3377 utilitatis
779 3348 845 3376 esset
857 3348 988 3376 habitura.

216 3386 465 3423 Applicationisjus
475 3386 552 3415 fuisse
560 3386 677 3420 videtur,
695 3393 725 3415 ut
734 3386 780 3422 qui
792 3386 951 3422 peregrinus
959 3384 1014 3413 sese
1033 3385 1061 3413 in
1072 3385 1138 3414 civis
1147 3385 1262 3422 alicujus
1275 3387 1331 3416 Ro-

235 3424 308 3452 mani
320 3424 390 3460 quasi
402 3424 601 3462 patronilidem
613 3426 638 3454 dt
650 3423 808 3453 clientelam
817 3424 854 3452 ita
862 3422 987 3461 dedisset,
1008 3422 1025 3451 si
1036 3423 1057 3451 is
1068 3423 1193 3452 intestato
1205 3432 1331 3454 mortuus

235 3461 309 3495 esset,
322 3463 380 3496 ejus
391 3462 579 3490 haereditatem
592 3468 722 3499 patronus
739 3461 885 3490 obtineret.
915 3460 972 3489 Cic.
989 3469 1011 3488 1.
1035 3460 1069 3488 de
1079 3460 1154 3489 Orat.
1172 3471 1228 3497 177.
1252 3462 1330 3498 Quid

235 3499 308 3535 quod
323 3499 389 3527 item
400 3500 427 3527 in
438 3499 634 3528 Centumvirali
644 3499 747 3532 iudicio
758 3506 891 3528 certatum
901 3497 954 3527 eisc
966 3499 1140 3535 accepimus?
1155 3499 1200 3534 qui
1210 3499 1329 3529 Romam

233 3537 262 3564 in
278 3535 392 3565 exilium
403 3536 535 3570 venisset,
556 3538 599 3565 cui
617 3537 711 3565 Romae
729 3536 839 3565 exulare
854 3537 897 3572 jus
909 3535 991 3569 ess‘ct,
1016 3534 1070 3564 sise
1081 3535 1114 3563 ad
1126 3535 1244 3572 aliquem
1255 3536 1328 3573 quali

233 3580 380 3616 patronum
390 3574 579 3611 applicuisset,
599 3575 781 3610 intestatoque
799 3573 865 3603 esset
885 3580 1027 3607 mortuus,
1048 3582 1142 3601 nonni.¹
1155 3573 1183 3601 in
1198 3575 1328 3603 eaciiuflii

232 3620 274 3646 Jus
285 3610 484 3648 applicationis,
496 3611 712 3641 obscurumsane
723 3612 892 3649 &ignotum
905 3611 1071 3649 patefactum
1080 3610 1109 3639 in
1118 3610 1233 3646 judicio,
1246 3620 1327 3648 atque

233 3647 392 3677 illustratum
403 3649 440 3677 est
453 3659 468 3677 a
486 3656 602 3686 patrono
613 3652 627 3679 ’.’

183 3687 265 3715 &rim
275 3689 292 3714 ὃ
304 3695 319 3713 o
330 3695 362 3718 o,
385 3685 401 3713 si
412 3707 419 3719 ,
440 3685 508 3720 sum,
530 3688 544 3722 [
560 3683 684 3722 'svrmgon'u
698 3687 713 3720 ]
734 3688 788 3715 Ere.
811 3686 958 3715 Collidere.
979 3685 1137 3723 Spartianus
1149 3685 1177 3713 in
1192 3686 1252 3714 Get.
1263 3695 1285 3713 c.
1300 3696 1323 3721 3.

215 3722 332 3752 [illatum
342 3732 425 3751 ovum
434 3723 577 3760 applosum
586 3724 619 3752 ad
630 3731 728 3753 terram
740 3724 829 3761 fregit.
851 3724 932 3753 Conf.
944 3724 1045 3761 Hygin.
1063 3722 1115 3752 fab.
1134 3727 1194 3752 126»
1206 3723 1286 3761 Apul.
1298 3728 1326 3752 6.

213 3760 302 3790 Miles.
313 3770 339 3797 p.
356 3765 416 3794 ¹84·
459 3761 486 3788 V.
510 3771 528 3789 A
539 3771 573 3790 1²1³
584 3771 653 3790 Lau
665 3771 682 3791 D
693 3771 718 3789 0.

182 3803 239 3828 '2121‘
248 3809 263 3825 1.
273 3801 290 3826 ὅ
302 3807 316 3825 ι’.
327 3807 343 3825 0
353 3819 360 3831 ,
382 3798 396 3832 [
414 3800 558 3826 woman-2⁴1»
573 3799 586 3833 ]
607 3801 660 3827 are.
683 3808 717 3827 ex
726 3799 776 3833 Ad,
798 3799 825 3827 <St
837 3798 915 3827 Ploro
930 3809 938 3834 3
961 3797 1108 3836 Deponere
1119 3797 1192 3835 apud
1202 3797 1321 3835 aliquem

211 3835 272 3864 suos
283 3835 371 3863 fletus.
401 3834 465 3863 Hor.
482 3834 569 3871 Epod.
585 3845 626 3864 11.
643 3845 683 3871 17.

288 3872 445 3907 Contraque
465 3871 570 3900 lucrum
584 3894 592 3906 ,
621 3873 660 3901 nil
682 3872 771 3901 valere
789 3873 940 3901 candidum

286 3909 414 3946 Pauperis
436 3909 597 3943 ingenium,
623 3910 756 3946 querebar
774 3910 920 3947 applorans
937 3910 997 3938 tibi.

205 3947 355 3986 Applorare
368 3966 375 3979 ,
403 3946 527 3983 Aliquem
556 3946 597 3976 vel
615 3947 691 3983 juxta
709 3947 829 3984 aliquem
847 3948 957 3989 del-lere.
994 3948 1057 3977 Seii.
1071 3958 1097 3983 4.
1126 3947 1190 3977 Nat.
1214 3946 1316 3985 Quaest.

1882 138 1910 171 A
2005 135 2028 170 P
2126 135 2149 171 P

1464 215 1558 250 Quum
1570 214 1625 249 jam
1635 214 1832 251 apploraveris,
1851 215 2007 253 mersosque
2017 223 2097 252 atque
2106 217 2220 246 obrutos
2229 224 2307 247 tanta
2317 217 2390 247 mole
2401 218 2547 250 credideris

1464 252 1546 285 lonae
1562 252 1595 280 ab
1611 261 1644 280 eo
1659 274 1666 286 ‚
1689 253 1718 280 in
1729 262 1811 288 quem
1823 254 1996 287 ceciderant,
2019 253 2082 282 loco
2099 256 2238 291 navigant.
2547 251 2555 264 ’

1411 289 1600 323 APPLUDA,
1623 299 1653 317 ae.
1685 288 1778 318 Genus
1799 290 1836 318 est
1855 291 2040 320 minutissima:
2063 291 2166 327 paleae,
2201 293 2349 326 frumenti,
2380 294 2431 322 live
2451 296 2557 331 panici:

1447 328 1482 355 de
1503 338 1557 362 qua
1577 327 1707 360 Naevius,
1734 327 1798 355 Non
1819 327 1912 357 hercle
1933 329 2053 365 appluda
2074 330 2111 358 est
2133 329 2235 363 hodie,
2258 340 2339 366 quam
2359 336 2407 364 tu,
2435 333 2561 369 nequior.

1446 366 1517 393 Sunt
1529 365 1574 401 qui
1587 364 1742 401 Appludam
1751 365 1915 395 Sorbitionis
1924 365 2108 402 liquidissiniae
2118 377 2204 403 genus
2214 374 2330 405 putent:
2355 368 2428 404 quod
2438 368 2502 398 flatu
2513 371 2564 399 de.

1447 403 1554 436 iiciatur
1566 424 1573 435 ,
1595 403 1620 431 ἃ
1633 402 1703 438 quali
1715 402 1888 439 applodatur.
1912 403 1977 432 Haec
1990 404 2089 433 Festus.
2115 404 2182 433 Gell.
2194 405 2228 433 l.1
2238 415 2259 433 1.
2272 415 2296 433 c.
2310 415 2334 441 7.
2346 404 2459 442 Legerat
2467 414 2557 438 autem

1446 434 1494 468 'ille
1504 461 1510 472 ,
1532 439 1681 476 appludam
1692 447 1797 468 veteres
1805 441 1916 469 rusticos
1926 441 2057 470 frumenti
2066 442 2199 471 furfurem
2211 442 2315 471 dixisse.
2331 442 2397 471 Plin.
2409 442 2426 470 l.
2443 449 2566 477 18.c.10.‘
2599 447 2604 477 i·

1448 477 1523 506 lVlilii
1532 478 1557 506 ἅ
1568 476 1660 514 panici
1671 478 1696 506 ἃ
1707 476 1813 506 sesamae
1824 478 1973 516 appludam
1983 487 2083 507 vocant
2096 487 2286 516 purgamenta,
2297 479 2362 508 alibi
2375 479 2433 509 aliis
2444 482 2560 512 nomini.
2599 476 2604 518 ξ

1410 553 1432 582 A
1450 515 1499 543 bus
1513 514 1775 551 Nonitis,tlppltidas
1787 516 1916 544 frumenti
1928 516 2043 545 furfures
2056 518 2153 545 dicunt
2170 517 2261 546 rustici
2272 524 2386 546 veteres.
2400 519 2557 553 Antiquum.

1441 562 1503 581 1.1.L
1515 562 1623 585 UMBO,

1448 637 1501 664 que
1513 627 1593 656 affixa
1606 649 1613 660 ,
1635 637 1668 656 an
1683 637 1744 664 pars
1759 629 1936 658 monumenti
1954 628 2052 657 effecka
2062 629 2109 664 fit,
2130 631 2181 659 &a

1410 665 1574 699 Arnim,
1594 665 1638 699 ui,
1659 666 1755 700 situm,
1777 667 1792 701 [

1446 701 1543 731 Pluere
1554 724 1562 737 ,
1583 701 1627 730 vel
1639 701 1722 737 Juxta
1734 703 1838 740 pluere.
1860 703 1927 732 Plin.
1941 703 1958 732 1.
1974 714 1999 739 9.
2015 714 2038 733 c.
2058 708 2099 733 16.
2128 704 2245 742 Quippe
2255 705 2455 734 &harundines
2468 715 2559 743 quam-

1446 741 1487 768 vis
1503 741 1532 768 in
1544 739 1646 777 palude
1658 748 1799 778 prognatae
1810 764 1818 776 ,
1842 752 1899 770 non
1917 749 2010 770 tamen
2023 742 2079 771 fine
2090 742 2177 771 imbre
2189 743 2365 772 adolescunt:
2388 745 2414 772 ὃς
2428 743 2492 773 alias
2502 744 2560 774 ubi-

1446 787 1557 814 cunque
1569 777 1656 815 pisces
1669 779 1698 807 in
1712 779 1809 808 eadem
1827 789 1896 816 aqua
1906 779 2018 815 assidui,
2043 780 2091 808 nisi
2107 780 2220 817 appluat
2234 802 2241 816 ,
2265 781 2467 811 exanimantur.

1407 815 1429 844 A
1438 825 1453 844 P
1462 825 1474 843 ι)
1486 819 1502 844 ὂ
1516 825 1535 843 Ν
1544 825 1560 843 0
1572 837 1579 849 ,
1601 815 1641 844 sui
1651 837 1658 850 ‚
1682 817 1765 845 situm
1776 840 1783 852 ,
1818 819 1831 852 [
1847 815 2000 852 ποῦ’-τίθημι,
2013 813 2174 854 παρφτὶθημι,
2186 816 2323 854 πςοπὶπἹω,
2339 818 2490 856 xeneam,
2509 819 2560 848 ἐπι-

1445 851 1519 880 πέιῑίω
1534 853 1548 888 ]
1570 855 1624 882 Ere.
1646 853 1730 882 Ovid.
1748 864 1769 883 1.
1785 855 1874 883 Amor.
1895 866 1918 890 5.
1931 864 1957 883 2.

1525 891 1645 928 Apposui
1657 892 1750 920 medio
1769 892 1893 921 membra
1910 892 2027 922 levanda
2045 897 2116 922 toro.

1442 927 1487 957 vel
1503 929 1580 963 juxta
1592 939 1704 966 ponere.

1441 967 1588 1004 Apponere
1598 973 1670 995 ante.
1700 967 1763 997 Ter.
1778 967 1847 996 And.
1862 979 1887 1004 4.
1901 978 1927 1002 4.
1941 978 1967 1002 4.
2005 967 2107 1005 Accipe
2124 978 2194 998 ame
2205 968 2282 998 hunc
2295 978 2381 1007 ocyus
2397 975 2479 1006 atque
2497 977 2560 1001 ante

1462 1004 1581 1033 nostram
1592 1005 1703 1039 januam
1720 1015 1840 1042 appone.
1878 1005 1919 1034 De
1929 1015 2016 1043 puero
2028 1005 2160 1042 loquitur.

1442 1041 1483 1070 Ad
1497 1041 1617 1078 aliquam
1628 1053 1685 1071 rem
1697 1050 1793 1071 notam
1802 1053 1953 1080 apponere.
1987 1043 2045 1072 Cic.
2059 1044 2087 1072 in
2096 1044 2184 1073 Pison.
2197 1053 2241 1081 73.

1441 1079 1483 1109 Ad
1498 1080 1600 1116 ignem.
1632 1079 1719 1109 Plaut.
1739 1081 1817 1109 Meri.
1837 1091 1862 1109 2.
1874 1090 1899 1110 2.
1912 1092 1953 1116 ςς.
1992 1081 2034 1110 Ire
2052 1081 2144 1110 hercle
2162 1082 2262 1111 melius
2273 1082 2311 1111 est
2323 1088 2351 1112 te
2370 1083 2462 1117 intro,
2481 1090 2560 1121 atque

1459 1117 1623 1146 accumbere
1632 1140 1639 1152 ,
1662 1118 1729 1147 dum
1740 1128 1791 1156 ego
1802 1118 1861 1148 haec
1868 1128 1982 1157 appono
1991 1119 2026 1148 ad
2036 1119 2152 1149 Vulcani
2160 1119 2331 1150 violentiam.
2367 1120 2539 1159 Metonymia
2547 1143 2557 1158 ‚

2200 893 2312 931 Proprie
2326 892 2466 931 fignificat,
2475 893 2560 933 Prope

1460 1165 1510 1192 pro
1528 1156 1566 1184 Ad
1580 1156 1682 1192 ignem.

1440 1193 1482 1222 Ad
1500 1203 1531 1222 os
1547 1203 1670 1222 manum.
1702 1193 1760 1223 Cic.
1775 1200 1799 1228 8.
1829 1194 1902 1223 Fam.
1918 1204 1942 1223 1.

1442 1231 1481 1259 Ad
1501 1241 1579 1260 nares
1591 1230 1746 1260 reticulum.
1769 1232 1826 1261 Cic.
1839 1242 1864 1269 7.
1887 1232 2015 1268 Verr.27.

1440 1269 1588 1306 Apponere
1599 1291 1606 1303 ,
1628 1279 1692 1309 cum
1706 1270 1808 1299 dativo.
1832 1270 1889 1299 Liv.
1901 1282 1927 1304 4.
1946 1270 2013 1300 Bell.
2025 1269 2135 1301 Maced.
2157 1271 2224 1301 Non
2233 1271 2359 1301 sustinuit
2367 1273 2505 1310 impetum
2515 1282 2559 1302 eo.
2576 1258 2579 1262 λ

1461 1316 1522 1335 rum
1534 1307 1613 1336 statio
1622 1329 1630 1341 ,
1658 1316 1718 1344 quae
1729 1315 1814 1344 portae
1826 1308 1949 1346 appolita
1958 1316 2026 1337 erat.

1439 1343 1602 1374 Machinam
1610 1354 1758 1383 apponere.
1782 1345 1839 1375 Cic.
1855 1356 1878 1381 3.
1892 1346 1966 1375 Verr.
1984 1356 2045 1381 14<·
2068 1346 2175 1376 Omnes
2186 1347 2240 1376 illae
2251 1346 2399 1382 eolumnae,
2412 1357 2478 1384 quas
2486 1347 2561 1378 deal-

1461 1382 1535 1411 batas
1546 1383 1647 1411 videtis
1661 1405 1669 1418 ,
1690 1383 1965 1421 machinaapposita,
1986 1384 2063 1413 nulla
2073 1384 2195 1422 impensa
2205 1385 2319 1421 dejec‘tae
2333 1385 2402 1414 sunt.
2424 1386 2441 1414 i.
2461 1395 2486 1414 e·
2507 1386 2558 1416 Ad-

1460 1426 1556 1453 mota,
1577 1420 1718 1456 adhibita,
1739 1421 1884 1459 applicata.

1439 1457 1544 1500 Noram
1555 1468 1696 1496 apponere
1705 1459 1787 1488 alicui
1798 1460 1845 1489 rei.
1869 1459 1927 1489 Cic.
1942 1469 1983 1495 13.
1998 1459 2071 1489 Fam.
2086 1463 2111 1489 6.
2136 1460 2259 1498 Reliquis
2267 1461 2389 1498 epistolis
2400 1461 2553 1492 tarxtumfa-

1459 1505 1529 1524 eiam
1540 1518 1548 1530 ,
1570 1503 1600 1525 ut
1611 1503 1706 1525 notam
1722 1507 1756 1535 ap
1779 1507 1860 1526 onam
1871 1507 1931 1526 eam
1940 1507 2000 1535 quae
2009 1498 2079 1527 mihi
2090 1505 2182 1527 tecum
2193 1499 2333 1528 convenit.

1437 1533 1586 1576 Apponere
1601 1535 1636 1577 de
1654 1533 1710 1564 suo.
1741 1507 1827 1565 Fiant.
1840 1534 1901 1565 Mil.
1922 1545 1946 1571 3.
1961 1545 1984 1570 3.
2000 1545 2043 1571 31.
2080 1537 2122 1565 Ad
2133 1545 2179 1565 tua
2187 1543 2344 1574 praecepta:
2366 1537 2401 1566 de
2411 1547 2475 1566 meo
2486 1537 2556 1568 nihil

1458 1571 1499 1600 his
1510 1581 1611 1601 novum
1628 1572 1684 1610 ipse
1699 1573 1821 1610 apposui.
1843 1583 1893 1611 pro
1906 1573 2016 1602 Addidi.

1435 1608 1573 1639 Postulare
1583 1611 1674 1647 gratiae
1683 1611 1788 1648 apponi
1797 1611 1853 1640 sibi.
1883 1610 1947 1640 Ter.
1967 1611 2037 1640 And.
2049 1621 2075 1640 2.
2092 1621 2115 1640 1.
2129 1616 2170 1647 33.
2203 1611 2374 1649 Neutiquam
2386 1612 2509 1642 officium
2517 1611 2558 1642 es-

1457 1646 1484 1676 se
1494 1646 1575 1676 liberi
1585 1655 1670 1685 puto,
1694 1658 1779 1685 quum
1789 1650 1812 1678 is
1822 1649 1893 1678 nihil
1902 1656 2057 1687 promereat
2067 1671 2075 1684 ‚
2093 1650 2230 1687 postulare
2241 1650 2271 1679 id
2281 1650 2373 1687 gratiae
2383 1650 2553 1688 apponisibi,

1437 1686 1586 1722 Apponere
1596 1685 1700 1723 aliquid
1711 1686 1797 1716 lucro.
1827 1687 1893 1716 Hor.
1909 1697 1931 1715 1.
1953 1686 2042 1717 Carni.
2056 1698 2079 1723 9.
2097 1697 2139 1722 ις.

1437 1723 1586 1760 Apponere
1604 1724 1673 1753 cibis
1697 1724 1822 1761 aliquid,
1842 1725 1861 1753 i.
1878 1735 1902 1754 e.
1924 1724 2038 1760 indere,
2064 1726 2233 1761 immittere,
2256 1726 2421 1763 imponere,
2442 1726 2553 1756 addere.
2569 1754 2572 1761 ,

1456 1761 1542 1790 Plaut.
1556 1761 1649 1792 Pseud.
1665 1772 1688 1797 3.
1702 1772 1726 1791 2.
1745 1772 1788 1797 25.
1826 1762 1891 1791 Non
1903 1772 1955 1800 ego
1970 1763 2037 1792 item
2048 1772 2159 1792 coenam
2172 1764 2276 1792 condio
2292 1770 2323 1792 ut
2330 1763 2376 1792 alii
2387 1765 2478 1801 coqui.
2520 1764 2554 1794 Et
2570 1768 2572 1770 '

1454 1799 1539 1836 paulo
1555 1799 1635 1836 post,
1666 1800 1771 1829 Indunt
1792 1801 1969 1829 coriandrum
1982 1822 1990 1835 ,
2020 1801 2202 1836 foeniculum,
2223 1801 2340 1836 allium,
2361 1808 2451 1831 atrum
2474 1802 2552 1832 olus:

1454 1844 1602 1874 apponunt
1616 1838 1751 1867 rumicem
1763 1860 1769 1871 ,
1791 1837 1952 1872 brassicam,
1975 1838 2066 1868 betam
2080 1861 2087 1872 ‚
2110 1838 2218 1868 blitum.
2406 1849 2407 1854 ¹

1435 1874 1583 1912 apponere
1597 1875 1727 1905 mensam.
1758 1875 1843 1905 Plaut.
1863 1876 1932 1905 Asin.
1953 1887 2049 1910 §.1.2.
2073 1877 2167 1912 Pueri,
2190 1877 2311 1906 mensam
2329 1878 2471 1915 apponite.
2494 1877 2551 1908 Cic.

1458 1922 1500 1948 14.
1516 1914 1567 1941 Att.
1579 1917 1604 1942 6.
1646 1914 1713 1943 Haec
1727 1915 1761 1943 ad
1773 1921 1800 1943 te
1809 1913 1898 1951 scripsi
1914 1914 2037 1952 apposita
2053 1914 2174 1943 secunda
2188 1915 2289 1943 mensa.
2331 1915 2377 1944 Sic
2388 1925 2452 1944 cum
2461 1916 2555 1946 adver-

1453 1949 1539 1979 bioin
1551 1950 1623 1980 loco.
1645 1951 1730 1981 Plaut.
1749 1951 1857 1981 Mostel.
1870 1962 1892 1981 1.
1909 1961 1932 1989 3.
1949 1962 2010 1988 150.
2052 1952 2129 1982 Cedo
2143 1962 2243 1990 aquam
2254 1952 2384 1982 manibus
2400 1963 2485 1991 puer:
2507 1964 2558 1992 ap..

1453 1998 1528 2025 pone
1542 1988 1588 2018 hic
1604 1989 1765 2019 mensulam.

1433 2025 1559 2056 Mensam
1567 2026 1658 2056 alicui.
1672 2027 1757 2057 Plaut.
1774 2026 1902 2064 Pers.3.1.
1917 2031 1961 2058 26.
1975 2027 2072 2057 Mensa
2082 2029 2171 2058 inanis
2183 2028 2201 2057 si
2214 2034 2292 2058 nun'c
2310 2029 2550 2066 apponaturmihi.

1433 2064 1545 2101 Aliquid
1564 2064 1736 2102 epulandum
1756 2066 1862 2096 mensis.
1891 2066 1963 2103 Virg.
1976 2077 2002 2101 4.
2017 2067 2077 2096 AEn.
2090 2070 2154 2095 602.

1433 2102 1576 2139 Appositas
1590 2103 1695 2132 mensas
1707 2104 1846 2133 instruere.
1869 2103 1952 2133 Ovid.
1966 2109 1991 2137 8.
2005 2104 2073 2133 Met.
2092 2114 2154 2140 570.

1433 2140 1531 2169 Alicui.
1554 2140 1666 2170 subaud.
1693 2141 1786 2171 Cibos.
1809 2141 1866 2171 Cic.
1885 2152 1908 2176 ς.
1931 2141 2012 2171 Tusc.
2026 2152 2070 2177 92.
2092 2143 2266 2171 Xenocrates
2280 2131 2552 2183 adduxitlegatosad
2590 2127 2591 2130 ¹

1451 2188 1563 2207 coenam
1583 2179 1612 2207 in
1634 2180 1829 2209 Academiam:
1871 2180 1905 2208 iis
1928 2179 2057 2218 apposuit
2080 2189 2188 2210 tantum
2213 2180 2289 2217 quod
2307 2180 2369 2209 satis
2388 2181 2454 2209 esset
2472 2180 2550 2210 nullo

1431 2222 1650 2284 Pbldgliziriltgvid.
1666 2264 1690 2289 ς.
1704 2254 1784 2284 Trist.
1806 2264 1830 2292 3.
1845 2265 1889 2291 50.

1431 2291 1573 2329 Aniplirer.
1594 2291 1680 2322 Plaut.
1704 2292 1765 2322 Mil.
1788 2302 1811 2328 3.
1834 2303 1855 2322 1.
1876 2297 1936 2322 160.
1965 2293 2020 2323 Sed
2046 2292 2132 2321 iidem
2148 2292 2276 2322 homines
2291 2302 2433 2330 nunquam
2454 2293 2551 2323 dicunt
2587 2284 2589 2293 Α

1451 2330 1630 2367 (quanquam
1640 2331 1795 2369 appositum
1806 2331 1843 2360 est
1852 2330 1993 2368 ampliter)
2002 2330 2072 2365 Jube
2085 2330 2154 2359 illud
2164 2331 2247 2365 demi,
2259 2330 2325 2359 tolle
2335 2331 2406 2360 hanc
2415 2332 2558 2368 patinam:

1428 2366 1464 2396 In
1475 2367 1550 2396 vasis.
1571 2367 1629 2397 Cic.
1642 2373 1666 2397 6.
1681 2370 1734 2397 Att.
1752 2379 1774 2397 1.
1807 2369 1885 2405 Quid
1893 2376 1920 2397 te
1934 2370 1962 2398 iri
1973 2368 2039 2397 valis
2051 2368 2180 2397 fiCtilibus
2192 2368 2380 2413 appositurum
2390 2377 2486 2407 putem
2499 2370 2512 2397 ‘3

1428 2404 1462 2435 In
1473 2405 1572 2442 epulis.
1595 2405 1662 2435 Plin.
1681 2413 1706 2440 8.
1725 2417 1767 2440 ςι.
1802 2407 1928 2436 Solidum
1939 2416 2036 2444 aprum
2048 2406 2236 2435 Romanorum
2246 2416 2350 2443 primus
2361 2417 2391 2436 ιιι
2403 2407 2494 2444 epulis
2502 2417 2548 2446 ap.
2582 2427 2587 2443 κ

1449 2443 1541 2481 posuit
1551 2443 1575 2472 P.
1585 2443 1716 2473 Servilius
1729 2444 1832 2473 Rullus.
1854 2445 1907 2479 Sic,
1928 2445 2074 2482 Apponere
2085 2445 2114 2472 in
2125 2444 2221 2478 coenis,
2246 2444 2322 2473 Idem
2333 2445 2379 2473 lib.
2395 2450 2436 2480 3⁶-

1428 2480 1461 2511 In
1473 2481 1579 2519 epulis,
1601 2491 1659 2510 non
1670 2483 1756 2511 modo
1765 2483 1862 2511 vinum
1876 2488 1923 2511 aut
1931 2482 2010 2511 cibus
2021 2483 2124 2519 apponi
2135 2482 2234 2510 dicitur
2244 2504 2251 2517 ,
2271 2482 2318 2511 sed
2331 2483 2414 2511 etiam
2428 2482 2504 2517 vasa,
2520 2473 2546 2512 dc
2596 2496 2597 2500 ¹

1447 2518 1499 2547 alia
1515 2518 1640 2556 supellex
1659 2519 1813 2549 necelsaria.
1848 2520 1937 2549 Cic.6.
1968 2520 2042 2548 Verr.
2060 2525 2104 2554 48.
2134 2519 2423 2557 Apposuitpatellam,
2445 2521 2473 2549 in
2493 2530 2546 2557 qua

1448 2556 1532 2593 sigilla
1544 2563 1621 2586 erant
1630 2558 1747 2594 egregia.
1770 2557 1841 2601 lbid.
1852 2568 1896 2593 49.
1918 2557 2054 2587 Coenabat
2063 2558 2139 2595 apud
2148 2567 2213 2586 eum
2226 2567 2232 2587 :
2255 2567 2399 2595 argentum
2411 2557 2453 2587 illi
2467 2565 2545 2588 caete-
2580 2591 2582 2611 ἦ

1446 2604 1506 2623 rum
1519 2605 1619 2632 purum
1630 2595 1801 2633 apposuerat.
1825 2606 1842 2624 1.
1860 2605 1884 2625 e.
1907 2595 1973 2624 Vasa
1982 2605 2016 2624 ex
2029 2602 2142 2632 argento
2155 2605 2234 2633 puro.

1427 2632 1522 2662 Annos
1538 2642 1696 2670 apponere,
1720 2635 1745 2663 ἃ
1762 2633 1879 2663 Demere
1891 2655 1899 2667 ,
1921 2633 2065 2662 contraria.
2092 2633 2158 2662 Hor.
2170 2643 2194 2661 2.
2211 2633 2301 2662 Carm.
2317 2644 2341 2668 ς.
2360 2643 2401 2669 ις.

1586 2685 1624 2691 —
1640 2673 1666 2701 St
1683 2670 1744 2706 illi,
1766 2681 1834 2708 quos
1854 2671 1905 2700 tibi
1924 2671 2088 2708 dempserit,
2172 2672 2300 2708 Apponet
2315 2681 2412 2701 annos.

1426 2708 1577 2745 Apponere
1588 2709 1703 2738 modum
1714 2709 1796 2738 vitiis.
1819 2708 1876 2738 Cic.
1886 2721 1912 2744 4.
1927 2709 2009 2738 Tusc.
2022 2719 2067 2744 41.
2089 2709 2146 2744 Qui
2157 2710 2232 2737 enim
2242 2709 2317 2738 vitiis
2328 2710 2442 2738 modum
2458 2718 2546 2747 appoq

1445 2746 1506 2782 nit,
1528 2746 1550 2775 is
1562 2754 1669 2783 partem
1678 2746 1937 2784 suscipitvitiorum.
1960 2747 1977 2775 i.
1995 2757 2018 2775 e.
2041 2747 2097 2783 Qui
2108 2747 2177 2775 dicit
2193 2747 2259 2775 vitia
2270 2746 2346 2784 posse
2359 2747 2544 2776 essemodera-

1445 2790 1490 2813 ta:
1513 2790 1543 2813 ut
1557 2784 1703 2822 Moderata
1715 2785 1862 2819 injustitia,
1883 2784 2025 2813 moderata
2041 2785 2263 2821 intemperantia.

1429 2821 1623 2851 Accusatorem
1638 2832 1779 2860 apponere
1793 2822 1885 2851 alicui.
1913 2822 1969 2850 Cic.
1983 2831 2007 2857 3.
2021 2822 2146 2858 Verr.74.
2178 2822 2383 2860 Apponiturliis
2395 2829 2488 2851 tamen
2501 2831 2543 2852 ac-
2596 2844 2597 2847 η

1445 2859 1560 2888 cusator.
1588 2860 1606 2888 i.
1624 2869 1648 2889 e.
1671 2861 1711 2889 Ex
1727 2860 1880 2898 composito
1893 2859 2047 2888 adhibetur.

1425 2895 1670 2926 Calumniatorem.
1703 2897 1760 2927 Cic.
1775 2907 1797 2933 3.
1823 2898 1895 2926 Verr.
1910 2908 1952 2933 27.
1984 2898 2103 2927 Dionem
2120 2898 2262 2926 evocivit:
2285 2897 2496 2926 calumniatores
2506 2905 2541 2926 ex

1445 2934 1502 2963 sinu
1514 2934 1560 2963 suo
1572 2935 1699 2973 apposuit
1713 2958 1721 2971 ‚
1743 2936 1788 2981 qui
1797 2935 1873 2964 illam
1882 2935 2071 2965 haereditatem
2083 2936 2182 2965 Veneri
2193 2935 2314 2972 Erycinae
2323 2935 2494 2964 commissam
2504 2934 2541 2964 ess

1423 2971 1728 3048 Ciistcdldgrrisriitpponere
1746 3010 1829 3040 alicui
1849 3032 1856 3046 ,
1879 3020 1929 3048 pro
1941 3009 2088 3040 Adhibere.
2123 3011 2180 3040 Cic.
2197 3020 2219 3039 1.
2232 3009 2306 3040 Verr.
2331 3010 2489 3046 Custodem,
2499 3011 2541 3039 in-

1445 3049 1512 3084 quit,
1527 3048 1622 3077 Tullio
1633 3058 1677 3077 me
1686 3050 1827 3086 apponite.

1422 3084 1609 3115 Licitatorem.
1632 3086 1689 3115 Cic.
1702 3096 1725 3121 3.
1746 3086 1802 3115 Off.
1816 3089 1859 3115 61.
1882 3085 1947 3114 Non
1961 3085 2126 3114 licitatorem
2136 3085 2273 3120 venditor,
2290 3095 2343 3114 nec
2354 3086 2502 3122 quicontra
2511 3084 2538 3114 se
2578 3117 2579 3123 ἵ

1442 3122 1571 3159 liceatur,
1593 3130 1703 3162 emptor
1716 3130 1847 3166 apponet.
1886 3123 1963 3152 ldem
1975 3123 1993 3152 l.
2009 3133 2032 3158 3.
2056 3124 2085 3151 in
2097 3123 2169 3152 Verr.
2182 3133 2225 3158 99.
2266 3123 2412 3161 Appositus
2430 3133 2487 3152 erat
2503 3123 2538 3152 ab
2578 3129 2579 3140 ¹

1441 3161 1490 3189 isto
1502 3161 1651 3191 Venuleius
1659 3162 1771 3199 quidam
1784 3170 1952 3198 quiemeret.
1994 3161 2016 3190 ls
2031 3161 2107 3189 liceri
2119 3171 2175 3189 non
2189 3161 2299 3190 destitit.

1416 3198 1594 3236 mancipem.
1618 3200 1675 3228 Cic.
1691 3209 1714 3234 3.
1730 3200 1802 3228 Verr.
1816 3209 1875 3234 141.
1913 3199 1940 3227 Si
1958 3208 1999 3227 res
2014 3198 2100 3227 abiret
2112 3199 2144 3227 ab
2159 3208 2192 3228 eo
2210 3199 2338 3236 mancipe
2349 3221 2356 3234 ,
2379 3208 2462 3235 quem
2480 3196 2537 3236 ipse

1441 3236 1624 3274 apposuisset,
1647 3237 1694 3266 sibi
1714 3237 1818 3266 nullam
1839 3236 1960 3274 praedam
1975 3235 2037 3265 else.

1421 3273 1657 3303 Praevaricatorem
1682 3274 1738 3303 sibi.
1761 3274 1818 3303 Cic.
1840 3284 1865 3302 2.
1886 3273 2002 3311 Philipp.
2024 3284 2068 3307 25.
2100 3273 2161 3308 Jam
2180 3283 2276 3302 vereor
2299 3283 2322 3302 Ρ.
2338 3283 2363 3303 c.
2385 3283 2440 3309 ne,
2462 3272 2536 3311 quod

1439 3312 1625 3348 turpillimum
1635 3312 1689 3346 est,
1711 3312 1946 3350 praevaricatorem
1963 3311 2030 3339 mihi
2047 3310 2201 3348 apposuisse
2214 3312 2317 3340 videar.
2546 3332 2548 3334 v

1422 3350 1570 3386 apponere
1582 3372 1590 3384 ,
1614 3350 1753 3379 interdum
1764 3360 1812 3387 pro
1828 3349 1943 3386 simplici
1962 3350 2106 3386 accipitur.
2128 3349 2186 3378 Cic.
2204 3359 2230 3380 2·
2251 3349 2286 3378 de
2294 3348 2400 3378 Invent.
2414 3359 2454 3385 14.
2476 3347 2538 3378 Gla-

1439 3388 1518 3416 dium
1534 3398 1622 3425 prope
1637 3388 1790 3425 appolitum
1810 3397 1826 3415 e
1837 3387 1934 3423 vagina
1951 3387 2057 3415 eduxit.

1419 3425 1567 3462 apponere
1586 3426 1670 3454 etiam
1693 3435 1743 3463 pro
1765 3425 1913 3462 Deponere
1928 3423 2080 3461 usurpatur.
2125 3423 2210 3453 Plaut.
2232 3423 2306 3452 Poen.
2324 3434 2349 3458 4.
2364 3433 2389 3452 2.
2405 3432 2447 3459 35.
2486 3431 2534 3451 Sic.

1436 3466 1547 3491 Atonus
1557 3471 1642 3500 urget.
1664 3474 1684 3491 M
1696 3474 1712 3491 i.
1736 3464 1768 3491 At
1780 3470 1810 3491 tu
1823 3471 1933 3499 appone
1945 3463 1970 3491 8.-
1986 3462 2089 3500 respice
2101 3461 2134 3490 ad
2150 3471 2202 3490 me.
2223 3460 2287 3490 Ter.
2301 3461 2398 3489 Heaut.
2415 3471 2437 3489 1.
2453 3469 2474 3489 1.
2488 3463 2530 3496 36.

1436 3501 1470 3529 At
1487 3501 1548 3529 istos
1567 3500 1663 3529 rastros
1679 3501 1782 3529 interea
1791 3508 1883 3528 tamen
1895 3509 2013 3536 appone.
2058 3499 2163 3534 [Quali
2181 3508 2216 3527 ex
2235 3498 2274 3527 Ab
2294 3500 2319 3528 Sc
2332 3498 2414 3527 Pono.
2441 3497 2532 3535 potest

1436 3545 1532 3566 tamen
1546 3548 1596 3575 pro
1612 3538 1732 3576 Sepone,
1742 3538 1819 3573 juxta
1828 3547 1912 3575 pone,
1923 3537 2023 3574 accipi,
2032 3536 2149 3565 velitem
2160 3546 2210 3574 pro
2221 3535 2346 3572 simplici,
2357 3536 2438 3564 Pone.

1378 3577 1422 3606 Ar
1432 3586 1445 3603 P
1455 3585 1491 3604 os
1502 3578 1513 3604 ῑ
1526 3585 1540 3603 r
1550 3586 1566 3604 u
1576 3585 1588 3604 s
1599 3598 1606 3608 ,
1638 3586 1653 3604 a
1663 3598 1670 3609 ,
1700 3586 1755 3604 uin.
1790 3575 1882 3603 Partic.
1915 3571 2154 3609 [προσπθευίῂῶυ
2169 3575 2183 3608 ]
2215 3574 2273 3602 Cic.
2292 3583 2314 3602 1.
2334 3573 2369 3602 de
2383 3573 2475 3602 Divin.
2487 3582 2528 3609 79.

1417 3614 1509 3642 Noun
1521 3612 1627 3641 lumine
1643 3613 1766 3650 apposito
1777 3613 1936 3649 experrecta
1951 3612 2043 3640 nutrix
2053 3612 2247 3640 animadvertit
2256 3620 2373 3648 puerum
2394 3611 2531 3640 dormien-

1416 3657 1473 3679 tem
1492 3650 1730 3688 circumplicatum
1743 3650 1874 3687 serpentis
1883 3649 2022 3686 amplexu.
2044 3650 2062 3678 i.
2080 3659 2103 3678 e.
2128 3649 2247 3678 Admoto
2259 3670 2267 3683 ,
2288 3648 2423 3677 adhibito.

1414 3689 1560 3725 Appositus
1579 3689 1613 3716 ad
1624 3688 1692 3717 Plin.
1707 3688 1753 3716 lib.
1765 3693 1789 3721 8.
1802 3697 1860 3724 cap.
1870 3692 1914 3718 28.
1936 3687 2005 3715 Aure
2023 3687 2058 3715 ad
2073 3686 2189 3724 glaciem
2204 3686 2336 3724 apposita.
2503 3722 2509 3728 .

1413 3726 1578 3762 Appolitus,
1599 3735 1664 3754 cum
1678 3726 1780 3754 dativo.
1806 3724 1935 3753 iPlio-lib.
1953 3734 1991 3753 12.
2004 3734 2055 3761 cap
2083 3734 2104 3753 1.
2145 3724 2228 3753 Nunc
2249 3724 2287 3752 est
2308 3722 2379 3752 clara
2400 3724 2429 3752 in
2447 3722 2528 3760 Lycia

1435 3763 1519 3799 gelidi
1530 3763 1614 3792 fontis
1625 3763 1696 3792 socia
1705 3763 1874 3797 amoenitate,
1884 3762 1978 3790 itineri
1990 3762 2120 3799 apposita.
2146 3761 2195 3797 [Et
2205 3772 2256 3799 pro
2265 3761 2360 3791 Partic.
2374 3762 2400 3790 Sc
2410 3771 2460 3798 pro
2471 3760 2526 3790 No-

1431 3802 1506 3828 mine
1521 3800 1575 3835 adj.
1596 3801 1689 3829 haberi
1706 3800 1803 3838 potest.

1410 3838 1431 3866 A
1455 3837 1555 3873 positus
1574 3838 1601 3865 in
1617 3838 1742 3866 locorum
1753 3837 1837 3866 deser.
1851 3836 1888 3865 est
1904 3836 2044 3870 Adiacens.
2068 3836 2157 3865 Tacit.
2170 3846 2195 3865 2.
2213 3836 2281 3865 Ann.
2294 3845 2319 3872 7.
2335 3846 2356 3864 1.
2379 3835 2524 3865 Castellum

1429 3847 1543 3910 Euppiie
1555 3875 1837 3912 fluiiiiniadpositum.
1860 3873 1972 3902 &Corn
1987 3885 2011 3907 4.
2029 3883 2105 3902 1.20.
2126 3873 2322 3911 Appositaurbi
2334 3874 2417 3910 regio.
2447 3873 2524 3903 Adde

1432 3922 1472 3939 10.
1490 3922 1565 3946 ¹0-4-
1589 3915 1614 3941 ok
1636 3913 1665 3941 V.
1689 3913 1809 3941 Gronov.
1833 3911 1867 3939 ad
1879 3911 1942 3939 Sen.
1965 3911 2042 3947 Epist.
2057 3923 2081 3946 4.

1409 3949 1553 3987 appositus
1566 3959 1598 3979 ac
1610 3951 1790 3988 propinquus.
1816 3949 1875 3979 Cic.
1889 3958 1915 3978 2.
1940 3948 1975 3978 de
1987 3950 2045 3978 lnv.
2068 3952 2129 3985 1⁶5-
2161 3947 2295 3979 fidentiae
2310 3949 2474 3978 contrarium
2485 3946 2522 3976 est

1646 553 1660 587 [
1676 550 1861 585 ottorfflmwbm
1876 554 1891 588 ]
1911 557 1965 582 are.
1989 553 2064 582 ldem
2076 554 2150 590 quod
2159 554 2274 592 simplex
2287 555 2437 584 Plumbare.
2460 555 2519 593 Ulp.
2530 556 2560 587 in
2598 555 2602 583 '1

1446 590 1465 618 l.
1478 599 1502 618 2.
1528 589 1560 618 D.
1572 589 1606 617 de
1616 588 1701 626 sepul.
1711 590 1776 619 viol.
1817 591 1893 620 idem
1904 592 1999 628 quaerit
2010 591 2026 619 si
2037 592 2122 621 statua
2133 601 2222 629 neque
2235 592 2414 630 applumbata
2423 592 2504 623 fuerit
2515 605 2560 624 ne-
2598 605 2602 639 ,s

1806 663 2009 702 σιςοπμὲρλζω]
2031 669 2084 696 ere.
2107 676 2140 696 ex
2159 667 2208 702 Ad,
2220 669 2245 697 &
2257 667 2351 696 Pluere
2366 677 2372 696 :
2396 667 2476 697 Idem
2486 670 2558 706 quod
2595 691 2601 703 .

2597 552 2602 687 ἑ

2594 706 2601 1020 ¹

2585 2082 2591 2148 l

2584 2156 2590 2311 l

2582 2314 2589 2435 l

2577 2614 2585 2866 l

2447 3983 2568 4016 Diffi-·
