2604 4222
637 130 666 164 C
762 126 778 161 1
875 124 906 159 R

421 216 604 246 stercoratam
624 217 725 240 terrain
740 206 983 241 circumaggerato.
1023 198 1094 234 [Sed
1103 196 1204 226 rectius
1222 194 1309 224 divise

798 243 912 273 Terram
920 240 990 268 circa
998 238 1124 265 arborem
1133 235 1308 270 adaggerato.

821 279 939 310 Radices
964 276 1030 305 fimo
1058 274 1307 308 circumaggeratae.

161 149 229 184 520

199 218 295 249 lumel.
309 229 333 253 ς.
350 226 391 246 12.

201 257 334 286 scribetur
350 255 461 284 Circum
473 258 608 289 aggerato.
622 249 660 278 lta
671 256 732 284 cap.
745 255 754 273 1
764 254 786 273 1.

164 295 573 325 CIRCUMAGGERATUS,
597 297 626 320 Β,
647 294 704 314 uni.
735 289 787 314 ut*

203 331 270 361 Plin.
289 340 331 365 19.
344 341 367 365 ς.
401 329 456 358 Ν1Γ1
469 330 495 357 &
505 327 551 356 1110
560 322 743 354 dividendum
755 319 801 348 est.
1010 350 1022 356 υ
1109 348 1114 354 ι

164 369 188 400 C
198 380 207 398 1
220 379 235 397 R
246 379 263 398 c
273 379 290 397 υ
300 379 320 397 M
331 370 347 397 Ᾰ
358 377 374 395 G
385 377 401 396 0
411 388 418 400 ,
440 366 483 403 Egi
494 386 502 399 ‚
523 364 614 392 aecum
627 382 635 394 ,
656 358 777 395 [κωὲωὲρω
789 377 798 390 ,
813 351 985 389 ὡάυμαι]
1006 358 1061 378 ere.
1084 346 1309 376 circumducere.

203 406 260 436 Liv.
279 416 301 434 1.
316 415 360 440 ²4-
383 405 457 433 Prius
475 410 554 439 paene
572 408 652 435 quam
669 393 818 426 Romulus,
840 391 941 427 quique
960 397 1025 417 cum
1037 396 1072 415 eo
1089 385 1196 423 equites
1216 391 1312 418 erant,

202 439 513 479 circumagerentirenis
525 445 627 473 equos,
647 440 721 470 terga
733 434 852 460 vertunt.
873 465 879 471 ι
962 463 967 469 .
1036 462 1041 468 1
1067 461 1073 467 ἢ
1110 461 1116 466 .
1205 459 1210 465 ”

202 481 338 518 Legiones
347 480 539 513 circumagere.
578 472 650 502 Flor.
664 479 688 504 3.
702 478 745 498 21.
758 472 783 511 6.
806 465 861 496 Sed
872 469 1020 502 impatiens
1034 471 1141 497 injuriae
1153 460 1242 489 statim
1253 457 1313 488 Sul-

221 520 246 548 la
257 519 377 554 legiones
385 512 554 548 circumegit.
584 511 602 539 i.
618 519 641 538 e.
663 507 796 537 Reduxit.

203 557 395 590 Circumagere
406 551 440 580 se.
482 550 537 578 Liv.
550 559 576 583 4.
587 553 632 580 28.
646 557 686 583 pr.

217 638 261 660 tos
271 630 403 659 clamores
411 626 480 655 hosti
490 646 498 659 ‚
514 625 566 653 &c.

201 669 394 702 Circuniagere
405 666 489 700 caput
501 661 601 697 aliquo.
640 658 714 694 Virg.
725 666 750 686 2.
763 655 863 691 Georg.
877 662 939 688 392.

293 705 326 733 Et
337 709 500 739 quocunque
512 699 587 728 Deus
599 697 705 727 circuni
719 700 803 731 caput
814 694 869 729 egit
877 689 1032 720 honestum.
1105 687 1155 716 Per
1165 684 1272 715 tmesin.

201 741 367 777 Circumagit
377 739 402 768 se
413 747 510 767 aniius.
550 735 607 764 Liv.
621 745 647 769 9.
660 739 702 767 18.
722 732 791 761 Ante
802 737 930 767 tempus,
952 726 1130 757 comitiorum
1147 723 1225 754 causa
1236 730 1313 751 revo-

219 780 273 809 cati
284 778 361 807 sunt:
383 776 430 805 ini
455 775 481 803 so
491 782 591 803 conatu
605 781 694 801 rerum
707 768 870 805 circumegit
882 766 908 796 se
917 774 1016 796 annus.
1279 797 1284 802 ι

200 818 413 851 Circumsgere,
434 785 552 849 i'nsequi.
593 810 668 839 Curt.
690 808 751 838 Nec
770 805 946 837 vulneratum
965 805 991 833 δι
1003 802 1062 832 fere
1077 800 1246 830 seminecem
1261 806 1312 826 cir-

218 862 363 890 cumagere
376 851 546 880 destiterunt.

199 893 391 926 Circumagere
406 898 455 926 pro
466 888 584 919 Mutare,
598 885 708 914 flectere
717 884 741 912 6<
750 890 878 912 coercere
889 880 1011 918 ponitur.
1034 877 1108 906 Suet.
1122 873 1187 904 Caes.
1200 882 1310 910 cap.70.

217 928 271 959 Sed
286 938 341 957 una
350 935 419 956 voce
428 948 435 960 ,
457 935 510 962 qua
524 924 648 960 Quirites
659 931 706 951 eos
717 931 767 956 pro
783 918 919 949 militibus
927 914 1089 954 appellarat,
1103 919 1161 942 tam
1169 911 1250 941 facile
1260 911 1310 939 cir-

217 966 340 1003 cumegit
350 966 375 994 81
387 964 466 993 flexit
474 985 482 997 ‚
499 969 529 992 ut
537 962 561 991 ei
574 960 674 990 milites
683 959 736 988 esse
748 957 894 987 confestim
905 953 1105 992 responderint.
1130 951 1161 979 Et
1169 950 1312 979 Sen.Con-

216 1012 284 1034 trOV.
295 1013 320 1032 2.
344 1003 383 1031 Ad
395 1002 453 1031 liaec
465 1010 536 1030 nova
546 1001 571 1029 Sc
582 997 686 1027 diversa
698 994 908 1034 imperiasubito
917 1002 961 1022 me
971 989 1119 1025 circumagi
1131 987 1207 1025 posse
1220 993 1309 1023 putas.

197 1042 406 1077 circumagere,
427 1038 580 1075 aliquando
601 1036 639 1066 est
656 1035 782 1064 Liberare
797 1055 805 1068 ,
827 1031 1031 1061 manumittere.
1068 1027 1193 1058 Seneca.
1213 1025 1262 1061 Ep.
1281 1028 1308 1067 8ζ

213 1078 397 1116 Philosophiae
413 1077 509 1107 servias
520 1081 649 1113 oportet,
672 1073 761 1102 uttibi
779 1071 925 1106 contingat
935 1077 998 1096 vera
1010 1065 1131 1094 libertas.
1171 1063 1243 1092 Nam
1261 1071 1310 1097 qui

213 1117 240 1147 se
253 1117 295 1146 illi
307 1116 424 1150 subjecit
439 1137 447 1151 ‚
468 1114 556 1143 statim
571 1111 783 1147 circumagitur:
805 1116 870 1137 nam
889 1104 1073 1144 philosophiae
1087 1101 1185 1131 servire
1199 1100 1311 1144 libertas

213 1155 261 1185 est.
299 1152 662 1190 circumagebanturautem
681 1148 749 1177 olim
768 1146 852 1179 servi⁷
874 1145 892 1174 i.
908 1153 932 1172 e.
955 1141 1137 1171 Vertebantur
1158 1148 1173 1167 a
1190 1137 1287 1167 littore
1300 1158 1308 1172 ,

214 1202 300 1230 quum
310 1192 432 1221 vindicta
444 1190 519 1229 apud
529 1195 675 1227 praetorem
691 1184 961 1215 manumitterentur.
984 1179 1052 1209 Pers.
1066 1189 1089 1213 ς.
1107 1178 1163 1206 Sat.
1175 1180 1220 1213 76.

157 1232 180 1262 C
191 1242 200 1261 1
211 1241 225 1259 R
235 1240 310 1260 cuM
320 1239 340 1258 Λ
351 1238 395 1258 cT
405 1239 423 1258 u
435 1238 446 1258 s
458 1250 466 1264 ‚
486 1238 520 1263 a,
539 1236 597 1256 um.
619 1233 669 1259 ut,
693 1226 773 1252 Anno
784 1221 962 1252 circumadto.
984 1217 1042 1247 Liv.
1054 1220 1080 1246 6.
1091 1225 1115 1245 1.

194 1269 338 1305 Tempore
348 1267 526 1296 circumadlo.
548 1264 605 1294 Liv.
615 1271 659 1300 27.
678 1271 722 1298 30.

194 1307 226 1337 lri
233 1306 333 1335 vulnus
344 1305 536 1334 circumactus.
558 1301 626 1331 Plin.
639 1305 682 1334 28.
696 1309 722 1333 4.

157 1345 180 1374 C
189 1356 199 1374 1
208 1354 224 1373 a
234 1354 251 1373 c
261 1354 279 1373 u
288 1354 308 1372 M
320 1353 337 1371 A
346 1352 363 1371 c
373 1352 392 1371 T
403 1353 420 1371 u
431 1352 459 1377 s,
485 1342 524 1370 us.
545 1349 581 1369 m.
606 1344 637 1368 ut
647 1360 655 1373 ,
677 1335 867 1366 011011111εέ1113
877 1338 1007 1363 rotarum.
1046 1327 1115 1360 Plin.
1125 1326 1174 1357 lib.
1189 1332 1235 1361 28.
1251 1335 1312 1363 cap.

194 1392 221 1417 9.
244 1382 283 1411 Ad
296 1380 450 1410 faciliorem
461 1378 659 1409 circumactum
668 1381 801 1404 rotarum.
824 1372 854 1401 V.
878 1382 902 1407 5.
914 1378 965 1400 22:
984 1375 1009 1404 8.
1024 1378 1067 1405 31.
1082 1369 1109 1397 &
1122 1365 1202 1404 Apul.
1213 1374 1239 1394 2.
1251 1363 1313 1394 Flo-

192 1421 245 1449 rid.
285 1442 291 1448 .
342 1424 367 1452 8.

155 1457 198 1488 Ci
211 1468 226 1486 R
237 1428 437 1486 cgriic'rio
448 1476 455 1489 ,
477 1453 548 1483 onis.
568 1451 588 1481 f.
610 1450 699 1481 Idem.
722 1447 792 1479 Gell.
810 1455 851 1484 17.
862 1455 907 1476 20.
929 1444 1116 1481 Enthymeina
1133 1440 1264 1470 brevibus
1283 1439 1310 1469 ἀ

193 1495 321 1524 rotundis
330 1493 452 1522 numeris
461 1501 526 1521 cum
537 1490 655 1527 quadam
667 1486 794 1525 aequabili
804 1485 1020 1515 circumat‘tione
1041 1481 1211 1509 devinctum.
1262 1477 1312 1506 Po-

192 1534 268 1563 nitur
282 1542 332 1570 pro
341 1531 498 1560 Versatione
510 1529 584 1566 apud
596 1528 697 1556 Vitruv.
711 1535 737 1560 9.
749 1535 773 1560 9.
791 1523 865 1553 cons.
881 1523 964 1551 etiam
977 1521 1056 1550 Mart.
1070 1517 1310 1559 Capell.8.p.·299.

155 1570 196 1601 C1
206 1581 222 1600 R
232 1580 249 1600 c
258 1581 275 1599 υ
287 1581 307 1599 Μ
316 1581 334 1598 A
343 1581 362 1598 M
372 1580 386 1597 B
395 1572 412 1597 ῡ
423 1578 463 1597 Lo
474 1590 481 1603 ‚
503 1567 515 1603 [
532 1563 652 1600 ὣέμι]
671 1566 725 1593 are.
757 1562 788 1592 ln
812 1561 930 1591 circuitu
949 1557 1099 1588 ambulare.
1123 1554 1221 1584 Paulus
1240 1563 1269 1582 in
1290 1552 1309 1582 l.

193 1608 324 1647 poffideri
335 1629 343 1642 ‚
364 1608 393 1635 in
403 1606 521 1644 princip.
540 1604 573 1635 D.
591 1604 626 1632 de
638 1602 740 1639 acquir.
752 1599 822 1638 poss.
844 1598 881 1628 Ut
891 1600 937 1635 qui
950 1596 1070 1627 fundum
1084 1593 1214 1633 poss'ideri
1225 1591 1310 1626 velit,

194 1657 294 1676 omnes
305 1645 397 1682 glebas
411 1640 651 1673 circumambulet.

156 1684 179 1714 C
190 1696 199 1714 1
207 1695 223 1713 R
234 1695 251 1713 c
261 1694 278 1714 u
289 1695 309 1712 M
320 1694 338 1712 A
347 1694 368 1712 M
378 1694 387 1710 1
398 1692 415 1711 0
423 1692 442 1710 T
452 1692 470 1710 u
478 1691 490 1710 s
501 1702 509 1716 ‚
528 1690 544 1709 a
552 1702 560 1714 ‚
580 1688 637 1708 um.
664 1678 683 1713 .[
693 1670 926 1709 ‹diecss’ess'ansfifitod
953 1671 1074 1701 Velatus.
1114 1669 1224 1699 Petron.
1245 1675 1307 1704 cap.

196 1733 258 1752 100.
280 1722 337 1758 Ego
352 1720 424 1757 quasi
443 1719 541 1748 somno
559 1717 680 1754 quodam
697 1713 859 1744 turbulento
875 1710 1108 1742 circumamictus.
1140 1707 1172 1736 V.
1193 1707 1309 1743 interpr.

193 1761 229 1790 ad
244 1760 271 1790 h.
283 1759 300 1788 l.
322 1758 397 1788 conf.
417 1757 498 1794 Vulg.
509 1756 623 1792 interpr.
642 1755 728 1791 Apoc.
740 1763 768 1788 4.
781 1762 807 1786 4.

155 1797 178 1827 C
187 1809 196 1827 1
207 1809 220 1826 R
232 1808 274 1827 cu
285 1808 306 1826 M
317 1807 336 1826 A
346 1807 360 1825 1²
369 1806 383 1825 t
392 1806 408 1825 R
417 1806 426 1824 1
435 1805 452 1824 o
462 1816 471 1830 ,
490 1797 540 1823 ῑ10.
563 1791 633 1822 Cels.
647 1796 671 1820 6.
687 1800 729 1826 19.
751 1788 807 1819 Ubi
817 1787 904 1819 scabri
919 1796 1025 1824 ungues
1040 1785 1120 1820 sunt,
1140 1783 1312 1818 circumape-

194 1837 240 1866 riri
249 1835 364 1865 debent.
405 1832 445 1863 Al.
468 1830 564 1866 divise,
585 1830 696 1860 Circum
706 1828 824 1865 aperiri,
845 1826 955 1856 restius.

155 1874 178 1904 C
188 1885 197 1903 1
209 1884 225 1902 11
235 1884 253 1903 c
263 1883 282 1902 u
291 1884 310 1902 M
320 1875 336 1901 Κ
347 1882 362 1900 R
371 1882 387 1901 o
398 1893 406 1907 ‚
430 1868 593 1907 [dfflago'oe]
614 1871 669 1897 are.
692 1866 760 1896 Plin.
776 1864 824 1894 lib.
840 1870 882 1899 18.
896 1873 957 1901 cap.
973 1871 998 1897 3.
1020 1861 1166 1897 Quantum
1182 1858 1244 1896 quis
1253 1866 1311 1886 urio

192 1912 238 1941 die
248 1910 399 1954 plurimum
413 1905 649 1938 circumaraviffet.
689 1904 723 1934 Et
734 1903 793 1934 Liv.
808 1912 834 1933 2.
850 1913 893 1932 10.
915 1901 976 1941 Agri
988 1906 1123 1937 quantum
1136 1906 1193 1927 uno
1204 1896 1249 1925 die
1261 1896 1312 1924 cir-

191 1955 355 1979 cumaravit.

153 1988 221 2018 CiR
232 1997 305 2016 CUM
316 1986 478 2020 113Ρῖ010,
499 1983 545 2014 exi
557 2005 565 2019 ‚
586 1983 679 2012 ec'tum
690 2003 698 2015 ,
719 1977 897 2016 [ωξέιέλέπυ]
918 1975 971 2006 ἕ10.
992 1975 1061 2005 Ρ1111.
1078 1973 1128 2003 lib.
1141 1978 1167 2008 8.
1185 1981 1246 2009 cap.
1265 1979 1310 2007 33.

193 2025 220 2056 N
223 2036 255 2055 ec
265 2023 379 2063 pupillae
389 2029 466 2052 motu
478 2044 486 2058 ‚
507 2021 554 2051 sed
566 2020 650 2049 totius
661 2019 734 2048 oculi
743 2016 896 2046 versatione
906 2013 1119 2051 circumaspicit.
1154 2011 1188 2041 Et
1196 2010 1251 2039 hoc
1260 2009 1315 2038 De-

192 2063 376 2100 compositum
388 2061 513 2090 verbum.
541 2059 595 2088 Sed
606 2058 689 2087 Hard.
700 2052 999 2090 ediditCircumspicit.

156 2102 178 2132 C
189 2112 198 2130 1
210 2111 225 2130 R
234 2111 277 2130 cu
289 2111 309 2129 M
320 2110 338 2129 c
347 2109 389 2128 AEs
400 2109 417 2128 u
428 2109 443 2127 R
454 2109 473 2127 A
485 2120 493 2133 ‚
514 2107 545 2126 ae.
567 2097 586 2126 f.
609 2094 775 2132 [ἐνηφοίιςόι]
797 2094 927 2122 Summus
948 2097 1044 2120 cortex
1060 2110 1068 2124 ‚
1089 2089 1116 2118 δι
1129 2109 1138 2123 ,
1159 2092 1191 2116 ut
1205 2085 1314 2115 Turne-

194 2139 245 2169 bus
255 2138 390 2176 explicat‚
412 2137 511 2166 Forma
521 2157 530 2171 ‚
553 2134 652 2172 figura,
675 2131 892 2168 circumscriptio
904 2152 912 2166 ‚
935 2138 995 2167 quae
1009 2127 1110 2157 Graecis
1129 2120 1245 2157 ’1501119πῆ
1265 2132 1314 2152 vo-

193 2183 279 2207 catur.
304 2175 412 2205 Lucret.
426 2174 473 2203 lib.
486 2185 511 2209 4.
523 2176 587 2208 651.

284 2213 394 2243 Extima
408 2211 598 2241 membrorum
611 2206 816 2239 circumcaesura
826 2211 918 2235 tamen
930 2201 958 2233 se

283 2251 457 2282 Incolumem
469 2249 582 2287 praestat.
677 2246 778 2275 Arnob.
793 2244 841 2274 lib.
856 2253 880 2279 3.
914 2243 948 2272 Et
963 2240 1039 2279 quod
1057 2238 1198 2277 indignius
1221 2235 1312 2268 multo

194 2291 232 2321 est
241 2313 248 2326 ‚
269 2297 441 2319 terrenorum
451 2295 600 2324 corporum
614 2283 820 2314 circumcaesura
833 2281 926 2311 finitis.

155 2329 277 2358 CiRcu
289 2340 308 2356 M
320 2337 366 2357 CA
378 2336 455 2355 Leo.
485 2325 515 2354 V.
536 2331 821 2353 ClRCUMCULCO.
861 2315 1038 2354 [Nisidivise
1049 2313 1254 2354 scribendum.-

155 2368 178 2397 C
188 2378 197 2395 i
208 2377 223 2395 R
234 2376 251 2395 c
260 2376 277 2395 υ
288 2377 307 2394 M
317 2375 333 2395 c
343 2375 357 2394 11
369 2377 384 2393 L
394 2375 410 2393 L
421 2374 455 2392 io
466 2373 487 2392 N
498 2372 531 2391 ts
543 2384 550 2397 ‚
572 2362 639 2390 dieii
650 2360 712 2389 sunt
721 2382 729 2395 .
750 2359 807 2395 Qui
818 2358 922 2387 circum
933 2356 1017 2385 cellas
1027 2359 1160 2391 vagantur
1180 2350 1314 2388 [ἅληται]

192 2404 290 2434 Solent
300 2403 424 2432 enimire
436 2401 487 2431 hac
499 2406 582 2437 atque
592 2398 673 2434 illac,
695 2397 828 2434 nusquam
838 2395 974 2425 habentes
983 2392 1069 2423 sedes.
1091 2390 1192 2421 Festus.
1215 2389 1247 2420 V.
1260 2389 1313 2418 Au·

192 2443 258 2480 gust.
271 2441 353 2480 Epist.
366 2450 400 2477 25
408 2451 431 2476 5.

155 2481 424 2513 Oinousa-ino,
446 2477 492 2511 di,

191 2518 242 2548 Per
252 2517 400 2548 circuitum
412 2515 535 2545 incidere
550 2515 576 2543 &
587 2518 739 2549 amputare.
761 2508 899 2539 Columel.
913 2507 960 2537 lib.
975 2516 999 2544 3.
1022 2505 1152 2542 Ejusdem
1162 2504 1241 2542 spatii
1253 2512 1313 2531 cor-

191 2557 276 2586 ticem
287 2554 490 2584 circumcidito.
529 2551 613 2580 Varro
625 2550 660 2579 de
673 2549 705 2579 R.
719 2549 751 2578 R.
767 2547 816 2578 lib.
829 2557 852 2577 1.
866 2556 927 2584 cap.
941 2556 984 2583 54.
1006 2544 1104 2581 Quum
1121 2543 1202 2573 desiit
1215 2542 1313 2572 vinum

192 2594 297 2628 fluere,
318 2592 431 2629 quidam
445 2589 653 2621 circumcidunt
663 2593 795 2616 extrema.

192 2633 288 2663 Aciem
300 2629 499 2660 circumcidere
508 2626 591 2656 oculi.
616 2625 724 2655 Lucret.
735 2624 784 2653 lib.
797 2631 820 2660 3.
835 2632 900 2659 412.

273 2668 435 2699 Dummodo
445 2676 481 2696 ne
491 2671 581 2695 totum
592 2672 751 2700 corrumpas
762 2661 878 2691 luminis
892 2659 987 2689 orbem
999 2680 1008 2694 ‚

272 2707 306 2737 Et
315 2705 496 2736 circumcidas
507 2703 595 2733 aciem
606 2724 615 2737 ,
635 2701 776 2737 solamque
785 2699 935 2736 relinquas.

191 2745 342 2815 5302?th
357 2780 426 2812 Plin.
439 2778 490 2810 lib.
505 2781 547 2808 16.
561 2787 622 2816 cap.
635 2787 682 2813 40.
705 2774 886 2806 Circumcisas
907 2781 1018 2811 quoque
1038 2771 1074 2801 ad
1093 2769 1247 2800 medullam
1266 2769 1316 2798 alii

211 2831 269 2852 nori
278 2820 415 2851 inutiliter
425 2818 588 2855 relinquunt
600 2838 608 2852 ,
629 2822 660 2845 ut
669 2815 761 2845 omnis
772 2814 874 2842 humor
883 2811 1019 2842 stantibus
1027 2809 1139 2839 defluat.
1180 2807 1316 2845 Loquitur

211 2861 247 2890 de
256 2858 400 2889 arboribus
416 2855 567 2887 caedendis.

192 2898 407 2936 Cogitationem.
442 2893 512 2924 Cels.
528 2892 576 2922 lib.
590 2902 616 2927 4.
633 2900 694 2928 cap.
707 2889 757 2919 ult.
780 2887 890 2918 Deinde
914 2884 1109 2916 delectationis
1130 2883 1209 2913 causa
1230 2892 1315 2920 quari-

210 2944 270 2966 tum
285 2937 363 2972 juvat
373 2932 523 2966 ambulare,
540 2928 699 2960 circumcisa
707 2927 784 2957 omni
801 2924 941 2963 negotiosa
952 2924 1124 2961 cogitatione
1136 2921 1183 2952 vel
1193 2922 1313 2951 actione.

211 2975 230 3003 i.
244 2984 268 3004 e.
290 2975 410 3003 Avocato
425 2970 518 3000 animo
530 2978 545 2998 a
558 2967 728 3004 cogitatione
737 2965 853 3002 negotii.

192 3011 336 3049 Stipendia
347 3007 555 3039 circumcidere.
577 3005 681 3035 Livius.

193 3049 295 3079 Vinum
318 3046 536 3080 circumcidere,
557 3054 607 3082 pro
626 3042 792 3073 Abstinerea
805 3040 879 3070 vino.
919 3036 989 3067 Cels.
1002 3036 1050 3067 lib.
1061 3047 1087 3072 4.
1103 3045 1165 3074 cap.
1178 3044 1224 3065 20.
1256 3033 1315 3064 Cir-

214 3086 432 3116 cumcidendum
442 3084 539 3113 vinum
548 3082 624 3111 estin
635 3088 726 3110 totum
738 3088 851 3108 annum.
881 3076 1007 3106 Budaeus.

194 3124 298 3155 Vinum
314 3122 515 3153 circumcidere
535 3129 571 3149 ex
588 3125 657 3148 toto.
700 3117 769 3147 Cels.
783 3116 830 3145 lib.
845 3118 871 3145 6.
883 3124 944 3152 cap.
961 3124 984 3149 9.
1018 3113 1049 3143 In
1071 3112 1199 3142 dentium
1219 3116 1314 3140 autem

213 3162 327 3197 dolore,
348 3162 395 3199 qui
410 3159 466 3198 ipse
476 3167 588 3197 quoque
599 3156 708 3194 magnis
724 3153 871 3184 tormentis
890 3151 1066 3182 annumerari
1086 3149 1174 3188 potest
1185 3171 1192 3184 ‚
1215 3150 1313 3178 vinum

214 3210 248 3230 ex
257 3206 316 3229 toto
328 3197 588 3228 circumcidendum
598 3195 643 3224 est.
665 3194 683 3223 i.
697 3203 721 3223 0.
745 3193 846 3222 Vinum
858 3200 916 3220 non
932 3190 970 3219 est
981 3189 1098 3218 omnino
1110 3187 1273 3217 bibendum.

196 3237 401 3267 circumcidere
410 3257 418 3271 ,
438 3234 604 3265 absolutum.
646 3232 704 3261 Cic.
721 3242 745 3267 5.
759 3231 794 3260 de
804 3229 863 3259 Fin.
877 3238 920 3266 39.
940 3227 1011 3264 Quae
1020 3225 1172 3256 sitscientia
1182 3233 1263 3261 atque
1273 3232 1314 3253 ars

215 3275 396 3311 agricolarum
407 3295 416 3309 ‚
437 3283 497 3311 qua:
504 3271 687 3302 circumcidat
697 3291 704 3304 ‚
727 3273 871 3306 amputet,
893 3265 932 3296 eri
954 3271 988 3294 at.

197 3311 401 3342 circumcidere
412 3317 493 3349 atque
503 3315 646 3346 amputare
655 3307 794 3337 alicunde.
816 3305 876 3334 Cic.
893 3314 916 3333 1.
930 3276 966 3332 (ξο
975 3302 1053 3332 Orat.
1066 3304 1112 3337 65.
1133 3300 1181 3330 Sin
1193 3299 1316 3337 cuipiam

215 3350 299 3379 nimis
308 3349 447 3379 infinitum
458 3348 569 3377 videtur
585 3346 661 3384 quod
672 3346 709 3375 ita
722 3343 855 3382 proposui
873 3349 1038 3380 quacunque
1051 3339 1085 3368 de
1098 3348 1127 3368 re
1139 3360 1147 3375 ,
1167 3337 1235 3367 licet
1249 3337 1316 3366 liinc

217 3393 351 3424 quantum
359 3387 459 3424 cuique
470 3385 618 3417 videbitur,
640 3382 824 3413 circumcidat
834 3387 915 3418 atque
929 3383 1063 3416 amputet.

198 3425 410 3455 Multitudinem
422 3423 617 3453 sententiarum
627 3420 830 3450 circumcidere
842 3420 868 3448 ἃ
879 3424 1030 3454 amputate.
1055 3414 1114 3443 Cic.
1125 3423 1152 3447 4.
1164 3412 1315 3447 Acad.i38.

217 3462 341 3491 Testatur
352 3462 421 3500 saepe
432 3460 598 3499 Chrysippus
608 3465 662 3488 tres
673 3458 740 3488 solas
752 3457 806 3487 effe
813 3455 963 3486 sententias
974 3463 1033 3491 qua:
1044 3451 1157 3482 defendi
1168 3450 1271 3488 possint
1280 3451 1316 3479 de

216 3499 317 3529 finibus
327 3499 481 3528 bonorum:
504 3497 682 3527 circumcidit
692 3497 718 3526 ἃ
728 3500 854 3533 amputat
866 3492 1086 3523 multitudinem.

199 3537 243 3566 De
252 3536 325 3566 sacro
337 3538 361 3566 &
374 3536 544 3566 Eclesiastico
559 3535 642 3570 huius
657 3533 731 3563 verbi
742 3533 790 3562 usu
802 3532 913 3569 legendi
926 3530 988 3560 sunt
999 3528 1092 3558 Patres
1108 3528 1134 3556 ἆ
1144 3524 1293 3563 Theologi.

162 3575 205 3606 01
214 3585 229 3603 R
238 3583 279 3603 cu
292 3585 312 3602 M
321 3578 377 3603 eis
386 3584 403 3602 υ
412 3583 423 3601 s
432 3595 440 3608 ‚
461 3584 476 3603 a
487 3595 495 3607 ,
516 3582 572 3602 um.
607 3571 791 3607 [ωἳᾱυπὰε]
828 3570 925 3600 Partic.
957 3567 1027 3598 Plin.
1056 3565 1105 3595 lib.
1127 3574 1170 3600 14.
1198 3572 1259 3601 cap.
1272 3573 1315 3599 19.

201 3612 287 3648 Quod
302 3610 596 3641 circumcisisvinaceis
605 3609 777 3646 profluxerit.

201 3649 338 3680 Inanitate
353 3650 378 3678 &
392 3658 481 3677 errore
492 3646 660 3676 circumcisa.
701 3646 759 3675 Cic.
775 3655 797 3674 1.
813 3645 849 3674 de
856 3644 916 3674 Fin.
928 3653 973 3679 44.
1002 3641 1039 3670 Ut
1048 3641 1156 3679 sapiens
1165 3638 1254 3668 solum
1263 3649 1320 3668 am-

220 3692 316 3724 putata
330 3707 337 3720 ‚
358 3684 571 3721 circumcisaque
583 3684 717 3713 inanitate
729 3705 737 3718 ‚
759 3684 784 3712 &
796 3692 887 3712 errore
902 3704 910 3717 ‚
931 3687 1035 3710 naturae
1046 3679 1147 3708 finibus
1158 3684 1318 3706 contentus.

201 3724 349 3754 Orationes
363 3722 528 3752 circumcisae
539 3721 679 3751 &breves
701 3720 768 3751 Plin.
788 3730 809 3749 1.
828 3719 911 3757 Epist.
924 3729 969 3748 20.

200 3762 267 3792 Sum
291 3768 333 3790 tus
345 3759 504 3789 circumcili.
544 3759 600 3788 Liv.
613 3768 653 3795 3²·
665 3768 709 3795 ²7-
730 3759 862 3795 Sumptus
871 3766 940 3794 quos
951 3757 980 3785 in
994 3755 1101 3786 cultum
1119 3753 1269 3783 Praetorum
1280 3750 1321 3781 so.

220 3800 257 3828 cii
295 3808 357 3827 cere
369 3797 440 3826 soliti
451 3801 528 3825 erant
540 3796 690 3825 circumcisi
701 3817 709 3828 ,
731 3802 778 3825 aut
788 3795 895 3824 sublati.

201 3835 400 3866 Circumcisum
411 3836 437 3863 ἃ
446 3833 539 3862 breve.
580 3833 647 3862 Plin.
663 3842 687 3869 3.
704 3833 785 3870 Epist.
798 3842 823 3869 7.
854 3832 932 3868 Quid
948 3831 1025 3861 enim
1037 3836 1094 3860 tam
1105 3827 1299 3859 circumcisum
1310 3846 1319 3863 ,

220 3881 276 3903 tam
288 3873 369 3902 breve
380 3894 389 3906 ,
410 3880 491 3908 quarn
503 3869 624 3898 hominis
640 3870 696 3898 vita
708 3870 886 3907 longiilima‘!

202 3909 370 3942 Circumcisa
379 3916 462 3945 atque
473 3907 609 3944 dirempta
619 3906 653 3935 ab
667 3908 743 3935 omni
756 3908 832 3936 aditu
843 3906 980 3944 planities.
1003 3905 1060 3934 Cic.
1076 3908 1102 3934 6.
1115 3904 1190 3933 Verr.
1205 3913 1266 3941 107.

164 3948 187 3980 C
196 3960 230 3981 ιι
239 3959 283 3979 cu
292 3959 314 3979 M
323 3958 341 3978 c
350 3959 359 3977 1
368 3957 414 3977 DA
424 3955 443 3975 N
454 3955 494 3975 zu
505 3953 518 3973 s
527 3964 536 3979 ‚
559 3944 620 3979 Mi·
651 3941 838 3979 [ὼυπῖυώ
847 3945 863 3978 J
896 3951 928 3973 ut
937 3965 946 3979 ‚
977 3942 1240 3972 Circumcidaneum
1261 3945 1321 3970 mu·

513 2475 572 2505 sum
584 2497 593 2510 ‚
617 2471 772 2511 [ὡιώπἹω
783 2493 791 2507 ,
811 2466 962 2506 »arb-iiam]
984 2470 1039 2498 Ere.
1064 2467 1091 2496 h.
1104 2477 1128 2497 e.
1145 2467 1257 2496 Circum
1268 2463 1313 2493 vel

1017 2695 1113 2726 ficiem
1123 2698 1209 2725 vocat
1223 2692 1315 2732 Pupu-

710 545 833 573 Dielator
841 545 933 569 autem
943 544 1020 575 parte
1030 536 1082 566 alia
1095 534 1218 567 subsidia,
1240 535 1265 563 ἃ
1276 533 1316 562 se.

220 593 341 623 cundam
353 591 440 620 aciem
450 588 560 616 adortus
572 607 580 620 ,
599 581 797 619 circumagenti
808 578 834 608 se
846 578 881 608 ad
892 577 1014 606 diffonos
1028 573 1163 604 tumultus
1173 594 1181 608 ‚
1202 582 1234 602 ac
1244 571 1314 601 subi-

1826 113 1855 148 C
1950 116 1963 150 I
2059 117 2090 151 R

1403 193 1482 236 stum.
1516 192 1593 236 ,δἐἰ-ο
1609 201 1726 237 capus-J.
1748 193 1894 225 Tortivum
1913 197 2051 233 mustum,
2079 197 2333 227 circumcidarieum
2348 196 2394 226 suo
2415 199 2512 236 cuique

1406 232 1482 259 dolio
1494 230 1621 264 dividit0‚
1633 231 1902 276 additoqiiepariter.
1925 236 1943 264 i.
1952 246 1976 264 e.
1999 236 2038 264 Ex
2048 236 2212 264 circumcisis
2219 236 2339 264 vinaceis
2348 236 2510 273 expressum.

1369 267 1409 297 Ci
1422 278 1463 312 ac
1474 279 1490 296 u
1503 278 1548 297 Mc
1559 279 1566 296 i
1576 278 1650 296 siTi
1661 279 1677 296 u
1688 279 1700 297 s
1710 291 1718 303 ‚
1740 270 1798 304 AdJ.
1830 271 2066 308 [abnuimus]
2097 273 2183 302 Idem.
2213 280 2263 302 ut.
2285 272 2511 304 Circumcifitium

1405 316 1512 349 virium,
1528 307 1615 349 Idem.
1638 305 1720 349 Varro
1736 317 1758 335 1.
1773 308 1807 337 de
1821 308 1853 338 R.
1865 308 1898 338 R.
1915 319 1975 348 cap.
1991 321 2033 346 54.
2057 311 2150 347 Quum
2166 310 2242 339 desiit
2253 310 2301 339 sub
2315 311 2398 347 praelo
2408 310 2491 341 fluere
2502 334 2511 347 ‚

1407 344 1520 380 quidam
1532 345 1736 388 circumcidunt
1746 353 1868 375 extrema
1879 369 1887 379 ,
1909 349 1934 377 8<
1948 349 2035 377 rursus
2045 355 2190 386 premunt:
2213 349 2239 377 ἂ
2250 347 2338 376 rursus
2348 369 2355 379 ,
2376 358 2460 384 quum
2470 359 2517 378 ex.

1407 381 1541 418 pressum,
1563 384 1785 424 circumciiitium
1794 384 1953 421 appellant:
1973 396 2005 414 ac
2017 386 2135 415 seorsum
2150 386 2224 422 quod
2242 384 2397 423 expressum
2411 386 2448 414 est
2465 386 2516 416 ser.

1408 425 1490 453 varit‚
1512 419 1585 464 quod
1599 419 1811 465 resipitserrum.
1852 421 1962 459 Legitur
1971 425 1997 453 ἃ.
2008 424 2237 453 Circumcisitum.

1371 456 1393 485 C
1405 467 1412 484 i
1425 467 1438 484 R
1450 466 1466 484 c
1475 465 1492 484 u
1506 467 1524 484 M
1535 466 1552 485 c
1563 467 1568 484 i
1579 463 1590 485 s
1600 466 1613 485 R
1623 478 1631 490 ,
1656 458 1824 493 [ammaus]
1846 460 1912 489 Adv.
1934 467 1965 489 ut
1976 483 1984 494 .
2006 461 2172 490 Circumcise
2184 469 2273 497 agere.
2312 460 2387 489 Suet.
2399 459 2434 489 de
2445 460 2514 492 Clar.

1410 493 1492 537 Rliet.
1506 503 1566 530 cap.
1580 498 1603 537 6.
1627 494 1745 523 Tumne
1753 496 1948 534 usquequaque
1966 498 2142 528 scholasticus
2163 499 2378 532 existimaretur,
2399 498 2516 528 circum.

1409 531 1463 575 cise
1475 541 1506 560 ac
1527 531 1654 575 sordide,
1677 534 1702 561 Gt
1722 536 1917 563 tantummodo
1930 536 2083 565 trivialibus
2104 536 2193 565 verbis
2212 536 2283 572 egit,
2303 544 2400 564 verum
2421 537 2515 568 rarius.

1409 580 1427 597 1.
1438 579 1469 613 ⁴e.
1492 569 1612 612 Abiectis
1623 570 1769 613 verborum
1780 573 1950 602 ornamentis
1959 595 1966 607 ‚
1988 575 2014 603 &
2024 573 2094 611 quasi
2109 575 2256 611 amputatis
2267 574 2302 602 de
2310 572 2443 603 sermone.

1408 607 1508 636 Dicere
1517 607 1634 636 breviter
1644 608 1669 636 ἃ
1678 609 1846 651 circumcise.
1868 610 1993 640 Macrob.
2007 622 2031 646 5.
2043 612 2151 641 Saturn.
2162 621 2222 648 cap.
2239 621 2262 640 1.

1372 645 1394 674 C
1404 656 1412 673 i
1423 655 1438 673 R
1448 654 1491 687 cu
1501 654 1547 673 Mc
1557 655 1564 672 i
1574 654 1585 673 ε
1596 656 1604 673 1
1615 655 1632 673 o
1643 667 1660 688 ,Ι
1672 649 1742 689 finis..
1764 647 1782 675 f.
1818 647 1950 683 [ωὲιπμή
1961 671 1969 683 ,
1998 649 2130 683 mssifflvi]
2148 649 2269 678 Laetant.
2289 647 2337 677 lib.
2349 658 2376 682 4.
2398 656 2458 685 cap.
2476 655 2520 685 17.

1408 683 1463 711 Sed
1475 692 1538 715 irae‚
1560 689 1641 719 atque
1653 684 1764 713 mvidiae
1775 684 1828 714 suae
1838 685 1903 715 alias
1919 686 2011 716 causas
2022 686 2224 724 praeferebant,
2244 686 2320 722 quod
2338 686 2518 715 circumcisio-

1406 729 1472 749 nem
1482 720 1681 749 vacuefaceret.

1406 758 1631 801 Frequentissima
1644 759 1798 803 haec-dictio
1808 760 1884 790 estin
1896 761 1996 791 divinis
2012 761 2111 791 litteris
2121 783 2129 796 ,
2150 760 2281 798 sacrisque
2291 759 2449 790 auctoribus
2461 771 2467 790 :
2488 761 2518 791 si-

1408 795 1576 833 gnificatque
1588 796 1713 833 l’raeputii
1724 799 1951 834 amputationem.

1370 832 1409 862 Ci
1421 843 1437 861 R
1447 842 1464 861 c
1473 843 1491 861 u
1500 842 1520 861 M
1532 843 1548 861 0
1560 843 1587 862 is
1597 844 1613 862 u
1623 843 1639 862 R
1651 844 1669 862 A
1680 856 1688 870 ‚
1709 845 1740 864 ae.
1762 836 1788 879 f..
1804 835 1960 872 [ωὲιιωπῆ]
1980 837 2077 866 Incisio
2089 838 2194 866 circum
2207 836 2287 866 faCta.
2328 836 2397 865 Plin.
2413 835 2460 865 lib.
2475 839 2515 867 16.

1406 881 1467 914 cap.
1483 881 1537 914 40.·
1550 871 1711 915 Stantesque
1730 882 1745 902 a
1764 874 1957 904 circumcisura
1978 875 2082 904 siccatae
2104 875 2253 904 fideliores.
2289 874 2307 904 i.
2324 883 2349 903 e.
2377 873 2518 910 Postquam

1405 908 1573 938 circumcisae
1587 909 1697 939 fuerint.

1366 946 1389 975 C
1398 955 1486 1013 1111(ἑὲ
1496 957 1517 974 Μ
1528 956 1562 975 01
1574 956 1585 976 s
1594 957 1610 975 0
1621 957 1636 976 R
1644 958 1653 976 1
1664 958 1683 977 11
1692 958 1714 977 M
1723 970 1732 984 ‚
1753 949 1770 979 i.
1792 959 1820 979 n.
1841 949 2057 988 Instrumentum
2066 950 2261 988 chirurgicum.
2284 948 2379 986 Veget.
2398 947 2518 979 Mulom,

1367 1021 1389 1052 C
1400 1032 1414 1089 11
1417 1031 1462 1088 inC
1468 1032 1521 1089 Ῑ11οΜ
1527 1031 1548 1088 ξ
1558 1033 1567 1050 1
1578 1032 1599 1051 N
1609 1033 1627 1052 c
1636 1033 1653 1052 o
1662 1045 1671 1059 ,
1692 1023 1752 1053 inxi
1763 1046 1771 1060 ‚
1792 1025 1899 1055 int‘tum
1910 1047 1918 1062 ‚
1949 1025 2133 1062 [σξῒιζωννύω]
2163 1025 2219 1055 ere.
2255 1024 2443 1055 circumdare.
2470 1022 2518 1054 Sil.

1485 1096 1543 1126 Ceu
1552 1097 1609 1141 fera
1618 1120 1625 1131 ,
1647 1108 1707 1135 quae
1717 1099 1779 1129 telis
1788 1100 2071 1139 circumcingentibus
2081 1123 2089 1136 ‚
2107 1100 2180 1130 ultro

1484 1134 1571 1164 Affiht
1579 1146 1608 1164 in
1618 1136 1720 1182 ferrum
1731 1159 1739 1173 ,
1760 1139 1786 1167 ἃ
1797 1149 1846 1176 per
1858 1139 1971 1168 vulnera
1982 1139 2089 1177 colligit
2103 1138 2218 1168 hostem.

1367 1172 1573 1202 CiRCUMCIRCA
1594 1175 1714 1210 [²103]
1735 1175 1766 1205 V.
1786 1177 1816 1205 in
1836 1186 1869 1205 ci
1879 1187 1895 1205 R
1905 1187 1922 1206 c
1931 1187 1948 1206 u
1958 1188 1988 1206 M.

1367 1210 1390 1240 C
1400 1222 1408 1239 1
1420 1221 1435 1239 R
1446 1221 1463 1239 C
1473 1220 1492 1244 U.
1501 1222 1521 1239 Μ
1531 1221 1547 1239 C
1557 1222 1599 1240 LA
1608 1222 1627 1240 u
1639 1222 1655 1240 n
1666 1222 1693 1247 o,
1718 1213 1735 1242 si
1746 1235 1755 1248 ‚
1775 1213 1843 1249 suin,
1864 1216 1919 1244 ere.
1942 1214 2007 1244 Caes.
2021 1223 2044 1251 3.
2056 1213 2123 1244 Bell.
2140 1213 2221 1243 Civil.
2235 1221 2278 1248 30.
2302 1212 2388 1249 Cujus
2400 1211 2520 1242 adventu

1404 1249 1679 1316 gggdri}aesi‚]‹}mpeius
1691 1272 1699 1286 ‚
1718 1261 1755 1280 ne
1763 1251 1872 1282 duobus
1882 1252 2164 1282 circumclauderetur
2175 1251 2342 1281 exercitibus
2353 1273 2360 1287 ‚
2381 1259 2416 1280 ex
2436 1260 2471 1280 eo
2482 1250 2520 1280 lu-

1366 1323 1389 1354 C
1400 1335 1409 1352 1
1420 1335 1434 1353 R
1444 1334 1461 1353 c
1470 1335 1488 1353 u
1499 1335 1520 1354 M
1530 1334 1547 1353 c
1557 1336 1573 1353 L
1582 1328 1599 1353 ῦ
1609 1335 1627 1354 n
1637 1335 1671 1361 0,
1692 1324 1709 1355 si
1719 1348 1726 1362 ‚
1747 1325 1806 1356 sum
1815 1347 1823 1363 ,
1846 1327 2012 1364 [mazaei-1]
2040 1328 2094 1357 ere.
2117 1326 2204 1357 Idem.
2235 1326 2366 1363 Undique
2381 1325 2517 1356 claudere.
2551 1346 2555 1348 .
2580 1355 2581 1358 ,

1406 1362 1475 1409 Elin.
1489 1362 1538 1392 lib.
1553 1369 1593 1397 18·
1610 1373 1671 1401 cap.
1688 1373 1731 1400 35.
1752 1365 1780 1394 Si
1795 1366 1882 1395 nubes
1893 1365 2226 1395 Solemcircumcludent.

1404 1400 1632 1444 circumcludere
1643 1412 1688 1430 vas
1701 1409 1814 1446 argento
1824 1402 1857 1432 ab
1868 1403 1961 1433 labris.
1992 1403 2057 1433 Caes.
2071 1408 2096 1433 6.
2110 1403 2178 1433 Bell.
2192 1401 2262 1432 Gall.
2276 1407 2320 1438 78.
2344 1401 2411 1431 Haec
2421 1400 2521 1430 studio-

1424 1438 1452 1467 se
1464 1439 1593 1482 acquisita
1604 1440 1637 1468 ab
1646 1439 1729 1470 labris
1735 1449 1848 1476 argento
1858 1442 2094 1477 circumcludunt,
2115 1448 2196 1479 atque
2207 1441 2236 1470 in
2248 1439 2420 1479 amplissimis
2431 1438 2521 1478 epulis

1422 1486 1473 1514 pro
1483 1476 1592 1514 poculis
1603 1483 1726 1508 utuntur.

1366 1512 1389 1542 C
1398 1525 1406 1542 i
1416 1524 1432 1542 R
1441 1524 1459 1543 c
1469 1525 1487 1543 u
1497 1525 1517 1543 M
1529 1520 1546 1543 c
1556 1518 1598 1544 1.ss
1607 1525 1619 1544 s
1628 1525 1645 1544 υ
1656 1525 1684 1551 ε,
1701 1526 1737 1560 a,
1759 1526 1816 1546 um.
1838 1513 2017 1552 [τωῖεὲκλέε-Θι
2030 1539 2039 1552 ,
2061 1516 2246 1552 &instead
2276 1515 2335 1545 Cic.
2346 1524 2372 1545 2.
2391 1515 2420 1544 in
2438 1513 2518 1545 Catil.

1407 1562 1450 1588 14.
1470 1552 1555 1582 Nunc
1570 1553 1587 1581 si
1602 1552 1766 1596 L.·Catilina
1786 1554 1923 1598 consiliis,
1943 1554 2100 1590 laboribus,
2121 1554 2251 1593 periculis
2273 1554 2342 1583 meis
2357 1552 2535 1582 circumclu-=

1403 1589 1455 1619 sus.
1496 1590 1529 1634 Et
1545 1600 1568 1620 1.
1580 1590 1661 1634 Catil.
1676 1601 1702 1628 7.
1725 1592 1800 1621 Num
1810 1592 1921 1621 infitiari
1937 1599 2034 1630 potes,
2055 1601 2082 1622 te
2096 1593 2145 1622 illo
2158 1592 2215 1630 ipso
2227 1592 2272 1621 die
2285 1592 2353 1621 meis
2368 1591 2517 1629 praesidiis,

1404 1637 1466 1657 mea
1477 1628 1851 1674 diligeritiacircumclusum.
1872 1630 1903 1660 V.
1925 1631 2001 1660 Suet.
2017 1631 2084 1661 Tib.
2094 1641 2126 1661 ca
2150 1653 2156 1660 .
2169 1640 2214 1659 20.

1366 1664 1389 1695 C
1401 1677 1410 1694 i
1419 1676 1434 1694 R
1444 1676 1461 1695 c
1472 1677 1491 1695 υ
1501 1677 1522 1710 Μ
1532 1677 1576 1710 co
1586 1678 1600 1695 L
1610 1677 1627 1696 o
1637 1689 1645 1702 ‚
1667 1678 1713 1703 ui,
1735 1667 1824 1697 ultum
1836 1690 1844 1703 ‚
1868 1668 2034 1704 [ωξέιοικέω]
2054 1671 2108 1698 ere.
2152 1669 2188 1698 iv.
2203 1677 2246 1704 3i.
2258 1676 2304 1703 41.
2328 1666 2354 1696 Is
2368 1666 2452 1695 timor
2463 1674 2519 1695 oin-

1403 1713 1517 1780 ἓὲξεβὲιι
1534 1705 1741 1743 circumcolunt
1755 1705 1862 1736 Boeben
1880 1706 2033 1744 paludem,
2053 1706 2155 1737 relictis
2176 1705 2290 1736 urbibus
2301 1711 2412 1734 montes
2430 1704 2520 1741 coegit

1366 1779 1389 1809 C
1400 1791 1408 1808 1
1420 1790 1435 1808 R
1446 1789 1463 1809 0
1473 1790 1520 1809 uM
1530 1790 1548 1809 c
1558 1780 1575 1810 ὅ
1586 1790 1625 1810 tiz
1635 1790 1655 1810 N
1665 1791 1693 1816 s,
1712 1778 1793 1811 entis.
1817 1779 1980 1818 [ωὲιοιιιῶν]
2001 1782 2099 1812 Partic.
2119 1781 2231 1819 Ulpian.
2250 1781 2279 1810 in
2295 1779 2314 1809 l.
2331 1789 2354 1809 1.
2374 1778 2408 1809 D.
2426 1777 2461 1808 de
2471 1779 2526 1808 flua>
2573 1791 2577 1808 ·.

1405 1818 1502 1862 minib.
1525 1819 1642 1863 Flumen
1653 1829 1668 1849 a
1679 1820 1737 1849 rivo
1750 1819 1945 1857 magnitudine
1958 1820 2174 1856 discernendum
2181 1820 2219 1850 est
2230 1841 2239 1855 ‚
2260 1825 2309 1848 aut
2319 1817 2521 1847 existimatione

1404 1857 1676 1886 eircumcolentium.

1367 1893 1389 1923 C
1400 1905 1408 1922 i
1418 1904 1433 1922 R
1443 1903 1459 1923 0
1471 1904 1488 1923 υ
1500 1905 1521 1923 Μ
1531 1897 1572 1939 co
1583 1906 1599 1923 1.
1610 1906 1645 1938 A?
1667 1905 1698 1924 ae.
1720 1904 1744 1925 c.
1766 1895 1823 1932 Qui
1842 1894 2028 1925 circumcolit.
2065 1894 2182 1925 Tertull.
2197 1895 2259 1925 adv.
2278 1893 2400 1924 Gnostic.
2420 1902 2480 1931 cap.
2495 1900 2520 1930 3..

1406 1931 1556 1962 Reservatis
1566 1940 1691 1970 gentium
1702 1933 1933 1963 circumcolarum
1944 1934 2056 1964 viribus.

1370 1969 1391 1998 C
1402 1980 1435 1999 111
1444 1980 1461 1999 0
1471 1980 1489 1999 υ
1499 1981 1519 1999 Μ
1529 1980 1570 2000 00
1581 1982 1598 1999 L
1607 1981 1627 2000 A
1636 1979 1656 1999 T
1668 1981 1684 1999 u
1696 1980 1708 2000 s
1719 1992 1727 2007 ‚
1750 1972 1790 2001 us.
1812 1980 1850 2000 m.
1874 1972 2024 2001 Habitatio.
2044 1971 2163 2001 Tertull.
2411 1995 2414 2001 .

1369 2008 1410 2037 Ci
1423 2018 1438 2036 R
1448 2018 1548 2059 ‘3¹.-33⁴0
1558 2019 1574 2038 0
1584 2019 1657 2038 LUM
1668 2018 1737 2053 Niu
1748 2020 1769 2038 M
1779 2031 1787 2044 ‚
1808 2010 1829 2038 i.
1841 2019 1870 2038 n.
1893 2010 2067 2046 [κωὲιςύλων]
2087 2010 2144 2039 dici
2158 2008 2248 2048 potest
2257 2007 2354 2037 Latine
2366 2005 2441 2045 quod
2452 2005 2523 2035 Grae·

1405 2054 1438 2075 ee
1454 2053 1573 2076 -τυειςνλον
1591 2048 1617 2077 &
1635 2045 1762 2081 ωξέιςυλιοι
1776 2054 1900 2077 vocatur.
1924 2048 1952 2076 V.
1976 2058 1990 2076 P
1999 2057 2013 2077 iz
2022 2058 2039 2076 R
2048 2059 2056 2076 1
2066 2056 2134 2076 sm(
2143 2059 2159 2076 1..
2169 2058 2177 2075 1
2189 2057 2206 2076 u
2216 2058 2247 2076 Μ.

1369 2083 1391 2114 C
1402 2094 1435 2113 1R
1443 2094 1460 2113 0
1471 2094 1488 2113 υ
1497 2096 1518 2114 Μ
1527 2095 1571 2114 cu
1582 2095 1598 2113 1.
1607 2094 1623 2114 c
1633 2094 1650 2113 o
1658 2106 1665 2119 ‚
1687 2085 1934 2128 [ωὲωιςιπιπατέω]
1955 2089 2008 2115 sire.
2030 2084 2169 2115 Columel.
2179 2085 2226 2114 lib.
2242 2094 2265 2120 ς.
2275 2092 2335 2120 cap.
2345 2086 2371 2112 6.
2392 2082 2419 2111 Si
2430 2081 2522 2110 minus

1405 2128 1477 2151 terra
1484 2122 1605 2167 ffibafita,
1616 2131 1784 2166 operiamuS,
1792 2124 1818 2152 ἃ
1826 2124 2078 2154 circumculcemus
2085 2123 2174 2161 ipsum
2181 2122 2291 2152 seminis
2300 2121 2436 2150 codicem.
2451 2119 2521 2149 ibid.

1407 2170 1432 2197 7.
1455 2161 1492 2190 Ac
1502 2159 1651 2198 diligenter
1662 2161 1881 2191 circumculcari.
1922 2162 1962 2191 Al.
1985 2162 2177 2192 Circumcalco
2190 2183 2199 2198 ,
2218 2171 2245 2198 q.
2261 2160 2293 2189 V.

1368 2198 1942 2244 (ξ11.ουΜο1111110,[ω(ὲιπξεζζα]ἔ10.
1963 2200 2038 2230 unde
2052 2221 2061 2235 ,

1369 2235 1545 2280 CiRcuMc
1558 2246 1720 2273 uRRaNs,
1742 2238 1822 2267 entis.
1846 2238 1942 2267 Partic.

1404 2275 1453 2304 Ars
1465 2284 1695 2304 circumcurrens
1732 2275 1853 2311 Quintil.
1865 2275 1912 2304 lib.
1925 2285 1951 2305 2.
1961 2285 2021 2313 cap.
2032 2284 2077 2305 22.
2099 2274 2181 2304 Hane
2198 2279 2293 2304 autem
2306 2283 2388 2311 quam
2405 2283 2456 2303 nos
2468 2282 2523 2303 ma-

1424 2313 1521 2342 teriam
1532 2322 1681 2346 vocamus,
1702 2312 1721 2342 i.
1740 2323 1763 2342 e.
1788 2323 1831 2343 res
1846 2313 1999 2349 subjectas,
2020 2312 2133 2350 quidam
2151 2313 2238 2342 modo
2260 2311 2397 2341 infinitam
2410 2333 2418 2347 ,
2439 2313 2523 2341 modo
2564 2306 2569 2342 r¹

1425 2360 1483 2379 non
1498 2351 1640 2388 propriam
1650 2349 1817 2380 Rhetorices
1830 2351 1884 2381 eise
1897 2352 2028 2380 dixerunt
2040 2373 2048 2386 ‚
2071 2360 2188 2388 eamque
2208 2356 2295 2380 artem
2308 2351 2523 2380 circumcurren-

1424 2394 1482 2418 tem
1492 2397 1679 2423 vocaverunt,
1702 2389 1778 2425 quod
1789 2389 1817 2418 in
1828 2390 1905 2418 omni
1916 2389 2030 2418 materia
2041 2389 2152 2418 diceret.
2177 2387 2209 2417 V.
2235 2398 2256 2417 1.
2273 2398 2314 2418 1ο.
2542 2380 2544 2386 ’

1368 2426 1391 2456 C
1401 2437 1409 2455 i
1420 2436 1435 2455 R
1445 2436 1462 2456 0
1473 2437 1491 2455 u
1501 2438 1521 2455 M
1530 2436 1548 2455 c
1559 2437 1575 2455 u
1588 2436 1604 2454 R
1613 2435 1625 2470 s
1635 2437 1643 2454 i
1654 2436 1671 2455 o
1681 2448 1689 2462 ‚
1708 2427 1780 2456 onis.
1802 2426 1821 2456 f.
1844 2426 1924 2465 Apul.
1937 2438 1962 2462 9.
1974 2427 2042 2456 Met.
2056 2437 2082 2465 p.
2098 2433 2162 2461 ²80·
2183 2425 2307 2464 Ungulas
2318 2425 2464 2464 multiiuga
2475 2425 2524 2455 cir-

1406 2464 1599 2494 cumcursione
1611 2474 1640 2492 iri
1651 2474 1767 2494 enorme
1774 2465 1917 2502 vestigium
1928 2465 2057 2502 porreeti.

1368 2502 1391 2534 C
1404 2513 1438 2532 iR
1448 2512 1465 2532 c
1474 2513 1492 2532 u
1502 2513 1523 2531 Μ
1534 2512 1626 2546 eoas
1636 2511 1652 2530 o
1667 2502 1904 2546 ‚·[oe?1m‘720pem]
1923 2507 1977 2532 are.
2000 2503 2086 2532 Plaut.
2099 2501 2171 2531 Rud.
2189 2511 2211 2530 1.
2225 2512 2251 2537 4.
2268 2512 2295 2537 4.

1485 2540 1590 2569 Omnia
1600 2550 1655 2576 jam
1666 2541 1879 2583 circumcursavi
1890 2563 1897 2576 ‚
1919 2548 2001 2578 atque
2013 2541 2041 2569 iri
2052 2540 2165 2570 latebris
2177 2539 2307 2569 omnibus
2316 2539 2472 2578 Perreptavi

1404 2615 1431 2647 H
1485 2578 1618 2645 Quaerere
1627 2580 1787 2608 conlervam
1798 2588 1877 2614 voce,
1887 2578 1986 2614 oculis,
1998 2579 2118 2614 auribus,
2128 2586 2159 2607 ut
2167 2578 2387 2616 pervestigarem.
2459 2575 2520 2607 Ter.

1435 2626 1485 2646 eau
1502 2640 1507 2644 .
1521 2625 1545 2651 3.
1561 2626 1586 2645 2.
1602 2626 1625 2645 1.

1486 2654 1547 2684 Hac
1556 2653 1620 2683 illac
1629 2654 1813 2684 circumcursa
1821 2676 1828 2689 ,
1851 2654 2052 2684 inveniendum
2063 2654 2100 2684 est
2108 2659 2203 2684 tamen

1487 2693 1646 2730 Argentum.
1766 2692 1796 2722 V.
1819 2692 1926 2722 Lucret.
1940 2704 1965 2728 4.
1981 2701 2046 2727 402.

1370 2730 1410 2760 Ci
1420 2739 1437 2759 r.
1447 2740 1464 2760 c
1474 2740 1521 2759 uM
1532 2740 1550 2759 c
1559 2741 1576 2759 υ
1588 2740 1603 2759 R
1612 2740 1624 2759 s
1636 2740 1653 2759 A
1664 2740 1704 2759 Ns
1715 2752 1722 2765 ‚
1743 2730 1825 2760 antis.
1846 2730 1941 2760 Partic.
1952 2729 2052 2759 Catull.
2064 2732 2184 2766 69.132.

1564 2784 1601 2788 —
1611 2769 1828 2811 circumcursans
1839 2768 1895 2798 huc
1907 2768 1974 2797 illuc
1985 2767 2055 2806 saepe
2067 2768 2188 2806 Cupido.
2460 2773 2463 2779 ⁴

1371 2805 1394 2836 C
1405 2817 1413 2835 i
1424 2816 1440 2834 R
1450 2815 1467 2835 c
1476 2816 1495 2834 u
1504 2816 1553 2849 MD
1563 2815 1580 2834 o
1591 2827 1605 2849 ,¹
1621 2807 1666 2849 e‘di
1676 2827 1684 2840 ,
1706 2806 1782 2835 atum
1793 2828 1800 2841 ‚
1823 2805 2021 2842 [ωὲιλαμςάνω
2031 2828 2039 2840 .,
2063 2803 2205 2840 ’σθ-τίθημι,
2222 2803 2375 2840 ῶτὲιίέἇῆω]
2395 2805 2449 2835 ἕπε.
2469 2805 2524 2836 No·

1409 2851 1444 2872 tae
1465 2843 1670 2891 significationis
1682 2864 1689 2878 ‚
1711 2843 1830 2873 ablativo
1866 2844 1905 2873 ost
1924 2843 2109 2873 accusativum
2130 2844 2262 2881 jungitur.
2284 2844 2340 2872 Cic.
2357 2853 2367 2872 1
2375 2854 2398 2879 ς.
2410 2843 2481 2873 Fam.
2496 2854 2522 2877 4.

1408 2881 1489 2926 Valio
1501 2885 1525 2911 ὁι
1537 2881 1602 2924 rossa
1611 2881 1793 2911 circumdedi.
1859 2881 1899 2912 ees.
1913 2891 1936 2919 3.
1951 2881 2018 2911 Bell.
2033 2881 2114 2912 Civil.
2128 2892 2152 2918 9.
2185 2881 2318 2910 octavius
2329 2882 2421 2918 quinis
2437 2881 2524 2912 castris

1408 2920 1547 2963 oppidum
1558 2920 1753 2948 Circumdedit.

1383 2972 1385 2975 ·
1407 2958 1462 2988 Hic
1476 2957 1611 3001 ablativus
1622 2957 1691 2994 saepe
1701 2957 1730 2986 in
1740 2955 1924 2987 accusativum
1934 2957 2114 2990 convertitur,
2135 2957 2161 2986 &
2172 2954 2342 2985 accusativus
2352 2957 2381 2986 in
2392 2956 2522 2986 dativum.

1429 3002 1475 3031 ut,
1497 2995 1691 3039 Circumdedit
1705 3005 1776 3024 nova
1787 2996 1891 3024 moenia
1903 2995 2018 3032 oppido.
2060 2995 2200 3024 Columel.
2220 2994 2266 3023 lib.
2283 3005 2306 3029 ς.
2327 3004 2387 3033 cap.
2398 2999 2424 3024 6.
2446 2991 2524 3032 Ipsos·

1430 3043 1484 3071 que
1491 3033 1566 3077 coles
1576 3042 1603 3062 in
1615 3033 1730 3062 modum
1741 3042 1850 3062 coronae
1860 3038 2003 3062 contortos
2013 3032 2104 3061 arbori
2112 3032 2285 3062 circumdari.
2300 3031 2358 3062 Cic.
2370 3043 2421 3071 pro
2430 3032 2523 3069 Quint.

1429 3076 1472 3115 3⁶:
1495 3072 1523 3100 Si
1535 3071 1675 3114 extrahos
1684 3070 1824 3100 cancellos
1835 3071 1929 3108 egredi
1939 3070 2077 3105 conabor,
2099 3079 2167 3106 quos
2182 3070 2250 3098 mihi
2262 3070 2318 3107 ipse
2328 3069 2507 3100 circumdedi.

1409 3109 1524 3140 Finibus
1535 3109 1639 3146 aliquid
1652 3109 1830 3138 circumdare.
1861 3108 1919 3137 Cic.
1936 3118 1959 3138 1.
1972 3108 2007 3137 de
2018 3108 2095 3138 Orat.
2107 3112 2171 3142 264.
2194 3108 2239 3136 Tu
2254 3116 2346 3138 autem
2357 3109 2463 3146 exiguis
2471 3105 2524 3144 qui·

1430 3147 1544 3176 busdam
1554 3147 1653 3175 tinibus
1663 3152 1754 3175 totum
1771 3147 1885 3175 oratoris
1895 3155 1996 3175 munus
2009 3145 2224 3175 circumdedisti.

1410 3185 1517 3215 Fraude
1529 3184 1687 3213 insidiarum
1698 3185 1878 3214 circumdare.
1911 3184 2008 3220 Justin.
2038 3184 2199 3214 Inlidiarum
2221 3182 2317 3213 fraude
2334 3179 2523 3213 circumdedit·
2554 3183 2555 3206 i

1431 3224 1447 3251 i.
1461 3233 1483 3252 e.
1507 3222 1644 3257 Obsedit,
1667 3223 1791 3251 ambivit.

1410 3260 1508 3304 Infulis
1518 3261 1715 3304 circumdatus.
1756 3259 1814 3289 Cic.
1829 3269 1880 3297 pro
1894 3258 1922 3289 L.
1935 3258 2025 3289 Flacc.
2039 3268 2084 3296 27.
2114 3258 2249 3296 Equidem
2264 3257 2391 3287 existimo
2412 3258 2441 3287 in
2460 3253 2524 3292 ejus·
2580 3259 2589 3286 1

1430 3299 1508 3328 modi
1523 3308 1635 3335 regione
1646 3320 1654 3332 ‚
1676 3305 1758 3334 atque
1769 3298 1912 3335 provincia
1924 3317 1933 3333 ,
1955 3307 2015 3334 quae
2024 3297 2094 3327 mari
2104 3297 2214 3333 cincta,
2235 3296 2370 3334 portubus
2386 3295 2522 3330 distincta,
2546 3250 2554 3363 1
2578 3302 2588 3323 ii

1431 3336 1526 3365 insulis
1536 3335 1705 3365 circumdata
1714 3335 1797 3370 esset,
1818 3337 1870 3365 &c.
1895 3348 1897 3350 ·

1412 3374 1494 3405 Nube
1509 3373 1684 3403 circumdari.
1707 3373 1779 3410 Virg.
1794 3385 1819 3408 4.
1835 3373 1934 3410 Georg.
1951 3382 2015 3410 497.
2547 3366 2550 3384 ¹

1492 3412 1506 3447 J
1517 3422 1608 3449 imque
1619 3412 1681 3441 vale
1692 3433 1700 3446 ‚
1721 3410 1793 3440 feror
1803 3411 1910 3448 ingenti
1922 3409 2091 3439 circumdata
2105 3408 2191 3440 nube.
2545 3385 2550 3466 ί

1413 3449 1568 3479 Obsidione
1579 3452 1652 3479 areta
1669 3449 1866 3479 circumdatus.
1890 3448 1991 3478 Lucan.
2006 3448 2055 3477 lib.
2067 3452 2093 3477 6.
2108 3452 2169 3481 108.

1413 3488 1510 3518 Turba
1521 3488 1723 3517 circumdatum
1736 3486 1798 3516 esse.
1822 3487 1944 3524 Propert.
1961 3486 2008 3515 lib.
2022 3495 2045 3522 3.
2061 3497 2102 3521 14.
2113 3495 2158 3521 29·
2545 3469 2548 3518 1

1506 3529 1539 3555 At
1550 3526 1638 3554 nostra
1650 3526 1755 3562 ingenti
1770 3524 1845 3553 vadit
1855 3525 2026 3554 circumdata
2035 3523 2124 3552 turba.

1413 3563 1670 3593 Ulniscircumdare
1685 3563 1807 3599 aliquem
1823 3584 1831 3598 ‚
1853 3561 2020 3600 Amplexari.
2041 3561 2108 3591 Stat.
2128 3569 2152 3597 ς.
2173 3556 2238 3590 silv.
2254 3567 2279 3595 3.
2292 3560 2357 3590 266.
2544 3549 2546 3582 i

1414 3604 1520 3639 Agmen
1530 3601 1605 3630 foffa.
1630 3601 1730 3630 Lucan.
1748 3600 1795 3629 lib.
1809 3611 1835 3635 4.
1847 3609 1890 3635 29.

1414 3641 1546 3669 Animum
1556 3638 1744 3668 circumdedit
1755 3647 1872 3675 corpore
1886 3637 1963 3667 deus.
2002 3635 2062 3665 Cic.
2079 3635 2115 3665 de
2126 3634 2250 3664 Univers.
2265 3638 2306 3663 16.
2337 3634 2464 3664 Animum
2481 3638 2525 3661 811-
2542 3623 2545 3660 i

1433 3684 1490 3720 tem
1503 3682 1533 3706 ut
1544 3677 1571 3705 in
1588 3677 1648 3712 ejus
1662 3676 1756 3705 medio
1774 3674 1939 3711 collocavit,
1961 3675 1998 3703 ita
2015 3683 2065 3712 per
2083 3679 2175 3703 toturn
2191 3671 2327 3703 tetendit:
2350 3671 2454 3702 deinde
2465 3675 2524 3699 eum
2542 3666 2544 3691 's

1433 3715 1621 3744 circumdedit
1635 3723 1760 3751 corpore.
2542 3697 2543 3750 1

1414 3753 1498 3782 Arces
1517 3753 1605 3782 Roma
1618 3752 1721 3789 septem
1738 3760 1817 3780 muro
1837 3749 2001 3780 circumdat.
2041 3749 2059 3778 i.
2074 3758 2098 3778 e.
2120 3748 2233 3787 Septem
2248 3757 2324 3778 arces
2339 3748 2411 3777 intra
2425 3742 2522 3777 moenin
2541 3754 2543 3775 i

1434 3791 1569 3820 continet.
1592 3789 1663 3826 Virg.
1676 3792 1701 3818 6.
1719 3789 1780 3818 AEn.
1795 3794 1857 3824 783.

1508 3829 1677 3865 Septemque
1693 3837 1746 3855 unii
1758 3826 1806 3855 sibi
1820 3836 1898 3855 muro
1908 3823 2091 3854 circumdabit
2101 3832 2186 3853 arces.

1415 3865 1568 3903 Argentum
1578 3875 1653 3895 auro.
1677 3864 1750 3901 Virg.
1768 3874 1788 3893 i.
1806 3863 1866 3894 AEn.
1882 3873 1943 3898 597.

1686 3915 1722 3923 —
1739 3908 1787 3930 aut
1800 3901 1846 3930 ubi
1860 3900 1930 3930 flavo

1508 3937 1659 3977 Argentum
1669 3961 1678 3976 ,
1698 3938 1826 3970 Pariusve
1836 3938 1907 3977 lapis
1918 3934 2105 3969 circundatur
2117 3941 2192 3967 auro.
