2600 4177
0 1005 10 1039 i

45 1076 53 1083 .

446 118 478 153 C
571 115 600 153 A
700 116 731 154 U

45 195 181 233 Peracuta.
221 200 252 230 in
271 210 331 230 par<
339 210 356 230 Α
367 210 412 230 cu
420 209 439 229 T
448 208 468 229 υ
476 210 498 230 s.

47 235 91 270 Pia
101 240 178 269 causa
190 240 287 275 coegit.
310 238 395 272 Ovid.
407 241 434 267 6.
451 237 521 267 Met.
532 239 595 273 496.

48 271 174 307 Plurimis
186 275 384 313 justissimisque
397 276 432 305 de
444 275 538 305 causis.
560 275 617 305 Cic.
631 284 657 309 4.
667 273 743 304 Verrt

48 314 179 344 Pudenda
192 336 200 347 ,
221 314 285 343 Non
300 313 420 343 honesta.
444 312 528 342 Ovid.
544 323 568 345 ς.
586 312 669 350 Epist.
684 317 729 348 98.

49 347 156 383 Recens
166 351 275 380 accedit
285 350 370 380 causa.
392 350 477 380 Ovid.
492 359 517 384 3.
530 349 599 379 Met.
612 352 676 379 260.

139 388 214 418 Tum
227 397 291 417 vero
304 388 447 425 postquam
455 386 547 417 solitas
556 386 665 417 access'it
675 387 710 416 ad
725 387 778 416 iras

140 425 224 455 Causa
235 434 331 454 recens
343 447 352 460 ,
372 424 462 462 plenis
473 430 636 454 tumuerunt
647 430 758 461 guttura
764 424 850 454 venis.

69 468 113 499 68.
134 462 284 492 Access'erat
293 472 388 492 recens
397 461 476 492 causa
487 484 495 497 ,
515 463 592 499 quod
608 462 732 491 Vestinus
743 483 752 496 ‚
771 463 824 491 διε.

49 500 190 540 Speciosas
199 499 290 529 causas
300 500 411 529 habere.
453 500 510 529 Cic.
531 504 574 530 16.
587 501 639 529 Att.
654 510 679 536 7.
705 499 878 530 Reversionis
890 500 938 530 has
951 499 1085 539 speciosas
1102 510 1166 531 cau-

50 572 54 576 ,
69 539 108 569 sas
118 538 202 568 habes
211 559 220 573 ,
241 538 322 573 justas
333 537 393 567 illas
404 538 518 575 quidem
534 539 559 568 Sc
570 547 682 574 magnas
693 558 702 573 ,
718 538 770 567 διο.

50 577 211 608 Taeterrima
224 575 298 605 beili.
320 576 388 605 Hor.
405 584 429 604 1.
440 575 529 605 Serm.
542 584 566 613 3.
585 581 647 610 108.

50 614 186 644 Valentes.
209 613 293 642 Ovid.
309 623 332 643 1.
345 612 425 642 Trist.
439 617 465 647 8.
479 623 524 648 29.

932 423 1022 456 Tacit.
1037 434 1048 454 1
1056 434 1079 461 ς.
1092 424 1163 454 Ann.

50 652 181 689 Accipere
191 650 298 680 causam
311 650 424 689 quaesiti.
446 651 533 680 Ovid.
549 661 576 684 4·
590 650 732 688 Met.793.

0 692 3 724 ξ
51 687 238 721 Accumulare.
262 689 346 719 Ovid.
358 697 385 718 2.
402 688 484 726 Epist.
494 688 644 725 Sabin.64.

50 727 183 761 Adiicere.
205 726 289 756 Ovid.
304 737 326 756 1.
344 726 411 756 Fast.
425 732 486 762 189.

51 764 151 797 Afferre
161 763 342 802 probabilem.
377 763 435 793 Cic.
448 773 471 793 1.
484 764 566 794 Acad.
582 773 625 793 10.
656 761 771 792 Causam
781 765 873 792 autem
885 762 1058 800 probabilem
1070 769 1099 794 tu
1109 763 1168 801 qui-

68 803 132 832 dem
147 801 245 836 affers3
267 809 313 831 aut
323 802 399 831 enim
408 802 502 832 Graeca
511 802 602 840 legere
613 801 739 836 mallent,
750 800 797 837 qui
808 809 890 829 erunt
904 802 1014 836 eruditi,
1025 808 1080 837 aut,
1096 803 1148 832 &c.

49 839 152 873 Afferre
163 839 278 869 consilii.
301 840 360 870 Cic.
373 849 399 869 2.
412 840 534 878 Philipp.
549 850 594 877 72.
616 840 710 876 Quam
721 837 830 868 causam
843 838 1040 869 dementissimi
1050 839 1090 869 sui
1101 849 1168 870 con-

68 877 119 908 filii
133 878 159 908 &
169 877 234 907 facti
246 877 387 907 afferebat.

51 915 153 947 Afferre
164 915 272 945 causam
282 915 402 946 faciendi
413 915 517 952 aliquid
529 915 630 944 dicitur
640 922 682 943 res
693 913 792 951 aliqua.
814 913 872 942 Cic.
882 922 909 942 2.
925 914 961 943 de
973 915 1066 944 Divin.
1079 917 1105 944 6.
1129 916 1168 945 Ac

0 971 13 986 ‚=
69 953 137 983 mihi
147 953 260 990 quidem
269 953 442 991 explicandae
450 952 632 991 philosophiae
643 951 752 981 causam
760 951 854 981 attulit
861 951 936 982 casus
943 954 1031 990 gravis
1040 953 1166 984 civitatis.

50 991 161 1030 Aperite
171 991 272 1020 causas.
294 991 413 1028 Propert.
428 991 475 1020 lib.
484 1001 511 1025 4.
528 1000 570 1020 11.
585 1000 608 1020 1.

51 1030 187 1068 Apparere
197 1029 275 1058 causa
286 1031 312 1059 ὁὶ
323 1029 389 1058 Non
399 1038 533 1066 apparere
544 1028 657 1057 dicitur.
680 1027 765 1057 Ovid.
776 1036 821 1057 21.
833 1026 915 1061 Epist.
932 1039 941 1057 i
949 1037 972 1065 3.

142 1066 269 1104 Languor
279 1067 372 1099 enim.
393 1067 478 1096 caulis
489 1076 546 1095 non
563 1065 780 1104 apparentibus,
802 1066 894 1095 haeret.

0 1107 10 1141 ,i
29 1101 207 1137 ‘ifittribuere
219 1104 327 1134 causam
339 1104 512 1134 calamitatis.
553 1104 584 1134 Iri
606 1114 626 1133 A
634 1113 654 1132 T
663 1113 682 1132 T
692 1113 708 1131 a
719 1114 728 1132 1
737 1114 752 1132 a
763 1114 780 1132 u
791 1112 818 1131 0.

0 1155 9 1177 ί
32 1159 35 1168 i

34 1278 38 1294 i

0 1411 10 1441 θ’

0 1623 7 1631 η
0 1455 11 1593 var—7„

44 1144 154 1181 “Augere
164 1142 255 1172 causas
267 1142 460 1181 lacrymarum.
484 1142 602 1179 Quintil·
618 1142 647 1171 in
659 1151 777 1179 prooem.
793 1140 841 1169 lib.
855 1144 882 1170 6.

43 1179 223 1218 .-cogn0scere
232 1180 324 1210 causas
333 1190 431 1210 rerum.
455 1180 523 1210 Pers.
537 1189 561 1217 3.
573 1181 628 1211 Sat.
640 1183 685 1209 66.
708 1179 781 1216 Virg.
793 1188 819 1208 2.
833 1178 931 1216 Georg.
942 1188 1007 1214 490.

51 1218 193 1250 conferre.
231 1219 290 1249 Cic.
305 1229 330 1248 2.
345 1219 381 1248 de
392 1218 482 1248 Divin.
497 1228 558 1254 ¹51-
583 1217 679 1255 Quum
689 1223 782 1246 autem
794 1217 938 1254 proprium
950 1217 981 1245 sit
995 1215 1167 1253 Academiat,

54 1256 206 1295 'judicium
217 1256 294 1286 suum
307 1256 416 1286 nullum
430 1257 626 1293 interponere,
648 1265 679 1284 ea
689 1254 805 1293 probare
824 1264 884 1290 quae
896 1254 1033 1284 simillima
1053 1256 1112 1285 veri
1129 1257 1169 1285 vi.

56 1303 57 1306 ’
71 1294 188 1324 deantur
197 1315 205 1329 ,
229 1295 356 1324 conferre
366 1293 458 1324 causas
469 1316 477 1330 ,
495 1296 521 1324 ἃ
533 1294 598 1331 quid
610 1316 618 1329 ,
633 1294 685 1323 &e-

3 1329 11 1358 ⁴¹,
52 1327 207 1370 congerere
219 1333 249 1361 in
259 1332 388 1370 aliquem.
427 1331 458 1361 In
479 1342 496 1361 c
506 1341 523 1360 o
533 1341 552 1361 N
563 1341 581 1360 c
590 1341 603 1360 a
612 1342 627 1360 a
637 1341 664 1360 o.

11 1388 13 1393 ν
52 1370 199 1406 Conjicere
210 1371 239 1399 in
247 1370 381 1408 aliquem.
421 1369 453 1399 In
473 1379 664 1405 coujicio.

48 1408 164 1439 Constat
177 1408 257 1438 causa
272 1408 337 1438 belli
349 1407 467 1444 hujusin
477 1413 524 1437 tua
535 1406 660 1445 persona.
699 1405 758 1435 Cic.
768 1413 793 1434 2.
807 1404 876 1434 Phili
901 1415 927 1443 p.
943 1413 986 1441 53.
1017 1405 1082 1436 Tibi
1094 1410 1168 1436 certe

70 1445 260 1476 confitendum
272 1447 309 1476 est
321 1469 328 1482 ,
349 1445 457 1475 causam
470 1444 688 1484 perniciosissimi
706 1443 772 1472 belli
783 1444 813 1472 in
825 1415 940 1481 pcrsdna
951 1448 998 1474 tua
1008 1441 1167 1474 constitisse.

52 1482 219 1515 contrahere
232 1484 279 1513 sibi
292 1483 400 1514 causam
411 1485 516 1513 mortis.
557 1483 588 1513 ln
609 1492 650 1512 co
659 1492 679 1511 N
688 1490 707 1510 τ
717 1491 733 1510 a
744 1491 763 1510 A
771 1491 791 1511 u
801 1491 828 1511 o.

52 1522 123 1553 Dare
133 1522 226 1552 causas
234 1523 269 1552 ad
284 1522 406 1559 culpam.
428 1521 501 1560 Virg.
512 1531 538 1551 2.
553 1521 653 1559 Georg.
665 1530 699 1557 45
707 1530 730 1557 5.

53 1560 134 1591 Deest
147 1559 234 1590 causa.
276 1560 307 1590 V.
329 1561 430 1590 Semen
445 1561 471 1590 δι
481 1559 569 1590 causa.

52 1594 191 1628 Deficiunt
200 1598 296 1628 causae.
319 1596 404 1628 Ovid.
416 1607 439 1627 1.
455 1599 547 1628 Amor.
561 1603 587 1631 8.
599 1604 645 1632 93.

0 1647 3 1665 r
52 1635 152 1667 Dicere
167 1636 259 1666 causas
270 1636 387 1673 alicujus
398 1636 438 1666 rei
451 1657 459 1673 ,
481 1636 498 1666 i.
516 1645 540 1666 e.
564 1635 699 1665 Rationes
708 1632 815 1664 adferre
825 1655 833 1670 ,
855 1642 904 1663 cur
918 1633 956 1663 ita
965 1629 992 1663 se
1004 1642 1047 1664 res
1057 1632 1168 1666 habeat.

63 1674 178 1704 -Lucret.
194 1674 242 1704 lib.
254 1678 280 1704 6.
296 1685 339 1711 55.

52 1711 150 1742 Dicere
162 1721 226 1742 cum
238 1712 317 1742 causa
330 1711 445 1749 aliquid.
468 1711 526 1741 Cic.
538 1719 564 1741 2.
577 1711 613 1740 de
623 1710 701 1740 Orat.
715 1718 779 1747 247.

52 1750 113 1781 Esse
124 1750 214 1781 luctus
224 1750 332 1780 causam
341 1748 435 1780 alicui.
468 1749 552 1780 Ovid.
565 1758 589 1785 3.
604 1748 673 1779 Met.
693 1756 755 1784 139.
786 1746 812 1777 Is
819 1746 895 1777 enim
905 1747 1032 1786 profecto
1050 1752 1171 1777 mortem

70 1788 180 1824 attulit,
202 1790 250 1826 qui
261 1787 340 1818 causa
351 1788 446 1818 mortis
456 1786 516 1818 fuit.
540 1787 634 1821 Cic-9.
647 1784 767 1824 Philipp.
781 1794 806 1822 7.

51 1825 168 1870 Exigere
178 1825 286 1856 causam
297 1827 338 1856 rei
346 1826 470 1862 alicujus
491 1825 555 1856 Seri.
568 1824 680 1862 Thyest.
696 1835 719 1860 ς.

0 1865 19 1896 ,Ξ
52 1862 181 1894 Eximere
190 1864 320 1894 hortandi
328 1863 427 1894 causas.
449 1862 578 1900 Tacit.'3.
592 1863 717 1898 Ann.46.

0 2137 19 2166 r<

0 2168 19 2287 'i

15 2286 19 2313 l

0 1906 5 1930 ι’
51 1902 192 1940 Expedire
205 1902 311 1932 causam
323 1902 423 1932 morbi.
446 1901 518 1939 Virg.
530 1912 556 1937 4.
573 1900 674 1938 Georg.
686 1908 749 1936 391.

0 1951 4 1968 :
32 1972 33 1976 ,
50 1940 233 1978 Explicandae
248 1940 342 1970 causae.
383 1940 442 1970 Cic.
456 1950 480 1976 ς.
493 1940 568 1969 Fam.
582 1948 624 1968 12.
657 1938 688 1968 In
701 1946 757 1975 quo
777 1936 862 1967 &illa
875 1936 979 1976 poteris
996 1936 1036 1966 uti
1046 1934 1172 1966 civilium

71 1979 324 2008 commutationum
330 1977 444 2008 scientia
453 1999 461 2014 ,
481 1977 527 2008 vel
538 1978 568 2006 in
576 1976 751 2014 explicandis
762 1975 847 2005 causis
859 1985 951 2005 rerum
960 1979 1105 2011 novarum,
1116 1975 1170 2004 &m

0 2027 5 2046 ι
53 2015 204 2054 Explorate
215 2016 306 2046 causas
318 2038 326 2051 ,
347 2016 497 2052 inquirere.
517 2015 584 2045 Stat.
599 2024 642 2044 12.
662 2013 754 2044 Theb.
770 2023 832 2050 544.

0 2079 2 2086 ,
55 2053 200 2091 Exponere
214 2054 331 2084 causam.
353 2054 418 2083 Hor.
434 2063 458 2084 1.
470 2053 558 2083 Serm.
568 2061 595 2089 7.
608 2061 653 2082 22.

0 2117 2 2125 .
54 2091 198 2130 Exponere
215 2101 302 2122 caecas
316 2091 427 2128 causas,
447 2091 486 2122 est
500 2090 599 2121 Causas
615 2089 740 2120 occultas
757 2087 936 2126 obscurasque
949 2086 1098 2127 explicare.
1120 2086 1173 2118 Lu-

73 2129 260 2204 maginharss
267 2138 321 2206 legi)
331 2177 408 2197 nunc
423 2176 533 2204 nequeo
546 2176 632 2197 ccecas
641 2174 783 2204 exponere
793 2163 895 2194 causas.

55 2204 226 2244 Expromere
233 2215 311 2236 veras
320 2205 422 2235 causas.
444 2204 546 2235 Lucan.
559 2205 607 2234 lib.
622 2214 646 2234 1.
657 2208 703 2241 67.

54 2243 152 2274 Facere
162 2253 226 2274 cum
236 2244 325 2274 causa.
366 2243 425 2274 Cic.
440 2253 462 2273 1.
476 2243 511 2280 Q
525 2243 586 2272 frat.
596 2252 622 2272 2.
644 2242 726 2272 Certe
734 2240 790 2270 scio
801 2246 830 2270 te
841 2240 918 2270 enim
928 2239 1022 2270 feciffe
1031 2248 1098 2270 curn
1109 2247 1172 2269 cau-

72 2281 106 2311 sa.
127 2281 153 2311 h.
166 2292 190 2312 e.
212 2281 462 2319 Quemadmodum
470 2291 513 2311 res
522 2280 579 2319 ipsa
588 2280 727 2319 postulare
737 2279 891 2308 videbatur.

0 2320 13 2350 τ’
55 2318 125 2350 Fieri
135 2319 242 2350 causam
251 2319 368 2349 dolendi
377 2319 471 2350 alicui.
493 2319 577 2349 Ovid.
592 2329 633 2348 11.
648 2317 719 2348 Met.
731 2326 793 2354 345.

0 2367 5 2387 ‚i
55 2356 155 2388 Fluunt
164 2358 232 2388 inde
242 2358 336 2388 causae.

0 2450 5 2463 i
16 2439 19 2462 l
72 2435 242 2472 turpiterque
253 2435 405 2464 vivendum
416 2433 483 2463 inde
492 2432 578 2463 causae
588 2433 688 2462 fluunt.

0 2483 6 2499 ι
16 2466 20 2504 1

0 2517 3 2527 .

0 2559 4 2576 l

374 2357 494 2395 Quintil.
511 2356 559 2387 lib.
574 2367 597 2393 5.
614 2366 677 2395 cap.
691 2366 734 2385 10.
751 2365 791 2393 pr.
821 2354 893 2384 Nam
902 2353 1003 2383 similes
1013 2353 1174 2391 parentibus

72 2405 104 2425 ac
112 2396 261 2432 maioribus
269 2396 323 2426 suis
334 2395 383 2425 filii
397 2396 562 2440 plerumque
575 2395 728 2424 creduntur
738 2402 744 2422 z
755 2394 791 2460 Ii}
799 2401 1005 2460 nssq'ililtliniqtgssiae
1014 2392 1049 2421 ad
1060 2391 1175 2421 honeste

56 2470 162 2502 Habere
171 2472 350 2508 celebritatis,
362 2478 409 2501 aut
418 2471 541 2501 nominis
551 2470 667 2501 causam.
691 2432 780 2499 Ciga.
793 2439 990 2504 Cffi44.pNam
1000 2451 1080 2505 siquis
1090 2467 1124 2497 ab
1132 2468 1174 2497 in-

72 2516 156 2540 eunte
165 2517 245 2540 aetate
255 2510 340 2540 habet
348 2509 456 2539 causam
466 2509 633 2539 celebritatis
645 2514 693 2537 aut
703 2507 826 2536 nominis
843 2516 858 2535 a
867 2513 944 2544 patre
954 2512 1107 2543 acceptam,
1116 2507 1169 2535 ἂς.

55 2545 163 2578 Habere
172 2548 268 2583 judicii
279 2547 479 2585 corrumpendi
489 2546 591 2576 causas.
629 2546 688 2576 Cic.
701 2555 751 2583 pro
763 2544 873 2574 Cluent.
887 2549 932 2578 82.
967 2546 1022 2580 Age
1039 2544 1173 2580 quoniam

0 2596 4 2608 ν
17 2602 19 2611 ι
74 2587 271 2625 corrumpendi
280 2586 377 2622 judicii
387 2584 480 2615 causas
488 2585 536 2615 ille
547 2584 648 2614 multas
656 2586 682 2614 δι
692 2592 785 2620 graves
795 2582 892 2612 habuit
903 2603 912 2618 ,
929 2582 975 2611 hic
984 2580 1103 2618 nullam,
1115 2583 1168 2612 6ιο.

0 2608 19 2651 ‚³⁸
57 2622 262 2654 Habereveram
273 2624 410 2654 &bonam
418 2623 535 2653 causam.
559 2623 618 2652 Cic.
632 2633 656 2657 9.
671 2623 724 2651 Att.
739 2626 782 2655 18.

0 2671 4 2696 i

55 2659 162 2692 Habere
175 2662 311 2692 naturales
323 2661 425 2691 causas.
447 2661 505 2691 Cic.
519 2670 545 2691 2.
559 2661 594 2689 de
607 2660 700 2689 Divin.
720 2669 781 2694 140.

1 2709 6 2723 -·
56 2698 162 2730 Habere
173 2700 280 2730 causam
294 2710 310 2729 a
321 2705 427 2729 natura.
468 2699 527 2729 Cic.
546 2708 568 2727 1.
587 2699 622 2727 de
632 2698 723 2727 Divin.
738 2701 783 2726 60.
804 2695 948 2733 Quicquid
969 2695 1047 2725 enim
1062 2695 1165 2733 oritur,

73 2737 263 2775 qualecunque
275 2738 313 2767 est
321 2760 328 2774 ,
348 2737 457 2768 causam
469 2736 569 2767 habeat
579 2746 595 2766 a
607 2743 703 2765 natura
715 2734 823 2764 necesse
835 2734 882 2763 est.

0 2770 9 2803 .'
46 2770 358 2806 ‘Nonhabentcausam
398 2775 456 2805 Cic.
472 2784 513 2805 12.
526 2774 602 2805 Fam.
619 2784 661 2810 14.
682 2773 753 2803 Nam
765 2773 841 2809 quod
853 2772 1067 2809 hucproperent
1075 2772 1104 2801 in
1115 2781 1172 2802 ma-

0 2812 6 2841 ἰ

0 2859 8 2877 a

0 2883 12 2915 ἐ,

0 2936 9 2956 ἰ

0 2963 15 3069 i

74 2814 180 2851 gistratu
196 2814 291 2844 venire
303 2836 311 2848 ,
332 2818 380 2843 aut
389 2813 542 2843 exercitum
553 2813 662 2841 mittere
674 2833 681 2846 ,
703 2810 810 2840 causam
820 2820 878 2838 non
888 2809 1002 2839 habent.

56 2850 175 2890 Impellit
182 2852 261 2882 causa
271 2852 401 2889 aliquem,
413 2858 454 2887 ut,
464 2853 515 2881 ἃς.
537 2850 595 2880 Cic.
608 2860 630 2879 1.
644 2850 679 2878 de
689 2849 752 2879 Nat.
764 2848 846 2892 Deor.
860 2857 885 2891 ἶ.
898 2848 946 2877 Sin
957 2855 1049 2877 autem
1059 2848 1119 2885 quis
1131 2857 1172 2878 re-

60 2907 61 2910 =
72 2888 156 2927 quirit
164 2900 224 2927 quae
233 2889 313 2919 causa
321 2899 373 2919 nos
384 2889 537 2927 impulerit,
549 2895 580 2918 ut
589 2889 648 2918 haec
657 2894 713 2917 tam
724 2887 782 2917 sero
793 2886 892 2916 litteris
900 2885 1106 2923 mandaremus,
1116 2887 1170 2917 &c-

57 2923 186 2957 Incidunt
196 2927 290 2957 causae.
331 2927 362 2956 V.
386 2938 395 2956 1
406 2937 428 2956 N
436 2937 453 2956 c
463 2938 472 2956 1
482 2937 500 2956 u
512 2936 539 2956 o.

56 2960 126 2997 fnire
137 2965 244 2996 causam
256 2965 372 3002 alicuius
382 2966 431 2995 rei.
465 2964 497 2995 V.
520 2976 529 2993 1
540 2974 561 2994 N
571 2974 584 2994 a
595 2973 621 2994 ο.

46 2997 220 3041 qnteiiigere.
244 3003 352 3033 Lucret.
368 3003 416 3032 lib.
430 3006 456 3032 6.

47 3039 273 3078 *Intervenientes
282 3041 451 3071 extrinsecus
460 3039 554 3070 causae.
575 3038 697 3076 Quintil.
720 3037 767 3067 lib.
783 3046 806 3073 ³.
822 3047 882 3075 cap.
894 3040 919 3072 8.
933 3047 960 3075 p.
974 3039 1038 3073 276.

0 3087 10 3107 τ’
44 3077 189 3110 ‘Invenire
229 3079 288 3110 Cic.
301 3089 324 3109 1.
344 3079 381 3109 de
391 3079 469 3109 Orat.
482 3087 543 3115 123.
578 3078 634 3108 Has
654 3076 746 3108 causas
768 3075 945 3106 inveniebam
963 3076 1049 3111 duas,
1079 3074 1171 3105 Unam

5 3198 26 3247 ,ψ

75 3119 167 3156 quod,
189 3119 241 3149 ἂι).

0 3163 8 3181 ἐ
57 3154 181 3188 Invenire
193 3157 340 3194 quicquam
348 3154 425 3185 aliud
432 3153 527 3184 causae.
548 3153 607 3183 Cic.
618 3162 669 3191 pro
678 3152 756 3181 Rosc.
770 3152 858 3181 Amer.
871 3156 897 3186 8.
923 3150 1063 3180 Postremo
1073 3150 1091 3180 si
1103 3161 1172 3188 prae-

75 3200 116 3224 ter
125 3205 187 3225 earn
195 3195 317 3233 praedam
329 3217 338 3230 ,
357 3202 441 3231 quam
449 3193 509 3222 dixi
518 3213 526 3228 ,
547 3192 697 3230 quicquam
707 3190 784 3220 aliud
798 3188 885 3219 causae
894 3189 1058 3219 inveneritis
1069 3210 1078 3225 ,
1095 3191 1148 3219 Sic.

58 3229 134 3262 Latet
143 3233 229 3263 causa.
251 3233 361 3275 Virg.,5.
375 3232 438 3262 AEn.
454 3234 480 3260 6.
515 3268 521 3274 .
546 3267 574 3274 ..
812 3265 818 3271 ι
855 3264 860 3270 .
911 3264 915 3270 .

0 3278 7 3296 ’ὲ
57 3268 156 3308 Legere
169 3278 241 3301 retro
253 3270 355 3301 causas.
377 3270 404 3299 h.
418 3278 443 3299 e.
464 3266 504 3299 Ab
514 3274 595 3297 initio
605 3272 740 3306 repetere.
762 3263 882 3302 Quintil.
898 3263 946 3294 lib.
961 3275 986 3301 5.
1002 3273 1064 3303 cap.
1079 3274 1123 3294 10.

0 3303 11 3334 ’4
58 3305 274 3339 manentcausae.
314 3308 346 3338 In
379 3316 518 3337 Mauso.

58 3341 212 3377 Memorare
222 3346 313 3377 causas
323 3345 414 3376 alicui.
439 3345 513 3382 Virg.
528 3353 552 3374 1.
568 3343 628 3375 AEn.
645 3350 687 3373 12.

1 3399 10 3407 ··
22 3371 24 3404 l
41 3397 44 3398 ⁷
58 3382 162 3415 Nactus
171 3385 279 3416 causam
293 3383 442 3414 moriendi.
483 3383 542 3412 Cic.
558 3390 580 3410 r.
589 3381 672 3411 Tusc.
685 3389 730 3417 74.
752 3379 821 3409 Cato
832 3383 925 3409 autem
937 3377 973 3407 sic
984 3376 1052 3407 abiit
1065 3387 1081 3407 e
1094 3377 1151 3408 vita
1161 3399 1169 3414 ,

0 3427 4 3449 ὲ
22 3433 23 3449 i
62 3433 65 3435 ’
77 3429 107 3452 nt
114 3423 222 3453 causam
233 3422 372 3452 moriendi
380 3422 493 3451 mitum
502 3420 529 3450 se
539 3419 593 3449 effe
605 3419 746 3457 gauderet.

59 3458 156 3491 Obstat
165 3462 271 3499 gravior
281 3460 368 3490 causa.
406 3459 466 3488 Cic.
478 3468 503 3488 2.
521 3458 557 3487 de
569 3458 661 3487 Divin.
674 3468 700 3493 4.
724 3455 765 3485 Ad
776 3454 879 3498 reliqua
890 3453 973 3484 alacri
987 3453 1172 3498 tendebamus

76 3499 168 3528 animo
177 3521 185 3535 ,
206 3499 242 3528 sic
251 3499 338 3537 parati
350 3520 357 3534 ,
379 3503 410 3528 ut
420 3496 471 3526 nisi
484 3505 544 3534 quae
555 3496 660 3533 gravior
672 3494 758 3536 causa.
770 3492 912 3536 obstiti-sset
924 3514 932 3525 ,
953 3491 1063 3520 nullum
1080 3491 1172 3529 philo.

74 3534 176 3574 sophia?
187 3536 281 3566 locuni
291 3536 345 3566 esse
354 3542 521 3574 pateremur,
543 3534 591 3571 qui
599 3542 658 3562 non
670 3533 774 3562 Latinis
784 3531 883 3560 litteris
896 3529 1043 3560 illustratus
1053 3535 1169 3568 pateret.

0 3562 16 3610 Ϊ,
42 3570 251 3615 ‚Patentcausae
272 3574 356 3604 Ovid.
371 3585 398 3609 4.
414 3573 480 3602 Fast.
492 3581 534 3608 ¹7·

0 3619 2 3622 ·
57 3608 198 3650 Percipere
209 3611 326 3642 causam.
349 3612 432 3641 Ovid.
447 3620 470 3640 1.
482 3609 549 3639 Fast.
564 3611 626 3638 166.
642 3608 705 3643 &4
716 3612 781 3644 938.

0 3655 3 3673 ’-
22 3661 24 3665 ’
55 3646 171 3680 'l’erstare
180 3651 210 3680 in
225 3650 303 3680 causa
316 3648 467 3679 damnisui.
489 3647 575 3678 Ovid.
586 3656 612 3677 2.
626 3646 662 3676 de
676 3647 739 3676 Arte
751 3647 810 3675 Am.
824 3646 887 3682 560.

59 3684 181 3718 Probare.
203 3688 288 3718 Ovid.
306 3697 348 3717 11.
361 3687 430 3717 Met.
440 3696 505 3722 449.

61 3723 194 3760 Quaerere.
216 3726 275 3756 Cic.
293 3736 316 3755 1.
335 3725 370 3754 de
383 3725 461 3754 Orat.
475 3731 536 3760 123.

60 3759 192 3793 Reddere.
214 3763 334 3793 Martial.
346 3762 395 3792 lib.
410 3772 453 3792 11.
465 3771 510 3797 41.

149 3802 245 3838 Quum
251 3801 331 3830 tristis
343 3805 516 3838 quereretur,
539 3800 565 3828 δι
575 3797 685 3836 roganti

148 3837 274 3868 Cauffam
288 3839 404 3868 reddere
414 3837 499 3868 vellet
509 3836 618 3867 AEliano
628 3859 636 3872 ,
651 3838 704 3866 διο.

62 3871 188 3914 Reddere
195 3875 286 3906 causas
296 3875 386 3906 alicui.
410 3876 477 3905 Hor.
496 3885 520 3905 1.
535 3875 621 3904 Serm.
634 3885 660 3909 4.
675 3874 737 3902 116.
1138 3907 1144 3915 .

60 3911 222 3944 Removere.
243 3913 301 3944 Cic.
314 3913 483 3945 deUnivers.
501 3924 526 3950 ς.
547 3912 660 3943 Nullius
675 3911 752 3941 enim
763 3909 803 3940 rei
813 3929 822 3946 ‚
836 3906 915 3938 causa
928 3913 1043 3945 remota,
1057 3908 1171 3947 reperiri

30 3994 32 3999 μ
78 3953 154 3990 origo
164 3951 261 3990 potest.

1619 122 1648 157 C
1745 124 1771 158 A
1865 123 1895 158 U

1251 200 1411 239 Requirere.
1434 203 1510 239 Virg.
1523 207 1548 233 6.
1563 204 1624 234 IEn.
1638 214 1702 241 710.

1252 240 1424 277 Repetendae
1434 242 1519 271 cirusze
1530 242 1563 270 ab
1577 243 1687 271 ultimo.
1710 241 1830 279 Quintil.
1848 242 1896 272 lib.
1912 253 1935 280 5.
1950 252 2010 281 cap.
2026 253 2069 273 10.
2103 244 2121 274 i.
2134 254 2159 274 e.
2182 246 2222 276 Ab
2237 248 2325 277 initio.

1250 278 1315 306 Scio
1328 278 1446 308 causam.
1469 279 1587 309 Martial.
1603 280 1651 310 lib.
1666 289 1691 316 7.
1702 285 1748 315 85.

1252 315 1335 352 Sequi
1350 316 1451 345 causas.
1475 316 1576 346 Lucan.
1595 317 1642 346 lib.
1657 327 1681 352 3.
1697 327 1759 354 303.

1253 353 1361 382 Stetere
1374 354 1460 383 causa·
1475 364 1522 383 cur
1535 376 1542 389 ,
1565 356 1617 384 ἃς.
1641 356 1708 384 l-lor.
1728 365 1751 385 1.
1762 355 1852 386 Carni.
1867 357 1909 385 16.
1925 364 1965 391 19.

1252 389 1396 425 Subjicere
1408 390 1526 433 causam,
1546 392 1657 422 Afferre.
1680 392 1737 422 Cic.
1750 402 1776 430 7.
1793 393 1866 422 Veri:
1885 403 1943 428 ¹45·
1967 394 2000 423 At
2012 403 2071 430 quae
2086 395 2164 425 causa
2175 401 2234 426 tum
2249 396 2374 434 subjicie-

1273 427 1398 469 baturab
1408 427 1477 465 ipso,
1502 428 1625 465 judices,
1646 430 1728 466 hujus
1740 438 1796 460 tam
1808 431 1918 460 nefariae
1934 431 2103 462 crudelitatis
2113 434 2126 461 ‘2

1254 464 1367 493 Subesse
1384 465 1488 494 nullam
1499 476 1611 500 gravem
1627 469 1733 498 causam
1743 469 1835 498 video.
1861 468 1919 497 Cic.
1939 479 1960 498 1.
1974 470 2025 498 Att.
2040 479 2081 498 10.

1254 501 1366 539 Sumpsi
1381 502 1435 531 hoc
1444 504 1538 546 causa».
1577 506 1635 546 Cic.
1653 515 1676 534 1.
1695 508 1748 535 Att.
1772 506 1833 535 Hoc
1845 505 1930 535 causa:
1942 505 2057 545 sumpsi,
2079 508 2155 544 quod
2170 514 2242 538 exte
2257 510 2316 548 ipso
2329 522 2374 541 co.

1274 549 1332 568 ram
1343 546 1424 582 antea
1435 541 1507 582 nihil
1524 543 1670 578 potuiilem
1683 544 1857 579 cognoscere.

1255 576 1371 606 Sustulit
1383 579 1474 607 caulas
1486 588 1575 607 rerum
1587 580 1777 610 efficientium.
1817 582 1875 610 Cic.
1892 591 1915 611 1.
1932 582 2014 611 Acad.
2028 585 2054 612 6.
2090 581 2168 619 Quid
2181 583 2218 612 est
2233 586 2307 614 enim
2319 596 2375 616 ma-

1273 624 1486 658 gnum,·quum
1501 616 1592 645 causas
1607 627 1696 646 rerum
1713 619 1894 648 efficientium
1915 619 2051 649 sustuleris
2063 642 2070 651 .
2092 621 2127 649 de
2149 621 2375 660 corpusculorum

1275 655 1287 687 (
1302 659 1339 680 ita
1349 661 1425 680 enim
1441 652 1564 690 appellat
1576 657 1703 689 atomos)
1725 656 1905 686 concursione
1917 657 2028 687 fortuita
2040 656 2140 696 loqui?

1256 689 1365 727 Tegere
1373 689 1481 719 causam
1495 690 1611 727 alicujus
1623 694 1670 721 rei.
1694 694 1779 723 Ovid.
1794 703 1833 728 13.
1854 694 1922 723 Met.
1935 700 1998 731 748.

1256 727 1378 757 Tentare
1391 726 1502 762 causas,
1524 728 1549 757 li.
1565 738 1588 757 e.
1615 729 1780 766 Perquirere.
1803 731 1872 767 Virg.
1889 741 1912 767 3.
1927 732 1987 762 ffin.
2001 741 2044 768 32.

1257 764 1379 794 Trahere
1387 774 1421 794 ex
1432 765 1565 802 qualitate
1576 766 1636 795 caeli
1653 767 1753 797 causas.
1777 768 1896 804 Quintil.
1911 769 1959 799 lib.
1973 780 1997 805 5.
2015 780 2075 808 cap.
2089 780 2131 801 10.

1257 802 1358 831 Videre
1369 801 1480 838 causas,
1501 804 1519 832 i.
1531 813 1555 832 e.
1578 804 1759 841 Cognoscere.
1782 806 1890 836 Lucret.
1905 806 1951 836 lib.
1967 817 1989 836 1.
2005 818 2065 844 ¹54·

1257 839 1358 874 Causa,
1381 840 1541 884 translative
1553 841 1655 871 dicitur
1663 842 1766 872 Omnis
1776 844 1846 872 aetio
1859 854 1940 881 quani
1957 845 1985 874 in
2003 846 2106 875 Senatu
2117 869 2124 881 ,
2145 846 2236 876 sivein
2251 848 2311 878 foro
2322 871 2330 885 ‚
2351 851 2378 881 &

1278 877 1353 915 apud
1361 876 1475 922 Judices
1488 900 1496 914 ,
1518 880 1690 916 populumve
1700 880 1834 910 habemus
1846 903 1853 915 ,
1876 882 1917 911 vel
1931 883 2000 918 Quae
2012 883 2077 913 alias
2092 886 2315 923 controversiain,
2334 889 2379 918 vel

1278 922 1517 959 concertationem
1529 918 1680 947 constituit.
1724 918 1804 947 Unde
1819 920 1870 947 tria
1884 919 1937 948 eise
1959 920 2097 950 causarum
2121 932 2221 959 genera
2239 925 2357 955 dicimus
2370 948 2378 960 ,

1278 953 1551 989 Demonstrativum,
1580 954 1819 991 Deliberativum,
1849 958 1923 993 quod
1946 959 1971 987 Sc
1995 958 2167 990 Concionale
2183 971 2197 990 a
2215 962 2381 997 quibusdam

1277 991 1431 1035 vocitatur,
1453 993 1480 1022 ἀ
1492 991 1639 1028 Judiciale.
1682 993 1721 1022 Ex
1735 994 1767 1023 iis
1777 1000 1870 1023 tamen
1884 996 1995 1032 proprie
2015 996 2100 1025 Causa
2115 995 2167 1025 δίκη
2177 998 2279 1028 dicitur
2290 1022 2298 1034 ‚
2319 1011 2380 1037 quae

1276 1028 1416 1065 judicialis
1430 1029 1477 1060 est.
1501 1030 1575 1060 unde
1586 1030 1701 1060 Causam
1712 1041 1763 1070 pro
1780 1031 1839 1061 Lite
1852 1034 1876 1061 Sc
1889 1032 2077 1062 Controversia
2089 1036 2234 1071 ponimus:
2257 1040 2382 1074 quamvis

1278 1066 1409 1096 nonnulli
1426 1067 1464 1096 ita
1476 1068 1665 1105 distinguant,
1685 1077 1717 1098 ut
1740 1069 1959 1099 Controversiam
1979 1070 2024 1099 seu
2036 1071 2113 1100 litem
2134 1073 2188 1102 dici
2204 1075 2291 1104 velint
2311 1077 2381 1113 post-

1298 1114 1361 1148 uam
1371 1105 1554 1135 contestatum
1566 1107 1603 1136 est
1615 1116 1622 1136 :
1646 1106 1761 1136 Causam
1772 1114 1874 1143 autem,
1896 1109 1922 1137 ἃ
1932 1116 1997 1138 ante
2007 1130 2015 1143 ‚
2038 1111 2062 1138 ὃ(
2073 1110 2131 1147 post
2141 1112 2380 1144 contestationem.

1304 1152 1339 1172 ic.
1353 1152 1396 1178 15.
1410 1142 1486 1186 Fam.
1498 1154 1524 1178 4.
1561 1144 1647 1180 Cujus
1664 1145 1748 1174 etiam
1768 1146 1913 1175 interitum
1926 1168 1934 1181 ,
1965 1152 1996 1175 ut
2008 1146 2089 1175 facile
2107 1148 2290 1186 intelligerem
2312 1152 2382 1181 milii

1277 1186 1413 1217 quantum
1423 1182 1559 1211 tribueres
1569 1204 1577 1218 ‚
1602 1182 1721 1212 Milonis
1730 1182 1808 1212 causa
1818 1184 1848 1212 in
1862 1183 1966 1214 Senatu
1977 1184 2154 1214 defendenda
2163 1208 2170 1220 ,
2193 1188 2360 1224 approbaris.

1259 1217 1385 1262 Causa&
1397 1221 1553 1248 contentio.
1590 1219 1648 1250 Cic.
1667 1230 1689 1250 1.
1704 1221 1740 1250 de
1754 1221 1831 1251 Orat.
1849 1231 1909 1258 107.
1941 1221 2033 1258 Quam
2047 1222 2189 1259 possumus
2210 1227 2328 1263 reperire
2346 1237 2381 1256 ex

1278 1255 1410 1323 οηὲῃὼυε
1422 1256 1507 1324 ἕως
1518 1257 1648 1287 civilibus
1663 1258 1772 1289 causam
1788 1260 2057 1297 contentionemque
2075 1263 2211 1296 majorem
2221 1285 2229 1299 ,
2250 1274 2331 1301 quam
2347 1265 2382 1294 de

1278 1303 1310 1322 or
1332 1303 1396 1329 ine,
1450 1303 1474 1324 c.

1259 1331 1481 1375 concinnatores
1503 1333 1529 1362 &
1549 1333 1741 1372 redemptores
1756 1333 1907 1365 causarum.
1947 1333 2013 1373 Ulp.
2025 1335 2057 1365 in
2069 1335 2088 1366 l.
2109 1344 2163 1366 nec
2182 1338 2336 1376 quicquam.
2360 1341 2380 1378 §-

1281 1378 1354 1398 circa
1365 1370 1524 1400 advocatos.
1546 1370 1580 1400 D.
1591 1371 1627 1400 de
1637 1371 1710 1402 offic.
1726 1372 1855 1402 Procons.

1261 1406 1354 1437 Causae
1367 1408 1392 1437 δε
1403 1407 1628 1450 disceptationes.
1668 1409 1726 1440 Cic.
1739 1420 1765 1441 2.
1776 1411 1812 1440 de
1822 1410 1898 1440 Orat.
1909 1418 1955 1448 42.
1977 1410 2064 1449 Atque
2074 1412 2103 1441 in
2117 1412 2219 1443 civium
2235 1414 2319 1444 caufis
2333 1414 2385 1445 ‹lis-

1282 1445 1540 1483 ceptationibulque
1554 1447 1703 1477 vei-santur.

1260 1482 1391 1514 Defensio
1402 1485 1427 1513 &
1440 1484 1527 1514 eausa.
1566 1484 1626 1514 cie.
1636 1494 1663 1514 2.
1674 1485 1710 1516 de
1720 1485 1797 1516 Orat.
1808 1495 1873 1516 201.
1904 1486 1951 1517 Sic
1965 1486 1995 1516 in
2014 1486 2063 1516 illa
2074 1488 2152 1518 omni
2172 1488 2334 1521 defenlione
2347 1496 2386 1521 at·

1281 1530 1335 1559 que
1345 1522 1424 1550 causa
1438 1544 1445 1557 ,
1467 1522 1542 1559 quod
1558 1521 1629 1557 esse,
1650 1524 1703 1554 &c.

1263 1561 1345 1589 Actor
1355 1559 1451 1589 causae.
1476 1560 1596 1596 Quintil.
1608 1560 1655 1590 lib.
1666 1572 1692 1597 4.
1710 1571 1771 1599 cap.
1782 1570 1809 1591 α.

1262 1597 1366 1627 Cardo.
1388 1597 1509 1634 Quintil.
1520 1597 1567 1628 lib.
1582 1609 1606 1634 ς.
1623 1608 1684 1637 cap.
1704 1609 1746 1629 12.
1784 1598 1815 1629 V.
1840 1609 1974 1630 cARno.

1263 1635 1463 1674 Confirmatio,
1486 1637 1511 1666 δι
1522 1636 1669 1666 inclinatio
1680 1638 1773 1667 totius.
1796 1637 1916 1674 Quintil.
1931 1638 1981 1668 lib.
1996 1647 2020 1677 ς.
2033 1648 2095 1678 cap.
2107 1647 2151 1677 η.

1263 1673 1413 1703 conflictio
1422 1675 1519 1712 prima.
1542 1674 1662 1710 Quintil.
1683 1675 1731 1705 lib.
1744 1684 1767 1712 3.
1784 1685 1846 1714 cap.
1860 1679 1887 1706 6.

1263 1710 1438 1748 Congrelliis.
1461 1712 1581 1748 Quintil.
1592 1712 1642 1743 lib.
1657 1722 1680 1749 3.
1695 1723 1755 1751 cap.
1766 1717 1792 1743 6.

1263 1748 1357 1779 Dictio
1371 1749 1474 1786 causae,
1497 1750 1632 1787 Apologia
1649 1751 1744 1781 Graece
1756 1751 1866 1782 dicitur.
1906 1751 1974 1782 Caes.
1987 1761 2010 1782 1.
2024 1751 2093 1783 Bell.
2110 1752 2182 1783 Gall.
2196 1763 2221 1788 4.
2253 1754 2307 1785 Die
2321 1766 2388 1787 con.

1282 1787 1377 1816 stituta
1387 1787 1473 1817 causae
1484 1788 1615 1818 dictionis
1628 1811 1635 1823 ,
1658 1789 1808 1827 Orgetorix
1823 1791 1857 1818 ad
1867 1790 2004 1826 judicium
2025 1800 2140 1820 omnem
2149 1790 2224 1820 suam
2244 1792 2387 1831 familiam,

1282 1825 1317 1891 {id
1329 1825 1478 1892 thiJ‘fflss
1490 1825 1580 1892 ”clima
1590 1827 1703 1864 decem,
1715 1827 1939 1865 undiquecoegit
1951 1837 1958 1858 :
1979 1838 2029 1866 per
2038 1838 2086 1859 eos
2098 1839 2133 1859 ne
2144 1829 2253 1860 causam
2266 1832 2387 1870 diceret,

1295 1873 1310 1892 e
1324 1872 1362 1892 eri
1386 1872 1436 1892 uit.
1481 1874 1498 1892 u
1521 1872 1586 1893 aeus.

1263 1900 1359 1931 Facies
1366 1874 1444 1930 [duva
1454 1903 1480 1931 ὁὶ
1491 1902 1564 1931 varia
1572 1901 1722 1933 causarum.
1745 1903 1866 1940 Quintil.
1876 1912 1902 1933 2.
1915 1913 1941 1939 4.

1265 1938 1356 1968 Fides.
1380 1938 1501 1976 Quintil.
1512 1940 1560 1969 lib.
1579 1950 1600 1970 1.
1612 1950 1673 1979 cap.
1685 1946 1710 1975 8.

1265 1973 1352 2007 Frons
1363 1977 1486 2007 honesta.
1528 1978 1646 2014 Quintil.
1656 1978 1704 2008 lib.
1717 1989 1743 2015 4.
1754 1988 1815 2016 cap.
1831 1989 1853 2008 1.
1888 1978 2039 2014 Infinuatio
2054 1979 2178 2020 surrepat
2188 1982 2288 2013 animis
2300 2005 2309 2021 ,
2332 1993 2389 2014 ma.

1285 2015 1361 2044 xime
1371 2015 1420 2044 ubi
1430 2015 1506 2044 frons
1517 2015 1603 2045 causae
1619 2026 1678 2046 non
1688 2016 1751 2047 satis
1758 2016 1873 2048 honesta
1884 2016 1929 2047 est.

1265 2052 1338 2082 Pars.
1361 2053 1481 2090 Quintil.
1494 2053 1541 2083 lib.
1557 2063 1581 2091 3.
1595 2064 1656 2092 cap.
1676 2065 1700 2091 5.

1265 2090 1368 2121 Status.
1389 2090 1509 2128 Quintil.
1522 2092 1569 2121 lib.
1585 2101 1610 2130 3.
1624 2102 1686 2130 cap.
1702 2095 1728 2122 6.

1265 2126 1389 2158 Varietas
1404 2128 1546 2159 causarum
1557 2151 1565 2165 ,
1588 2131 1613 2160 &
1625 2130 1778 2161 multitudo
1789 2129 1893 2160 litium.
1911 2130 1970 2162 Cic.
1983 2140 2006 2162 1.
2019 2128 2055 2162 de
2064 2131 2142 2163 Orat.
2157 2138 2218 2169 ¹18·

1265 2166 1395 2196 Absoluta
1408 2167 1567 2205 &perfecta
1577 2168 1666 2198 causa.
1707 2168 1766 2198 Cic.
1785 2169 1814 2198 in
1830 2168 1922 2198 Partit.
1940 2178 1984 2205 93.
2017 2169 2178 2201 Conficiens
2197 2177 2291 2202 autem
2310 2173 2390 2204 causa

1283 2205 1336 2234 alia
1348 2205 1386 2234 est
1396 2204 1521 2234 absoluta
1534 2227 1542 2240 ,
1565 2207 1591 2235 ἃ
1603 2206 1725 2244 perferfla
1735 2215 1785 2245 per
1795 2206 1838 2236 se:
1861 2206 2028 2244 aliaaliquid
2037 2208 2172 2245 adjuvans
2181 2232 2189 2246 ,
2210 2211 2261 2240 διο.
2294 2211 2390 2249 Ulpia-

1282 2242 1512 2309 {ius‘Absolutam
1526 2243 1634 2273 causam
1654 2250 1738 2274 vocat
1749 2266 1756 2280 ,
1777 2244 1856 2274 Nihil
1876 2245 2047 2276 difficultatis
2059 2246 2209 2277 habentem
2222 2270 2230 2283 ,
2251 2249 2310 2279 inl.
2327 2249 2391 2280 Car.

1295 2290 1447 2310 romanum.

2301 137 2367 178 463

1334 2318 1343 2324 ⁹
1470 2282 1491 2319 ξ.
1508 2291 1533 2317 3.
1560 2281 1593 2312 D.
1609 2282 1644 2312 de
1660 2282 1781 2312 Carbon.
1800 2283 1883 2312 ediec.
1898 2284 1942 2312 cui
1966 2285 2120 2321 opponitur
2140 2285 2273 2323 Ambigua
2291 2288 2388 2318 causa:

1281 2318 1317 2348 Et
1328 2321 1344 2348 li
1359 2319 1474 2356 quidem
1484 2341 1492 2354 ,
1513 2320 1605 2357 inquit
1616 2342 1623 2356 ,
1644 2319 1797 2350 absolutam
1808 2319 1916 2350 causam
1934 2321 2073 2351 invenerit
2085 2345 2093 2357 ,
2115 2323 2313 2362 evidenterque
2327 2336 2391 2364 pro.

1281 2356 1363 2386 batur
1372 2356 1462 2387 filium
1474 2366 1533 2387 non
1544 2357 1597 2387 effe
1606 2380 1614 2394 ,
1634 2368 1735 2395 negare
1746 2359 1771 2387 ei
1782 2358 1866 2388 debet
1875 2359 2012 2389 bonorum
2027 2360 2221 2398 poffeffionem
2242 2362 2390 2393 Carbonia.

1282 2404 1365 2424 nam:
1388 2395 1482 2424 sivero
1490 2396 1666 2433 ambiguam,
1678 2398 1729 2426 Sec.
1753 2396 1832 2426 Idem
1844 2397 1871 2425 in
1884 2396 1901 2426 l.
1918 2407 1940 2427 1.
1953 2398 1974 2435 §.
1991 2409 2016 2427 2.
2038 2398 2072 2428 D.
2087 2398 2133 2428 Uti
2145 2399 2297 2437 possidetis.
2311 2401 2389 2438 Quo-

1282 2433 1415 2475 tiesinter
1426 2432 1577 2471 litigatores
1587 2434 1625 2463 est
1636 2434 1814 2472 proprietatis
1827 2435 2027 2469 controversia,
2048 2444 2096 2466 aut
2105 2439 2239 2467 convenit
2254 2445 2313 2468 uter
2326 2440 2388 2477 pos-

1282 2470 1363 2500 seslor
1386 2471 1434 2507 sit,
1465 2478 1526 2500 uter
1540 2472 1660 2509 petitor:
1690 2479 1810 2502 autnon
1828 2473 1969 2502 convenit.
2009 2473 2039 2503 Si
2055 2475 2189 2505 convenit
2201 2497 2209 2511 ,
2230 2475 2387 2508 absolutum

1283 2509 1322 2538 est
1333 2531 1340 2544 ,
1355 2510 1407 2538 ὅτε.
1447 2509 1528 2545 [Hic
1538 2509 1623 2539 Causa
1639 2510 1668 2536 τὸ
1679 2508 1748 2537 aanor
1760 2510 1928 2548 intelligitur
1939 2533 1947 2547 ,
1967 2511 1987 2541 i.
2002 2521 2027 2541 e.
2048 2512 2146 2549 Ratio,
2168 2523 2217 2544 cur
2227 2523 2269 2544 res
2278 2514 2318 2551 fit,
2330 2525 2388 2545 non

1284 2544 1339 2575 δίκη
1350 2569 1358 2582 ,
1379 2546 1426 2576 seu
1437 2547 1522 2577 Causa
1531 2547 1686 2584 ‚Iudicialis

1265 2585 1497 2622 Ancepscausa&
1509 2587 1605 2623 gravis.
1641 2585 1699 2615 Cic.
1717 2595 1743 2617 2.
1762 2586 1798 2616 de
1808 2585 1884 2615 Orat.
1897 2588 1942 2620 86.
1973 2586 2019 2616 Sic
2039 2588 2172 2625 equidem
2192 2599 2278 2626 quum
2297 2600 2390 2628 aggre-

1284 2623 1346 2666 dior
1356 2623 1508 2691 ancipiglem
1519 2624 1626 2654 causam
1640 2625 1665 2653 ἃ
1675 2633 1786 2661 gravem
1794 2624 1829 2653 ad
1840 2624 1947 2654 animos
1957 2625 2086 2660 judicum
2095 2628 2316 2665 pertractandos,
2329 2639 2388 2660 om.

1282 2666 1416 2690 minente
1475 2671 1500 2690 c.

1265 2682 1443 2735 Assumptivai.
1470 2697 1592 2735 Quintil.
1605 2698 1654 2728 lib.
1666 2708 1691 2736 7.
1708 2708 1770 2737 cap.
1783 2709 1807 2735 ς.

1264 2736 1343 2766 Bona
1353 2735 1441 2766 causa.
1480 2737 1513 2767 In
1534 2747 1549 2765 Β
1558 2746 1574 2765 0
1585 2746 1605 2765 N
1614 2746 1632 2765 u
1643 2746 1664 2766 s.
1704 2737 1808 2767 Melior
1818 2737 1898 2768 causa
1907 2738 2065 2769 mandantis
2081 2739 2142 2769 fieri
2158 2741 2256 2778 potest.
2290 2741 2386 2773 Paulus

1285 2775 1315 2803 in
1328 2774 1346 2803 l.
1370 2773 1535 2812 Diligenter.
1557 2774 1578 2812 §.
1602 2774 1704 2804 Melior
1713 2781 1817 2805 autem.
1838 2772 1874 2805 D.
1897 2776 2024 2807 Mandat.
2034 2777 2079 2807 vel
2089 2785 2177 2808 contr.

1206 2838 1218 2841 .,
1264 2812 1483 2848 conjecturales.
1506 2812 1627 2849 Quintil.
1640 2812 1798 2850 lib.3.cap.
1813 2816 1839 2843 6.

1263 2850 1364 2880 Dubia.
1403 2850 1462 2880 Cic.
1476 2860 1527 2889 pro
1540 2850 1626 2888 Ligar.
1641 2860 1684 2881 10.
1707 2849 1793 2881 Causa
1802 2858 1863 2881 tum
1874 2850 1961 2881 dubia
1972 2874 1980 2889 ,
2001 2853 2078 2890 quod
2092 2859 2151 2884 erat
2159 2854 2263 2892 aliquid
2274 2855 2302 2884 in
2314 2861 2386 2885 utra.

1283 2898 1338 2926 que
1350 2895 1428 2926 parte
1437 2911 1445 2924 ,
1466 2889 1542 2926 quod
1554 2888 1664 2926 probari
1675 2888 1773 2926 poffet.

1263 2925 1372 2956 faciles
1384 2926 1418 2955 ad
1429 2926 1606 2956 diluendum.
1630 2926 1749 2963 Quintil.
1763 2926 1848 2964 lib.4.
1865 2936 1925 2965 cap.
1942 2936 1969 2958 2.

1263 2961 1404 2994 Forenses.
1427 2964 1548 3001 Quintil.
1560 2964 1607 2995 lib.
1621 2974 1646 2994 2.
1658 2974 1720 3003 cap.
1737 2975 1780 2995 10.

1262 3002 1369 3032 Gravis.
1391 3002 1470 3032 ldem
1479 3002 1528 3032 lib.
1546 3012 1568 3032 1.
1588 3012 1649 3040 cap.
1663 3012 1688 3032 2.

1263 3037 1395 3070 Honesta.
1432 3039 1492 3069 Cic.
1504 3050 1530 3070 2.
1543 3040 1600 3071 Off.
1612 3050 1656 3078 43.
1686 3040 1759 3079 Ergo
1773 3041 1803 3070 in
1813 3039 1862 3071 illo
1878 3039 1971 3071 secuta
1989 3040 2029 3071 est
2043 3041 2185 3074 honestam
2206 3042 2313 3074 causam
2326 3053 2383 3074 nori

1281 3078 1397 3107 honesta
1411 3078 1535 3108 vic‘toria.

1262 3115 1398 3146 Invalida.
1419 3116 1522 3146 Lucan.
1533 3115 1582 3145 lib.
1592 3126 1618 3153 7.
1631 3120 1647 3146 6
1670 3139 1677 3146 .

1356 3154 1472 3183 Addidit
1486 3154 1613 3184 invalidae
1625 3165 1654 3184 ro
1677 3164 1708 3184 ur
1719 3154 1850 3185 facundia
1864 3153 1959 3185 causae.

1263 3191 1426 3227 judiciales.
1466 3192 1500 3223 In
1519 3202 1587 3227 jur>
1599 3202 1671 3223 ico.

1264 3229 1379 3267 Lepida.
1400 3230 1433 3260 In
1454 3240 1535 3260 LRPI
1544 3241 1563 3260 D
1574 3240 1593 3260 u
1603 3240 1624 3260 s.

1262 3265 1473 3298 Liberalicausa
1482 3278 1566 3298 manu
1581 3268 1701 3298 asserere.
1723 3268 1755 3298 In
1776 3279 1793 3297 L
1803 3276 1857 3297 raiz
1867 3277 1892 3297 a.

1263 3305 1419 3336 Lucrativa.
1460 3306 1662 3345 Tryphoninus
1679 3307 1707 3335 iii
1721 3306 1742 3336 i.
1759 3307 1787 3335 in
1799 3305 1886 3335 Bello.
1909 3305 1930 3342 §.
1951 3304 1970 3333 fi
1981 3309 2076 3334 natum
2088 3314 2124 3334 ex
2138 3304 2287 3344 Pamphila.
2301 3306 2333 3337 D.
2346 3308 2382 3338 de

1262 3345 1385 3418 fialptivl.
1400 3346 1426 3375 &
1435 3344 1658 3411 postlimssrevers
1665 3344 1691 3374 N
1693 3354 1728 3373 ori
1741 3343 1829 3374 videri
1841 3351 1867 3372 te
1877 3349 1987 3381 partum
1997 3352 2032 3371 ex
2041 3342 2260 3375 causalucrativa
2269 3345 2380 3377 habere.

1298 3392 1312 3411 a
1325 3391 1348 3412 a.
1388 3391 1470 3412 uven.
1483 3392 1496 3412 1
1520 3404 1526 3412 .
1561 3389 1596 3412 at.
1613 3392 1674 3418 ¹09·

1343 3420 1416 3449 Nam
1424 3391 1513 3457 quum³
1523 3430 1623 3457 magna
1633 3418 1711 3449 malae
1722 3418 1843 3457 superest
1852 3417 1967 3447 audacia
1977 3417 2067 3447 causae
2077 3439 2087 3455 ,

1343 3457 1473 3488 Creditur
1482 3468 1497 3487 a
1505 3457 1600 3488 multis
1613 3457 1724 3487 fiducia.

1263 3494 1396 3525 Obscurae
1408 3505 1441 3525 ac
1452 3495 1631 3531 multiplices.
1654 3492 1773 3531 Quintil.
1791 3492 1841 3522 lib.
1854 3503 1882 3528 4·
1900 3502 1960 3530 cap.
1971 3503 1998 3528 4.

1263 3532 1321 3564 Par.
1363 3533 1422 3563 Cic.
1434 3544 1485 3572 pro
1495 3533 1571 3564 Sulla
1582 3543 1625 3570 52.
1648 3533 1704 3562 Cur
1718 3532 1747 3560 in
1758 3531 1816 3569 pari
1825 3530 1904 3560 causa
1915 3540 1971 3559 non
1979 3530 2056 3569 paria
2065 3529 2138 3569 signa
2148 3533 2323 3571 reperiuntur
2334 3536 2386 3565 cri.

1282 3571 1366 3601 minis
1377 3572 1391 3601 ἶ)
1413 3572 1488 3601 conf.
1509 3572 1643 3609 Superior
1652 3569 1730 3600 causa
1741 3579 1768 3607 p.
1781 3578 1809 3606 p.

1263 3603 1365 3653 Politas
1377 3610 1409 3676 iln
1416 3609 1564 3676 sffeffibus
1575 3608 1665 3638 causas
1676 3606 1796 3645 propriis
1805 3604 1929 3644 personis
1941 3605 2026 3636 debet
2041 3606 2158 3637 induere
2171 3607 2382 3641 declamaturus.

1316 3653 1384 3676 uinti
1398 3670 1404 3676 .
1428 3658 1436 3676 i
1458 3656 1545 3681 .4.ca
1566 3669 1572 3675 .
1586 3656 1608 3676 1.

1263 3647 1340 3714 Ρξὲπ
1347 3684 1426 3714 causa
1436 3706 1444 3720 ,
1465 3656 1602 3720 Ωυίὶῐξτεῐ
1613 3683 1684 3711 duos
1692 3680 1837 3710 meliorem
1847 3680 1955 3710 causam
1963 3681 2079 3711 obtinet.
2092 3682 2159 3713 Hor.
2171 3693 2196 3712 2.
2206 3683 2291 3714 Serm.
2307 3696 2329 3721 5.
2342 3694 2385 3722 30.

1264 3720 1399 3757 Publicae,
1420 3723 1446 3751 &
1457 3723 1577 3760 privatae.
1618 3721 1716 3750 Cicero
1727 3719 1757 3748 in
1769 3718 1847 3762 Brut..
1861 3724 1921 3755 178.
1944 3719 1974 3748 ln
1986 3720 2071 3749 causis
2085 3721 2205 3758 publicis
2223 3723 2291 3751 nihil
2305 3746 2311 3756 ,
2334 3724 2388 3760 pti.

1284 3761 1355 3790 vatis
1371 3760 1433 3789 satis
1442 3765 1580 3789 veterator
1592 3758 1747 3787 videbatur.
1771 3756 1908 3792 Publicis,
1931 3765 1962 3786 ut
1982 3757 2228 3795 Repetundaruni,
2249 3762 2385 3796 ambitus,

1283 3798 1431 3833 majestatis
1441 3819 1449 3832 ‚
1470 3798 1496 3826 δι
1506 3797 1606 3826 ceteris
1616 3805 1676 3833 quae
1686 3793 1847 3832 reipublicae
1858 3794 1936 3824 causa
1943 3796 2183 3827 constituebantur
2191 3820 2198 3833 ,
2221 3807 2252 3827 ut
2260 3799 2296 3827 ait
2310 3799 2388 3828 Asco-

1284 3837 1348 3865 nius
1365 3836 1394 3863 in
1408 3834 1500 3864 Divin.
1512 3843 1552 3872 pr.
1589 3833 1718 3867 Privatis,
1741 3832 1844 3862 Rerum
1855 3833 2031 3869 privatarum.

1264 3872 1430 3910 Simplices,
1450 3872 1609 3910 perplexae,
1631 3870 1779 3908 suspectae,
1800 3870 1962 3900 &infames
1985 3871 2104 3908 Quintil.
2121 3872 2168 3901 lib.
2181 3884 2206 3907 4.
2219 3883 2278 3910 (κη).
2297 3882 2320 3903 1.

1264 3910 1397 3946 Superior
1417 3909 1495 3939 causa
1512 3912 1538 3939 δι
1551 3909 1674 3939 Inferior.
1716 3908 1849 3943 Budaeus,
1871 3909 2047 3945 Superiorem
2065 3910 2172 3939 causam
2191 3912 2323 3939 dicebant
2339 3921 2388 3947 pro

1284 3957 1319 3978 co
1331 3948 1404 3985 quod
1415 3957 1490 3978 nunc
1504 3948 1624 3977 dicimus
1640 3945 1757 3977 Causam
1767 3946 1826 3982 Jure
1836 3947 1981 3976 communi
1993 3947 2155 3983 fundatam,
2177 3949 2223 3978 vel
2239 3949 2288 3983 Jiis
2307 3958 2389 3985 rippa-

2262 3994 2383 4015 tentius:
