2604 4222
193 168 262 203 232
602 154 627 188 A
725 151 749 186 Ρ
845 148 875 183 R

196 241 239 269 Ar*
248 249 262 268 P
271 250 285 268 R
295 250 340 268 OM
350 249 358 267 i
369 248 389 268 'r
397 248 416 267 'r
425 248 452 273 o,
474 237 526 267 sive
537 246 584 274 per
596 246 623 270 p,
645 235 664 263 A
674 245 691 262 n
700 244 714 262 P
724 243 737 261 1<
749 242 765 261 o
776 243 795 261 M
808 242 815 259 1
826 240 846 258 τ
855 239 873 258 τ
883 229 916 263 o',
936 227 976 261 isi,
987 224 1080 267 issurm
1095 224 1109 258 [
1125 219 1239 254 r'mm'Lokos
1253 220 1272 262 j.
1289 219 1343 262 eJre.

235 278 273 306 est
288 277 372 313 Quod
382 277 441 313 quis
457 271 630 314 promiserit,
651 271 725 301 idem
738 269 915 308 promittere:
950 266 1020 301 quasi
1043 262 1168 302 Alienum
1184 258 1345 303 proniislum

234 315 356 344 similiter
364 313 556 352 promittendo
570 310 740 340 confirmare.
764 307 822 335 Cic.
839 316 862 339 ς.
885 306 935 346 Art.
946 313 974 345 .¹·
1008 300 1056 329 De
1068 298 1185 341 Oppido
1196 296 1298 338 sadum
1308 294 1346 323 est

234 360 266 382 ut
275 352 350 381 volui
363 362 369 381 ε
391 353 417 381 Sc
428 352 548 380 maxime
560 349 635 386 quod
654 357 672 376 1>
684 356 701 374 c
710 356 727 374 c
736 355 753 374 c
772 340 966 381 appi-omisisti:
990 347 1049 374 quae
1065 336 1178 373 quidem
1187 343 1240 377 ego
1251 340 1346 369 utique

234 390 279 419 vel
288 390 394 419 versura
403 389 472 418 facta
483 386 630 417 solvivolo.
670 384 747 413 Idem
759 391 808 419 pro
821 378 898 408 Rosc.
912 379 1000 406 Amet.
1010 378 1060 417 26..
1078 374 1173 409 Quum
1186 373 1215 400 id
1226 379 1262 414 ita
1274 371 1348 398 sutu-

235 437 297 456 rurn
307 428 340 457 T.
354 426 431 456 Rosc.
452 426 566 462 Capito,
588 423 634 460 qui
648 423 675 450 in
692 430 709 449 x
730 419 824 455 legatis
840 422 912 449 erat,
933 417 1162 452 appromitteret,
1184 409 1347 437 crediderat.

235 465 312 495 Prius
328 465 449 498 dixerat,
474 463 508 493 Et
526 461 620 491 onmia
636 457 844 496 Chrysogonum
856 462 915 489 quae
926 451 1046 485 vellent,
1068 449 1122 478 esse
1140 448 1276 477 fasturuni
1288 443 1348 483 pol-

234 503 392 532 licerentur.

196 542 217 570 A
226 550 240 569 1³
250 550 264 568 Ρ
275 550 290 569 R
300 550 316 568 o
325 551 344 568 m
355 550 363 567 1
373 548 404 567 ss
414 548 430 567 0
441 548 456 566 a
466 560 474 573 ,
495 537 557 567 oris.
581 545 617 564 m.
637 526 822 569 [infimi-213]
843 528 881 557 est
896 527 951 563 Qui
961 524 1036 563 quod
1046 525 1093 554 suo
1103 523 1218 566 nornine
1239 520 1347 558 (alter)

235 577 377 615 promisit,
397 576 474 604 idem
486 584 536 612 pro
548 573 634 601 altero
646 578 755 606 quoque
769 566 915 605 promittit.
943 565 1010 593 Haec
1025 563 1124 592 Festus.
1146 561 1282 598 Ulpianus
1297 561 1349 601 Apa

233 614 424 653 promissorem
440 619 521 641 vocat
529 608 733 645 fidejussorem.
754 605 771 634 l.
791 606 820 634 in
838 602 970 632 omnibus
981 624 988 637 ,
1009 601 1042 630 D.
1059 600 1175 630 Solutio.
1210 598 1243 627 ln
1259 606 1349 626 omni-

235 654 287 681 bus
304 650 435 688 (inquit)
456 649 598 686 speciebus
610 645 807 675 liberationum
818 643 901 671 etiam
916 638 1083 669 accessiones
1094 637 1259 679 liberantur:
1282 640 1349 671 puta

235 688 454 727 adpromissores,
465 686 636 724 hypothecae,
648 683 775 720 pignora,
788 687 967 718 praeterquam
978 677 1053 714 quod
1063 678 1133 705 inter
1145 676 1311 704 creditorem
1323 673 1348 701 ὃς

234 726 444 764 adpromissores
457 723 616 753 confusione
624 721 693 749 sacta
704 728 765 748 reus
776 727 833 747 non
842 717 982 745 liberatur.
1192 749 1196 754 Ι
1263 749 1268 753 .

196 766 239 795 ΛΡ
250 775 264 793 i>
273 775 288 792 R
299 768 343 793 ὂΝ
353 774 369 792 o
381 785 388 797 ,
411 765 464 791 are.
488 760 566 798 Apul.
582 769 604 788 1.
620 756 709 788 Miles.
719 766 758 800 ηρ.
784 766 794 784 i
803 766 813 785 i
822 766 844 784 i.
867 754 956 791 (Prie.
973 753 1037 790 142)
1059 749 1243 788 Coniplicitus
1260 758 1289 777 in
1304 756 1350 784 ge-

234 812 289 832 nua
305 806 441 838 appronat
460 799 494 827 se.
516 799 532 827 i.
549 807 573 826 e.
592 795 747 826 Prosternit.
1082 822 1087 833 Ι
1173 827 1188 832 ρ

196 840 429 872 appropero,
462 837 514 865 sive
537 845 586 872 per
616 844 653 869 D,
691 819 1228 865 nopsopssao,[÷maarat)21]are.
1271 822 1350 851 Idem

232 877 308 914 quod
321 876 454 913 Propero,
475 881 522 903 aut
531 872 616 902 Valde
626 880 763 909 properO,
784 866 917 898 accelero.
958 865 1023 895 Ter.
1045 864 1112 893 And.
1130 873 1154 899 3.
1172 872 1194 890 i.
1216 871 1256 896 17.
1278 859 1352 890 Post-

232 923 313 951 quam
331 920 394 942 ante
407 912 506 977 ostlium
516 921 562 940 irie
579 909 686 939 audivit
697 909 782 943 stare,
803 911 979 944 approperat.
1003 903 1060 932 Cic.
1075 914 1100 937 4.
1115 901 1168 930 Att.
1199 899 1292 935 Quare
1303 906 1351 934 ap-

253 962 282 980 ro
305 960 350 980 era
369 952 395 980 5.-
411 959 443 978 va
457 959 481 978 e.

231 961 352 1018 PCragum
370 995 563 1025 approperare.
584 984 670 1015 Plaut.
696 983 775 1014 Trin.
799 993 825 1017 4.
851 990 876 1018 3.
898 990 922 1017 3.
945 978 1094 1009 Stultitiani
1113 975 1185 1005 abde
1199 984 1205 1003 i
1235 973 1351 1011 gradum

248 1037 263 1055 a
307 1036 334 1054 ro
358 1036 409 1055 era.

229 1036 361 1094 Mgstexii.
402 1063 491 1092 Tacit.
508 1065 549 1091 16.
563 1062 633 1091 Ann.
652 1070 693 1096 14.
712 1058 849 1089 Intercisis
861 1056 937 1085 venis
956 1059 1076 1083 mortem
1090 1054 1294 1088 approperaVit.

231 1103 419 1139 Approperare
434 1101 469 1130 ad
481 1102 633 1137 cogitatum
645 1098 761 1127 facinus.
785 1096 842 1124 Cic.
856 1104 906 1132 pro
917 1092 1020 1122 Milon.
1038 1093 1084 1133 4⁶:

193 1141 257 1169 App
267 1149 307 1168 Ro
317 1149 331 1167 P
341 1149 379 1167 si<
389 1148 407 1167 A
417 1148 437 1167 *r
448 1149 464 1167 u
474 1148 486 1167 s
498 1160 504 1172 ,
526 1148 557 1172 a,
579 1147 636 1166 um.
658 1143 703 1170 ut,
724 1136 915 1172 Approperato
931 1139 1025 1168 opere.
1046 1127 1104 1157 Liv.
1129 1135 1173 1163 27.
1186 1128 1231 1155 26.
1272 1123 1351 1161 Opus

231 1178 301 1206 adeo
311 1183 525 1214 approperatuni
536 1175 582 1205 est.
615 1174 691 1203 ldem
703 1183 728 1207 4.
744 1183 769 1206 9.
1313 1199 1318 1204 ¹

193 1216 236 1244 Ar
246 1224 259 1244 Ρ
271 1225 285 1243 R
296 1224 334 1243 οι)
345 1226 352 1242 ι
362 1224 382 1243 N
393 1224 439 1250 qu
452 1224 468 1242 o
479 1236 486 1248 ,
508 1215 522 1249 [
540 1208 687 1247 ωῄοπβέξόν
701 1211 715 1245 ]
736 1214 789 1238 are.
811 1208 849 1236 est
859 1212 906 1236 aut
915 1205 989 1234 Loco
1000 1226 1008 1239 ,
1030 1208 1076 1232 aut
1086 1203 1227 1244 Tempore
1238 1207 1353 1237 propin-

230 1247 316 1290 q‘uum
336 1252 413 1281 sieri:
436 1253 512 1288 quod
533 1253 559 1281 ἅ
576 1250 759 1287 propinquare
780 1245 882 1275 dicitur
892 1244 967 1281 apud
979 1248 1082 1279 poetas.
1105 1240 1181 1269 Suet.
1197 1249 1227 1267 iri
1245 1238 1350 1267 Neron.

229 1300 290 1328 cap.
300 1300 344 1325 49.
373 1289 488 1326 jamque
504 1290 610 1325 equites
625 1283 893 1324 appropinquabant.
928 1281 993 1310 Caes.
1008 1289 1033 1309 2.
1046 1278 1112 1307 Bell.
1127 1277 1197 1307 Gall.
1213 1287 1255 1305 10.
1298 1274 1353 1303 He.

230 1329 301 1357 duos
313 1327 413 1356 finibus
426 1327 634 1356 Bellovacorum
650 1323 872 1361 appropinquare
892 1322 1089 1360 cognoverant.
1126 1354 1131 1359 ι
1245 1350 1250 1356 ¹

230 1365 330 1395 Venire
342 1367 367 1394 ἃ
377 1365 608 1403 appropinquare.
645 1361 702 1390 Cic.
717 1370 740 1396 3.
754 1360 790 1396 Q.
805 1359 864 1387 frat.
881 1363 907 1391 8.
941 1356 996 1386 Sed
1012 1364 1071 1391 ejus
1095 1363 1133 1383 rei
1151 1357 1294 1381 maturitas
1306 1359 1352 1379 ne<

250 1404 322 1440 qued
328 1413 373 1431 um
381 1403 458 1431 venit
469 1425 476 1437 ‚
501 1404 526 1431 ὃ(
537 1408 629 1430 tamen
640 1400 695 1434 jam
705 1397 918 1435 appropinquat.
1228 1427 1233 1432 .

230 1440 396 1479 Impendere
407 1463 414 1475 ,
436 1440 550 1474 instare,
572 1437 802 1476 appropinquare.
836 1434 893 1462 Cic.
905 1442 931 1461 2.
952 1432 981 1460 in
992 1428 1072 1459 Catil.
1095 1438 1136 1457 11.
1178 1425 1289 1463 Quibus
1300 1434 1352 1468 ego

251 1478 362 1508 confido
373 1478 534 1516 impendere
544 1478 631 1506 fatum
640 1474 754 1512 aliquod
763 1495 770 1509 ,
790 1478 838 1502 aut
851 1471 949 1500 instare
959 1470 1015 1505 jam
1025 1467 1108 1506 plane
1118 1488 1126 1502 ,
1147 1471 1195 1494 aut
1211 1470 1285 1493 certe
1296 1472 1353 1499 jam

249 1517 481 1554 appropinquare.
1174 1541 1180 1546 -
1215 1540 1221 1546 ι

231 1554 271 1592 Ap
296 1555 459 1591 ropinquare
477 1553 512 1582 ad
527 1551 662 1581 summam
679 1559 786 1587 aquam.
816 1547 874 1577 Cic.
888 1556 914 1581 4.
928 1545 963 1574 de
974 1544 1032 1587 Fin.
1045 1546 1090 1579 63.
1124 1541 1199 1582 (ὶιῐιει
1214 1544 1321 1583 ignorat
1333 1537 1353 1566 si

249 1602 268 1629 p
283 1601 343 1621 ures
354 1601 388 1620 ex
398 1591 453 1620 alto
463 1600 602 1624 emergere
612 1588 707 1622 velint,
729 1586 843 1625 propius
855 1585 914 1614 fore
925 1592 973 1613 eos
984 1582 1097 1619 quidem
1105 1580 1139 1608 ad
1152 1577 1352 1622 respirandum,

251 1631 300 1667 qui
314 1630 349 1658 ad
366 1629 502 1658 summam
514 1625 611 1665 aquam
628 1624 876 1664 appropinquent?
908 1622 979 1664 Hire.
996 1620 1031 1648 de
1042 1617 1110 1648 Bell.
1122 1616 1200 1654 Hisp.
1230 1616 1269 1645 Ad
1284 1622 1353 1653 quos

250 1667 366 1696 celerius
381 1677 462 1704 quam
473 1666 521 1704 ipsi
534 1665 641 1703 opinati
657 1665 735 1697 sunt,
756 1661 1000 1700 appropinquavit.

231 1706 443 1743 Appropinquat
465 1711 519 1733 teni
542 1713 590 1739 us,
622 1709 654 1731 ut
674 1702 779 1739 Hyenis
790 1722 798 1734 ,
827 1698 901 1727 aestas
913 1720 920 1731 ,
943 1705 1000 1725 nox
1052 1695 1109 1737 ἃς..
1154 1690 1218 1721 Caes.
1237 1699 1262 1727 3.
1282 1688 1351 1719 Bell.

251 1742 331 1772 Civil.
344 1753 368 1778 9.
400 1742 515 1779 Jamque
547 1748 623 1779 yems
641 1736 889 1778 appropinquabat.
916 1733 974 1763 Val.
993 1717 1072 1777 Alai-r.
1092 1729 1140 1760 lib.
1153 1741 1179 1766 4.
1194 1739 1255 1767 cap.
1268 1736 1294 1765 7.
1316 1726 1352 1756 de

250 1780 378 1810 Damone
398 1782 424 1810 ἅ
445 1780 541 1817 Pythia
552 1801 560 1814 ,
582 1778 828 1816 Appropinquante
843 1773 958 1802 definita
972 1771 1026 1800 die.
1149 1806 1154 1811 Π
1288 1803 1293 1809 ι

232 1819 253 1848 A
276 1819 460 1856 propinquare
469 1818 552 1847 etiam
563 1826 605 1846 res
614 1816 705 1853 aliqua
714 1812 907 1848 dicitur,cujus
918 1817 1029 1847 tempus
1039 1810 1252 1846 appropinquat.
1263 1803 1350 1834 Cice.

251 1828 273 1886 F
273 1866 326 1884 am.
342 1867 363 1891 ς.
395 1856 449 1885 Sed
463 1862 555 1884 tamen
565 1864 651 1892 quum
661 1852 885 1891 appropinquare
900 1856 963 1878 tuus
978 1847 1112 1889 adventus
1122 1849 1271 1887 putaretur.

231 1892 374 1930 Judiciuin
386 1894 598 1931 appropinquat.
628 1892 687 1920 Cic.
702 1900 753 1928 pro
764 1889 874 1918 Cluent.
893 1897 936 1922 19.
957 1886 975 1914 i.
990 1894 1013 1914 e.
1035 1884 1101 1913 Dies
1114 1882 1222 1919 judicu.

231 1933 310 1962 Mors
333 1931 373 1960 illi
392 1931 605 1969 appropinquat.
627 1929 685 1958 Cic.
702 1939 725 1963 ς.
740 1928 774 1956 de
786 1927 844 1956 Fin.
858 1935 902 1962 31.

232 1969 354 1999 Occasus
366 1969 439 1998 urbis
452 1969 665 2007 appropinquat.
688 1966 745 1996 Cic.
758 1975 781 2001 3.
801 1965 829 1992 in
843 1961 922 1993 Catil.
939 1971 980 1996 19.

231 2008 463 2045 appropinquare
475 2007 556 2035 alicui
575 2004 686 2038 honori,
707 2011 753 2033 aut
762 2002 899 2039 dignitati.
921 1998 988 2029 Caes.
1003 2008 1026 2033 ς.
1038 1996 1107 2027 Bell.
1121 1993 1192 2025 Gall.
1202 2002 1246 2030 43.
1260 1990 1352 2037 *Erant

248 2046 279 2074 in
304 2055 335 2074 ea
349 2045 459 2082 legione
486 2043 623 2073 fortissimi
642 2042 693 2072 viri
713 2040 916 2074 Centuriones,
947 2037 995 2074 qui
1015 2036 1071 2072 jam
1087 2033 1184 2078 primis
1206 2031 1351 2076 ordinibus

249 2084 514 2126 appropinquarent.
534 2082 561 2111 h.
581 2091 607 2120 e.
635 2079 746 2117 Quibus
761 2077 877 2107 instabat
886 2084 998 2113 tempus
1015 2079 1046 2103 ut
1056 2081 1161 2111 primos
1179 2071 1291 2100 ordines
1302 2070 1352 2098 dua

251 2129 347 2150 cerent
364 2130 393 2149 in
410 2126 541 2150 exercitu.
1221 2145 1245 2151 ..

230 2159 444 2196 appropinquat
460 2165 490 2187 ut
503 2157 604 2186 videat.
626 2155 684 2185 Cic.
698 2164 723 2191 3.
740 2154 775 2183 de
784 2153 845 2183 Fin.
857 2157 902 2187 48.
926 2151 994 2193 Nec·
1003 2147 1109 2178 catulus
1123 2146 1169 2176 ille
1181 2156 1228 2183 qui
1237 2154 1353 2188 ‚iam—ap-

250 2198 421 2234 propinquat
435 2204 466 2225 ut
485 2195 578 2225 videat
590 2216 597 2229 ,
626 2193 689 2232 plus
707 2193 796 2221 cernit
815 2199 898 2228 quam
913 2189 936 2219 is
949 2196 996 2225 qui
1014 2186 1100 2215 modo
1112 2185 1150 2214 est
1169 2191 1250 2213 natus
1261 2205 1268 2219 ,
1289 2193 1308 2212 i.
1325 2192 1350 2212 e.

252 2234 304 2263 Cui
316 2235 520 2272 appropinquat
538 2232 671 2262 cernendi
686 2237 804 2268 tempus.
968 2263 973 2269 ⁸

193 2273 332 2302 Amor
343 2283 351 2300 i
361 2282 381 2301 N
392 2281 512 2308 quari
523 2281 539 2300 o
550 2292 558 2305 ,
579 2270 649 2299 onis.
672 2268 689 2298 f.
715 2269 729 2304 [
744 2263 920 2299 wesarinio-15]
942 2262 1000 2293 Cic.
1017 2262 1052 2291 de
1060 2261 1168 2290 Senet‘t.
1182 2262 1226 2288 66.
1249 2258 1354 2294 Quarta

232 2310 313 2338 restat
324 2309 418 2345 causa,
447 2319 508 2346 quae
525 2308 645 2337 maxime
656 2315 756 2343 angere
767 2327 776 2339 ,
795 2310 877 2340 atque
893 2300 1028 2331 solicitam
1042 2299 1144 2328 habere
1160 2298 1279 2326 nostram
1292 2302 1354 2325 aeta-

231 2353 290 2376 tem
301 2348 427 2383 videtur,
447 2345 681 2384 appropinquatio
692 2343 800 2373 mortis.
839 2341 917 2371 Idem
929 2351 952 2375 ς.
974 2338 1009 2368 de
1018 2337 1078 2368 Fin.
1092 2345 1136 2373 32.
1174 2335 1209 2365 Et
1219 2340 1353 2373 angantur

232 2386 505 2423 appropinquatione
520 2384 617 2413 mortis
628 2382 749 2412 confecti
758 2380 886 2410 homines
898 2377 1048 2407 senectute.

195 2424 476 2459 Arrr6r10,5re.
500 2424 526 2452 ἃ
988 2452 994 2458 ,

195 2462 217 2489 A
226 2470 262 2489 1¹1>
271 2471 286 2488 R
295 2471 311 2490 o
319 2470 337 2490 x
346 2472 355 2490 1
363 2472 384 2490 M
395 2471 411 2490 o
423 2483 431 2495 ,
452 2464 505 2489 are.
528 2464 643 2488 utuntur
652 2457 806 2494 Scriptores
822 2453 1004 2484 ecclesiastici.

195 2499 379 2534 apporia,
402 2500 427 2528 ἃ
450 2499 628 2527 Arpinus.
666 2495 697 2524 V.
722 2502 872 2523 ArutiA.

197 2536 405 2571 APPULsus,
446 2535 477 2564 V.
499 2543 663 2564 armeno
676 2554 684 2568 ,
706 2532 738 2562 is.

648 2598 675 2631 A
771 2593 795 2629 P
889 2592 920 2627 R

197 2660 241 2690 Ap
250 2670 267 2688 ix
277 2669 296 2688 Λ
305 2669 321 2689 ιι
330 2670 338 2688 ι
348 2668 386 2688 us
397 2680 405 2693 ,
427 2667 458 2691 a,
477 2668 533 2687 urn.
557 2657 616 2693 Adj.
627 2656 661 2685 ab
674 2656 759 2693 Aper:
782 2659 822 2689 ut,
833 2653 913 2682 Retia
923 2649 1064 2691 aptaria,l.
1073 2658 1117 2679 22.
1128 2648 1157 2677 ff.
1171 2646 1206 2691 de
1218 2646 1290 2690 insit.
1301 2643 1354 2683 leg.

197 2699 362 2727 Arnrcus
373 2718 380 2729 .
406 2705 421 2724 a
433 2717 440 2730 ‚
463 2706 518 2724 um.
540 2695 599 2730 Adj.
621 2696 636 2730 [
651 2692 791 2723 wesema&
803 2714 810 2725 ,
834 2693 941 2720 dedat«)
957 2691 971 2724 ]
993 2688 1108 2718 Duobus
1125 2686 1217 2715 modis
1233 2685 1354 2714 dicitur:

235 2735 315 2803 affiliter
323 2735 400 2764 enim
412 2732 517 2762 Locum
527 2734 652 2770 apricum
665 2730 793 2765 dicimus,
804 2729 883 2758 aliter
892 2728 1055 2762 Hominem,
1067 2732 1114 2755 aut
1122 2726 1215 2753 Avem.
1237 2723 1309 2759 Virg.
1329 2732 1353 2756 ς.

273 2783 300 2802 ri.
326 2777 387 2806 1²8-

392 2823 431 2830 ·—
450 2807 587 2846 &apricis
601 2807 679 2836 statio
699 2804 844 2843 gratissima
856 2802 965 2840 mergis.
1049 2800 1065 2829 i.
1083 2809 1107 2828 e.
1130 2798 1195 2828 Sole
1213 2795 1358 2839 gaudenti-

237 2848 297 2877 bus.
318 2847 390 2876 Sane
406 2847 520 2885 Apricus
536 2844 614 2874 locus
623 2844 725 2873 dicitur
738 2841 802 2872 Sole
822 2841 916 2870 calens
928 2862 935 2875 ,
956 2838 1032 2877 quod
1051 2838 1088 2866 est
1100 2838 1198 2880 Opaco
1216 2836 1242 2865 &
1260 2834 1356 2863 abdito

238 2886 423 2915 contrarium:
447 2885 472 2914 &
483 2884 594 2921 Apricos
602 2880 813 2915 dicimus,Locis
822 2879 920 2916 apricis
931 2877 1090 2914 gaudentes.
1112 2875 1185 2911 Virg.
1199 2883 1225 2909 9.
1240 2871 1297 2901 Ecl.
1310 2881 1354 2907 49.

317 2923 439 2953 Duceret
458 2921 558 2959 apricis
575 2921 603 2949 iri
623 2919 742 2948 collibus
763 2928 816 2947 uva
833 2916 965 2945 colorem.
1049 2913 1117 2943 Pers.
1131 2912 1224 2949 58ae
1238 2919 1298 2947 179.

396 2976 434 2981 -
454 2959 544 2988 nostra
565 2965 595 2986 ut
614 2957 730 2987 Floralia
752 2953 856 2994 possint

318 2999 411 3037 Aprici
430 2995 585 3027 meminisse
607 2994 693 3024 senes.
788 2993 853 3021 Haec
866 2989 975 3020 Servius
994 2989 1024 3019 in
1043 2999 1068 3023 ς.
1090 2988 1151 3017 AEn.
1204 2986 1246 3016 Est
1262 2992 1356 3014 autern

237 3036 382 3066 sciendum
396 3036 525 3074 Apricum
536 3043 594 3062 non
604 3033 660 3061 dici
672 3031 720 3061 nisi
730 3030 854 3068 respectu
864 3028 979 3066 frigoris.
1033 3027 1106 3056 Nam
1117 3026 1146 3054 in
1165 3025 1255 3053 aestivo
1265 3023 1356 3052 calore

238 3074 308 3103 nihil
320 3075 432 3112 proprie
447 3073 577 3110 Apricum
596 3070 707 3100 dicitur.

237 3112 352 3149 Apricus
372 3113 467 3145 locus,
488 3120 504 3139 a
523 3108 587 3139 Sole
606 3114 733 3146 apertus,
763 3116 778 3135 a
791 3105 888 3135 Graeco
906 3100 1043 3132 vocabulo
1062 3099 1142 3133 <valan
1160 3098 1333 3141 appellamus
1346 3118 1354 3133 ⁹

257 3150 329 3187 quasi
350 3149 408 3177 ἅνώ
428 3143 539 3182 φώκης,
561 3147 578 3176 ἰ,
597 3156 621 3176 e.
654 3146 709 3174 fine
721 3142 852 3177 horrore,
871 3139 1003 3171 videlicet
1019 3139 1133 3175 frigoris.
1170 3138 1251 3167 Unde
1271 3142 1356 3165 etiam

256 3194 368 3224 putatur
381 3187 467 3217 Africa
481 3184 625 3223 appellari.
647 3183 752 3213 Author
767 3181 869 3211 Festus.
910 3178 942 3207 V.
963 3186 1029 3206 Ara
1041 3187 1049 3205 i
1060 3186 1114 3206 cA.
1155 3175 1234 3205 Idem
1245 3183 1356 3211 quoque

257 3224 340 3254 sentit
351 3226 461 3254 Servius
478 3225 508 3253 in
525 3234 548 3257 ς.
561 3223 623 3252 AEn.

240 3261 360 3299 Campus
381 3264 498 3301 apricus.
522 3261 588 3290 Hor.
611 3261 641 3289 in
660 3259 723 3288 Arte
739 3257 814 3287 Poet.
832 3258 892 3284 162.
1046 3289 1050 3294 Π

240 3298 342 3328 Colles.
364 3300 435 3337 Virg.
451 3311 476 3335 9.
490 3298 548 3329 Ecl.
558 3308 602 3333 49.
625 3298 652 3327 Sc
671 3295 740 3325 Plin.
753 3294 801 3324 lib.
815 3302 858 3330 35.
874 3301 934 3329 cap.
947 3300 973 3326 4.
996 3288 1080 3319 &hh-
1090 3291 1115 3317 6.
1126 3297 1185 3326 cap.
1198 3296 1240 3325 ¹7·

239 3336 315 3365 Dies.
338 3337 474 3366 Columel.
488 3337 534 3366 lib.
547 3347 572 3372 9.
584 3345 645 3373 cap.
661 3344 703 3369 14.

239 3373 340 3403 Flatus.
361 3374 497 3404 Columel.
512 3373 560 3403 lib.
580 3383 602 3402 1.
623 3382 718 3410 cap.5.
740 3367 899 3400 AEdificium
915 3367 972 3395 sere
983 3364 1113 3404 pestilens
1127 3362 1262 3398 liabetur,
1282 3360 1358 3398 quod

258 3412 297 3440 est
306 3419 442 3441 remotum
451 3422 482 3441 ac
494 3411 627 3441 sinistrum
637 3409 687 3439 soli
695 3431 704 3444 ,
725 3409 751 3438 ἃ
761 3406 860 3445 apricis
870 3404 989 3434 flatibus.

240 3448 333 3492 Flores
343 3451 424 3479 nette
434 3451 549 3493 apricos.
572 3449 637 3478 Hor.
653 3459 675 3477 i.
696 3447 786 3477 Carin.
798 3447 878 3480 26.7.

240 3485 353 3515 Littora.
376 3486 494 3516 Martias.
512 3487 558 3515 lib.
574 3497 596 3516 i.
612 3496 656 3522 50.

239 3522 358 3552 Pratum.
383 3524 448 3553 Hor.
464 3535 486 3553 1.
500 3524 581 3562 Epist.
601 3533 642 3559 14.
657 3531 701 3558 ιο.

240 3559 370 3590 Recessus
394 3562 541 3590 montium.
565 3561 633 3590 l’lin.
648 3570 689 3589 10.
710 3570 770 3597 cap.
783 3567 829 3595 24.

240 3597 341 3627 Terrae.
366 3598 472 3636 Virg.6.
491 3599 623 3633 ffin.3iz.

239 3635 273 3665 In
290 3636 413 3672 apricum
428 3637 556 3673 proferre.
581 3636 645 3664 Hor.
665 3645 686 3664 i.
707 3634 789 3671 Epist.
801 3636 826 3663 6.
841 3641 886 3668 24.

321 3673 461 3709 Quicquid
481 3673 528 3701 suh
547 3680 615 3701 terra
632 3673 687 3706 est,
710 3673 738 3700 iii
762 3673 886 3710 apricum
900 3668 1021 3707 proferet
1034 3671 1107 3695 aetas.

240 3710 357 3747 Spatiari
374 3711 401 3739 in
421 3711 522 3747 aprica
557 3711 621 3739 Hor.
636 3720 658 3739 1.
675 3710 759 3739 Serm.
774 3715 799 3742 8.
815 3719 856 3744 ις.
1235 3736 1240 3741 ,

239 3747 370 3784 Apricum
382 3749 407 3776 ἃ
418 3748 547 3784 Opacum
559 3769 566 3781 ,
586 3746 673 3775 veluti
686 3747 828 3775 contraria.
852 3746 909 3774 Cic.
924 3745 954 3773 in
965 3742 1055 3772 Partit.
1075 3743 1118 3776 36.
1141 3737 1172 3767 ln
1187 3736 1255 3778 locis
1264 3740 1357 3765 autem

262 3783 344 3814 &illa
357 3785 504 3813 naturalia:
527 3785 657 3813 maritimi
669 3794 703 3812 an
713 3785 811 3812 remoti
826 3794 841 3812 a
859 3782 927 3811 mari
942 3803 950 3817 ,
970 3780 1092 3818 planian
1109 3776 1264 3810 montuosi,
1283 3773 1356 3803 leves

259 3832 294 3850 an
309 3821 394 3859 asperi
408 3844 416 3855 ,
437 3822 554 3851 salubres
565 3831 599 3851 an
615 3821 771 3858 pestilentes
784 3842 791 3854 ,
813 3821 893 3857 opaci
908 3829 942 3848 an
955 3818 1049 3856 aprici.
1256 3849 1261 3855 ι

240 3859 381 3896 Apricior,
403 3858 658 3894 [mammaea]
689 3858 824 3886 Coluniel.
845 3857 892 3886 lib.
922 3867 962 3884 ii.
986 3865 1047 3891 cap.
1063 3863 1086 3889 3.
1126 3848 1263 3881 Nonnulli
1284 3848 1356 3877 hanc

259 3896 378 3925 candem
393 3896 461 3925 locis
477 3895 658 3933 api-icioribus
673 3905 687 3924 a
704 3895 833 3924 Calendis
844 3895 951 3923 Martiis
970 3893 1125 3929 deponunt.
1159 3885 1355 3926 Apricissimus,

257 3933 336 3963 ldem
345 3933 392 3968 l.9.
407 3943 431 3962 c.
449 3944 488 3967 ¹4-
513 3933 585 3962 Dum
596 3933 687 3962 adhuc
698 3933 829 3961 Autumni
844 3931 964 3968 reliquiae
973 3930 1047 3963 sunt,
1058 3926 1225 3965 apricissimo
1235 3925 1282 3955 die
1292 3932 1357 3961 pur-

259 3972 327 4008 gatis
345 3970 502 4000 domiciliis.

1854 131 1882 166 A
1977 128 2001 164 P
2099 128 2129 163 T

1403 215 1446 245 Ar
1455 217 1540 244 sico
1551 223 1565 242 R
1576 232 1584 247 ,
1605 215 1618 249 [
1633 211 1789 247 εἰληῖτρὲομιυ
1801 230 1809 245 ,
1830 210 1963 247 ἧλιοὲζομαι
1977 212 1991 246 ]
2011 211 2059 239 ari.
2081 210 2113 239 Iri
2123 210 2217 247 aprico
2227 207 2288 237 esse.
2313 207 2397 237 Varro
2409 203 2547 248 Mysteriis,
2564 233 2565 237 .

1442 253 1521 282 Licet
1534 252 1626 280 videre
1636 250 1738 279 multos
1751 249 1874 286 quotidie
1883 249 1983 284 hyeme
1994 249 2021 276 in
2038 247 2102 276 Sole
2116 245 2240 284 apricari.
2278 246 2318 274 Ex
2330 246 2432 276 Nonio.
2455 247 2502 276 Cic
2513 260 2546 284 .5.
2564 246 2567 282 ζ
2588 269 2595 278 ,,

1442 290 1523 320 Tusc.
1537 299 1585 326 ⁰2-
1625 287 1780 317 Alexandro
1805 287 1911 323 roganti
1930 296 1960 315 ut
1979 286 2085 314 diceret
2101 284 2187 320 liquid
2204 283 2253 312 sibi
2270 293 2340 320 opus
2358 283 2424 312 esset
2437 306 2445 318 ,
2472 285 2550 316 Nunc
2564 293 2566 313 ῑ
2579 291 2595 314 si

1443 328 1556 364 quidem
1571 325 1714 364 paululum
1731 325 1863 361 (inquit)
1883 335 1898 353 a
1918 323 1982 353 Sole
1993 323 2069 352 absis.
2109 322 2250 351 Osiecerat
2260 320 2391 350 videlicet
2412 322 2548 358 apricanti.
2582 335 2597 356 ,τι

1443 364 1581 432 ξοὶὶιῦἓᾊῶ.
1597 363 1643 392 li'o.
1659 368 1684 396 8.
1704 372 1763 400 cap.
1778 373 1805 398 4.
1845 361 1971 391 Paulinus
1982 361 2076 390 lambo
2088 360 2174 388 adtiva
2186 356 2464 396 ibimafposuitsstque
2473 360 2550 391 etiarn
2566 372 2567 378 ¹
2581 369 2597 402 ,φ

1465 415 1478 432 ’.ι
1502 413 1514 431 a
1538 411 1580 431 luS
1602 411 1623 429 I.
1673 423 1678 428 .
2566 406 2567 422 1
2588 407 2597 421 u

1407 405 1742 472 Apaica'i*10‚386nis.
1766 436 1784 466 f.
1805 438 1819 472 [
1835 432 1957 470 ιῖλωισμρς
1972 436 1986 470 ]
2008 433 2067 464 Cic.
2081 440 2107 470 7.
2126 437 2180 463 Att.
2197 443 2240 462 η.
2293 431 2352 461 Sibi
2365 431 2463 461 habeat
2481 432 2551 466 suam
2566 425 2599 476 iis

1443 479 1592 508 fortunam.
1621 484 1707 504 unam
1724 474 1880 503 mehercule
1899 479 1994 502 tecum
2012 472 2214 510 apricationem
2232 472 2261 500 in
2280 470 2329 499 illo
2345 469 2490 499 Lucretii-io
2505 478 2550 502 tuo
2566 469 2599 520 q

1445 516 1501 545 sole
1512 513 1607 543 malim
1619 535 1627 547 ,
1673 522 1734 541 uani
1747 511 1841 541 omnia
1861 511 2016 540 istiusmodi
2032 519 2124 546 regna.
2591 518 2595 530 τ

1445 552 1621 591 Apricatione
1632 560 1663 579 ca
1675 548 1765 578 escere
1777 571 1785 584 ,
1806 548 1850 578 vel
1862 550 1933 587 igni,
1956 548 2029 586 apud
2047 547 2104 576 Cic.
2121 547 2155 575 de
2167 546 2275 575 Senet‘t.
2296 555 2338 581 57.
2362 544 2426 581 Quo
2447 545 2476 574 iri
2492 545 2550 577 loco
2567 533 2600 591 „s

1463 591 1531 619 dicit
1540 589 1649 618 Nonius
1661 586 1808 617 Marcellus
1817 610 1825 622 ,
1848 590 1865 616 A
1890 587 2053 615 ricationem
2069 584 2187 622 positum
2197 593 2248 622 pro
2257 583 2412 621 Apricitate.
2568 594 2569 602 .
2589 587 2600 618 4]

1444 629 1487 658 Ad
1497 627 1695 665 apricationem
1706 626 1806 662 egredi.
1828 625 1869 654 Co
1883 623 1965 653 umel.
1976 623 2024 652 lib.
2037 628 2063 656 8.
2075 632 2136 660 cap.
2148 627 2174 656 8.
2205 622 2240 651 Et
2249 621 2363 658 recipiat
2372 619 2407 649 ad
2417 621 2552 658 apricatio·
2567 611 2604 776 l}

1464 675 1529 694 nem
1545 664 1717 702 egredientes
1731 662 1881 691 columbas.

1410 705 1428 734 A
1438 714 1451 733 [ι
1461 714 1494 732 ai
1504 713 1520 732 c
1531 704 1616 731 iras
1628 723 1635 735 ,
1657 701 1717 730 atis.
1737 700 1755 729 f.
1778 701 1792 736 [
1807 697 1832 726 v?
1849 698 1957 734 έιληῖεςὲς
1971 698 1985 733 ]
2006 697 2044 726 est
2053 696 2199 735 Hybernus
2214 695 2262 725 ille
2275 705 2355 733 tepor
2366 695 2395 724 in
2413 694 2480 725 locis
2490 705 2504 725 a
2523 697 2553 727 ri-

1447 742 1494 770 cis.
1516 738 1652 769 Columel.
1663 739 1709 768 lib.
1720 744 1744 772 8.
1759 748 1818 775 cap.
1839 747 1880 773 15.
1903 737 2000 773 Quum
2016 735 2158 772 apricitate
2169 735 2226 764 diei
2241 734 2359 771 gestiunt
2373 740 2444 762 aves.
2482 732 2494 764 I
2513 735 2553 765 ern

1447 778 1495 808 lib.
1509 787 1534 814 7.
1553 787 1613 814 cap.
1624 789 1650 812 4.
1690 777 1718 805 Si
1730 776 1785 804 diei
1802 775 1936 813 permittit
1952 774 2090 811 apricitas.

1447 815 1603 854 Apricitatis
1620 814 1730 852 inclytae
1747 815 1832 849 regiO.
1854 813 1921 842 Plin.
1932 811 1980 841 lib.
1993 814 2018 840 6.
2041 821 2102 847 cap.
2118 813 2160 840 16.
2574 827 2575 833 .

1410 854 1478 884 Ara
1489 865 1497 882 i
1508 864 1541 882 ss
1553 876 1561 888 ,
1593 854 1607 889 [
1623 853 1712 882 Α’σιτιης
1727 852 1741 885 ]
1763 851 1890 880 Psamniis
1906 849 2016 887 AEgypti
2028 849 2098 886 regis
2110 848 2199 884 filius,
2220 847 2266 878 cui
2288 845 2317 876 in
2330 855 2415 884 regno
2427 845 2552 881 successit.
2574 859 2585 873 ==
2600 875 2601 878 ,

1448 893 1502 922 Hic
1518 891 1550 920 ab
1559 890 1706 928 IEgyptiis,
1720 890 1764 926 qui
1777 888 1880 926 abipso
1892 889 1926 917 ad
1937 886 2053 916 Amasim
2069 886 2245 921 defecerant,
2268 884 2447 922 strangulams
2458 884 2511 920 est,
2530 886 2555 916 ὰ
2576 885 2594 910 .'

1448 929 1572 966 sepultus
1587 929 1617 957 in
1629 928 1750 965 paternis
1768 926 1965 955 monumentis.
2006 924 2113 961 Quaerit
2132 924 2166 953 H.
2181 924 2218 953 St.
2242 933 2277 952 an
2298 921 2457 952 Psammidis
2469 922 2555 953 dicen.

1449 968 1518 996 dum
1527 966 1566 995 sit.
1608 965 1693 1002 Quod
1706 965 1790 993 miror
1802 986 1810 999 ,
1832 974 1897 993 cum
1908 963 2083 992 Herodotum
2095 961 2192 999 saepius
2200 960 2298 998 legerit
2308 982 2315 995 ,
2334 970 2349 989 a
2373 983 2378 988 .
2393 969 2474 997 quem
2485 959 2556 996 ψέμ.

1447 1009 1517 1041 fac&-
1538 1010 1629 1041 genet.
1655 1004 1683 1032 in
1701 1002 1820 1039 Euterpe
1838 1002 1878 1031 bis
1893 1002 2027 1033 occurrit,
2056 1006 2187 1028 caeterum
2208 999 2282 1028 varie
2304 997 2354 1026 scri
2376 997 2431 1027 itur
2448 1004 2554 1028 nomen.
2585 1018 2587 1022 -

1449 1041 1580 1080 Syncello
1593 1043 1619 1071 Sc
1630 1041 1755 1070 Africano
1771 1039 1962 1074 Psammuthis,
1976 1038 2093 1068 Eusebio
2103 1037 2261 1067 Psammites
2279 1037 2305 1065 Sc
2319 1035 2463 1065 Psammus.
2482 1035 2556 1066 Sic&

1450 1081 1496 1117 qui
1515 1080 1609 1118 Apries
1625 1079 1727 1108 Herod.
1744 1079 1769 1107 a&
1784 1078 1867 1107 Diod.
1887 1078 1939 1106 Sic.
1971 1077 2097 1105 Africano
2108 1075 2147 1104 est
2164 1075 2296 1112 Vaphris.
2317 1072 2414 1102 Euseb.
2436 1072 2462 1103 ὃς
2479 1073 2554 1110 Sync.

1448 1118 1595 1185 Vaphiresc,1
1611 1117 1717 1185 galgin
1740 1114 1885 1159 Hieremiae
1903 1114 2026 1153 Ephreae.
2063 1113 2095 1142 V.
2115 1110 2218 1142 Marah.
2238 1111 2305 1141 Can.
2330 1111 2432 1140 Chron.
2453 1110 2486 1140 ad
2500 1110 2554 1142 Sco.
2573 1109 2594 1139 s

1453 1162 1494 1189 18.
1537 1165 1552 1185 e
1598 1165 1612 1184 a
1634 1165 1649 1184 e
1749 1161 1778 1182 ti.
2248 1155 2251 1157 ’
2525 1164 2529 1167 Δ
2584 1171 2586 1173 ,

1410 1193 1561 1224 Amicis
1578 1216 1585 1228 ,
1607 1193 1639 1222 is.
1661 1164 1732 1221 rii-gii
1754 1191 1770 1221 l.
1794 1191 1888 1229 Aprili.
1920 1188 2101 1227 [A’orsim&r,
2123 1187 2296 1223 Θκςγηλιὼν]
2327 1185 2430 1216 Mensis
2449 1195 2555 1218 nomen.
2576 1203 2580 1211 ·

1449 1232 1496 1261 Sic
1507 1239 1599 1261 autem
1612 1231 1702 1260 dictus
1714 1229 1798 1265 (teste
1808 1230 1902 1258 Servio
1914 1229 1926 1264 )
1946 1227 1980 1257 ab
1991 1226 2150 1265 Aperiendo
2166 1248 2173 1260 ,
2195 1225 2268 1262 quasi
2288 1231 2370 1253 terras
2391 1231 2486 1262 tepore
2500 1234 2558 1262 ape.
2570 1240 2572 1249 ι

1450 1270 1533 1299 riens.
1579 1266 1654 1301 Alii(
1670 1277 1700 1297 ut
1718 1268 1800 1296 Varro
1818 1267 1932 1302 scribit)
1954 1265 2018 1303 quia
2036 1264 2136 1294 Veneri
2150 1264 2257 1293 dicatus
2275 1262 2341 1292 esset
2354 1283 2364 1299 ‚
2384 1271 2444 1299 quae
2465 1261 2571 1292 dicitur

1450 1306 1614 1346 Aphrodite.
1635 1306 1704 1336 Hor.
1719 1317 1744 1342 4.
1757 1305 1846 1334 Carm.
1864 1307 1956 1333 11.16.
2584 1311 2588 1322 ··

1608 1360 1645 1365 —-
1664 1345 1726 1373 idus
1741 1343 1794 1372 tibi
1809 1342 1872 1372 sunt
1889 1341 2020 1379 agendae,

1531 1381 1589 1419 Qui
1612 1380 1671 1411 dies
1690 1381 1813 1411 mensem
1833 1380 1946 1410 Veneris
1970 1377 2083 1408 marinae

1573 1420 1593 1450 F
1595 1420 1669 1449 indit
1683 1419 1810 1457 Aprilem.
1906 1418 1959 1447 Hic
1970 1416 2069 1446 mensis
2080 1415 2178 1445 habuit
2194 1415 2317 1453 primum
2324 1423 2359 1443 ex
2369 1413 2558 1445 constitutione

2580 1462 2592 1486 k!

2587 687 2590 697 i

2568 698 2570 706 i

1451 1458 1565 1489 Romuli
1574 1459 1685 1495 triginta
1695 1458 1753 1487 dies
1766 1467 1771 1486 :
1800 1466 1868 1486 mox
1878 1456 1972 1485 Numa
1983 1464 2047 1484 euin
2058 1455 2093 1483 ad
2103 1463 2207 1483 novem
2219 1454 2246 1483 ὃς
2256 1451 2355 1490 viginti
2366 1452 2488 1490 redegit3
2508 1452 2573 1482 Caeae,

1451 1497 1491 1526 sar
1501 1497 1536 1526 ad
1547 1496 1659 1534 triginta
1669 1495 1792 1525 restituit.
1833 1493 1925 1524 Habet
1934 1493 2028 1522 Nonas
2039 1504 2062 1528 5,
2072 1494 2098 1522 &
2109 1492 2174 1521 Idus
2185 1500 2226 1527 13.

1451 1535 1551 1572 Aprilis
1562 1557 1569 1570 ,
1592 1535 1734 1569 Adjeetive
1750 1542 1861 1571 quoque
1873 1532 1930 1561 acci
1954 1531 2022 1560 itur:
2044 1537 2075 1559 ut
2093 1539 2179 1567 quum
2196 1529 2314 1558 dicimus
2327 1527 2456 1557 Calendis
2471 1526 2563 1564 Aprili*
2580 1543 2587 1560 ,-

1470 1573 1530 1602 bus.
1568 1571 1687 1602 Tametsi
1699 1572 1783 1601 etiarn
1796 1580 1846 1607 pro
1858 1580 1923 1599 men
1937 1579 1952 1598 e
1962 1568 2093 1598 nonnulli
2103 1590 2111 1603 ,
2133 1568 2202 1597 sicut
2215 1569 2241 1597 ἃ
2257 1574 2354 1596 caetera
2369 1565 2502 1594 mensium
2515 1574 2561 1594 nm
2587 1577 2590 1603 ῃ

1469 1612 1564 1645 mina,
1588 1609 1756 1645 adjectivum
1776 1603 1829 1638 esse
1844 1608 1959 1637 volunt:
1984 1614 2015 1635 ut
2032 1606 2208 1635 subaudiatur
2227 1604 2384 1634 absolutum
2407 1603 2523 1639 Mensis,
2541 1602 2560 1633 fi
2581 1623 2591 1639 v,

1469 1647 1626 1686 expressum
1635 1658 1692 1677 non
1701 1647 1792 1676 fuerit.
1814 1645 1870 1675 Cic.
1887 1656 1909 1675 1.
1922 1645 1996 1675 Fani.
2008 1655 2033 1681 9.
2056 1644 2218 1680 Quinetiam
2228 1641 2393 1672 Marcellino
2404 1642 2430 1670 6<
2439 1640 2561 1679 Philippo
2582 1639 2584 1674 ζ

1469 1686 1634 1716 Consulibus
1645 1686 1734 1715 Nonis
1746 1684 1881 1723 Aprilibus
1890 1683 1959 1712 mihi
1969 1683 2006 1712 est
2015 1683 2132 1712 Senatus
2144 1679 2269 1711 assensus.

1412 1723 1583 1755 Apaiuus
1597 1747 1604 1760 ,
1626 1724 1681 1753 five
1702 1725 1911 1753 Apaucuus.
1953 1720 1983 1750 V.
2007 1721 2106 1750 Arsa.

1412 1764 1433 1792 A
1444 1773 1458 1792 P
1466 1773 1482 1791 r.
1491 1773 1508 1792 o
1518 1772 1537 1791 N
1549 1773 1557 1790 i
1567 1772 1602 1797 A,
1625 1763 1640 1797 [
1655 1762 1778 1797 ἅμπτλίέν
1793 1759 1900 1796 μέλαιναι
1913 1759 1929 1794 ]
1950 1757 2041 1788 Herba
2050 1757 2097 1794 est,
2117 1766 2201 1795 quam
2209 1755 2293 1793 aliqui
2303 1755 2417 1793 Nigram
2425 1752 2562 1792 bryonian'i
2583 1759 2586 1792 ζ

1450 1806 1561 1835 vocant,
1576 1800 1650 1829 foliis
1668 1799 1796 1833 hederae,
1816 1797 1951 1827 sinilaceis
1961 1796 2111 1835 proximis,
2133 1795 2180 1825 sed
2198 1793 2364 1830 majoribus:
2387 1793 2477 1822 caules
2486 1792 2562 1822 haber
2574 1809 2576 1814 ·

1450 1844 1601 1876 cognatos:
1623 1836 1758 1875 capreolis
1778 1837 1831 1865 suis
1845 1835 1971 1869 arbores,
1994 1834 2065 1872 quasi
2082 1832 2253 1863 adminicula
2268 1830 2495 1868 comprehendit:
2513 1830 2563 1860 fru-

1450 1878 1509 1906 ‘stus
1521 1877 1680 1906 racematim
1695 1875 1850 1908 cohaerent,
1872 1874 1919 1910 qui
1937 1874 2009 1902 inter
2026 1872 2165 1910 principia
2183 1872 2290 1905 virent,
2314 1871 2340 1899 δι
2359 1870 2419 1906 post
2430 1868 2563 1898 maturita·
2584 1879 2586 1892 ·

1451 1921 1507 1944 tem
1526 1914 1703 1952 nigrescunt:
1739 1913 1817 1941 radix
1834 1912 1901 1941 foris
1917 1911 1995 1948 nigra
2009 1932 2018 1945 ,
2039 1911 2112 1939 intus
2124 1910 2215 1939 buxeo
2238 1907 2331 1937 colore
2345 1907 2423 1936 nitet.
2446 1906 2560 1936 Dioscor.
2584 1918 2600 1947 ³,

1450 1952 1498 1981 lib.
1509 1964 1535 1987 4.
1549 1962 1608 1991 cap.
1622 1961 1681 1988 177.
1705 1952 1732 1981 Sc
1745 1950 1810 1979 Plin.
1832 1949 1881 1978 lib.
1894 1958 1939 1985 23.
1952 1958 2012 1986 cap.
2031 1958 2054 1977 1.
2554 1947 2558 1951 “
2592 1959 2594 1977 ς

1412 1990 1508 2058 1³21}in
1521 2000 1578 2057 xlibs
1588 2012 1596 2025 ,
1618 1989 1711 2019 Herba
1725 1989 1762 2018 est
1773 2010 1780 2023 ,
1802 1988 1880 2024 cujus
1888 1987 1965 2016 radix
1976 1996 1991 2015 e
2002 1984 2155 2023 longinquo
2165 1983 2290 2022 concipit
2300 1983 2387 2020 ignes,
2395 1987 2427 2012 ut
2437 1981 2561 2020 naphtha.
2577 1989 2586 2015 4
2598 1987 2600 1991 ’

1482 2037 1776 2057 in.i.2-ca.1.

1411 2065 1433 2096 A
1442 2077 1456 2097 1²
1465 2077 1482 2095 iz
1491 2066 1508 2095 ii
1518 2076 1576 2106 co,
1603 2039 1672 2095 gnis.
1690 2037 1714 2095 Is.
1739 2036 1830 2094 I-ierba
1842 2085 1851 2100 ,
1871 2061 1937 2093 alias
1954 2062 2102 2099 Saxisraga.
2125 2059 2206 2099 Apul.
2219 2060 2254 2089 de
2264 2058 2349 2089 Herb.
2360 2068 2420 2097 cap.
2434 2060 2478 2095 97⁷.
2583 2046 2586 2095 i

1874 2144 1901 2174 A
1977 2139 2000 2173 P
2096 2138 2116 2173 S

1411 2201 1537 2238 Aesis,
1557 2202 1621 2232 idis.
1643 2203 1661 2232 s.
1684 2203 1699 2238 [
1714 2199 1778 2235 ἁψὶς
1793 2202 1807 2236 ]
1829 2201 1928 2238 (Gaza
1940 2205 2033 2230 tamen
2045 2198 2094 2228 lib.
2109 2207 2132 2234 3.
2154 2198 2275 2228 Gramm.
2288 2197 2437 2226 contendit
2454 2197 2566 2227 scriberi-
2582 2196 2587 2232 ί

1453 2241 1520 2270 duni
1539 2240 1604 2279 ἁψὶῑ
1621 2250 1685 2270 cum
1694 2240 1882 2277 aspiratione)
1907 2238 2059 2267 Curvatura
2070 2243 2137 2266 rota:
2150 2259 2158 2272 ,
2184 2237 2202 2265 i.
2220 2246 2244 2265 c.
2266 2235 2385 2273 Lignum
2399 2235 2477 2274 supra
2487 2243 2563 2271 rotas,
2596 2242 2601 2259 ὲ-

1451 2285 1550 2308 tenens
1560 2278 1658 2313 scalas,
1680 2277 1725 2308 vel
1741 2279 1769 2306 in
1781 2288 1835 2317 quo
1848 2277 1968 2314 figuntur
1982 2276 2069 2310 radii,
2091 2275 2210 2311 Ligneus
2229 2283 2296 2303 rota:
2317 2273 2445 2303 circulus.
2544 2287 2548 2290 ·
2585 2290 2588 2323 l

1452 2317 1567 2346 Homer.
1578 2316 1658 2346 Iliad.
1677 2327 1703 2352 ε,
1724 2326 1775 2353 pro
1786 2316 1931 2345 Foramine
1946 2316 2011 2342 retis
2027 2313 2073 2342 seu
2090 2312 2168 2351 plaga
2178 2311 2298 2348 usurpat.

1452 2355 1567 2393 Apsides
1578 2376 1586 2390 ,
1607 2354 1691 2383 etiam
1702 2354 1835 2383 dicuntur
1855 2352 1958 2381 Circuli
1969 2352 1998 2380 in
2008 2351 2089 2380 stellis
2103 2373 2110 2385 ,
2131 2350 2197 2379 teste
2210 2349 2277 2379 Plin.
2290 2348 2337 2378 lib.
2354 2356 2379 2377 2.
2391 2358 2451 2387 cap.
2467 2347 2506 2385 ιζ.
2525 2347 2579 2378 his-

1474 2393 1564 2422 verbis
1577 2414 1585 2427 ,
1606 2390 1732 2421 Plurimis
1743 2392 1777 2420 de
1788 2391 1872 2420 causis
1883 2390 1940 2419 haec
1951 2399 2046 2418 omnia
2063 2388 2209 2424 accidunt,
2230 2388 2319 2426 prima
2335 2387 2501 2416 circulorum
2512 2386 2563 2421 est,
2593 2409 2599 2424 .‚

1474 2440 1542 2468 quos
1554 2431 1641 2459 Graeci
1655 2430 1760 2467 apsidas
1773 2430 1802 2457 in
1817 2428 1900 2458 stellis
1917 2434 2025 2456 vocant.
2310 2454 2318 2456 -
2586 2437 2589 2447 ‹

1455 2468 1531 2506 Apsis
1544 2490 1552 2503 ,
1573 2468 1697 2497 Fornicis
1706 2473 1850 2497 curvatura
1862 2487 1869 2501 ,
1891 2465 1937 2495 seu
1949 2465 2071 2494 Testudo
2084 2465 2109 2494 ἃ
2120 2472 2235 2493 camera.
2257 2461 2326 2491 Plin.
2336 2460 2384 2491 lib.
2396 2471 2421 2491 2.
2432 2460 2512 2498 Epist.
2524 2467 2563 2498 17.
2585 2459 2597 2484 ¹

1474 2506 1634 2535 Adnecsitur
1651 2504 1752 2543 angulo
1772 2503 1934 2534 cubiculum
1951 2504 1980 2532 in
1998 2503 2089 2540 apsida
2107 2507 2260 2531 curvatum.
2596 2503 2598 2507 ’

1454 2544 1566 2582 Apsrdes
1576 2550 1718 2581 argenteae.
1741 2543 1773 2572 Ul
1798 2543 1851 2571 ian.
1871 2541 1927 2570 inl.
1951 2551 2015 2570 cuni
2026 2550 2131 2570 aurum.
2153 2540 2174 2577 §.
2196 2539 2272 2567 idem
2290 2537 2467 2574 Pomponius.
2489 2535 2521 2566 D.
2533 2535 2566 2565 de
2600 2559 2604 2562 .

1474 2592 1531 2611 aur.
1543 2583 1568 2611 &
1580 2591 1634 2618 arg.
1650 2581 1732 2618 legat.
1771 2553 1825 2610 sed
1836 2589 1887 2608 nec
1899 2589 1981 2608 aurea
1998 2578 2181 2611 emblemata,
2203 2586 2262 2614 quae
2279 2576 2309 2604 in
2327 2575 2464 2612 apsidibus
2476 2583 2567 2611 argeri-

1472 2621 1525 2649 teis
1536 2619 1631 2648 essent.
1672 2619 1783 2656 Apsides
1793 2624 1894 2647 autem.
1915 2617 2019 2648 Lances
2028 2615 2222 2645 suntrotundae
2233 2636 2240 2649 ,
2252 2621 2283 2642 ut
2291 2613 2328 2641 ait
2337 2613 2492 2647 Turnebus,
2510 2620 2566 2649 quae

1475 2660 1501 2687 ἅ
1512 2657 1667 2695 Parapsides
1679 2657 1764 2685 etiam
1775 2656 1914 2685 dicuntur.
1954 2653 2063 2683 Dicitur
2077 2654 2160 2683 etiam
2174 2651 2287 2690 Apsida,
2310 2660 2341 2679 ae.
2360 2651 2434 2688 quod
2450 2650 2483 2680 ad
2492 2649 2566 2688 Spar-

1473 2696 1582 2725 tianum
1598 2695 1742 2724 Salmasius
1762 2694 1886 2723 observat
1903 2703 1930 2730 p.
1953 2698 2014 2727 148.

1417 2733 1460 2763 Ai³
1471 2743 1482 2762 s
1493 2744 1509 2762 o
1519 2744 1535 2762 a
1546 2744 1563 2762 u
1574 2743 1602 2769 s,
1633 2733 1645 2769 [
1661 2730 1778 2769 Α’ψωςῶν
1791 2732 1806 2767 ]
1830 2730 1900 2760 Urbs
1920 2730 2001 2759 Ponti
2022 2728 2194 2767 Cappadocii
2208 2750 2214 2764 ,
2231 2725 2345 2757 Ptolem.
2359 2725 2407 2755 lib.
2426 2736 2449 2761 ς.
2466 2734 2524 2763 cap:
2539 2725 2564 2754 6.
2589 2741 2591 2759 ι,

1456 2771 1547 2801 Hodie
1567 2772 1677 2799 Arcavi.

1417 2810 1530 2838 Apsos
1541 2818 1595 2843 us,
1617 2810 1631 2844 [
1649 2806 1760 2843 Anime&
1777 2807 1792 2842 ]
1812 2804 1901 2836 Insula
1915 2806 1944 2834 in
1963 2804 2030 2834 mari
2044 2801 2180 2834 Adriatico
2191 2823 2199 2838 ,
2222 2802 2351 2838 adjacens
2369 2800 2519 2835 Liburniae,
2538 2798 2566 2828 in
2594 2787 2604 2836 ¹⁴

1455 2858 1507 2884 qua
1523 2847 1619 2876 civitas
1630 2846 1731 2875 eodem
1742 2846 1865 2873 nomine.
1889 2843 2003 2873 Ptolem.
2016 2843 2064 2872 lib.
2080 2853 2101 2871 i.
2594 2843 2604 2871 'ri

1416 2885 1480 2915 Ai‘s
1490 2895 1509 2914 u
1520 2894 1531 2913 s
1542 2907 1549 2918 ,
1572 2886 1586 2920 [
1603 2882 1689 2917 Α’ψῶυ
1704 2884 1718 2919 ]
1739 2882 1850 2912 Fluvius
1865 2883 1902 2911 est
1914 2883 1988 2910 inea
1999 2889 2075 2918 parre
2088 2878 2272 2913 sulacedoniae,
2286 2887 2345 2913 quse
2356 2876 2422 2906 mari
2437 2873 2565 2904 Adriatico
2595 2871 2604 2909 2}

1454 2922 1601 2955 incumbit,
1617 2932 1674 2950 non
1686 2921 1784 2959 procul
1795 2930 1810 2949 a
1821 2918 2002 2957 Dyrrhachio,
2014 2919 2049 2948 de
2060 2927 2112 2954 qua
2121 2916 2207 2946 Strzib.
2220 2915 2237 2945 l.
2248 2927 2273 2952 7.
2293 2916 2392 2944 Lucan.
2405 2913 2423 2944 l.
2439 2923 2462 2950 5.
2473 2916 2535 2949 462.
2590 2911 2604 2956 ᾖ

1533 2959 1629 2989 Tellus
1645 2969 1726 2996 quarn
1744 2958 1857 2987 volucer
1880 2956 2004 2987 Genusus
2016 2979 2032 2991 r
2052 2965 2134 2993 quarn
2155 2952 2266 2983 mollior
2275 2952 2359 2992 Apsus
2595 2953 2604 2991 ᾗ

1533 2998 1716 3027 Circunieunt
1734 2997 1808 3034 ripis.

1416 3035 1436 3065 A
1446 3046 1459 3064 1³
1469 3045 1480 3063 s
1489 3046 1532 3064 irc
1543 3045 1562 3064 T
1571 3045 1587 3064 o
1597 3045 1608 3064 s
1618 3057 1626 3069 ,
1661 3037 1674 3070 [
1690 3034 1848 3069 ἂψυκτζῶκ]
1878 3033 1995 3062 Gemma
2008 3031 2046 3060 <¹st
2065 3029 2140 3068 nigra
2150 3052 2158 3064 ,
2177 3030 2203 3059 ἃ
2215 3027 2368 3065 ponderosa
2378 3048 2385 3062 ,
2410 3022 2570 3056 rubentibus
2596 3022 2604 3050 ss

1453 3074 1531 3103 venis
1543 3073 1683 3102 distincta:
1706 3072 1743 3101 ita
1754 3072 1843 3105 dicta,
1865 3071 1938 3108 quasi
1951 3067 2177 3106 Irresrigerabilis.
2199 3067 2272 3096 Nam
2286 3065 2370 3095 semel
2385 3065 2442 3102 igni
2456 3061 2566 3093 excalfa-
2596 3098 2604 3102 ..

1451 3114 1512 3147 eta,
1534 3112 1639 3150 septem
1648 3110 1748 3140 diebus
1761 3109 1882 3139 calorem
1896 3109 1990 3138 servat.
2014 3107 2117 3136 Author
2129 3105 2198 3135 Plin.
2210 3108 2253 3141 36.
2270 3114 2330 3142 cap.
2346 3113 2388 3132 10.

1857 3182 1885 3219 A
1969 3183 1992 3218 P
2079 3182 2109 3216 T

1415 3247 1434 3277 A
1444 3257 1486 3276 PT
1496 3248 1511 3276 ἒ
1521 3257 1536 3276 a
1547 3256 1567 3276 Α
1581 3269 1588 3282 ,
1613 3249 1701 3276 orum.
1723 3252 1751 3273 n.
1774 3241 1789 3279 [
1808 3241 1903 3277 Abi-72&
1917 3241 1932 3276 ]
1956 3239 2060 3269 Civitas
2074 3240 2111 3269 est
2123 3238 2211 3277 Lycire
2221 3237 2352 3275 regionis,
2362 3234 2500 3275 Stephano
2514 3243 2521 3264 ε
2541 3230 2566 3271 ιῼ
2598 3271 2599 3274 ¹

1452 3285 1589 3323 oppidum
1604 3285 1633 3313 in
1644 3283 1723 3313 Creta
1733 3304 1741 3316 ,
1762 3291 1777 3310 a
1795 3279 1944 3318 Syrenibus
1957 3284 2086 3307 vocatum
2099 3299 2106 3310 .
2128 3278 2203 3314 quod
2215 3277 2293 3305 viche
2310 3276 2347 3304 ibi
2359 3281 2442 3303 cantu
2452 3283 2466 3303 a
2476 3270 2564 3304 Musis,

1451 3332 1507 3352 nne
1527 3331 1645 3351 moerore
1665 3327 1754 3350 exutae
1773 3318 1872 3357 pennis
1896 3318 1924 3345 in
1940 3326 2014 3344 mare
2037 3314 2226 3349 desiluissent,
2247 3314 2358 3349 ἅπἹεςΘι
2383 3312 2458 3342 enim
2469 3310 2565 3348 dicitur

1452 3348 1598 3399 implumis
1613 3359 1717 3389 Latine.
1756 3358 1877 3394 Apteron
1888 3353 2045 3383 vocatl'lin.
2057 3353 2103 3382 lib.
2117 3363 2143 3388 4.
2156 3362 2217 3390 cap.
2230 3361 2274 3382 12.
2527 3359 2532 3363 ³
2594 3355 2598 3384 ξ

1413 3398 1528 3433 Arra,
1550 3399 1715 3431 &APTQ
1739 3404 1775 3424 as.
1816 3392 1932 3430 Vffpost
1954 3400 2083 3420 APTUS.
2523 3419 2530 3427 .

1414 3437 1600 3466 Afrorum
1613 3455 1620 3469 ,
1652 3435 1669 3463 i.
1693 3443 1718 3462 n.
1742 3431 1878 3468 [blm-mm
1896 3430 1910 3464 ]
1932 3429 1996 3458 Sine
2014 3428 2084 3458 casu.
2127 3427 2198 3457 Sunt
2218 3423 2294 3455 enim
2314 3425 2426 3463 Aptota,
2448 3422 2565 3464 Nomlinp

1452 3484 1512 3509 qua:
1527 3483 1618 3509 neque
1629 3482 1677 3510 per
1688 3470 1762 3500 casus
1775 3492 1782 3504 ,
1804 3477 1894 3505 neque
1909 3476 1956 3504 per
1968 3474 2098 3495 numeros
2109 3465 2300 3494 declinantur:
2333 3470 2364 3491 ut
2383 3461 2480 3499 Frugi,
2499 3458 2564 3488 nihi-

1452 3511 1487 3545 li,
1509 3520 1645 3547 nequam,
1666 3510 1724 3543 fas,
1746 3507 1830 3536 nefas.
1873 3505 1976 3534 Author
1997 3504 2121 3533 Donatus
2139 3503 2167 3532 in
2188 3501 2308 3531 secunda
2331 3498 2464 3529 editione.
2501 3496 2565 3531 Haec,

1454 3548 1549 3577 Latine
1561 3548 1693 3577 dicuntur
1705 3542 1924 3575 lndeclinabilia.
2551 3566 2556 3573 ·

1415 3586 1435 3615 A
1445 3596 1457 3614 1¹
1473 3596 1487 3615 r
1497 3596 1514 3614 u
1526 3596 1542 3615 c
1552 3595 1589 3614 iii
1600 3608 1609 3621 ,
1631 3587 1646 3621 [
1662 3580 1752 3619 Α’πἿκχὶ
1769 3583 1784 3617 ]
1807 3582 1908 3610 Fanum
1921 3579 1949 3608 in
1959 3579 2110 3616 Cyrenaica
2121 3577 2244 3615 regione.
2274 3575 2390 3605 Ptolem.
2402 3574 2418 3603 l.
2428 3584 2454 3609 4.
2466 3581 2490 3602 c.
2502 3581 2527 3607 4.
2556 3576 2558 3579 “
2596 3576 2599 3607 ;

1415 3624 1487 3653 ΑΡτ
1498 3633 1553 3656 us,
1576 3633 1607 3657 a,
1629 3632 1686 3652 um.
1710 3621 1722 3657 [
1739 3616 1881 3648 ιπιτήῧειῶ·
1892 3636 1899 3647 ι
1923 3616 2032 3649 affin&
2044 3638 2052 3650 ,
2073 3617 2198 3646 weaccvfic
2213 3615 2228 3650 ]
2249 3612 2344 3643 Partic.
2367 3612 2400 3641 ab
2416 3611 2498 3647 antiq.
2510 3617 2565 3638 ver·

1454 3661 1490 3689 bo
1503 3660 1621 3699 Apiscor.
1644 3659 1726 3689 Unde
1737 3658 1775 3687 est
1786 3657 1839 3689 adi.
1851 3656 1937 3693 Aptus
1954 3676 1962 3689 ,
1982 3655 2086 3692 aptior,
2106 3652 2268 3691 aptissimus.
2291 3651 2348 3680 Cic.
2360 3650 2387 3679 in
2399 3648 2461 3678 Lael.
2473 3657 2498 3676 2.
2517 3645 2566 3675 Ca-

1453 3706 1550 3727 tonem
1569 3698 1667 3726 induxi
1680 3697 1774 3726 senem
1789 3693 1976 3731 disputantem
1993 3702 1999 3721 ε
2022 3692 2084 3728 quia
2095 3690 2171 3720 nulla
2181 3689 2325 3720 videbatur
2334 3688 2423 3725 aptior
2438 3684 2563 3727 persenia,
2598 3721 2599 3728 ἵ

1454 3746 1514 3771 qua:
1526 3736 1561 3764 de
1578 3735 1624 3764 illa
1637 3733 1754 3764 aetatelo
1776 3738 1893 3762 ueretur.
1933 3729 1950 3758 i.
1976 3738 1999 3758 e.
2022 3728 2279 3761 Accommodati'or,
2302 3724 2561 3762 &convenientiorf
2603 3735 2604 3739 =

1454 3773 1507 3801 sive
1518 3795 1526 3807 ,
1547 3778 1578 3802 ut
1586 3773 1642 3802 dici
1656 3772 1741 3807 solet,
1757 3744 1851 3807 (inagis
1865 3767 1984 3805 propria.
2024 3767 2103 3796 ldem
2114 3766 2148 3795 de
2164 3766 2272 3794 Senetst.
2285 3774 2309 3799 9.
2334 3761 2471 3806 Aptissima
2480 3766 2565 3801 omni-

1454 3820 1491 3838 no
1504 3810 1564 3839 sunt
1574 3832 1582 3845 ,
1605 3811 1699 3847 Scipio
1714 3811 1739 3839 Sc
1752 3807 1832 3841 Lassi,
1854 3814 1927 3835 arma
1937 3803 2083 3833 sencnucis
2098 3825 2106 3838 ,
2128 3809 2198 3832 artes
2211 3824 2218 3837 ,
2240 3801 2504 3835 exercitationesque
2515 3802 2564 3824 vir-

1452 3854 1554 3876 tutuni.
1594 3847 1688 3876 Allusit
1705 3847 1740 3876 ad
1752 3847 1830 3875 Arma
1847 3842 1966 3872 militum
1981 3864 1988 3875 ,
2010 3852 2069 3878 qua:
2080 3842 2149 3879 Apta
2163 3841 2307 3875 dicuntur,
2330 3847 2415 3875 quum
2424 3837 2492 3866 bene
2502 3840 2564 3865 con-

1454 3893 1525 3913 nexa
1542 3885 1747 3914 &cohaerentia
1765 3882 1834 3912 sunt.
1876 3879 1906 3908 V.
1930 3881 1997 3915 Apta
2007 3889 2089 3908 arina.
2546 3905 2552 3911 ,

1453 3924 1531 3958 Saepe
1544 3922 1604 3951 usus
1616 3923 1654 3951 est
1671 3932 1735 3951 cum
1747 3921 1786 3950 Ad
1798 3922 1823 3949 δε
1842 3916 1996 3947 accusativo
2006 3938 2014 3950 ,
2036 3922 2081 3952 ut,
2103 3916 2179 3945 Actio
2190 3921 2346 3952 congruens
2357 3913 2454 3950 &apta
2467 3906 2502 3938 ad
2510 3913 2565 3937 am-
2600 3938 2601 3948 ἵ

1451 3969 1513 3990 mos
1531 3960 1753 3997 permovendos,
1777 3958 1835 3987 Cic.
1851 3957 1881 3985 in
1895 3954 1984 3984 Partit.
2000 3964 2042 3990 54.

2594 2264 2601 2276 v.

2476 3978 2564 4014 Animi
