2604 4222
190 161 258 196 534
627 140 902 179 ΕΒΑ

229 229 478 261 Moesticlamores.
499 226 618 260 Ovid.3.
631 223 699 254 Met.
712 231 775 259 447.
807 219 841 249 al.
863 217 998 248 Ululatus.

229 267 373 299 Nauticus.
396 266 466 302 Virg.
480 275 503 302 3.
516 266 577 294 AEn.
591 268 651 295 128·

230 305 382 336 Nefandus.
405 303 490 332 valer.
503 314 527 336 4-
542 303 637 343 Argon.
651 300 713 333 516.

230 344 327 374 Novus
337 343 440 371 clamor
450 340 558 369 accidit.
581 338 639 366 Lrv.
651 344 678 370 4.

231 381 411 419 Propinquus.
433 378 480 406 Sil.
495 376 544 405 lib.
561 384 600 409 13.
620 378 680 408 148.

323 416 486 452 Imperitans
496 412 630 442 violenter
639 418 710 446 equo
889 442 895 447 ὓ

325 455 454 483 Vicinum
464 451 517 480 sese
529 450 606 479 videt
615 470 622 482 ,
643 456 674 476 ac
685 445 805 488 clamore
817 450 983 480 propinquo.

233 493 346 529 Rapidis
357 490 523 519 clamoribus
531 487 625 515 urbem
636 488 764 524 exagitat.
787 481 853 510 Stat.
868 490 891 514 5.
907 477 997 507 Theb.
1009 479 1054 513 96.

233 531 343 566 Repens
354 529 456 557 clamor
467 523 652 562 quatitcaslra.
674 521 721 549 Sil.
735 519 782 561 lrb.
793 527 817 553 3.
830 525 894 546 221.
911 554 916 560 .
1270 547 1277 554 ⁸
1312 547 1319 553 .

232 567 361 597 Secundo
382 564 500 593 clamore
518 562 591 595 exit,
620 560 670 589 i.e.
694 557 835 599 Excitatur
855 553 971 584 voclbus
989 551 1160 587 multorum,
1179 547 1292 579 sublatis
1311 555 1340 576 m

249 605 325 641 spem
337 602 425 631 felicis
435 599 575 629 successus.
598 597 670 633 Virg.
686 605 709 630 5.
722 595 784 624 Hm.
793 602 858 629 491.

231 643 387 679 Supremus.
409 637 493 667 Ovid.
510 645 533 672 3.
547 635 622 664 Trist.
638 641 715 669 3.43.

309 677 369 707 Nec
380 674 509 704 mandata
519 673 591 702 dabo
601 673 614 700 ἶ)
635 680 688 700 nec
696 678 760 698 cum
771 667 890 696 clamore
902 665 1031 703 supremo

345 713 478 743 Labentes
489 711 584 740 oculos
596 709 700 738 condet
710 706 798 735 amica
807 706 925 734 manus‘?

229 752 341 782 Teneri.
362 751 430 780 Plin.
445 759 470 778 2.
484 748 564 785 Epist.
580 757 621 781 1⁴·
634 747 668 775 ad
682 744 875 786 Maximextr.

229 790 324 818 Varius
336 810 344 823 ,
366 789 382 817 i.
395 797 419 816 e.
442 785 583 815 Confusus.
607 784 703 814 Claud.
716 783 744 810 in
757 780 876 817 Epithal.
889 778 989 809 Pallan.
1003 779 1030 808 ἃ
1040 777 1150 808 Seram.

227 828 308 856 Aelus
323 825 488 854 clamoribus
501 823 615 860 magnis.
637 821 708 857 Virg.
725 829 751 849 2.
767 819 830 850 ffin.
844 823 905 853 128.

227 864 352 897 Adjicere
365 862 524 891 clamorem.
565 860 597 890 ln
623 867 788 893 AD51C10.

227 900 313 937 affligi
325 900 452 929 clamore.
493 899 524 928 ln
546 908 564 926 A
576 909 588 926 ιτ
600 908 612 926 1³
623 908 655 925 ιι
668 906 685 924 c
695 905 720 925 o.

226 937 415 967 circumsonat
424 936 513 966 hostes
526 935 639 965 clamor.
663 933 720 963 Liv.
734 941 758 969 3.
772 936 817 966 28.

225 975 363 1004 Consonat
374 974 484 1004 clamor.
525 974 555 1002 ln
576 982 617 1002 co
628 982 647 1000 N
657 982 668 1001 s
678 981 721 1000 oN
731 981 757 1000 o.

224 1013 295 1042 Dare
305 1012 461 1041 clamorem.
484 1010 555 1048 Virg.
566 1019 589 1045 3.
602 1010 662 1040 AEn.
679 1012 740 1044 566.

316 1050 370 1079 Ter
382 1048 486 1087 scopuli
496 1049 646 1078 clamorem
658 1048 728 1076 inter
737 1055 802 1075 cava
811 1044 873 1075 saxa
883 1043 997 1072 dedere.

221 1087 307 1117 Datus
316 1088 351 1117 ad
362 1089 427 1116 astra
437 1087 549 1116 clamor.
571 1085 618 1115 Sil.
633 1085 680 1114 lib.
695 1088 720 1113 6.

221 1125 311 1155 Edere
320 1125 468 1154 clamorem
480 1125 611 1159 majorem
624 1131 687 1152 cum
698 1120 890 1151 admiratione.
913 1118 972 1147 Cic.
983 1126 1007 1145 2.
1021 1115 1155 1145 deDivin.
1169 1123 1212 1148 ςο.

220 1162 333 1193 Efficere
345 1163 506 1191 clamorem.
546 1161 603 1191 Cic.
618 1170 641 1197 3.
654 1160 688 1196 Q
701 1160 761 1188 frat.
775 1169 796 1188 1.
820 1157 961 1186 Clamores
972 1154 1101 1190 efficiam,
1121 1154 1139 1182 si
1149 1161 1213 1182 eum
1222 1155 1333 1180 mecum

240 1200 362 1229 habuero
376 1200 503 1229 otiosum.

219 1237 370 1276 Erumpere
385 1237 472 1267 subito
486 1237 615 1266 clamore.
637 1235 709 1271 Virg.
728 1244 769 1264 11.
786 1233 847 1263 AEn.
860 1235 923 1267 609.
975 1268 981 1274 1
1005 1267 1011 1273 .
1188 1265 1193 1271 Π
1282 1265 1288 1270 .

218 1275 354 1313 Excipere
365 1275 485 1304 clamore
495 1274 623 1311 aliquem.
654 1272 709 1301 Cic.
726 1281 751 1308 7.
763 1271 836 1300 Verr.
847 1280 892 1304 94.
917 1269 1059 1311 Excipitur
1069 1267 1103 1295 ab
1118 1264 1248 1295 omnlbus
1263 1263 1333 1300 ejus·

237 1314 315 1342 modi
333 1313 468 1349 clamore,
489 1318 520 1342 ut
538 1313 563 1342 ei
584 1309 760 1348 Lampsaceni
781 1307 899 1347 periculi
919 1305 1073 1336 similitudo
1098 1303 1247 1335 versaretur
1265 1309 1329 1331 ante

216 1351 352 1426 Εὲἓῗὲὲῗε
363 1389 464 1418 teneris
474 1387 640 1417 clamoribus
650 1385 764 1422 aliquid.
787 1382 856 1412 Plin.
869 1391 895 1412 2.
907 1381 991 1420 Epist.
1005 1385 1126 1417 14.extr.
1144 1379 1179 1409 ad
1192 1378 1310 1408 Maxim.

216 1426 351 1465 Excipere
361 1427 509 1456 clamorem
520 1426 643 1461 alicujus.
666 1424 738 1460 Virg.
749 1433 773 1458 9.
787 1421 847 1464 AEn.
861 1431 904 1456 54.

310 1464 465 1494 Clamorem
476 1463 620 1500 excipiunt
629 1461 695 1491 socii
707 1483 714 1495 ‚
735 1461 902 1493 fremituque
913 1457 1071 1500 sequuntur.

216 1502 344 1532 Exoritur
354 1502 509 1538 clamorque
522 1502 629 1535 virum,
650 1499 816 1536 clangorque
827 1496 965 1526 tubarum.
987 1495 1058 1531 Virg.
1069 1502 1095 1524 2.
1109 1492 1171 1524 AEn.
1185 1497 1246 1529 313.

216 1539 349 1569 Fatiseere
359 1539 487 1569 clamore.
509 1539 575 1568 Stat.
587 1549 610 1574 ς.
624 1537 691 1566 Silv.
704 1547 728 1572 ς.
740 1546 785 1565 21.

215 1577 288 1608 Ferit
297 1587 378 1607 aurea
386 1577 469 1606 sidera
482 1576 594 1605 clamor.
617 1575 689 1611 Virg.
701 1583 727 1604 2.
742 1574 804 1604 AEn.
818 1577 883 1609 488.

214 1615 294 1645 Ferre
305 1616 456 1645 clamorem
467 1614 598 1643 adlitora.
621 1612 694 1649 Virg.
710 1622 732 1641 1.
747 1611 819 1640 Geor
839 1633 845 1639 .
859 1612 921 1644 362.
1282 1638 1285 1641 ,

213 1652 284 1683 Fieri
292 1652 455 1682 concursum
464 1652 497 1680 ad
509 1651 659 1681 clamorem
671 1650 797 1685 alicujus.
820 1621 884 1677 gLiv.
895 1646 943 1690 lib.
957 1653 981 1683 3.
990 1656 1037 1681 44.
1057 1645 1158 1689 Pavida
1172 1643 1265 1683 puella
1274 1643 1326 1673 stu-

233 1698 326 1733 pente,
337 1691 371 1720 ad
383 1690 532 1719 clamorem
544 1689 669 1723 nutricis,
681 1687 764 1717 fidem
775 1686 927 1723 Quiritium
936 1683 1121 1722 implorantis,
1129 1683 1159 1711 fit
1167 1681 1325 1726 concursus.

212 1727 257 1758 Fit
272 1738 336 1758 cum
353 1728 473 1757 clamore
489 1727 524 1756 ad
541 1726 659 1764 aliquem
675 1725 770 1755 locum
789 1722 937 1753 concursus
955 1729 1038 1758 atque
1055 1722 1187 1764 impetus
1228 1720 1287 1763 Crc3
1297 1729 1323 1755 7.

232 1766 308 1796 Verr.
321 1775 364 1801 93.
397 1766 492 1801 Quum
510 1765 607 1794 Praetor
618 1769 783 1800 quaereretur
796 1784 804 1797 ,
825 1763 851 1791 ὁὶ
866 1760 1003 1790 constaret
1015 1760 1040 1788 ei
1053 1768 1197 1788 neminem
1208 1756 1328 1789 nuntias}

233 1803 260 1833 se
272 1826 280 1839 ,
301 1803 331 1833 fit
339 1805 373 1833 ad
384 1804 498 1832 domum
509 1803 567 1838 ejus
578 1812 643 1831 cum
653 1801 773 1830 clamore
785 1797 934 1829 concursus
942 1806 1024 1834 atque
1033 1797 1166 1835 impetus.

211 1840 338 1871 Fremere
354 1851 453 1878 magno
463 1840 590 1869 clamore.
613 1839 684 1876 Virg.
696 1843 720 1868 6.
734 1837 796 1867 ffin.
810 1844 871 1874 175.

305 1879 374 1916 Ergo
386 1888 483 1908 omnes
491 1887 590 1913 magno
605 1877 712 1906 circum
726 1875 846 1905 clamore
857 1873 1020 1904 fremebant.

209 1916 390 1947 Fremendus.
414 1917 480 1946 Stat.
494 1925 534 1945 12.
545 1914 634 1944 Theb.
648 1924 711 1951 752.

210 1955 285 1984 Furit
299 1955 431 1992 undique.
453 1953 518 1983 Stat.
530 1957 554 1982 6.
570 1952 658 1982 Theb.
670 1956 734 1987 625.

208 1992 308 2060 {uetari
321 1992 441 2022 clamore
454 1991 645 2027 convicioque.
675 1989 707 2019 In
727 1998 768 2024 JA
780 1997 814 2017 cr
825 1997 854 2017 o.

223 2030 334 2059 nvolare
343 2039 407 2059 cum
419 2029 549 2058 clamore.
573 2028 601 2057 V.
624 2037 641 2057 c
652 2037 669 2056 u
680 2038 700 2056 M
715 2025 947 2065 praepositionem.

209 2067 330 2106 Implere
341 2067 462 2097 clamore
473 2067 567 2096 locum
577 2066 706 2102 aliquem.
730 2064 800 2101 Virg.
814 2075 840 2098 4.
854 2064 952 2100 Georg.
965 2065 1031 2098 460.

300 2106 334 2134 At
343 2105 442 2134 chorus
453 2104 563 2141 aequalis
575 2102 714 2140 Dryadum
725 2102 845 2132 clamore
858 2101 1003 2139 supremos

298 2143 452 2181 Implerunt
467 2148 584 2171 montes.
1109 2173 1115 2180 .

207 2180 326 2218 Implere
338 2180 444 2217 magnis
454 2179 620 2209 clamoribus
630 2178 749 2214 aliquem
758 2177 904 2205 hominum
916 2173 1320 2212 conseffum.V1rg.5.AEn.34o.

205 2219 337 2256 Inceprus
350 2218 454 2247 clamor
474 2218 610 2247 frustratur
620 2217 743 2251 hiantes,
766 2214 878 2252 Decipit
895 2213 1016 2243 clamore
1029 2213 1183 2250 cupientes.
1206 2213 1278 2250 Virg.
1293 2216 1320 2242 6.

281 2278 287 2285 0
358 2278 362 2283 .
437 2265 451 2282 V
497 2275 504 2282 ο

205 2257 360 2326 Ιῐζξὲηεῗέτῖε
372 2257 627 2327 εξεῖἱιηιῑυίὴηῑοῐσ,
657 2291 676 2321 i.
688 2301 712 2321 e.
733 2289 871 2327 Implere‚
892 2286 1173 2325 quanquamabufive.
1196 2286 1319 2325 Virg.10.

224 2332 286 2362 AEn.
300 2337 315 2365 8
357 2354 363 2360 .

298 2342 426 2398 cirimore
441 2367 594 2396 incendunt
607 2364 706 2395 caelum
716 2388 724 2401 ,
743 2364 884 2401 Troesque
895 2363 1050 2401 Latinique.

202 2405 334 2438 Incendit
343 2406 465 2436 clamore
476 2415 583 2434 nemus.
605 2404 671 2434 Stat.
687 2415 711 2439 5.
725 2403 815 2432 Theb.
829 2410 891 2440 553.

205 2445 363 2480 ingeminat
374 2444 484 2473 clamor.
510 2443 581 2479 Virg.
600 2453 623 2476 ς.
637 2441 699 2472 AEn.
716 2450 780 2477 2²7.

204 2483 313 2519 Insequi
327 2483 445 2512 clamore
455 2490 486 2510 ac
497 2480 588 2510 minis.
612 2479 642 2509 V.
665 2491 672 2507 1
685 2487 723 2508 Ns
734 2488 749 2507 rr
759 2488 803 2514 qu
812 2487 828 2507 o
838 2487 863 2508 R.

204 2520 359 2558 Insequitur
368 2519 479 2548 clamor.
502 2518 572 2555 Virg.
586 2527 608 2546 1.
622 2518 682 2547 AEn.
696 2526 741 2553 91.

286 2558 439 2594 Insequitur
449 2556 609 2591 clamorque
621 2555 708 2584 virum
719 2576 727 2590 ,
748 2553 900 2591 stridorque
909 2552 1069 2583 rudentum.

202 2596 364 2632 Integratus.
383 2595 449 2623 Stat.
462 2598 487 2623 6.
505 2593 595 2623 Theb.
607 2603 652 2628 42.

202 2633 228 2663 lt
245 2636 280 2662 ad
296 2633 349 2662 alta
364 2633 438 2661 atria.
462 2631 571 2668 Virg.4.
584 2630 645 2660 AEn.
656 2633 720 2665 663.

201 2670 340 2701 Lacefl'ere
353 2670 446 2699 lidera.
471 2668 519 2698 Sil.
530 2668 576 2698 lib.
593 2678 633 2701 17-
649 2673 711 2704 387.

201 2708 301 2738 Lenire
312 2708 470 2737 clamorem.
494 2706 559 2735 Hor.
575 2716 596 2735 1.
609 2706 699 2735 Carni.
710 2712 753 2741 ²7.
767 2711 794 2741 7.

201 2746 444 2782 Misceturzequor.
467 2744 538 2781 Virg.
550 2753 575 2779 4.
590 2743 651 2773 AEn.
663 2752 727 2778 410.

294 2783 463 2820 prospiceres
472 2791 532 2811 arce
541 2790 576 2810 ex
587 2780 692 2810 summa
703 2802 711 2814 ,
732 2785 879 2816 totumque
891 2777 998 2808 videres

295 2821 404 2850 Misceri
415 2826 477 2849 ante
487 2819 583 2849 oeulos
593 2819 675 2847 tantis
688 2817 853 2846 clamoribus
863 2825 964 2853 aequor.

201 2858 299 2890 Missus
308 2860 342 2888 ad
355 2858 440 2887 sidera
453 2857 498 2886 vul
519 2857 536 2886 i'.
556 2857 622 2885 Stat.
638 2865 678 2885 12.
691 2855 782 2884 Theb.
798 2863 860 2890 521.

200 2897 329 2934 Obstrepi
344 2895 473 2925 clamore.
518 2904 535 2923 n
555 2904 572 2923 o
583 2904 596 2922 a
606 2903 617 2923 s
626 2902 645 2922 *r
655 2903 673 2922 a
683 2903 697 2922 Ε
705 2902 754 2922 Po.

201 2935 298 2964 Oritur
309 2933 420 2963 clamor.
459 2933 491 2962 In
512 2942 529 2961 o
540 2942 555 2960 R
567 2942 574 2960 1
584 2941 601 2960 o
610 2941 635 2961 R.

199 2971 372 3002 Percrebruit
381 2972 452 3001 fama
461 2980 495 2999 ex
506 2969 635 2999 clamore.
676 2968 735 2997 Cic.
744 2969 768 2996 6.
781 2966 857 2996 Verr.
871 2976 916 3001 94.
938 2965 1047 2996 Interea
1057 2972 1092 2996 ex
1106 2964 1226 2996 clamore
1242 2967 1314 2998 fama

218 3017 278 3040 tota
292 3010 359 3039 urbe
370 3008 556 3046 percrebruit,
577 3006 731 3045 expugnari
742 3005 810 3035 deos
825 3004 937 3043 patrios.

198 3047 342 3077 Perfertur.
373 3047 404 3077 In
427 3056 440 3075 Ρ
450 3056 463 3075 Ε
473 3056 489 3075 R
499 3057 512 3074 r
522 3055 534 3074 rr
542 3055 559 3074 rt
569 3055 594 3074 0.

198 3085 324 3114 Pervenit
335 3085 368 3113 ad
379 3093 464 3114 aures.
486 3083 558 3120 Virg.
572 3093 596 3118 ⁹·
609 3082 671 3112 AEn.
683 3090 746 3116 395.

198 3122 341 3153 Personare
356 3123 428 3151 sestis
439 3120 614 3150 clamoribus.
656 3119 725 3148 l'lin.
736 3127 761 3147 2.
781 3117 863 3155 Epist.
878 3121 920 3154 ¹⁶7·
939 3115 974 3145 ad
985 3114 1095 3145 Gallum
1108 3136 1116 3151 ,
1137 3117 1233 3154 Quum
1252 3118 1315 3147 r‘eli-

218 3171 270 3197 qua
281 3170 341 3197 pars
354 3160 418 3189 teeti
430 3159 544 3188 licentia
557 3158 681 3193 dierum,
703 3155 828 3192 festisque
846 3154 1013 3184 clamoribus
1032 3154 1168 3191 personat.
1207 3155 1249 3185 De
1268 3156 1314 3186 Sa-

218 3197 372 3226 turnalibus
383 3197 513 3233 loquitur.
955 3228 960 3235 ¹

199 3234 293 3265 Petere
306 3236 399 3264 locum
408 3235 528 3270 aliquem
539 3232 659 3263 clamore
669 3253 677 3267 ,
698 3231 768 3260 Cum
779 3228 907 3259 clamore.
930 3228 1001 3267 Virg.
1014 3238 1036 3258 1.
1049 3228 1112 3259 AEn.
1126 3238 1189 3266 523.

390 3288 428 3293 ——
439 3272 546 3301 cunffis
555 3280 619 3300 nam
632 3269 696 3299 lee‘ti
707 3268 824 3298 navibus
835 3267 913 3297 ibant

291 3309 410 3340 Orantes
421 3310 531 3339 veniam
541 3331 548 3343 ,
571 3310 596 3338 &
607 3307 743 3343 templum
756 3305 877 3335 clamore
891 3303 1034 3341 petebant.

199 3346 322 3377 Premere
335 3347 494 3377 clamorem.
518 3346 603 3376 Ovid.
622 3355 644 3374 1.
660 3344 729 3374 Met.
744 3353 807 3380 ²07·

275 3384 417 3418 Substitit,
440 3395 471 3414 ac
484 3383 585 3422 pressus
593 3382 697 3412 clamor
706 3382 840 3416 gravitate
847 3380 984 3417 regentis,

276 3421 402 3459 ,luppiter
417 3423 469 3451 hoc
480 3423 577 3451 iterum
590 3421 715 3450 sermone
730 3419 835 3448 silentia
845 3419 927 3455 rupit.

199 3457 324 3488 Premere
339 3460 458 3489 clamore
473 3460 508 3488 ad
520 3459 586 3488 retia
595 3467 716 3488 cervum.
739 3457 810 3494 Virg.
825 3465 848 3492 3.
861 3456 959 3491 Georg.
972 3462 1017 3490 43.
1057 3451 1090 3483 V.
1113 3462 1153 3483 n
1163 3462 1178 3483 ι
1188 3463 1244 3484 ue.

198 3496 322 3526 Premere
331 3497 436 3526 cursum
446 3497 571 3526 animalis
580 3496 708 3525 clamore.
734 3493 804 3531 Virg.
819 3503 840 3523 1.
853 3493 914 3523 AEn.
931 3498 992 3529 328.

280 3537 330 3562 Aut
340 3534 490 3570 spumantis
503 3534 561 3571 apri
577 3533 683 3562 cursum
695 3532 815 3561 clamore
826 3536 1008 3569 prementem.

198 3569 407 3607 Profanmngno
417 3572 547 3600 clamore.
568 3571 614 3599 Silv
629 3570 676 3599 lib.
692 3579 804 3598 11.211.

198 3607 364 3637 Prosundere
374 3608 521 3638 clamorem
531 3608 717 3637 multitu-dinis
728 3607 882 3636 concitatae.
905 3605 962 3635 Cic.
976 3613 1025 3643 pto
1035 3603 1134 3634 Flacco
1152 3612 1195 3640 ις.

197 3645 322 3675 Profusus
333 3645 418 3674 sermo
432 3656 496 3675 curn
508 3645 636 3675 clamore.
664 3645 770 3674 Lucrct.
783 3644 830 3674 lib.
844 3656 869 3679 4.
890 3652 950 3679 543.

198 3681 348 3712 Provocare
373 3683 477 3712 holtem
508 3684 595 3713 feroci
617 3682 753 3718 elamore,
785 3683 812 3712 δε
834 3690 908 3711 nova
936 3679 1028 3719 proelia
1050 3678 1174 3717 poscere.
1194 3677 1243 3711 Sil.
1255 3678 1304 3710 lib.

220 3729 259 3756 ¹7-
277 3729 337 3754 5²¹·

197 3757 415 3793 Redintegratus.
437 3757 494 3786 Liv.
507 3768 531 3790 ‹1-
543 3763 587 3791 28.

196 3794 332 3824 Resonare
344 3794 470 3823 clamore.
494 3794 554 3823 Sen.
571 3795 648 3824 Herc.
661 3794 712 3824 fur.
728 3802 769 3823 12.

195 3832 315 3863 Resonat
325 3832 489 3860 clamoribus
500 3831 589 3860 aether.
612 3832 683 3868 Virg.
697 3842 720 3866 5.
733 3830 794 3860 AEn.
804 3835 868 3864 228.

196 3869 337 3899 Resultant
347 3869 466 3898 accensae
476 3868 595 3896 clamore
605 3869 684 3897 fores.
707 3870 772 3897 Stat.
782 3872 808 3897 6.
819 3867 909 3897 Theb.
923 3873 969 3904 43.

195 3907 341 3940 Resultant
349 3906 469 3936 clamore
480 3905 573 3942 pulsati
586 3905 678 3933 colles.
700 3905 771 3941 Virg.
784 3916 806 3939 ς.
825 3905 882 3934 ffin.
898 3915 958 3940 150.

387 3943 529 3981 —pulsati
538 3941 623 3972 colles
632 3942 751 3972 clamore
761 3942 901 3971 resultarit.

722 429 728 443 ,
746 406 890 444 postquam
903 401 1013 432 auribus
1024 399 1109 430 hostis

1870 130 1901 165 C
1999 130 2027 166 L
2118 131 2146 167 A

1429 208 1571 238 Revocare
1581 208 1698 246 aliquem
1716 218 1779 240 cum
1789 211 1919 241 clamore.
1941 211 2014 249 Virg.
2026 223 2048 246 ς.
2063 212 2124 242 AEn.
2136 216 2197 248 167.

1428 245 1495 275 Ruit
1506 247 1540 276 ad
1554 247 1682 288 aliquem,
1694 248 1789 284 Quum
1800 249 1837 278 est
1847 249 2021 279 turbulentus
2031 251 2057 279 ἃ
2071 249 2249 288 praefestinus.
2261 249 2379 287 Valet.3.
2391 251 2533 292 Argomffi,

1521 284 1611 313 Illicet
1621 285 1654 313 ad
1667 295 1757 323 regem
1769 286 1873 316 clamor
1885 288 1947 316 ruit.

1427 321 1550 350 Salutare
1566 322 1685 358 aliquam
1705 324 1847 360 regionem
1861 324 1924 353 lato
1946 324 2086 360 clamore,
2107 323 2297 361 Congratulari
2310 324 2431 356 clamore
2441 328 2536 359 adven.

1446 365 1505 388 tum
1518 360 1551 388 ad
1563 360 1647 388 illam.
1671 360 1741 397 Virg.
1756 370 1779 393 3.
1794 361 1856 391 AEn.
1868 371 1929 397 524.

1510 396 1613 425 Italiam
1631 397 1692 426 laeto
1703 398 1770 427 socii
1785 398 2039 428 clamoresalutant.

1426 433 1577 469 significari
1590 434 1691 471 aliquid
1703 435 1832 465 clamore.
1854 436 1912 466 Liv.
1924 436 1971 466 lib.
1989 446 2012 472 3.
2025 440 2071 471 28.

1427 470 1533 500 Sonant
1543 472 1663 501 clamore
1674 473 1732 502 viri.
1758 473 1843 503 Ovid.
1861 483 1902 503 11.
1917 474 1985 503 Met.
2001 483 2066 510 495.

1425 508 1516 545 Sopor
1529 509 1650 538 clamore
1663 509 1775 539 solutus.
1797 510 1881 540 Ovid.
1894 520 1918 546 3.
1934 511 2004 541 Met.
2017 516 2081 548 630.

1426 547 1668 575 Sublistitclamor.
1691 548 1774 577 Ovid.
1792 558 1814 577 r.
1832 549 1974 586 Met>2o7.

1425 583 1555 613 Sublatus
1566 584 1600 612 ad
1612 585 1711 614 aethera
1721 585 1825 615 elamor
1836 607 1844 621 ‚
1866 586 1965 623 Ingens
1977 586 2091 615 clamor.
2113 585 2186 623 Virg.
2198 594 2224 616 2.
2237 584 2297 617 AEn.
2312 593 2374 623 238.

1426 621 1539 651 Tollere
1551 622 1708 652 clamorem.
1745 623 1802 653 Liv.
1818 633 1841 659 3.
1858 629 1903 657 28.
1927 624 2083 653 Clamorem
2094 633 2191 653 omnes
2202 625 2392 661 tollerejubet.
2412 624 2536 660 Clamore

1446 658 1553 702 sublato
1564 681 1572 692 ,
1594 669 1657 689 ante
1669 661 1695 690 se
1706 670 1843 698 quemque
1853 662 1956 691 ducere
1970 661 2064 690 fossam
2076 682 2084 696 ,
2105 663 2131 691 Sc
2142 662 2232 697 jacere
2241 663 2343 692 vallum
2353 664 2438 699 jubet.

1426 695 1670 762 ‘’Igfllrturlclamor.
1707 698 1765 728 Cic.
1778 703 1804 728 6.
1825 699 1897 728 Verr.
1909 709 1954 735 94.
1977 698 2088 728 Clamor
2099 708 2115 728 a
2126 699 2257 737 vigilibus
2268 722 2277 737 ,
2295 701 2409 739 fanique
2422 701 2537 733 custodi.

1466 744 1496 763 us
1507 743 1535 762 to
1560 742 1620 764 itur.

1425 771 1548 800 Tollitur
1559 773 1586 800 in
1596 771 1704 802 caelum.
1724 773 1797 810 Virg.
1815 782 1857 803 11.
1871 774 1932 804 [En.
1943 781 2006 810 745.

1426 808 1558 838 Tonuere
1568 810 1631 839 feris
1642 811 1810 840 clamoribus
1823 812 1897 840 astra.
1918 812 1964 841 Sil.
1978 811 2027 840 lib.
2048 814 2090 841 16.
2104 821 2150 847 95.

1425 846 1546 876 Trahere
1556 847 1675 883 aliquem
1688 859 1787 885 magno
1800 850 1931 879 clamore.
1954 849 2027 886 Virg.
2042 859 2067 878 2.
2082 848 2144 878 AEn.
2162 854 2204 883 58·

1517 885 1589 914 Ecce
1604 895 1701 914 manus
1715 887 1845 922 juvenem
1862 889 1968 917 interea
1980 887 2041 924 post
2051 893 2125 923 terga
2139 888 2292 918 revinetum

1516 922 1636 952 Pastores
1646 933 1747 960 niagno
1758 925 1792 953 ad
1803 934 1896 961 regem
1904 924 2025 954 clamore
2036 924 2190 954 trahebant.

1423 958 1529 989 Vocare
1539 960 1668 990 clamore.
1695 962 1765 998 Virg.
1779 974 1803 996 4.
1817 963 1877 992 AEn.
1896 972 1958 998 303.

1516 998 1601 1034 Orgia
1611 1020 1619 1034 ,
1641 999 1845 1037 nocturnusque
1855 1007 1935 1029 vocat
1945 999 2066 1029 clamore
2081 1000 2232 1029 Cithaeron.

1422 1028 1529 1064 Vocare
1542 1037 1708 1066 clamoribus
1718 1037 1824 1067 hostem
1836 1060 1843 1071 .
1864 1038 2021 1068 Provocare.
2043 1038 2115 1075 Virg.
2127 1048 2154 1073 4.
2171 1038 2270 1075 Georg.
2281 1037 2326 1073 76.

1423 1073 1522 1102 Vocari
1534 1073 1655 1104 clamore
1665 1075 1698 1104 ad
1709 1074 1802 1105 locum
1813 1075 1942 1113 aliquem.
1985 1076 2056 1113 Virg.
2070 1085 2096 1105 2.
2109 1076 2168 1105 AEn.
2183 1084 2246 1112 437.
2269 1075 2412 1112 Clamore,
2431 1075 2534 1110 Bellica·

1442 1110 1555 1140 scilicet.
1577 1130 1581 1138 .
1598 1122 1625 1140 er
1647 1113 1652 1118 '
1692 1135 1698 1141 .

1382 1149 1405 1179 C
1417 1160 1433 1177 L
1441 1152 1457 1177 1⁷1
1468 1160 1487 1177 M
1496 1159 1524 1183 o,
1537 1112 1741 1185 [κρςρέξζιῖυβῗοάψ
1753 1147 1909 1186 κξαυγὲζω]
1929 1153 1984 1180 are.
2000 1161 2015 1180 a
2025 1151 2141 1180 nomine
2152 1150 2264 1180 Clamor
2275 1150 2442 1181 deductum:
2461 1154 2486 1182 &
2493 1154 2530 1187 eff

1421 1186 1580 1216 vociferari.
1602 1187 1666 1217 Ter.
1681 1187 1759 1217 Adel.
1775 1198 1797 1217 1.
1810 1198 1836 1218 2.
1852 1198 1894 1218 11.
1917 1188 2045 1218 Clamant
2054 1188 2460 1225 omnesindignislimefac‘tum
2468 1190 2532 1224 ell‘e.l
2582 1205 2583 1217 l

1421 1223 1478 1253 Cic.
1493 1235 1516 1259 ς.
1531 1227 1635 1254 Att.21.
1659 1225 1690 1255 [d
1704 1225 1822 1255 clamare
1832 1235 1933 1255 >omnes
1942 1227 1987 1263 qui
1998 1227 2113 1256 aderant
2123 1226 2193 1255 nihil
2205 1226 2397 1264 impudentius
2409 1249 2416 1261 ,
2431 1228 2482 1257 διε.

1420 1261 1562 1297 Clamare,
1584 1263 1734 1299 aliquando
1745 1273 1795 1301 pro
1808 1264 1906 1293 Dicere
1918 1264 2061 1302 accipitur.
2101 1264 2159 1293 Cic.
2173 1273 2198 1300 3.
2212 1264 2285 1294 Verr.
2302 1274 2363 1299 144.
2386 1264 2480 1301 Quum
2490 1272 2529 1295 tu..
2580 1270 2584 1291 l

1437 1306 1512 1329 tores
1530 1310 1550 1328 rr
1558 1310 1579 1329 s.
1600 1310 1643 1329 Lx
1655 1310 1671 1330 i:
1682 1311 1708 1330 x.
1723 1301 1846 1331 millibus
1861 1301 1889 1330 id
1900 1311 1971 1338 opus
1982 1324 1989 1337 ,
2008 1302 2044 1332 ad
2060 1302 2133 1331 illius
2143 1302 2265 1333 hominis
2285 1301 2445 1338 iniquissimi
2463 1303 2528 1334 arbi.
2580 1338 2581 1342 Ἰ

1437 1338 1521 1367 trium
1533 1337 1559 1367 se
1572 1338 1720 1368 effecturos
1731 1339 1784 1368 effe
1792 1339 1952 1369 clamarent.

1417 1374 1628 1412 Nonnunquam
1639 1376 1761 1405 Clamare
1771 1379 1795 1406 ἆ
1804 1377 1902 1406 Dicere
1912 1377 2051 1411 eleganter
2061 1382 2252 1415 opponuntur.
2291 1378 2350 1406 Cic.
2365 1386 2388 1406 1.
2398 1377 2471 1407 Verr.
2482 1384 2526 1414 48.
2580 1368 2581 1397 i
2596 1404 2599 1411 ,

1437 1413 1514 1450 Quid
1527 1414 1555 1442 in
1566 1414 1686 1443 dicendo
1698 1414 1781 1451 poffit
1792 1425 1935 1450 nunquam
1947 1415 2009 1444 satis
2021 1416 2128 1444 attendi
2140 1425 2148 1451 3
2171 1416 2200 1444 in
2212 1415 2360 1444 clamando
2370 1414 2483 1452 quidem
2491 1417 2527 1447 vi·
2578 1411 2579 1430 ³

1437 1452 1493 1480 deo
1504 1451 1582 1480 illum
1594 1451 1646 1481 ell'e
1658 1452 1728 1481 bene
1740 1452 1882 1481 robustum
1895 1460 1976 1489 atque
1992 1453 2186 1483 exercitatum.

1416 1488 1657 1519 Translationede
1668 1491 1773 1520 mari&
1786 1490 1906 1528 procella
1917 1491 2026 1520 dicitur.
2049 1490 2095 1520 Sil.
2106 1502 2132 1525 4.
2147 1494 2208 1526 526.

1508 1527 1630 1564 Spumea
1642 1527 1739 1557 saxosis
1756 1528 1858 1557 clamat
1876 1528 2049 1557 convallibus
2068 1529 2149 1558 unda.

1435 1571 1529 1594 manre
1542 1565 1674 1602 procella.
1706 1566 1782 1595 conf.
1804 1566 1947 1595 Montium
1959 1565 2080 1602 clamor,
2100 1567 2131 1595 in
2151 1575 2309 1596 culmos..

1415 1602 1525 1638 Aliquid
1540 1603 1677 1639 clamare,
1698 1603 1758 1632 Alta
1772 1613 1840 1633 voce
1852 1604 1984 1641 proi‘erre.
2004 1604 2052 1633 Sil.

1414 1640 1537 1669 Multum
1547 1641 1674 1670 clamare.
1697 1642 1779 1671 Ovid.
1791 1651 1816 1671 2.
1828 1642 1910 1679 Epist.
1922 1642 2015 1672 Sabin.
2030 1651 2075 1678 27.

1414 1677 1559 1713 Clamare,
1580 1678 1723 1708 contente
1739 1680 1840 1708 dicere.
1883 1679 1941 1709 Cic.
1961 1690 1983 1709 ι.
2001 1679 2036 1709 de
2054 1680 2113 1709 fin.
2128 1684 2170 1714 58.
2205 1679 2311 1709 Clamat
2330 1679 2483 1718 Epicurus,
2500 1680 2530 1716 i(

1433 1725 1516 1752 quem
1531 1725 1578 1745 vos
1589 1717 1672 1746 nimis
1684 1717 1870 1755 voluptatibus
1878 1718 1931 1746 elli:
1942 1718 2069 1746 deditum
2081 1717 2174 1746 dicitis
2187 1739 2195 1752 ,
2212 1720 2264 1747 ἃς.

2244 1527 2323 1558 Idem
2338 1534 2436 1566 9.517.
2469 1522 2526 1561 cla.
2576 1566 2577 1569 Ἰ

1414 1753 1558 1782 Clamabat
1575 1764 1658 1792 porro
1678 1754 1735 1793 ipse
1752 1755 1903 1792 Quintius,
1934 1754 1988 1785 sese
2007 1755 2113 1785 idcirco
2133 1755 2210 1785 nolle
2232 1754 2368 1786 satisdare.
2397 1755 2456 1786 Cic.
2474 1765 2531 1794 pro
2573 1797 2575 1802 Ι

1432 1792 1530 1826 Quint.
1545 1801 1588 1828 31.

1411 1828 1509 1858 Clamo
1520 1829 1737 1867 atqueobtestor.
1779 1830 1836 1860 Cic.
1848 1840 1898 1868 pro
1909 1830 2018 1860 Mureti.
2031 1835 2074 1866 78.
2095 1830 2168 1860 Tum
2181 1839 2248 1859 meae
2262 1831 2339 1867 pacis
2350 1852 2358 1866 ,
2380 1831 2440 1867 otii,
2461 1841 2523 1861 con·
2571 1859 2573 1863 .

1432 1868 1533 1897 cordiae
1544 1890 1551 1903 ,
1572 1867 1704 1898 libertatis
1715 1890 1722 1903 ,
1744 1867 1835 1898 salutis
1843 1890 1851 1905 ,
1873 1869 1935 1898 vita:
1949 1868 2073 1906 denique
2082 1869 2210 1898 omnium
2220 1869 2338 1898 vestrum
2348 1869 2426 1899 causa
2437 1870 2524 1900 facere
2570 1886 2572 1891 ›

1432 1904 1522 1934 clamo
1537 1914 1619 1941 atque
1630 1906 1761 1935 obtestor.

1412 1942 1539 1972 Clamare
1549 1944 1631 1972 alicui
1640 1944 1676 1973 de
1686 1945 1736 1973 via.
1775 1943 1840 1973 Ter.
1853 1944 1920 1973 And.
1933 1952 1957 1979 3.
1970 1952 1996 1973 2.
2012 1952 2054 1973 11.

1493 1980 1547 2010 Sed
1559 1981 1700 2019 postquam
1712 1981 1812 2019 egressa
1822 1982 1879 2017 est,
1900 1981 1954 2011 illis
1964 1991 2023 2019 quae
2032 1981 2094 2011 sunt
2105 1981 2196 2017 intus,
2217 1981 2317 2011 clamat
2326 1981 2361 2012 de
2374 1983 2427 2013 via.

1412 2016 1517 2056 Lingua
1529 2018 1639 2049 clamat.
1661 2020 1743 2049 Ovid.
1756 2029 1782 2049 2.
1796 2021 1885 2049 Amor.
1898 2024 1923 2049 6.
1937 2025 1983 2054 48.

1493 2056 1628 2086 Clamavit
1639 2059 1761 2087 moriens
1772 2057 1865 2095 lingua
1875 2079 1883 2092 ,
1904 2058 2026 2087 Corinna
2040 2057 2110 2087 vale.

1411 2090 1516 2123 Veritas
1526 2094 1581 2132 ipsa
1594 2095 1702 2124 clamat.
1743 2096 1800 2124 Cic.
1813 2107 1838 2129 4.
1851 2096 1886 2123 de
1898 2095 1956 2124 Fin.
1970 2106 1995 2132 9.
2019 2095 2119 2125 Sensus
2132 2095 2208 2123 enim
2223 2093 2354 2132 cujusque
2365 2117 2373 2128 ,
2394 2096 2522 2126 &natura
2532 2119 2548 2127 ,
2565 2096 2568 2132 Ῐ
2583 2109 2593 2126 0.

1430 2140 1616 2168 rerum,atque
1628 2133 1684 2170 ipsa
1696 2134 1794 2163 veritas
1803 2132 1939 2162 clamabat
1949 2133 2156 2168 quodammodo
2167 2143 2223 2161 non
2232 2132 2306 2170 posse
2317 2133 2461 2164 adduci.ut
2471 2136 2519 2164 &c-
2566 2150 2567 2155 ¹
2592 2142 2593 2147 ¹

1411 2168 1510 2199 Virtus.
1554 2170 1611 2200 Cic.
1622 2181 1646 2200 2.
1661 2171 1696 2199 de
1705 2171 1725 2200 ‘F
1729 2172 1765 2200 in.
1779 2174 1823 2207 ⁶5-
1845 2172 1882 2200 de
1894 2171 1932 2200 M.
1947 2171 2071 2208 Regulo,
2092 2170 2202 2201 Clamat
2212 2171 2296 2202 virtus
2304 2171 2455 2202 beatiorem
2463 2171 2520 2203 furfa

1430 2206 1457 2236 se
1471 2229 1479 2242 ,
1500 2218 1583 2244 quam
1595 2215 1738 2246 potantem
1750 2209 1778 2237 in
1789 2208 1847 2238 rosa
1857 2208 2003 2238 Thorium.

1410 2244 1553 2280 Clamare,
1575 2246 1738 2276 translatum
1753 2248 1787 2276 ad
1800 2247 1959 2276 inanimata.
1981 2241 2071 2276 Catili„
2088 2249 2112 2276 6.
2123 2249 2150 2283 7.

1491 2282 1561 2313 Nam
1572 2289 1599 2313 te
1610 2294 1666 2313 non
1677 2285 1773 2314 viduas
1783 2285 1873 2320 jacere
1883 2286 1978 2313 noctes

1491 2321 1681 2358 Nequicquam
1692 2323 1808 2351 tacitum
1823 2322 1914 2351 cubile
1927 2322 2036 2351 clamat.
2118 2321 2293 2351 Oxvmoron.

2563 2213 2565 2246 l

1410 2358 1544 2394 Clamare,
1565 2370 1615 2397 pro
1628 2360 1776 2397 Conqueri.
1815 2360 1879 2389 Ter.
1891 2360 1967 2390 Adel.
1977 2368 2001 2396 3.
2014 2369 2039 2395 3.
2049 2362 2094 2388 26.
2115 2353 2190 2389 Mihi
2202 2359 2316 2396 quidem
2328 2369 2386 2389 non
2395 2359 2516 2400 placent}
2560 2347 2570 2385 κ’

1429 2398 1455 2426 6:
1467 2397 1558 2426 clamo
1567 2397 1645 2435 saepe.
1685 2399 1701 2434 [

1410 2433 1573 2464 contestans
1585 2436 1651 2465 deos
1661 2435 1861 2472 hominesque,
1882 2436 2000 2465 clamare
2012 2435 2107 2472 coepit.
2130 2434 2188 2464 Cic.
2205 2438 2231 2464 6.
2251 2434 2326 2465 Verr.
2340 2438 2384 2472 67.

1409 2471 1452 2501 De
1468 2482 1497 2501 re
1508 2473 1599 2510 aliqua
1618 2474 1743 2503 clamare.
1785 2473 1842 2503 Cic.
1857 2483 1881 2510 7.
1904 2474 1978 2503 Verr.
1994 2482 2036 2509 17.
2067 2473 2165 2509 Quum
2182 2474 2318 2509 maxime,
2340 2480 2370 2503 ut
2387 2473 2465 2510 ditzo,
2484 2473 2518 2504 de

1428 2512 1548 2546 pecunia
1557 2511 1705 2546 clamaret,
1726 2513 1755 2540 in
1767 2512 1878 2540 vincula
1890 2512 2032 2548 conjeerus
2042 2510 2088 2540 est.

1410 2547 1506 2577 Civem
1516 2548 1542 2577 se
1553 2548 1672 2578 clamare
1683 2549 1848 2579 Romanum.
1890 2549 1947 2579 Cic.
1960 2559 1986 2585 7.
2005 2548 2077 2578 Verr.
2090 2557 2130 2578 12·
2161 2548 2258 2585 Quum
2276 2549 2299 2579 is
2318 2549 2365 2586 qui
2385 2548 2412 2579 se
2430 2549 2516 2581 civem·

1429 2585 1586 2616 Romanum
1596 2587 1649 2616 effe
1660 2587 1807 2623 clamaret,
1827 2588 1856 2616 in
1868 2597 1980 2617 crucem
1990 2593 2124 2624 ageretur.

1409 2622 1537 2652 Clamare
1548 2625 1591 2654 ad.
1615 2624 1703 2653 Catul.
1719 2629 1763 2659 65.
1779 2635 1819 2661 14.

1502 2662 1539 2690 Ad
1550 2671 1596 2691 me
1609 2672 1707 2692 omnes
1719 2662 1857 2697 clamant,
1880 2663 1960 2697 janua
1971 2660 2051 2699 culpa
2059 2666 2106 2690 tua
2117 2661 2163 2690 est.

1408 2696 1450 2727 Ad
1460 2698 1550 2729 surdas
1562 2700 1648 2730 undas
1658 2700 1784 2730 clamare.
1807 2700 1891 2730 Ovid.
1907 2699 1985 2729 Rem.
2000 2702 2090 2734 Amor,
2108 2708 2170 2736 597.
2452 2729 2457 2733 ,

1408 2736 1534 2803 Clarlnalrrkt>
1542 2738 1662 2775 aliquem
1673 2739 1760 2768 active
1773 2747 1823 2776 pro
1835 2738 1948 2768 Vocare.
1968 2736 2050 2766 Unde
2059 2758 2067 2773 ,
2089 2736 2229 2767 Clamatus
2239 2737 2357 2768 conviva
2365 2734 2514 2776 apudMar·

1409 2780 1482 2810 tra.
1508 2785 1639 2811 r.1.50.

1407 2811 1535 2841 Clamare
1543 2813 1672 2849 aliquem.
1696 2814 1766 2851 Virg.
1778 2817 1805 2843 6.
1823 2812 1880 2843 Ecl.
1893 2823 1938 2849 44.

1406 2849 1532 2879 Clamare
1543 2861 1633 2888 aquas.
1656 2851 1777 2889 propert.
1789 2863 1815 2887 4.
1828 2858 1854 2885 8.
1869 2857 1910 2886 58.
1933 2851 1951 2880 i.
1963 2859 1986 2879 e.
2009 2849 2080 2879 Cum
2092 2849 2213 2880 clamore
2228 2849 2350 2888 poscere.

1405 2887 1456 2917 Per
1468 2889 1542 2917 vices
1559 2890 1678 2921 clamare
1689 2890 1774 2919 modo
1784 2890 1837 2919 hoc
1849 2911 1856 2924 ,
1877 2890 1963 2918 modo
1973 2887 2041 2917 illud
2054 2897 2166 2918 nomen.
2197 2888 2283 2918 Ovid.
2294 2899 2321 2924 4.
2336 2888 2403 2919 Fast.
2415 2893 2477 2926 483⁸

1405 2925 1532 2955 Clamare
1543 2929 1656 2956 nomine
1665 2928 1795 2965 aliquem.
1818 2927 1887 2963 Virg.
1901 2937 1926 2961 4.
1938 2927 1998 2956 ffin.
2008 2931 2072 2963 674.

1499 2963 1548 2993 Per
1565 2966 1675 2994 medios
1686 2966 1757 3000 ruit,
1779 2975 1810 2994 ac
1821 2965 1986 2994 morientem
1998 2964 2111 2993 nomine
2122 2962 2233 2992 clamat.

1404 2999 1518 3031 Nomen
1531 3002 1648 3037 alicujus
1665 3011 1789 3032 extremo
1803 3003 1917 3040 pulvere
1936 3002 2055 3031 clamare
2066 3023 2074 3036 ,
2095 3001 2134 3030 est
2149 3000 2346 3036 Conclamare,
2368 3001 2394 3032 &
2405 3000 2510 3031 mortu&

1425 3045 1579 3069 extremum
1589 3040 1647 3069 vale
1659 3041 1760 3070 dicere.
1785 3041 1904 3078 Propert.
1918 3040 1964 3069 lib.
1981 3049 2002 3068 1.
2018 3047 2058 3076 17.
2072 3047 2116 3074 23.

1405 3076 1530 3106 Clamare
1540 3100 1548 3112 ,
1570 3078 1626 3107 sine
1638 3077 1721 3107 verbo
1731 3101 1739 3114 ,
1763 3078 1954 3107 historicorum
1964 3086 2041 3106 more
2049 3076 2124 3114 apud
2137 3076 2302 3106 Ciceronem
2317 3076 2352 3106 ad
2364 3087 2388 3113 ς.
2401 3076 2453 3106 Att.
2465 3078 2506 3110 ἰιι

1424 3115 1523 3144 Refero
1535 3115 1569 3144 ad
1582 3116 1742 3153 Scaptium:
1765 3116 1851 3145 homo
1866 3116 1992 3145 clamare.

1367 3153 1389 3182 C
1399 3164 1414 3181 L
1425 3163 1442 3182 A
1452 3164 1472 3181 u
1484 3162 1502 3182 A
1511 3163 1550 3182 NS
1562 3175 1569 3188 ‚
1591 3151 1728 3190 [κρᾴζων]
1751 3154 1845 3183 Partic.
1868 3159 1898 3183 ut
1908 3175 1916 3188 ‚
1938 3153 1978 3182 Os
1989 3152 2117 3181 clamans.
2137 3151 2221 3182 ovid.
2232 3157 2257 3185 8.
2278 3151 2346 3181 Met.
2359 3160 2422 3188 ²²9·

1366 3190 1389 3220 C
1399 3202 1415 3220 r.
1426 3200 1444 3219 Α
1453 3201 1473 3219 Μ
1483 3194 1498 3219 Κ
1509 3201 1527 3219 Τ
1536 3201 1552 3219 υ
1562 3201 1573 3220 s
1587 3213 1594 3225 ,
1616 3191 1692 3220 aliud
1703 3191 1799 3221 Partic.
1823 3187 2050 3227 [κεκεφγμᾙῢ]
2070 3189 2155 3218 Ovid.
2166 3198 2192 3218 2.
2204 3189 2273 3219 Met.
2286 3198 2350 3226 423·

1483 3228 1584 3265 Aspicit
1598 3229 1670 3258 hunc
1681 3251 1689 3265 ,
1711 3230 1848 3266 visamque
1862 3236 1959 3262 vocat,
1980 3227 2098 3256 clamata
2108 3226 2216 3265 refugit.

1403 3264 1557 3296 Ululatibus
1569 3266 1710 3296 clamatus.
1733 3268 1799 3296 Stat.
1810 3277 1835 3302 9.
1847 3265 1937 3296 Theb.
1950 3274 1981 3301 43
1988 3277 2014 3300 4.

1494 3303 1544 3333 ule
1555 3312 1606 3341 ego
1617 3304 1750 3334 clamatus
1760 3305 1838 3334 sacris
1852 3303 2003 3334 ululatibus
2013 3304 2111 3333 amnis.

1366 3340 1389 3370 C
1398 3351 1413 3369 r.
1424 3351 1441 3369 A
1453 3352 1472 3369 M
1482 3345 1498 3370 Ᾰ
1508 3350 1527 3369 Τ
1536 3352 1553 3370 o
1563 3352 1580 3370 11
1591 3364 1598 3377 ,
1621 3343 1684 3371 oris.
1708 3353 1744 3372 m.
1767 3342 1902 3378 [nepes-³15]
1923 3342 1979 3378 Qui
1990 3340 2097 3371 clamat.
2119 3340 2179 3370 Cic.
2191 3347 2215 3375 3.
2229 3339 2264 3368 de
2276 3339 2399 3376 Orat.78.
2420 3337 2504 3376 Qum

1402 3387 1528 3408 coracem
1540 3380 1618 3408 illum
1627 3379 1742 3409 vestrum
1754 3380 1890 3417 patiamur
1902 3389 1951 3407 nos
1962 3379 2075 3416 quidem
2087 3378 2178 3416 pullos
2188 3378 2250 3407 suos
2261 3376 2409 3407 excludere
2425 3377 2453 3406 in
2467 3374 2504 3405 hi·

1403 3417 1440 3444 do
1451 3438 1459 3451 ,
1481 3418 1526 3452 qui
1540 3417 1654 3446 evolent
1663 3417 1827 3447 clamatores
1839 3417 1926 3445 odiosi
1936 3427 1967 3445 ac
1976 3416 2091 3445 inolesti.

1401 3453 1554 3489 Clamator,
1577 3455 1734 3491 Quivocat.
1756 3454 1873 3486 Martial.
1887 3454 1933 3483 lib.
1950 3464 1989 3483 12.
2006 3457 2051 3483 26.

1482 3492 1542 3521 Nec
1550 3495 1628 3522 venit
1636 3492 1734 3523 ablatis
1743 3492 1874 3521 clamator
1885 3501 1968 3521 verna
1977 3490 2092 3520 lucernis
2100 3512 2108 3524 ,
2124 3491 2175 3519 ἃς.

1361 3527 1385 3559 C
1394 3539 1409 3556 L
1419 3538 1435 3557 Α
1445 3538 1465 3557 M
1476 3540 1494 3558 A
1506 3539 1526 3558 'r
1538 3540 1555 3558 o
1566 3540 1581 3558 n
1594 3541 1601 3558 1
1614 3540 1630 3559 u
1641 3540 1652 3559 s
1662 3552 1669 3564 ,
1692 3531 1749 3565 lldj.
1773 3526 1947 3565 [ueywnoe‘s]
1967 3535 2015 3564 ut,
2036 3528 2201 3558 Clamatoria
2215 3527 2273 3558 avis
2283 3548 2292 3563 ,
2313 3536 2373 3564 quae
2386 3536 2401 3556 a
2410 3523 2504 3555 Labec-

1398 3576 1433 3595 ne
1444 3566 1623 3596 Prohibitoria
1635 3568 1745 3598 dicitur.
1772 3567 1838 3597 Plin.
1854 3567 1900 3595 lib.
1919 3577 1959 3595 10.
1972 3576 2032 3604 cap.
2047 3575 2090 3602 14.

1398 3604 1594 3634 clamatorium
1609 3615 1704 3642 genus.
1726 3605 1783 3634 Cic.
1799 3614 1820 3641 3.
1836 3605 1871 3640 Q.
1885 3604 1942 3633 frat.
1962 3613 1986 3640 3.

1359 3641 1405 3670 Cr.
1414 3651 1433 3670 A
1444 3644 1511 3672 Μῑτ
1520 3652 1537 3671 o
1548 3664 1556 3678 ‚
1578 3640 1754 3679 [χάζομαι]
1775 3646 1828 3672 are.
1851 3643 1987 3679 frequent.
2008 3641 2072 3671 Ter.
2086 3640 2156 3670 And.
2174 3642 2292 3675 4619.

1489 3715 1537 3746 Me
1548 3680 1944 3755 sycophantanffissrlggiiiiigii
1956 3716 2089 3754 persequi.
2183 3714 2272 3744 Cic.2.
2285 3712 2365 3743 Tusc.
2377 3714 2419 3742 ⁶0.
2431 3709 2498 3740 Nam

1710 2408 1759 2442 pro
1775 2399 1929 2436 composito
1944 2397 2086 2427 Reclamo.

1395 3763 1481 3789 quum
1493 3764 1527 3784 ex
1538 3755 1651 3785 renibus
1663 3755 1806 3791 laboraret,
1818 3755 1877 3793 ipso
1886 3756 1915 3784 in
1925 3754 2030 3791 eJulatu
2040 3751 2209 3788 clamitabat,
2221 3750 2285 3781 falsa
2296 3750 2348 3782 effe
2359 3758 2416 3787 quae
2426 3752 2498 3778 antefl
2533 3750 2535 3780 i

1396 3792 1432 3820 de
1444 3791 1540 3821 dolore
1552 3792 1669 3822 senliil'et
1683 3792 1749 3830 ipse.

1395 3828 1543 3859 Clamitare
1556 3852 1563 3863 .
1584 3831 1732 3868 Conqueri.
1754 3830 1818 3859 Ter.
1834 3829 1902 3858 And.
1920 3838 1941 3857 1.
1958 3838 1980 3858 1.
1999 3838 2060 3864 117.

1491 3867 1711 3896 venirem-emes
1720 3867 1850 3905 postridie
1862 3867 1895 3895 ad
1909 3876 1953 3895 me
1964 3866 2124 3901 clamitans,

1487 3903 1636 3941 Indignum
1647 3906 1753 3934 facinus
1764 3904 1925 3941 conrperille
1943 3905 1994 3932 Sto.
2423 3933 2429 3940 ,

1392 3939 1542 3973 clamitare
1555 3943 1663 3979 active,
1683 3942 1772 3973 Plaut.
1790 3942 1883 3972 Pseud.
1901 3952 1923 3977 ς.
1941 3951 1964 3971 ι.
1976 3950 2021 3976 ²9·
2044 3938 2266 3974 Clarnitantme‚
2289 3942 2318 3967 ut
2338 3938 2478 3967 reveniam·

2398 3968 2494 4002 caricas
2530 3975 2531 3978 ¹

2552 2532 2604 2583 1,.

2556 2607 2604 2634 ll

2551 2720 2555 2793 i
2603 2776 2604 2791 2

2552 2800 2553 2825 1
2602 2807 2604 2829 l

2550 2849 2553 2880 Ἰ
2595 2837 2604 2868 D

2549 2875 2604 2926 {Tr

2549 2935 2551 2954 J
2593 2925 2600 2944 l!

2544 2954 2604 3054 {si

2545 3061 2604 3128 *iu

2545 3134 2547 3145 1
2588 3105 2603 3137 Ge

2544 3171 2547 3204 l
2587 3182 2603 3211 cir

2586 3219 2604 3249 lu
