2600 4177
421 176 449 210 C
546 178 572 211 A
672 178 703 211 D

41 254 115 283 nioN
137 255 251 285 cadmia
267 256 331 284 este
346 255 476 293 Botryitis
495 267 604 294 genere.
646 259 745 296 Neque
762 261 837 289 enim
862 263 963 293 mirum
982 264 1035 294 else
1060 267 1162 302 debet,

44 293 117 327 quod
129 293 243 322 cremia
255 294 367 329 proprio
380 295 474 323 amiii'o
485 297 600 325 nomine
610 318 617 329 ,
641 298 667 325 in
682 298 877 337 Pompholygis
888 301 980 331 locum
994 302 1147 334 succell'erit
1157 328 1164 339 ,

2 338 4 370 i
45 339 129 366 quum
140 332 221 359 eriam
239 331 406 360 Dioscoridis
416 339 542 369 tempori·
554 335 647 371 Spnzlii
661 335 722 364 1000
735 344 877 366 uterentur
887 341 996 369 medici-

3 366 129 396 ¹Cmmts
143 366 422 404 saassfccaJigenoris
433 371 458 399 &
473 371 601 407 ‘lgrinpcs
614 372 695 406 lilius,
709 373 801 403 missus
811 386 824 403 a
838 384 913 412 parre
922 379 955 406 ad
968 379 1164 415 inquirendam

3 418 5 437 ;
45 404 182 441 Europam
195 414 209 433 a
219 405 287 439 Jove
299 414 412 442 raptam,
428 407 565 446 iussusque
578 409 632 438 line
644 410 689 438 illa
701 420 758 439 non
771 413 870 442 redire.
884 424 917 443 ex
929 415 1056 444 refronsu
1069 416 1164 452 sequu-

3 446 5 476 2'
30 448 88 471 *tus
105 443 205 471 bovem
220 464 227 475 ,
249 442 386 472 Boeotiam
408 444 454 474 ubi
476 447 615 481 constitit,
638 448 780 484 regionem
801 453 924 481 voetnvit:
947 427 1112 490 'l'liebusque
1131 464 1165 483 ei:

45 480 158 508 nomine
168 479 358 517 AEgyptiarum
370 481 529 512 Thebarum
542 506 549 516 .
572 485 646 513 unde
658 486 793 521 originem
810 488 919 526 habuit,
941 492 1083 520 civitatem
1101 501 1168 519 con-

45 517 124 545 didit.
167 518 262 546 Socios
272 518 382 555 iusuper
392 530 476 556 quum
486 521 593 550 vidili'et
604 532 617 550 3
629 523 749 553 dracone
758 525 917 563 absumptos
927 550 934 563 ,
955 530 1013 564 ejus
1030 530 1167 558 interfecii

45 554 142 584 dentes
152 554 233 589 sevit,
255 566 290 584 ex
304 557 405 593 quibus
417 559 468 586 orti
482 558 508 588 se
518 560 622 589 mutuis
634 561 794 591 vulneribus
803 566 997 595 conrbderunt.
1040 567 1168 601 111101110-

45 591 109 622 dem
120 591 153 621 ab
166 593 321 630 Amphione
332 597 356 624 ὸὶ
370 595 461 624 Zetho
472 596 566 634 pulsus
580 598 608 627 in
623 598 761 635 Illyricum
773 600 886 631 secellit.
912 604 1117 634 Nobilissimum
1137 605 1169 633 il·

44 629 97 659 lius
111 640 181 667 opus
193 632 694 665 01101νο011011110131111116111503111111
704 658 711 672 ,
734 647 801 674 quas
811 649 826 667 e
841 639 981 671 Phoenicia
991 642 1165 679 νο11Ε1ῑγρ10

44 668 129 697 fertur
139 668 264 697 attulisse.
303 669 333 699 V.
357 670 461 701 Fabric.
477 672 546 702 Bibl.
562 673 608 703 Gr.
623 683 644 703 1.
659 683 703 710 23.
719 684 746 704 2.
764 686 791 713 p.
810 686 869 714 147.
891 679 938 708 ubi
957 681 1043 709 etiam
1061 681 1097 709 de
1106 681 1167 709 31113

45 705 164 735 Cadmis.
181 706 320 735 DeCadmi
331 708 480 746 alphabeto
490 711 680 748 Spanhem.de
690 712 739 742 usu
748 715 774 743 &
785 715 975 752 pr.Num.ant.
988 717 1050 746 Diss'.
1058 728 1081 747 2.
1090 724 1167 756 p.81.

44 744 126 773 Soror
137 743 242 773 Cadmi.
265 745 384 781 Ovid.4.
398 747 433 776 de
444 747 520 777 Pont.
534 760 577 785 ςς.
611 751 629 779 1.
643 760 667 780 0.
687 750 799 789 Europa
815 759 900 789 terra,
922 755 1022 785 audaci
1034 755 1130 793 figura.

45 780 156 811 Nobilis
171 781 300 811 Cadmus.
323 784 387 813 Sen.
400 785 483 815 Herc.
500 786 551 816 fur.
564 798 590 822 4.

46 819 164 848 Cadmus
175 841 182 854 ,
205 820 327 851 Milelius
340 821 486 853 Pandionis
494 823 567 854 filius
577 847 585 860 ,
607 824 694 862 paulo
706 826 765 864 post
779 827 926 865 Orpheum
936 852 943 864 ,
966 831 1071 868 primus
1085 830 1170 868 scrip-

63 857 94 886 fit
108 857 247 886 historiam
265 859 300 887 de
322 859 422 889 Mileto
435 883 442 895 ,
465 871 497 891 ac
513 863 599 892 totius
618 862 703 893 Ioniae
724 865 838 901 regione
853 888 861 901 ,
884 866 959 897 libris
979 876 1102 905 quatuor.
1127 869 1169 898 De

63 894 171 924 Cadmo
190 895 299 925 Milesio
321 898 356 927 sic
373 897 466 928 scribit
486 899 555 929 Plin.
571 900 618 930 lib.
635 911 657 935 ς.
676 910 736 940 cap.
753 912 798 938 29.
838 904 954 935 Miletus
968 906 1052 936 Ioniae
1065 915 1148 944 caput
1160 929 1169 942 ‚

63 932 187 970 Lelegeis
206 941 270 963 ante
290 937 316 964 Sc
334 935 440 973 Pityusa
459 939 485 967 &
504 939 648 968 Anactoria
661 940 804 970 nominata
816 962 823 975 ‚
845 941 926 980 super
943 953 986 973 Lx
998 953 1042 973 xx
1057 944 1170 974 urbium

62 979 113 1008 per
124 973 224 1001 01111013
235 973 320 1002 maria
338 975 486 1011 genetrix:
514 985 566 1005 nec
587 975 740 1006 fraudanda
760 980 821 1007 cive
841 979 970 1017 Cadmo,
994 982 1041 1019 qui
1064 984 1170 1020 primus

64 1007 171 1046 prosam
183 1011 338 1040 orationem
349 1012 470 1042 condere
479 1013 603 1043 instituit.
633 1014 761 1045 Eundem
771 1018 797 1046 <Sc
810 1017 955 1049 Historiam
967 1021 1089 1057 primum
1103 1031 1170 1050 con-

63 1046 160 1075 didisse
172 1046 222 1084 l.7.
238 1057 262 1077 c.
277 1052 319 1083 56.
338 1048 440 1080 scribit.
471 1050 500 1080 V.
526 1051 635 1081 Salmas
651 1053 769 1083 Exercit.
788 1055 902 1085 Plinian.
924 1067 951 1095 p.
964 1068 1026 1092 590.
1049 1057 1119 1088 voff.
1135 1059 1171 1088 de

64 1083 130 1113 Hist.
147 1084 193 1115 Gr.
210 1095 232 1114 1.
250 1096 272 1114 r.
288 1087 314 1116 &
328 1086 346 1116 l.
362 1096 385 1123 3.
400 1088 429 1117 in
447 1088 478 1118 C.
489 1090 550 1124 &4-
565 1099 587 1119 1.
599 1090 647 1119 ubi
658 1091 728 1120 duos
736 1092 814 1121 fuisse
826 1094 954 1124 docetex
967 1095 1061 1125 Suida.

46 1121 182 1156 Cadmus,
206 1122 348 1153 carnificis
364 1126 543 1156 crudelissimi
555 1137 659 1157 nomen
672 1130 710 1158 est
720 1131 795 1168 apud
809 1131 875 1162 Hor.
890 1142 914 1163 1.
929 1133 1016 1163 Serm.
1036 1137 1062 1163 6.
1075 1142 1118 1170 39.

136 1159 219 1190 Tune
229 1162 298 1199 Syri,
319 1162 430 1199 Damae,
452 1171 499 1194 aut
509 1164 628 1203 Dionysi
640 1166 712 1196 filius
720 1169 806 1197 audes

135 1197 264 1234 Dejicere
274 1210 289 1228 e
300 1199 365 1229 saxo
379 1202 454 1232 cives
467 1225 475 1237 ,
497 1211 543 1233 aut
561 1204 670 1233 tradere
681 1204 810 1235 Cadmo‘.>

935 1218 1000 1238 uem
1013 1208 1109 1239 locum
1123 1218 1171 1239 ex-

63 1234 173 1302 plicans
187 1236 351 1267 Scholiastes
373 1240 504 1277 antiquus
513 1264 520 1275 ,
543 1241 666 1272 Cadmus
675 1265 683 1278 ,
712 1244 804 1281 inquit
817 1267 826 1281 ,
858 1208 959 1276 111εὲ11
980 1257 1015 1276 eo
1041 1254 1171 1286 tempore

51 1291 55 1294 ⁴
76 1272 141 1303 1111ΐο
149 1275 272 1305 carnifex
284 1298 292 1310 ,
314 1283 389 1306 notae
402 1279 583 1309 crudelitatis.
1126 1286 1132 1293 Χ

46 1311 167 1342 Cadmus
178 1335 186 1348 ,
208 1312 314 1343 Montis
326 1324 429 1344 nomen
442 1316 471 1346 in
484 1317 541 1347 Asia
552 1318 586 1347 ad
598 1317 767 1349 Laodiceam
778 1320 990 1352 celeberrimam
1003 1323 1147 1353 civitatem
1160 1345 1169 1359 ,

63 1359 99 1380 ex
109 1360 162 1388 quo
173 1358 269 1382 monte
278 1351 368 1390 Lycus
378 1355 468 1384 amnis
480 1355 550 1385 fluit.
573 1357 706 1386 Auctores
717 1358 815 1387 Strabo
828 1359 876 1390 lib.
892 1370 934 1390 12.
951 1362 978 1390 &
993 1361 1061 1391 Plin.
1074 1360 1121 1391 lib.
1139 1372 1163 1398 ς.

65 1397 126 1426 cap.
140 1398 184 1423 ²9-

14 1425 91 1456 CAn
99 1437 121 1456 M
130 1428 192 1456 ἓῑσ
201 1437 214 1457 3
224 1449 232 1462 ,
254 1438 269 1457 a
281 1450 289 1463 ,
311 1438 367 1459 um.
389 1435 420 1459 ut
432 1452 439 1465 ,
459 1430 563 1461 AEmon
572 1431 734 1464 Cadmeius.
754 1433 823 1464 Stat.
837 1440 863 1470 8.
881 1435 973 1466 Theb.
992 1446 1054 1474 519.

199 1466 334 1497 —levius
346 1467 497 1499 Cadmeius
509 1469 611 1500 AEmon
621 1492 630 1507 ,

106 1502 174 1532 Tela
185 1510 266 1534 rotat.

16 1538 230 1572 ῧΑυΜέἴοκε
241 1565 249 1578 ,
271 1549 428 1581 patronym.
445 1554 462 1573 a
476 1544 584 1575 Cadmo
601 1546 764 1577 deductum.
787 1547 874 1579 Ovid.
890 1559 916 1586 4.
932 1549 1001 1580 Met.
1018 1553 1080 1586 562.

126 1579 246 1617 AEquora
256 1581 351 1610 distrin
373 1589 424 1611 unt
431 1582 545 1613 summis
557 1584 725 1614 Cadmeides
736 1585 795 1616 alis.
871 1588 890 1617 i.
905 1597 930 1618 e.
941 1587 1094 1619 Thebanae.
1116 1588 1173 1619 Sed

0 1622 2 1628 ’
46 1614 139 1646 Heins.
223 1618 348 1657 Sumptis
355 1591 513 1651 ismenides
525 1622 586 1651 alis.
625 1633 651 1660 q.
665 1623 695 1652 V.

47 1653 142 1692 Impiae
151 1654 328 1687 Cadmeides.
351 1658 415 1687 Sen.
427 1659 456 1688 in
468 1659 548 1689 Herc.
562 1660 614 1691 fur.
629 1671 655 1697 9.

45 1690 153 1722 Domus
167 1694 303 1725 Cadmeis.
328 1695 413 1726 Ovid.
424 1708 450 1733 4.
467 1697 537 1727 Met.
553 1709 614 1735 544.
656 1699 675 1729 i.
693 1709 717 1729 0.
740 1699 879 1736 Cadmea,
900 1707 949 1731 aut
960 1701 1101 1732 Cadmeia.
1127 1701 1173 1732 Pa-

66 1732 255 1800 ttrcipymigurin
269 1743 374 1778 nomen
393 1745 445 1773 pro
462 1736 616 1774 poffeffivo.
658 1737 778 1776 [Nugae.
819 1739 943 1769 Domum
962 1740 1117 1786 Cadmeida
1131 1741 1172 1771 in-

122 1779 129 1797 l
399 1795 405 1802 ·

0 1826 7 1834 ..
20 1778 98 1834 Sar?
101 1817 121 1836 M
130 1776 222 1844 izg'lrth,a
234 1781 353 1843 amiurrigp
356 1778 438 1840 ἰ11181011
458 1811 516 1847 Adj.
549 1810 739 1849 [Κκθμᾶῶι]
760 1819 808 1850 ut,
839 1814 911 1845 Cista
935 1816 1067 1846 Cadmea.
1105 1817 1170 1848 Sen.

0 1855 3 1875 2
48 1843 206 1882 OEth.594.
236 1847 296 1877 Nos
309 1847 439 1878 Cadmeis
449 1859 479 1878 or
498 1851 601 1880 iaferre
646 1851 755 1881 Tecum
765 1852 853 1883 solitae
864 1854 978 1884 condita
996 1855 1077 1884 cistis.
1113 1855 1132 1885 i.
1145 1865 1171 1886 c.

1 1894 6 1903 ·
46 1881 197 1926 Thebanis.
236 1885 342 1915 Thebae
350 1887 429 1931 enim
441 1898 457 1917 a
468 1859 577 1918 &admo
591 1889 712 1920 conditae
720 1890 852 1929 fuerunt,
875 1899 906 1922 ut
924 1892 1033 1922 dietum
1045 1893 1092 1923 est.

0 1945 3 1950 ,
49 1919 135 1950 Dirce
146 1921 275 1953 Cadmea.
296 1923 398 1954 Lucan.
411 1924 459 1955 hb.
476 1935 500 1961 3.
518 1936 579 1964 175.

0 1983 12 1998 ι·
47 1956 183 1993 Juventus
193 1960 322 1992 Cadmea.
344 1963 410 1992 Stat.
425 1968 448 1997 8.
463 1963 554 1994 Theb.
571 1968 635 1995 ⁶00.

48 1995 145 2026 Limen
157 1998 320 2029 Cadmeum.
343 2000 410 2030 Stat.
428 2010 451 2031 1.
470 2002 561 2033 Theb.
577 2012 637 2040 ¹23·

0 2044 12 2054 ν·
49 2032 140 2064 Mater
149 2035 280 2067 Cadmea.
299 2038 380 2082 *Sem
394 2039 504 2079 OEdip.
520 2045 601 2071 1006.
622 2042 733 2080 Agaven
748 2041 892 2081 intelligit,
904 2053 965 2081 quae
977 2043 1101 2075 Pentheo
1116 2044 1175 2076 filio

69 2079 153 2111 caput
163 2082 327 2112 amputavit.

0 2130 2 2137 .
51 2109 155 2141 Thebae
164 2112 301 2144 Cadmeae.
324 2115 444 2153 Propert.
458 2115 505 2146 lib.
522 2127 545 2146 1.
558 2126 582 2154 7.
605 2126 628 2147 1.

2 2163 3 2169 .
22 2146 230 2183 CAmuTrs.
254 2152 315 2182 idis.
333 2152 354 2182 f.
377 2153 509 2190 Gemma,
539 2165 623 2193 quam
644 2155 794 2186 Ostracitin
814 2163 926 2188 vocant.
958 2158 994 2189 al.
1020 2157 1173 2190 calamitis.

45 2186 83 2216 .V.
115 2187 249 2219 Harduin.
262 2191 297 2220 ad
311 2190 378 2220 Plin.
392 2200 435 2229 37.
452 2202 493 2221 10.

23 2222 137 2262 Ulmo,
159 2228 266 2264 cecidi,
291 2228 401 2264 casum,
422 2226 540 2266 [νόθῃ
564 2231 661 2268 ἐξείπω,
679 2232 771 2268 aazia]
791 2233 847 2263 010.
877 2234 990 2272 proprie
1012 2235 1051 2265 est
1070 2236 1170 2266 Ruere.

53 2262 116 2293 Ter.
124 2265 201 2295 Adel.
214 2275 237 2295 1.
254 2278 276 2295 1.
291 2276 332 2296 12.
358 2267 408 2297 Aut
418 2267 526 2306 uspiam
537 2270 670 2299 ceciderit
680 2293 688 2305 ,
705 2276 754 2300 aut
767 2272 930 2309 perfregerit
1010 2274 1132 2312 Aliquid.

53 2301 157 2332 Cadere
172 2305 199 2333 &
216 2304 369 2335 Confistere
380 2327 388 2340 ,
409 2307 554 2336 contraria.
595 2307 654 2338 Cic.
676 2309 706 2337 in
722 2309 798 2338 Orat.
813 2315 857 2344 98.
891 2311 953 2339 Hoc
970 2321 1027 2340 uno
1048 2312 1173 2350 perfedto

6 2352 7 2355 ¹
70 2349 186 2377 magnus
196 2348 289 2371 orator
298 2343 336 2372 est
347 2365 355 2379 ,
375 2343 393 2372 sl
404 2353 462 2373 non
473 2345 613 2375 maximus
626 2356 632 2376 :
652 2347 824 2384 minimeque
840 2348 870 2376 in
883 2347 990 2378 lubrico
1005 2350 1172 2387 versabitur,

71 2378 216 2410 &fisemel
229 2381 402 2417 constiterit,
423 2392 567 2420 nunquam
580 2385 670 2414 cadet.
718 2386 733 2421 [
745 2388 785 2415 An
796 2386 850 2415 hoc
862 2396 918 2415 uno
929 2409 938 2422 ,
957 2387 1085 2425 profecto
1094 2410 1103 2425 ,
1117 2391 1172 2419 &c-

0 2440 9 2446 ..
53 2415 114 2446 Alte
127 2418 202 2447 enim
216 2419 316 2448 cadere
328 2429 386 2449 non
397 2421 494 2458 potest.
517 2421 576 2451 Cic.
596 2422 664 2452 ibid.
696 2422 724 2452 h.
743 2432 767 2453 e.
791 2423 830 2453 Ex
843 2424 908 2453 alto.

0 2467 7 2482 1,
54 2453 190 2485 Gravatim
200 2457 304 2486 cadunt
314 2459 400 2496 pappi
411 2459 497 2489 nimia
508 2459 628 2490 levitate.
649 2460 760 2492 Lucret.
776 2461 825 2491 lib.
837 2472 861 2499 3.
878 2466 941 2499 388.

9 2499 12 2514 2
55 2490 158 2523 Cadere
172 2504 195 2524 a.
218 2494 304 2525 Ovid.
317 2505 341 2532 3.
354 2496 475 2526 Fast.20.

131 2531 166 2561 Et
178 2532 254 2561 cadit
263 2543 279 2562 a
290 2541 386 2563 mento
399 2533 531 2573 languida
540 2536 612 2566 fasta
620 2545 728 2567 manus.

55 2567 94 2598 Ab
103 2567 167 2599 alto.
191 2569 259 2600 Plin.
272 2570 320 2601 lib.
337 2582 379 2602 10.
392 2582 453 2610 cap.
470 2578 512 2609 38.

53 2604 148 2636 Devel
157 2607 199 2637 Ex
209 2618 290 2646 equo.
317 2609 405 2640 Plaut.
418 2611 481 2641 Mil.
493 2620 517 2648 3.
533 2621 556 2640 1.
573 2621 634 2647 124.
655 2612 843 2644 Cecidiffetne
855 2614 949 2645 ebrius
963 2638 972 2652 ‚
992 2615 1087 2646 301110
1101 2626 1174 2655 equo

0 2647 7 2671 .’
72 2643 186 2682 uspiam.
219 2647 277 2676 Cic.
290 2657 341 2685 pro
353 2648 464 2679 Cluent.
481 2659 540 2687 175.
563 2649 700 2680 cecidisse
711 2661 745 2681 ex
754 2662 826 2690 equo
838 2653 949 2684 dicitur.

2 2707 5 2709 .
54 2680 86 2712 In
97 2682 207 2714 claffem
218 2685 386 2716 caditomne
395 2696 502 2717 nemus.
544 2687 646 2719 Lucan.
662 2688 711 2719 lib.
729 2702 751 2719 1.
765 2694 828 2728 306.
860 2691 889 2721 h.
902 2701 927 2722 e.
957 2691 1110 2724 Caeduntur
1126 2703 1174 2724 ne«

0 2735 10 2747 tr
73 2729 159 2756 mora,
171 2723 270 2758 quibus
283 2725 453 2755 construatur
468 2725 565 2756 0131113.

0 2770 3 2784 :
56 2755 88 2788 ln
100 2761 197 2797 pestus
210 2761 285 2790 cadit
294 2771 408 2799 pronus.
430 2764 513 2793 Ovid.
523 2776 549 2800 4.
561 2764 631 2794 Met.
646 2770 708 2802 578.

0 2813 4 2826 .
54 2794 179 2835 tripedes
190 2797 307 2833 alicuius
317 2801 424 2831 cadere.
449 2801 533 2831 Ovid.
544 2811 569 2832 2.
583 2803 649 2833 Fast.
664 2809 727 2839 83²-
744 2804 780 2834 de
794 2804 939 2842 Lucretia,

146 2835 180 2865 Et
189 2836 263 2866 cadit
273 2837 303 2866 in
314 2839 417 2875 patrios
426 2838 637 2879 sanguinolenta
645 2842 742 2879 pedes.

56 2869 88 2902 In
97 2872 189 2911 plagas
196 2875 294 2905 cadere
305 2877 407 2906 dicitur
416 2887 525 2907 cervus.
556 2878 640 2908 Ovid.
656 2879 692 2909 de
699 2881 764 2911 Arte
775 2881 834 2911 Am.
847 2887 912 2918 428.
936 2883 954 2913 i.
966 2892 991 2913 e.
1012 2882 1045 2913 In
1057 2884 1136 2915 retia.

20 2925 21 2933 .
56 2907 88 2940 In
97 2910 181 2948 plano
192 2914 300 2943 cadere.
323 2914 408 2945 Ovid.
422 2924 447 2952 3.
461 2915 542 2946 Trist.
553 2927 581 2951 4.
599 2926 641 2953 17.

48 2946 88 2977 'ln
97 2958 215 2986 pontum
225 2951 329 2981 cadunt
338 2953 463 2983 flumina.
485 2954 548 2984 Sen.
560 2955 638 2984 Med.
646 2958 672 2985 6.

56 2984 195 3017 1111011301
203 2989 311 3019 cadere.
334 2990 442 3021 Lucret.
453 2991 501 3021 lib.
514 3003 541 3022 2.
557 3002 621 3028 ²09·

50 3021 89 3054 'In
100 3025 208 3055 vulnus.
249 3026 358 3058 Lucret.
367 3029 415 3059 lib.
428 3040 455 3065 4.
471 3040 552 3066 1024.
573 3032 604 3060 id
619 3031 657 3061 est
675 3032 753 3070 quod
771 3032 857 3071 vulgo
875 3033 1014 3071 dicimus,
1034 3034 1072 3064 Ut
1089 3034 1176 3074 pluri.

0 3071 17 3094 1,
46 3064 150 3096 'smum
160 3063 265 3094 offendi
275 3072 381 3104 partem
390 3068 446 3103 jam
462 3067 561 3099 laesam.

6 3109 15 3120 ν
57 3097 91 3133 In
100 3100 198 3131 vultus.
221 3102 304 3133 Ovid.
322 3116 344 3138 ς.
366 3105 433 3135 Met.
447 3115 511 3141 292.

57 3135 412 3177 Interpericulacaditrara
421 3142 558 3182 voluptas.
580 3145 609 3175 h.
622 3155 647 3175 e.
669 3146 785 3176 Accidit.
807 3147 874 3176 Hor.
891 3156 914 3177 1.
936 3147 1022 3177 Serm.
1034 3157 1060 3178 2.
1073 3158 1117 3183 40.

44 3287 197 3328 nentrum.
219 3292 329 3325 Lucret.
342 3295 390 3325 lib.
403 3306 429 3326 2.
446 3306 509 3326 222.

0 3339 29 3355 :.>
59 3325 139 3359 Mora
149 3329 341 3363 lentacadere.
362 3334 425 3363 Sen.
438 3334 530 3364 OEth.
546 3344 589 3371 13.

7 3383 23 3393 .-
42 3364 124 3405 ,Sine
143 3369 222 3398 ruina
243 3372 326 3407 partis
345 3373 453 3402 cadere.
493 3372 597 3404 Lucan.
609 3373 660 3405 lib.
671 3383 698 3413 7.
714 3384 775 3411 119.
797 3374 815 3404 ἰ.
829 3385 853 3407 e.
879 3374 926 3405 Sic
942 3374 1044 3406 cadere
1062 3385 1100 3407 110
1116 3386 1177 3415 par-

68 3403 146 3434 'tium
158 3405 250 3436 secum
263 3409 370 3438 ruinam
382 3410 479 3440 trahat.

60 3438 145 3473 Barba
156 3445 238 3474 cadit.
261 3446 333 3484 Virg.
347 3457 367 3476 r.
381 3448 437 3477 Ecl.
449 3459 493 3484 29.

149 3481 301 3513 Candidior
311 3485 453 3523 postquam
464 3486 594 3517 tondenti
602 3487 685 3518 barba
694 3488 821 3518 cadebat.

7 3529 11 3542 ι
60 3515 109 3547 Per
120 3517 235 3550 salebras
247 3543 255 3556 ,
275 3522 384 3560 altaque
393 3523 455 3554 saxa
468 3526 573 3554 cadunt
587 3527 717 3556 carmina.
739 3525 858 3556 martial.
870 3525 918 3556 lib.
935 3535 978 3556 11.
989 3536 1036 3563 91.

137 3556 266 3588 Carmina
274 3560 350 3590 nulla
361 3561 481 3599 probas,
500 3563 579 3593 molli
590 3574 650 3601 quae
662 3565 753 3594 limite
768 3571 902 3600 currunt,

174 3596 228 3625 Sed
241 3608 300 3635 quae
311 3609 360 3637 per
371 3599 488 3630 salebras
499 3623 507 3637 ,
528 3602 637 3639 altaque
650 3602 712 3632 saxa
723 3603 836 3632 cadunt.

62 3627 164 3698 Dssntes
172 3635 284 3665 cadunt.
323 3636 410 3668 Plaut.
423 3638 500 3668 Men.
516 3649 540 3676 ς.
551 3650 577 3676 9.
589 3649 632 3678 ς7.
653 3641 727 3672 Nam
737 3647 797 3670 tum
807 3642 906 3670 dentes
917 3639 1057 3672 cadebant
1071 3641 1177 3680 primu-

112 3679 147 3700 m.

63 3704 137 3736 Folia
145 3708 291 3747 arborum,
312 3712 357 3742 vel
368 3722 404 3743 ex
413 3714 566 3745 arboribus.
587 3715 674 3746 Plaut.
683 3716 761 3747 Men.
773 3725 800 3745 2.
813 3725 838 3752 3.
853 3725 900 3752 24.

9 3754 11 3759 ⁴
64 3742 139 3789 Folia
148 3747 246 3778 arbori.
271 3749 339 3779 Plin.
351 3751 399 3780 lib.
417 3756 458 3781 16.
471 3762 531 3791 cap.
543 3763 587 3783 22.
616 3753 729 3793 Legitur
739 3754 893 3785 Decidunt.

10 3796 13 3798 ·
63 3781 140 3812 Folia
151 3794 185 3814 ex
200 3786 302 3817 arbore.
329 3789 396 3819 Plin.
412 3789 460 3820 lib.
475 3800 516 3828 17.
529 3801 589 3830 cap.
603 3801 648 3822 20.

63 3818 162 3853 Guttae.
184 3822 289 3854 Lucret.
306 3825 354 3856 lib.
365 3837 390 3856 2.
403 3837 467 3858 222.

63 3856 153 3888 Guttae
163 3861 294 3892 cadentes
308 3865 337 3893 in
348 3864 420 3894 saxa.
448 3866 554 3896 Lucret.
568 3867 616 3897 lib.
628 3878 656 3904 4.
671 3874 752 3904 128¹.

9 3929 18 3935 ..
65 3893 166 3927 Imbres
175 3900 286 3930 cadunt.
309 3902 379 3940 Virg.
397 3907 422 3932 6.
443 3903 499 3934 Ecl.
513 3912 555 3941 38.

32 3934 42 3943 '
64 3931 153 3964 lmber
163 3945 211 3973 per
221 3946 303 3974 genas
314 3941 396 3970 cadit.
419 3941 504 3972 Ovid.
519 3953 541 3973 1.
552 3942 632 3973 Trist.
645 3949 725 3980 3.18.

53 3968 200 4010 ·Lacrymae
211 3976 322 4007 cadunt.
343 3978 408 4008 Ter.
420 3980 498 4009 Adel.
510 3993 536 4017 4.
555 3992 577 4011 1.
590 3992 636 4010 20.

65 4006 200 4061 Lacrymae
212 4013 314 4044 cadunt
324 4015 453 4048 ubertim.
473 4018 572 4050 Claud.
585 4019 656 4050 Laus
667 4020 761 4050 Seren.
775 4018 844 4057 Reg·
857 4026 921 4056 213.

57 3173 130 3206 inter
143 3178 226 3207 verba
236 3180 336 3209 cadere
345 3181 448 3211 dicitur
457 3182 560 3222 lingua.
582 3184 680 3222 Hor.4.
695 3184 868 3222 Carm.1.36.
890 3186 908 3216 i.
920 3194 944 3215 e.
963 3186 1173 3218 obmutescere.

0 3223 9 3249 1
59 3211 204 3253 Peraquas.
225 3216 333 3248 [00101.
344 3218 390 3263 lib.
400 3229 426 3249 2.

0 3258 21 3281 11.·
59 3249 118 3282 Post
127 3261 208 3291 terga.
233 3255 335 3286 Lucan.
349 3257 396 3287 hb.
413 3268 436 3294 3.
449 3263 514 3294 478.

1638 190 1666 223 c
1763 193 1787 225 A
1890 195 1921 228 D
2322 210 2385 246 38.

1261 268 1399 306 lacrymae
1416 270 1495 305 genis
1506 271 1618 300 cadunt.
1644 271 1745 302 Lucan.
1762 273 1808 302 lib.
1824 283 1847 307 ζ.
1861 285 1924 311 733.

1260 306 1402 343 Lamymae
1417 309 1443 335 111
1453 318 1498 336 orn
1508 309 1619 338 cudunt.
1644 310 1726 339 Ovid.
1739 320 1761 347 3.
1776 311 1856 340 Trist.
1872 322 1895 349 3.
1912 323 1954 349 39.

1260 343 1400 381 [3011013.-
1413 346 1517 373 cadunt
1529 355 1578 383 per
1591 357 1646 376 ora.
1670 348 1733 377 Seu.
1751 349 1863 386 Hippoi.
1876 361 1902 385 4.

1260 381 1400 419 Lacrymae
1414 383 1443 410 in
1456 384 1538 411 verb-i
1551 385 1652 421 lingula
1664 386 1777 415 cadunt.
1797 388 1879 417 Orid.
1898 398 1920 423 3.
1935 388 2015 418 Trist.
2029 400 2053 424 ς.
2071 400 2113 427 14.

1354 419 1387 448 Et
1398 419 1532 456 lacrymas
1542 431 1659 451 cernens
1670 424 1697 451 in
1714 423 1815 460 lingula
1832 426 1913 455 verba
1925 427 2067 458 cadentes.

1260 455 1401 493 Lacrymae
1411 467 1467 485 non
1482 458 1579 494 sponte
1592 462 1731 490 cadentes.
1757 461 1858 493 Lucan.
1874 464 1920 493 lib.
1936 475 1961 499 9.
1980 472 2058 500 ¹038-

1259 493 1335 522 Lana
1349 493 1447 531 sponte
1462 497 1643 527 caditovibus
1655 499 1740 534 aegris.
1764 501 1848 530 Ovid.
1864 511 1888 537 7.
1910 502 1979 532 Met.
1997 514 2059 539 541.

1260 531 1342 568 Lapis
1352 532 1426 560 cadit
1437 542 1509 560 aure.
1529 534 1649 565 Murtiul.
1664 536 1711 565 lib.
1731 547 1771 566 11.
1787 549 1830 572 ςο.

1355 569 1471 612 Gemma
1484 570 1528 612 yel
1538 581 1552 600 a
1567 572 1655 609 digito
1667 596 1674 607 ,
1697 575 1739 603 vel
1753 577 1902 606 caditaure
1916 577 1996 615 lapis.
2078 589 2133 623 pro
2149 579 2188 609 Ab
2207 590 2282 612 aure.

1262 606 1333 635 Laus
1344 613 1391 634 tua
1402 607 1506 635 cecidit
1518 610 1619 644 puriter
1632 621 1695 639 cum
1708 612 1870 649 Republica.
1893 615 1952 644 Cic.
1967 626 1992 645 2.
2006 615 2064 645 Off.
2079 629 2123 652 45.

1261 643 1367 680 Lingua
1379 644 1536 685 031101110το
1547 656 1708 677 murmurat.
1732 652 1798 680 Stat.
1812 661 1836 680 2.
1850 652 1915 682 Silv.
1932 663 1954 682 1.
1971 664 2031 690 149.
2049 655 2088 684 lle
2099 655 2282 686 moribundo.

1261 681 1379 711 Lumina
1391 682 1462 710 victa
1473 684 1545 718 gravi
1557 684 1654 713 somno
1667 688 1780 718 cadunt.
1805 690 1893 720 valer.
1909 700 1930 719 r.
1949 692 2050 729 Argon.
2069 702 2131 729 300.

1262 719 1390 749 Membra
1405 719 1647 758 caduntcorpore.
1671 723 1777 754 Lucret.
1792 727 1839 756 lib.
1856 738 1880 762 3.
1895 739 1957 764 595.

1262 756 1348 787 Oculi
1359 757 1500 800 cadentes.
1523 759 1590 787 Stat.
1608 770 1647 788 11.
1664 761 1755 792 Theb.
1768 768 1830 794 620.
1856 766 1948 795 Morte
1962 767 2018 797 scil.
2041 767 2086 797 Sic
2097 768 2172 798 idem
2186 778 2210 806 3.
2228 769 2296 799 silv.
2311 781 2334 805 ς.
2349 780 2392 807 39.

1343 811 1378 815 ——
1392 802 1524 832 tenuique
1535 797 1632 826 oculos
1645 799 1696 831 iam
1708 808 1796 830 morte
1809 804 1950 833 cadentes.

1263 831 1404 866 Palpebrae
1419 833 1531 862 cadunt.
1556 833 1665 864 Lucrct.
1679 836 1726 866 lib.
1745 849 1769 873 4.
1785 850 1849 875 950.

1264 870 1330 899 Vela
1341 870 1454 899 cadunt.
1478 871 1552 908 Virg.
1567 881 1590 908 3.
1604 873 1665 902 AEn.
1679 883 1742 911 207.
1766 876 1783 904 i.
1796 887 1819 906 e.
1843 878 2057 917 omittuntur,
2079 880 2274 912 Deducuntur.

1264 907 1314 937 Via
1325 907 1449 937 fluminis
1466 909 1578 939 cadens.
1594 911 1657 940 Sen.
1672 911 1786 949 Thyest.
1799 927 1825 950 4.

1263 945 1375 976 Umbrae
1388 946 1500 975 cadunt.
1525 947 1598 984 Virg.
1615 958 1638 978 1.
1654 949 1711 978 Ecl.
1726 956 1771 984 8⁴2.

1344 983 1522 1021 Majoresque
1537 986 1642 1015 cadunt
1659 987 1721 1017 altis
1732 989 1768 1017 de
1779 991 1922 1021 montibus
1933 992 2044 1022 umbrae.

1264 1020 1340 1050 Vires
1350 1022 1462 1050 cadunt.
1487 1022 1595 1052 Lucret.
1609 1023 1628 1052 li
1675 1036 1774 1061 5.410.

1263 1059 1353 1088 Urbes
1363 1061 1477 1089 cadunt.
1501 1060 1609 1091 Lucret.
1624 1062 1641 1090 li
1666 1086 1671 1092 .
1694 1074 1716 1099 ς.
1738 1067 1816 1098 ¹236.

1265 1097 1347 1126 Cadit
1358 1097 1399 1141 illi
1412 1097 1531 1165 amiglau&
1575 1098 1633 1129 Cic.
1644 1101 1680 1130 de
1694 1102 1800 1132 Amicit.
1814 1112 1859 1140 23-
1882 1104 1943 1133 Nec
1953 1105 2090 1135 debilitari
2102 1107 2212 1138 animos
2223 1130 2231 1145 ,
2253 1114 2301 1138 aut
2317 1109 2398 1140 cade.

1284 1145 1314 1164 re
1344 1143 1427 1164 antur
1439 1157 1447 1169 ,
1488 1145 1511 1165 0.

1264 1145 1372 1202 0311Ξ10
1383 1174 1491 1203 animis.
1534 1174 1594 1204 Cic.
1607 1178 1632 1204 6.
1646 1175 1721 1206 Fam.
1736 1189 1758 1206 1.
1781 1178 1848 1208 Non
1860 1179 1996 1209 debemus
2010 1181 2046 1210 ita
2063 1183 2163 1213 cadere
2179 1184 2279 1214 animis
2291 1207 2299 1221 ,
2324 1186 2397 1223 quali

1283 1211 1389 1248 aliquid
1399 1212 1525 1241 evenerit
1537 1213 1613 1251 quod
1623 1213 1681 1243 fieri
1692 1214 1768 1252 posse
1781 1226 1924 1254 nunquam
1935 1220 2098 1256 putarimus.

1265 1250 1358 1278 Animi
1375 1249 1488 1278 cadunt.
1514 1251 1597 1281 Ovid.
1617 1262 1657 1281 11.
1677 1253 1745 1283 Met.
1759 1264 1821 1291 537.

1265 1289 1346 1317 Arma
1357 1288 1456 1317 cadere
1465 1288 1501 1316 de
1511 1289 1641 1319 manibus
1655 1291 1788 1321 dicuntur
1798 1315 1806 1327 ,
1829 1293 1942 1330 quando
1955 1293 2072 1324 cessrtur
2088 1305 2102 1324 a
2121 1295 2217 1332 pvaelio
2228 1296 2270 1326 v÷l
2284 1308 2398 1329 concer-

1283 1326 1400 1354 tatione.
1442 1325 1501 1355 Cic.
1519 1337 1560 1363 14.
1576 1328 1694 1366 Philipp.
1719 1330 1858 1360 Omnibus
1870 1332 1925 1360 istis
1937 1331 2091 1362 latronibus
2106 1336 2269 1365 3001011310
2285 1336 2339 1372 ipsa
2355 1340 2399 1367 30-

1283 1364 1542 1401 natusjampridem
1555 1365 1590 1395 de
1601 1367 1729 1397 manibus
1741 1378 1816 1398 arma
1827 1368 1998 1399 cecinissent.
2025 1372 2080 1400 Cic.
2101 1382 2109 1400 1
2143 1372 2198 1402 Off.
2212 1383 2255 1408 77.
2279 1375 2316 1403 iti
2330 1385 2400 1405 con-

1283 1401 1349 1431 siliis
1365 1401 1566 1440 diligentiaque
1585 1404 1675 1434 nostra
1692 1405 1818 1436 celeriter
1836 1408 1872 1436 de
1888 1409 2016 1437 manibus
2035 1409 2275 1440 audacissimorum
2291 1414 2398 1444 civium

1284 1439 1397 1477 delapsa
1415 1450 1489 1469 arma
1502 1441 1560 1478 ipsa
1573 1443 1746 1473 ceciderunt.
1820 1446 1837 1481 [
1849 1445 1929 1475 Forte
1943 1448 2022 1475 Arma
2033 1447 2119 1485 impia
2136 1449 2304 1479 reciderunt.

1264 1477 1352 1507 Austri
1361 1477 1475 1514 cadunt,
1490 1480 1604 1516 quando
1617 1480 1748 1511 desmunt
1758 1482 1833 1519 flare,
1845 1485 1957 1513 3061010
1969 1485 2072 1513 Servio.
2102 1486 2171 1522 rirg.
2190 1497 2209 1514 1.
2229 1487 2344 1527 errgq
2353 1500 2396 1527 54.

1347 1516 1412 1552 Quo
1430 1516 1504 1553 signo
1524 1519 1659 1547 caderent
1668 1520 1763 1550 Austri.
1875 1522 2053 1551 Contrarium
2067 1524 2191 1561 Surgere.
2214 1535 2239 1561 q.
2258 1525 2286 1556 V.

1264 1553 1421 1583 Auctoritas
1431 1555 1592 1593 principum
1602 1557 1715 1587 cecidit.
1738 1558 1796 1588 Cic.
1809 1558 1844 1588 de
1856 1559 1948 1598 Arusp.
1969 1560 2048 1597 Resp.
2068 1564 2112 1590 60.

1264 1590 1347 1622 Fides
1359 1592 1458 1622 eadere
1474 1593 1595 1630 dicitur,
1617 1595 1661 1624 cui
1677 1596 1753 1625 Stare
1766 1597 1930 1635 opponitur.
1953 1598 2037 1636 Ovid.
2053 1608 2079 1630 2.
2092 1600 2129 1629 de
2141 1599 2221 1630 Pont.
2240 1609 2265 1638 3.
2283 1610 2327 1633 10.

1346 1629 1380 1659 Et
1390 1640 1455 1660 cum
1468 1630 1579 1661 fortuna
1593 1632 1699 1669 statque
1712 1656 1720 1670 ,
1741 1635 1877 1672 caditque
1887 1635 1967 1667 fides.

1265 1666 1391 1705 Impetus
1410 1678 1507 1699 amens
1518 1670 1604 1700 cadit.
1629 1670 1732 1702 Lucan.
1747 1672 1796 1703 lib.
1812 1684 1840 1710 4.
1851 1683 1916 1712 279.

1264 1705 1307 1735 Ira
1322 1706 1426 1735 cecidit
1436 1707 1496 1736 tibi.
1523 1707 1582 1738 Liv.
1595 1718 1621 1738 2.

1265 1744 1308 1773 Ira
1322 1744 1456 1781 paulatim
1469 1746 1551 1775 cadit.
1578 1746 1681 1777 Lucan.
1695 1746 1743 1778 lib.
1756 1759 1782 1785 4.
1797 1753 1862 1785 284.

1265 1781 1307 1811 Ira
1322 1790 1399 1812 metu
1415 1783 1501 1812 cadit.
1525 1783 1609 1814 Ovid.
1626 1794 1652 1815 2.
1670 1787 1760 1816 Amor.
1775 1796 1816 1824 13.
1839 1797 1867 1823 4.

1264 1819 1462 1887 OculidffCic.
1473 1832 1525 1860 pro
1537 1822 1630 1853 Domo
1642 1823 1689 1855 sua
1698 1846 1706 1861 ‚
1731 1833 1759 1862 13
1768 1835 1791 1861 ς,
1824 1824 1880 1855 Sed
1890 1824 1944 1854 tibi
1953 1830 2048 1856 tamen
2056 1825 2134 1857 oculi
2145 1848 2154 1863 ‚
2175 1827 2268 1859 vultus
2277 1850 2286 1866 ,
2317 1830 2400 1864 verba

1285 1867 1344 1887 ceci
1369 1868 1376 1887 1
1402 1867 1460 1888 ent.

1265 1895 1335 1933 Spes
1350 1897 1434 1926 cadit.
1457 1897 1543 1927 Ovid.
1560 1907 1586 1928 2.
1599 1897 1682 1929 Trist.
1698 1905 1761 1936 148.

1263 1934 1336 1969 Spes
1346 1935 1380 1963 ad
1397 1935 1503 1965 irritum
1515 1937 1602 1966 cadit.
1628 1936 1686 1967 Liv.
1696 1947 1724 1968 2.

1263 1971 1365 2002 Timor
1376 1973 1459 2003 cadit.
1485 1973 1568 2004 Ovid.
1580 1985 1606 2010 9.
1622 1974 1705 2013 Epist.
1719 1985 1765 2012 42.

1266 2009 1357 2039 Verba
1368 2011 1614 2049 caduntsmgultu.
1637 2013 1758 2052 Propert.
1773 2013 1821 2044 lib.
1835 2024 1860 2045 1.
1874 2025 1897 2048 ς.
1916 2024 1957 2053 14.
1981 2015 2057 2047 conf.
2079 2016 2174 2048 Oculi.

1267 2047 1359 2078 Verba
1371 2059 1433 2078 mea
1442 2049 1696 2087 Zephyrossadunt.
1718 2052 1842 2091 Propert.
1855 2052 1904 2082 lib.
1921 2064 1943 2084 r.
1961 2058 2003 2084 16.
2015 2064 2060 2092 34.

1267 2085 1378 2116 Vultus.
1402 2086 1432 2116 V.
1456 2088 1553 2118 Oculi.

1267 2123 1376 2154 Cadere
1388 2124 1466 2154 causa
1474 2125 1607 2156 dicebant
1616 2136 1681 2157 eum
1692 2149 1700 2162 ,
1722 2126 1780 2165 Qui
1796 2127 1858 2167 plus
1866 2128 1987 2165 petebat.
2012 2129 2068 2160 Cic.
2089 2140 2112 2160 1.
2127 2130 2163 2160 de
2176 2130 2254 2162 Orat.
2273 2135 2332 2164 166.
2352 2135 2400 2166 Ri-

1286 2162 1357 2192 dens
1367 2164 1392 2193 &
1408 2163 1583 2194 stomachans
1594 2165 1718 2195 Scaevola
1728 2188 1735 2202 ,
1756 2176 1843 2204 quum
1852 2166 1978 2205 Hypseus
1990 2169 2111 2198 maxima
2120 2178 2190 2198 voce
2202 2170 2330 2208 plurimis
2342 2184 2400 2204 ver.

1287 2200 1330 2230 bis
1342 2211 1357 2230 a
1368 2201 1407 2230 M.
1421 2201 1513 2231 Crasso
1525 2202 1641 2233 Praetore
1653 2205 1857 2241 contenderet,
1881 2211 1911 2234 ut
1922 2205 1947 2234 ei
1958 2215 2042 2242 quem
2053 2206 2225 2237 defendebat
2234 2230 2241 2243 ,
2263 2210 2342 2240 causa
2355 2222 2399 2242 ca-

1288 2239 1354 2268 dere
1373 2238 1489 2269 liceret:
1520 2239 1572 2270 Cn.
1594 2248 1688 2271 autem
1702 2243 1836 2272 Oetavius
1854 2242 1941 2272 homo
1959 2243 2116 2274 Consularis
2136 2255 2194 2274 000
2210 2248 2302 2277 minus
2315 2249 2400 2287 longa

1287 2277 1415 2306 oratione
1424 2277 1563 2308 recusaret
1574 2300 1582 2314 ,
1604 2289 1640 2308 00
1650 2279 1818 2310 adversarius
1830 2280 1910 2310 causa
1924 2282 2052 2311 caderet>
2083 2283 2193 2320 Quibus
2214 2286 2303 2316 verbis
2318 2287 2401 2318 insci-

1286 2315 1325 2344 tia
1338 2316 1457 2344 duorum
1469 2322 1611 2346 oratorum
1622 2318 1851 2355 reprehenditur,
1877 2319 1924 2356 qui
1941 2320 2005 2353 iuris
2015 2319 2105 2350 civilis
2118 2321 2273 2358 ignorantia
2287 2334 2341 2354 non
2358 2327 2401 2356 in-

1286 2352 1453 2389 telligebant
1463 2355 1529 2391 quid
1540 2354 1607 2385 effet
1622 2355 1707 2385 Causa
1722 2357 1831 2386 cadere.
1872 2357 1993 2394 Quintil.
2009 2358 2056 2388 lib.
2073 2368 2096 2394 3.
2119 2368 2180 2397 cap.
2195 2373 2222 2396 4.
2261 2362 2302 2391 Est
2321 2365 2399 2395 enim

1286 2391 1402 2420 servitus
1415 2414 1422 2427 ,
1444 2393 1480 2421 ad.
1493 2399 1568 2423 certa
1581 2393 1607 2422 se
1619 2394 1704 2423 verba
1722 2395 1906 2432 astringendi,
1929 2396 2014 2433 idque
2029 2396 2190 2427 faciendum
2206 2398 2234 2428 in
2251 2399 2325 2430 libris
2339 2402 2397 2433 Cic.

1289 2430 1325 2458 de
1334 2430 1410 2459 Orat.
1425 2436 1500 2460 vetat
1515 2431 1555 2460 Μ.
1568 2432 1712 2462 Antonius.
1735 2443 1800 2462 nam
1815 2433 1854 2462 est
1873 2434 1956 2462 etiam
1975 2434 2162 2471 periculosum
2174 2458 2181 2470 ‚
2203 2447 2289 2474 quum
2304 2440 2320 2468 li
2341 2450 2398 2471 uno

1287 2468 1317 2496 in
1332 2468 1417 2497 verbo
1429 2468 1459 2497 sit
1472 2475 1594 2499 erratum
1603 2492 1612 2505 ,
1634 2477 1694 2500 tota
1706 2471 1786 2500 causa
1796 2471 1926 2501 cecidisse
1939 2472 2092 2502 videamur.
2125 2473 2193 2503 Haec
2214 2475 2338 2508 ssudaeus.

1269 2505 1378 2536 Cadere
1399 2506 1496 2541 causa⁷
1517 2517 1569 2544 pro
1584 2507 1674 2537 Lirem
1687 2509 1803 2546 perdere
1817 2508 1852 2538 ab
1870 2510 1990 2547 antiquis
2012 2510 2172 2548 dicebatur,
2194 2512 2301 2544 fortaffe
2323 2517 2398 2553 quod

1288 2544 1330 2573 uti
1343 2543 1498 2573 Comoediae
1512 2545 1580 2574 stare
1591 2546 1776 2581 dicebantur,
1816 2557 1858 2576 uae
1898 2547 2046 2584 Iacebant,
2068 2549 2177 2580 Cadere
2195 2561 2256 2589 quae
2272 2553 2399 2591 displice-

1289 2582 1366 2617 bant,
1377 2582 1631 2621 exigebanturque:
1655 2584 1691 2614 fic
1704 2586 1729 2614 St
1740 2557 1841 2614 Causae.
1867 2557 2125 2630 liiSuetVitCalig.
2134 2598 2208 2624 39³.
2219 2590 2294 2620 &ibi
2308 2593 2394 2624 l’itisc.

1269 2619 1357 2649 Causa
1366 2619 1446 2648 simili
1457 2621 1571 2651 caderes
1580 2643 1588 2657 ,
1611 2631 1663 2659 qua
1676 2623 1822 2659 Spartacus
1831 2623 1923 2653 hostis.
1957 2624 2059 2654 Lucan.
2071 2625 2118 2655 hb.
2130 2635 2156 2655 2.
2171 2637 2232 2662 554.
2285 2631 2375 2661 illicet.

1268 2657 1377 2687 Cadere
1387 2657 1479 2688 fabula
1489 2659 1608 2695 dicitur,
1629 2661 1675 2690 cui
1687 2661 1765 2691 Stare
1774 2662 1937 2699 opponitur.
1949 2662 2012 2692 Ter.
2026 2663 2056 2691 in
2066 2663 2172 2702 prolog,
2186 2665 2295 2697 Phorm.
2310 2669 2396 2705 Quod

1287 2695 1307 2724 fi
1317 2695 1486 2733 intelligeret
1499 2707 1584 2734 quum
1598 2698 1670 2727 stetit
1684 2698 1752 2728 olim
1765 2708 1854 2735 nova,
1875 2701 1976 2730 actoris
1994 2710 2079 2739 opera
2094 2703 2181 2740 magis
2200 2704 2299 2735 stetisse
2314 2717 2396 2744 quam

1285 2733 1342 2763 sua.
1364 2733 1398 2763 Et
1410 2734 1535 2765 Donatus
1545 2735 1655 2765 duobus
1666 2737 1695 2765 in
1705 2736 1776 2767 locis
1790 2759 1799 2771 ,
1831 2738 1880 2775 Agi
1897 2760 1905 2774 ,
1927 2739 2038 2776 inquit,
2060 2739 2164 2770 dicitur
2176 2741 2286 2778 fabula,
2308 2755 2394 2782 quum

1286 2772 1436 2802 recitatur:
1458 2773 1543 2809 stare,
1565 2783 1650 2810 quum
1663 2774 1763 2812 placet.
1783 2773 1909 2806 Turneb.
1922 2776 2018 2808 Horat.
2030 2786 2055 2807 2.
2072 2777 2154 2815 Epist.
2173 2789 2192 2808 r.
2212 2790 2272 2816 172.

1348 2810 1484 2847 Securus,
1506 2811 1607 2848 cadat,
1628 2822 1663 2841 an
1676 2814 1751 2843 ret‘to
1760 2813 1811 2843 stet
1821 2813 1914 2844 fabula
1929 2815 1995 2845 talo.
2090 2817 2108 2845 i.
2125 2826 2149 2845 0.
2173 2817 2335 2855 Displiceat.
2357 2831 2393 2851 an

1287 2847 1398 2886 placeat
1409 2848 1502 2878 sabula
1510 2871 1519 2885 ,
1532 2859 1590 2878 non
1601 2857 1680 2880 curat
1692 2860 1698 2880 :
1721 2850 1768 2880 sed
1779 2858 1889 2881 tantum
1899 2853 1974 2890 quod
1987 2863 2117 2883 nummos
2126 2856 2263 2893 acceperit
2272 2859 2392 2893 gaudet:

1287 2887 1597 2953 111}›;.1gisenimlucrum⁷
1618 2888 1826 2927 quamlaudem
1844 2890 1962 2929 adipisci
1979 2891 2066 2929 gestit.
2104 2892 2145 2922 Ex
2163 2894 2271 2924 Acrone
2288 2897 2314 2925 Sc
2332 2897 2395 2927 Por.

1329 2934 1434 2955 vrrone.

1267 2933 1377 2991 ng'ere
1386 2962 1521 2999 formula,
1543 2962 1675 2994 dicuntur
1687 2964 1799 2995 Patroni
1811 2965 1958 3002 injudicio
1968 2988 1977 3002 ,
2000 2967 2096 3004 Quum
2109 2977 2166 2997 rem
2179 2969 2264 3006 ipsam
2274 2970 2319 3000 seu
2331 2982 2394 3009 pro.

1287 2999 1391 3029 cessum
1401 3023 1409 3036 ,
1431 3011 1514 3038 quem
1524 3008 1644 3037 vocant,
1668 3013 1719 3041 per
1733 3003 1793 3033 suas
1804 3004 1935 3034 formulas
1950 3014 2007 3034 non
2025 3004 2137 3043 possunt
2146 3008 2218 3036 10610
2234 3009 2392 3047 explicare,

1287 3045 1319 3067 ut
1330 3039 1472 3068 interdum
1487 3039 1563 3077 quod
1571 3040 1701 3077 magisad
1710 3051 1769 3071 rem
1789 3041 1866 3071 suam
1885 3043 2026 3081 pertinet,
2048 3042 2233 3086 negligentius
2251 3048 2391 3080 omittant.

1284 3075 1413 3106 Budaeus.
1428 3076 2389 3123 V.Quintil.lib.3-cap.6.p.256.Burm.Torrent.adSuet.Claude.14.

1267 3113 1375 3144 Cadere
1390 3115 1419 3143 in
1434 3115 1550 3151 judicio.
1592 3115 1653 3146 Cic.
1665 3128 1716 3156 pro
1728 3118 1838 3148 Muren.
1852 3124 1895 3155 58.
1924 3118 2082 3149 Noluerunt
2097 3118 2286 3156 sapientissimi
2306 3124 2394 3154 homi.

1286 3162 1354 3188 nes,
1379 3154 1426 3190 qui
1440 3160 1499 3183 tum
1508 3164 1566 3183 rem
1576 3153 1653 3184 illam
1674 3156 1852 3192 judicabant,
1872 3157 1911 3186 ita
1926 3166 2084 3193 quenquam
2104 3157 2202 3188 cadere
2219 3159 2249 3188 in
2265 3160 2392 3199 judicio,

1286 3197 1318 3220 ut
1327 3191 1422 3221 nimiis
1430 3191 1578 3222 adversarii
1587 3193 1692 3224 viribus
1702 3194 1826 3231 3111061113
1839 3194 1985 3225 videretur.
2098 3232 2104 3239 ι

1265 3229 1385 3258 Armain
1395 3230 1488 3259 media
1502 3231 1610 3260 cadere.
1632 3231 1700 3261 Stat.
1723 3243 1764 3262 11.
1776 3231 1867 3261 Theb.
1885 3241 1946 3268 171.
1966 3232 1983 3260 1.
1998 3241 2022 3261 e.
2046 3231 2182 3263 Incidere.

1265 3266 1298 3296 In
1312 3266 1405 3297 causas
1414 3268 1490 3297 cadit
1497 3269 1843 3308 freqrssenteripsalinearis
1854 3270 1923 3299 ratio
1933 3291 1940 3303 ‚
1955 3271 2006 3299 810.
2036 3269 2155 3306 Quintil.
2169 3271 2217 3301 lib.
2234 3281 2257 3301 1.
2267 3281 2330 3312 cap.
2347 3285 2389 3307 ro.

1264 3303 1298 3333 In
1307 3306 1505 3342 cogitationem
1516 3307 1590 3344 quod
1623 3317 1638 3337 0
1648 3309 1761 3345 quidem
1774 3307 1856 3336 cadit.
1880 3307 1937 3337 Cic.
1948 3316 1972 3336 2.
1990 3307 2025 3336 de
2041 3307 2104 3338 Nat.
2115 3308 2198 3339 Deor.
2215 3320 2259 3339 21.

1265 3341 1298 3372 In
1312 3343 1502 3381 conspertum.
1546 3356 1568 3374 1.
1583 3317 1665 3375 fise.
1682 3356 1724 3383 50.
1760 3343 1910 3375 Casurusne
1936 3345 1966 3374 in
1990 3343 2171 3383 conspectum
2185 3348 2314 3380 videatur
2333 3352 2393 3382 ani.

1284 3390 1346 3410 mus
1379 3384 1431 3411 840.

1265 3416 1299 3448 In
1308 3403 1542 3450 con’suetudinem
1552 3430 1611 3450 non
1621 3421 1696 3450 cadit
1705 3421 1734 3450 id
1747 3419 1871 3450 verbum.
1894 3419 1953 3450 Cic.
1967 3428 1990 3456 3.
2002 3419 2085 3451 Tusc.
2107 3421 2125 3451 i.
2135 3431 2160 3452 e.
2180 3423 2248 3455 Non
2257 3434 2393 3466 congrue.

1285 3465 1328 3486 ret
1346 3458 1555 3488 consuetudini.
1716 3495 1721 3501 ο

1263 3492 1299 3524 In
1314 3495 1546 3526 deliberationem
1560 3496 1668 3525 cadere.
1690 3494 1748 3525 Cic.
1765 3504 1795 3538 1..
1804 3493 1860 3524 Off.
1878 3505 1904 3538 9.
2157 3536 2164 3543 .

1263 3531 1297 3562 In
1314 3543 1376 3563 eam
1385 3534 1461 3563 diem
1472 3534 1572 3563 cadere
1581 3543 1728 3564 nummos.
1750 3542 1796 3569 qul
1812 3542 1827 3561 a
1838 3533 1948 3569 Quinto
1961 3532 2109 3565 debentur.
2131 3535 2190 3567 Cic.
2206 3546 2250 3575 ις.
2271 3540 2325 3571 Att.
2342 3550 2387 3573 ιο.

1283 3571 1301 3599 i.
1318 3581 1342 3601 0.
1367 3572 1432 3601 Eam
1445 3572 1499 3601 esse
1511 3573 1586 3601 diem
1596 3571 1751 3600 solutionis.

1264 3608 1297 3638 In
1307 3609 1540 3648 disceptationem
1555 3618 1726 3646 quaecunquc
1737 3607 1837 3637 cadere
1847 3606 1969 3646 possunt.
1991 3608 2050 3640 Cic.
2065 3619 2090 3640 2.
2114 3611 2150 3641 de
2157 3612 2233 3644 Orat.
2247 3625 2271 3650 ς.

1261 3646 1297 3677 In
1309 3648 1428 3677 formam
1439 3657 1523 3677 unam
1539 3656 1630 3684 neque
1641 3647 1744 3676 cadunt
1754 3646 1849 3675 omnia
1860 3647 2019 3677 orationum
2031 3658 2143 3687 genera.
2159 3650 2252 3682 Cic.in
2263 3653 2391 3695 Orat.37.

1264 3684 1299 3715 In
1308 3685 1523 3723 intelligentiam
1533 3685 1649 3713 nostram
1663 3684 1748 3726 cadit.
1770 3682 1829 3712 Cic.
1846 3693 1869 3720 3.
1883 3684 1940 3714 Off.
1959 3694 1999 3722 17.

1264 3722 1298 3752 In
1309 3724 1410 3761 legem.
1431 3724 1495 3752 Sen.
1511 3723 1546 3751 de
1558 3722 1654 3750 lienes.
1667 3721 1717 3750 lib.
1733 3730 1757 3755 ξ.
1775 3730 1835 3759 cap.
1850 3731 1876 3754 7.

1265 3760 1299 3791 In
1308 3761 1386 3791 cursu
1399 3761 1505 3790 cadere.
1528 3759 1585 3789 Cic.
1597 3760 1633 3788 de
1643 3758 1714 3788 Clar.
1727 3759 1804 3788 Orat.
1820 3769 1869 3797 pro
1881 3759 2011 3797 Expctita
2023 3759 2106 3792 laude
2116 3763 2245 3796 frustrari.

1265 3797 1299 3829 In
1309 3799 1393 3828 alium
1408 3808 1465 3826 non
1476 3798 1552 3826 cadit
1562 3804 1618 3826 tam
1634 3796 1790 3826 absolutum
1800 3807 1879 3835 opus.
1911 3797 1980 3828 Plin.
1990 3799 2038 3829 lib.
2050 3809 2094 3836 35.
2104 3810 2165 3840 cap.
2180 3813 2222 3841 19.
2245 3805 2264 3834 i.
2277 3814 2300 3835 e.
2324 3806 2390 3837 Non

1285 3837 1375 3874 potest
1386 3836 1420 3864 ab
1433 3835 1487 3864 alio
1498 3843 1554 3863 tam
1566 3834 1723 3863 absolutum
1735 3844 1806 3872 opus
1819 3835 1922 3873 perfici.

1266 3873 1299 3905 In
1308 3874 1429 3911 aliquem
1443 3872 1541 3902 cadere
1551 3872 1594 3901 vel
1607 3873 1670 3901 Non
1683 3872 1782 3902 cadere
1795 3873 1897 3903 dicitur
1908 3896 1916 3909 ,
1937 3875 2012 3912 quod
2025 3876 2085 3913 quis
2095 3876 2184 3907 facere
2194 3879 2237 3908 vel
2247 3883 2301 3918 pati
2311 3889 2392 3919 aptus

1286 3911 1434 3945 natusest,
1455 3910 1499 3939 vel
1508 3910 1620 3939 nonest.
1661 3910 1720 3940 Cic.
1734 3920 1783 3948 pro
1793 3910 1860 3941 Cael.
1873 3916 1919 3948 69.
1950 3913 2030 3943 Ν11111
2055 3914 2094 3944 est
2111 3916 2189 3952 quod.
2207 3918 2237 3947 in
2256 3918 2390 3954 ejusmodi

1287 3950 1435 3978 mulierem
1448 3957 1506 3976 non
1519 3948 1618 3977 cadere
1630 3948 1767 3978 videatur.

1266 3986 1301 4018 In
1311 3996 1376 4016 eum
1387 3985 1461 4014 cadit
1473 3986 1526 4015 hoc
1536 3985 1631 4015 scelus.
1655 3985 1728 4024 Virg.
1744 3997 1770 4020 9.
1784 3986 1841 4016 Ecl.
1858 3995 1899 4022 17.

1348 4023 1411 4054 Heu
1422 4023 1535 4054 caditin
1546 4033 1706 4061 quenquam
1723 4031 1833 4093 tzffigtssm
1843 4024 1940 4055 scelus.
2361 4070 2395 4102 In
