2600 4177
21 3930 31 4087 —<²L‡—*:5;
21 3902 23 3907 -
21 3880 23 3889 -

540 141 569 175 C
666 143 701 177 O
798 143 831 177 N

147 219 411 260 Conticescebatque
424 221 714 260 paulatimtumultus.
738 222 792 253 Liv.
808 233 852 261 ²5-
870 234 912 254 ιο.

145 257 220 288 AEtas
235 260 309 288 nulla
322 261 356 289 de
367 261 421 289 tuis
432 260 559 289 laudibus
569 259 747 290 conticescet.
769 261 827 292 Cic.
837 273 889 302 pro
899 263 1024 294 Marcell.
1039 274 1066 301 9.

145 296 187 323 Ad
200 297 274 326 casus
284 298 398 335 aliquos.
421 297 540 334 Quintil.
553 297 602 327 lib.
617 301 643 327 6.
654 307 715 335 cap.
731 310 753 329 1.

146 331 345 364 conticescunt
357 341 445 369 artes,
466 335 566 370 Jacent
584 334 726 372 neglectae.
766 336 825 367 Cic.
859 348 888 368 ro
900 338 1009 369 Mosen.
1026 348 1072 368 22.
1093 338 1265 376 Simulatque

165 370 305 410 increpuit
323 372 440 410 suspicio
452 372 607 408 tumultus,
627 379 699 402 artes
710 373 775 403 ilico
793 385 830 404 no
857 386 891 405 rae
907 377 1111 406 conticuerunt.

109 404 385 439 CONTi‘ei‘NrtJM
398 430 407 444 ,
427 409 445 438 i.
468 419 496 439 n.
518 409 706 447 [trama-mni]
735 413 926 444 Conticinium
939 420 1016 453 sputo
1045 414 1161 451 (inquit
1180 413 1266 442 Varro

146 444 182 474 de
198 446 225 476 L.
242 447 270 476 L.
283 451 309 477 6.
321 457 347 483 4.
361 448 453 483 extr.)
474 457 489 476 a
500 447 720 479 Conticescendo
740 451 861 481 dictum:
885 452 938 481 sive
951 474 958 488 ,
979 458 1010 481 ut
1027 452 1140 489 Opilius
1155 450 1264 485 scribit,

146 483 181 512 ab
192 493 226 514 eo
241 485 317 522 quod
328 485 526 514 conticuerunt
536 485 674 515 homines.
715 487 826 518 Nonius
844 499 866 518 ι.
882 498 945 526 313.
976 490 1168 519 Conticinium
1179 511 1187 523 ,
1210 489 1269 518 No-

147 522 198 550 ctis
210 524 331 560 primum
348 528 459 560 tempus
471 545 479 558 ,
501 533 556 560 quo
573 524 667 553 omnia
680 525 841 561 quiescendi
854 528 939 564 gratia
953 527 1154 557 conticescunt.
1178 525 1265 556 Plaut.

148 559 217 589 Asin.
228 568 252 595 3.
265 567 290 596 3.
306 570 351 595 95.
375 560 476 590 Redito
486 561 541 591 huc
553 563 717 592 conticinio.

111 595 327 632 Conrirssx,
349 597 629 630 Comrrrcrum.
673 600 706 630 V.
730 609 888 632 corwrus.

110 634 320 664 Corwrmno
333 658 341 670 ,
371 633 532 672 [wilbado]
551 641 605 667 are.
638 638 728 676 Tigna
747 639 925 677 conjungere.
965 639 1034 670 Plin.
1057 638 1104 669 lib.
1117 649 1143 675 9.
1165 648 1226 676 cap.
1240 647 1266 674 3.

147 671 295 708 Gedrusos,
307 674 353 710 qui
362 674 446 704 Arbin
453 684 565 704 amnem
573 675 722 710 accolunt,
744 675 891 707 Alexandri
900 678 995 715 Magni
1009 677 1132 707 claffium
1144 677 1268 715 praefecti

146 709 298 747 prodidere
310 733 319 746 ,
339 712 368 741 in
388 712 518 743 domibus
536 713 610 742 fores
634 713 755 743 maxillis
774 714 927 745 belluarum
942 716 1034 745 facere
1046 738 1055 750 ,
1077 715 1178 744 offibus
1197 716 1269 744 tetta

146 747 311 785 contignare
323 771 330 784 ,
353 758 388 778 ex
400 750 500 787 quibus
519 751 606 780 multa
623 751 831 789 quadragenum
849 753 1011 783 cubitorum
1025 751 1208 790 longitudinis
1228 761 1269 781 re-

145 791 236 829 perta.
274 787 316 816 De
330 787 428 817 belluis
439 787 528 818 Indici
540 789 630 818 maris.
671 789 735 818 Caes.
744 798 770 819 2.
783 789 851 820 Bell.
864 791 946 820 Civil.
962 800 1004 827 ις.
1027 791 1062 821 Et
1076 789 1210 829 quicquid
1229 790 1268 819 est

146 830 341 862 contignatum
354 847 362 860 ,
382 825 503 856 cratibus
514 827 705 856 consternitur.

108 859 157 890 co
168 870 188 890 N
197 870 259 891 Tic
268 872 289 891 N
298 873 317 892 A
328 872 391 892 τιο
402 885 410 899 ,
431 865 502 894 onis.
523 864 541 893 f.
563 862 754 900 [emittm-1⁵]
774 865 793 894 i.
805 874 827 894 e.
851 865 975 896 Textura
993 865 1113 895 trabium
1130 876 1162 896 ac
1176 867 1197 896 ti
1218 876 1270 896 no-

146 908 218 929 rum.
257 901 304 930 Sic
315 901 400 930 utitur
413 901 478 931 Caes.
492 911 518 931 2.
540 901 608 931 Bell.
621 901 701 931 Civil.
714 912 740 937 9.
764 902 870 932 Vitruv.
885 914 910 937 4.
923 914 948 934 2.
971 905 998 934 δι.
1009 903 1081 941 saepe
1092 904 1167 933 alibi.
1219 914 1269 934 on-

145 937 314 973 tignationes
333 939 593 976 <inquitBudaeus)
614 939 699 977 vulgo
709 939 806 976 Estagia
820 941 967 971 dicuntur:
989 951 1105 978 quarum
1114 942 1266 980 supremae,

144 981 193 1004 aut
203 976 286 1006 etiam
297 976 449 1013 superiores
461 999 469 1013 ,
490 977 642 1007 Coenacula
651 978 795 1011 dicuntur.
815 976 883 1013 ςέραι
897 979 1008 1009 Graecis.
1032 979 1171 1010 Columel.
1186 980 1266 1010 libs.

145 1021 208 1050 cap.
222 1019 248 1043 6.
271 1014 307 1043 Ut
318 1016 526 1053 &contignatio
535 1021 625 1045 careat
635 1015 761 1046 incendii
778 1016 914 1053 periculo.
955 1017 1007 1047 Pro
1028 1018 1164 1047 miraculo
1184 1017 1268 1047 refer-

144 1055 191 1079 tur
213 1053 289 1089 apud
308 1052 365 1082 Liv.
392 1062 437 1082 21.
461 1057 505 1083 62.
529 1054 607 1089 quod
628 1053 682 1083 Bos
699 1054 730 1083 in
750 1055 860 1084 tertiam
877 1055 1117 1093 contignationem
1138 1055 1270 1086 conscen-

164 1089 262 1126 diffet3
288 1090 307 1119 i.
319 1100 342 1120 e.
365 1090 396 1120 In
408 1092 521 1121 tertium
535 1091 682 1121 Solarium.

144 1125 254 1164 Tegere
263 1137 318 1157 una
329 1129 542 1166 contignatione
550 1128 630 1158 binas
645 1129 728 1158 aedes.
767 1127 910 1167 Papinian.
926 1131 955 1160 in
968 1131 987 1160 l.
999 1130 1078 1161 binas
1088 1131 1160 1169 quis.
1181 1130 1217 1161 D.
1232 1130 1268 1161 de

165 1163 255 1194 servit.
267 1165 326 1195 urb.
336 1167 423 1204 praed.
443 1167 526 1197 Binas
535 1167 608 1196 aedes
620 1166 738 1196 habebat
748 1176 803 1196 una
815 1168 1030 1205 contignatione
1043 1170 1139 1199 tectas.

106 1201 132 1231 C
141 1211 158 1230 o
168 1211 215 1231 NT
223 1214 233 1231 1
244 1213 262 1231 c
272 1213 294 1233 N
304 1214 322 1233 υ
331 1215 362 1239 M,
373 1205 392 1234 i.
403 1214 432 1234 n.
452 1204 563 1240 festum
586 1204 756 1242 Contignum
768 1226 776 1240 ,
798 1205 836 1235 est
848 1205 972 1236 Frustum
981 1208 1072 1237 carnis
1083 1217 1148 1237 cum
1158 1206 1268 1245 septem

145 1241 227 1271 costis
241 1242 398 1280 demptum.

106 1275 356 1316 Courrcuus,
378 1280 409 1309 V.
431 1287 646 1310 οοΝτιΝσο.

105 1314 330 1354 Coum-Imm,
350 1319 442 1353 tinui,
462 1323 591 1354 tentum,
611 1316 736 1354 [συνέχῃ
767 1314 854 1355 inixa,
875 1315 982 1356 ιωιτέχω,
1014 1317 1122 1357 ἱπτχέω,
1152 1320 1267 1357 αἳὲιεζζω]

145 1355 201 1385 διε.
224 1355 304 1385 Idem
313 1356 390 1393 quod
399 1356 510 1386 Tenere
519 1376 528 1388 ,
548 1357 575 1385 &
589 1355 799 1393 quodammodo
808 1357 936 1395 arripere.
959 1357 1046 1388 Plaut.
1058 1359 1132 1388 ttud.
1145 1367 1172 1389 2.
1186 1363 1210 1389 6.
1219 1363 1264 1389 26.

225 1393 313 1424 Perii:
333 1395 428 1424 animo
439 1391 559 1424 malefit:
581 1393 697 1423 contine
713 1394 803 1432 quaeso
819 1402 913 1433 caput.

143 1427 264 1461 Coercet
271 1433 298 1462 &
308 1431 437 1462 continet
446 1432 569 1461 mundus
578 1431 730 1462 omniasuo
742 1432 904 1470 complexu.
917 1432 1005 1463 Cic.2.
1019 1433 1055 1463 de
1062 1433 1125 1464 Nat.
1132 1434 1263 1471 Deor.58.

141 1468 266 1507 Adjungi
276 1471 302 1500 ἃ
311 1470 460 1500 contineri.
502 1468 561 1499 Cic.
574 1473 600 1500 6.
613 1469 690 1500 Verr.
703 1479 765 1506 117.
786 1470 890 1500 Eorum
903 1472 1107 1508 conjunctione
1118 1495 1126 1509 ,
1147 1482 1209 1510 pars
1217 1483 1268 1511 op-

163 1507 225 1544 pidi
236 1529 244 1542 ,
266 1517 326 1544 quae
336 1507 494 1546 appellatur
504 1506 595 1538 Insula
603 1529 612 1544 ,
632 1508 700 1538 mari
708 1508 850 1545 disjuncta
858 1531 867 1546 ,
884 1510 998 1547 angusto
1006 1516 1094 1548 ponte
1105 1510 1210 1541 rursum
1220 1511 1268 1540 ad-

163 1545 288 1582 jungitur
299 1546 327 1576 &
339 1546 509 1576 continetur.

143 1581 317 1617 continere,
337 1592 390 1621 pro
403 1583 535 1614 Retinere
546 1605 554 1619 ‚
575 1583 747 1615 conset-vare.
788 1583 845 1614 Cic.
863 1594 889 1614 2.
907 1585 965 1615 Off.
978 1590 1025 1622 84.
1046 1586 1109 1616 Nec
1122 1586 1199 1617 enim
1210 1586 1268 1617 ulla

162 1629 206 1650 res
214 1621 409 1651 vehementius
417 1621 634 1659 Rempublicam
645 1622 774 1652 continet
783 1643 792 1657 ‚
815 1633 900 1660 quam
909 1622 989 1654 fides.

142 1657 283 1689 Homines
293 1660 371 1690 venis
379 1681 389 1695 ,
410 1661 437 1690 &
446 1660 538 1690 nervis
548 1681 557 1695 ,
577 1661 605 1690 8(
616 1659 719 1690 ombus
730 1660 921 1692 continentur.
942 1661 1001 1692 Cic.
1014 1670 1040 1692 2.
1055 1661 1091 1692 de
1103 1662 1169 1693 Nat.
1179 1662 1264 1694 Deor-

165 1706 209 1732 59.
238 1697 266 1727 h.
277 1707 301 1727 e.
327 1696 462 1727 Constant
473 1699 499 1727 Sc
510 1705 730 1736 componuntur.

143 1733 316 1770 continere,
337 1745 389 1774 pro
401 1735 548 1766 Cohibete.
587 1735 725 1773 Trajanus
744 1736 852 1773 Plinio,
873 1746 916 1767 10.
934 1736 1018 1775 Epist.
1029 1745 1074 1768 20.
1096 1737 1177 1768 Nihil
1196 1748 1268 1776 opus

162 1772 211 1808 fit,
233 1774 273 1802 mi
284 1774 414 1818 Secunde
423 1774 559 1804 carissime
568 1795 578 1810 ,
598 1774 634 1804 ad
650 1775 836 1805 continendas
846 1775 984 1805 custodias
993 1775 1088 1814 plures
1098 1776 1269 1807 commilito-

162 1820 213 1841 nes
222 1818 357 1842 converti.

142 1847 253 1879 Belluas
261 1850 399 1879 immanes
409 1848 504 1888 septis.
525 1849 584 1880 Cic.
597 1859 639 1886 13.
657 1849 779 1889 Philipp.
793 1860 818 1885 ς.

142 1887 235 1917 Canes
244 1888 353 1918 catenis
362 1897 412 1926 per
421 1888 507 1917 diem.
529 1887 669 1918 Columel.
681 1889 733 1918 lib.
742 1898 767 1925 7.
780 1898 840 1926 cap.
855 1897 899 1918 12.

142 1925 292 1955 Civitatem
303 1926 333 1955 in
344 1925 448 1955 officio.
487 1925 555 1955 Caes.
572 1936 595 1961 5·
608 1926 677 1956 Bell.
690 1926 761 1956 Gall.
772 1935 797 1963 3.
818 1927 859 1956 Ad
871 1926 1005 1958 Caesarem
1022 1927 1118 1958 venire
1129 1927 1266 1966 noluisse,

162 1973 219 2001 quo
232 1964 342 1994 facilius
357 1964 500 1994 civitatem
514 1965 543 1993 in
555 1963 649 1994 officio
659 1965 826 1994 contineret.

141 2000 275 2031 Claustris
285 2001 418 2039 aliquem.
439 2001 538 2031 Claud.
551 2002 587 2032 de
598 2013 624 2039 4.
642 2002 724 2032 Cons.
737 2003 811 2033 Hon.
825 2011 889 2040 230.

142 2039 237 2077 Equos
254 2040 348 2069 frenis.
369 2040 434 2070 Sen.
447 2039 563 2078 Hippol.
582 2050 624 2070 10.

142 2078 305 2108 Exercitum
315 2078 359 2107 vel
368 2079 524 2116 equitatum
533 2078 634 2108 castris.
657 2077 723 2109 Caes.
738 2088 765 2108 2.
777 2078 845 2109 Bell.
859 2078 930 2109 Gall.
945 2087 990 2116 39.

142 2115 260 2146 Finibus
269 2125 361 2146 rerum
378 2115 487 2146 suarum
498 2115 526 2146 se
535 2117 691 2146 continere.
713 2116 773 2147 Cic.
793 2127 817 2147 1.
832 2117 891 2147 Off.
904 2127 949 2153 92.
969 2144 974 2149 .

143 2154 291 2186 matronas
301 2154 319 2183 si
329 2153 442 2190 suijuris
451 2153 555 2184 finibus
563 2155 724 2185 contineret
733 2154 833 2193 pudor.
855 2155 914 2184 Liv.
925 2165 970 2192 34.
983 2164 1012 2186 2.

145 2192 262 2230 Oppida
271 2192 357 2230 magis
367 2199 461 2228 metu,
484 2202 567 2230 quam
575 2192 632 2222 fide
642 2193 869 2223 continebantur.
893 2193 951 2223 Liv.
967 2202 1010 2230 30.
1020 2201 1067 2223 20.

143 2230 216 2260 Suos
225 2230 341 2260 silentio.
379 2229 437 2260 Liv.
449 2239 495 2267 27.
510 2240 553 2266 ις.
575 2230 801 2260 Consulinterim
813 2231 919 2260 silentio
934 2230 1100 2261 continebat
1109 2230 1181 2262 suos.

143 2268 256 2298 Alvum.
294 2268 364 2298 Plin.
377 2267 425 2298 lib.
439 2279 482 2303 ¹4-
494 2278 555 2306 cap.
572 2272 597 2298 6.
634 2269 661 2297 h.
672 2278 697 2298 e.
720 2269 870 2306 Astringere
885 2270 910 2299 &
927 2269 1112 2307 comprimere
1122 2270 1227 2300 alvum.

143 2306 282 2341 Animam,
292 2306 436 2344 Spiritum.
448 2306 506 2335 Cic.
513 2316 535 2335 1.
543 2306 579 2335 de
591 2306 668 2336 Orat.
676 2310 736 2336 161.
746 2307 857 2336 Deinde
863 2317 950 2344 quum
957 2307 1067 2344 spiritus
1074 2307 1136 2343 ejus
1145 2307 1212 2337 esset
1220 2316 1268 2337 an-

163 2345 281 2382 gustior,
304 2350 414 2374 tantum
429 2344 605 2374 continenda
615 2345 709 2374 anima
725 2345 756 2374 in
770 2345 894 2374 dicendo
906 2345 1122 2382 estassequutus,
1144 2352 1175 2375 ut
1185 2368 1194 2382 ,
1213 2348 1267 2376 διο.

142 2382 341 2420 Appetitiones
349 2383 436 2412 animi
446 2392 542 2420 regere
549 2392 581 2412 ac
591 2383 743 2412 continere.
766 2383 824 2413 Cic.
836 2395 863 2419 4.
879 2383 962 2413 Tusc.
973 2393 1020 2414 22.

143 2420 254 2450 Audita.
276 2420 342 2450 Ter.
352 2420 422 2450 Eun.
438 2430 459 2449 r.
473 2429 500 2449 2.
514 2429 559 2456 23.

182 2457 184 2461 “
237 2458 308 2495 Quae
317 2468 382 2487 vera
392 2458 503 2495 audivi,
523 2464 602 2488 taceo
612 2478 619 2487 .
640 2458 666 2488 St
677 2458 812 2488 contineo
820 2459 938 2497 optime.

143 2495 254 2534 Corpus
263 2496 400 2535 profluvio
411 2496 548 2526 laborans.
572 2495 641 2526 Cels.
652 2496 701 2526 lib.
714 2506 738 2526 1.
750 2497 780 2526 in
790 2507 910 2534 prooem.

142 2534 225 2564 Dicta
236 2535 264 2564 in
276 2535 408 2572 aliquem.
450 2534 508 2564 Cic.
520 2544 545 2564 2.
556 2534 592 2564 de
604 2534 681 2564 Orat.
692 2544 756 2564 222.
779 2535 852 2564 Nam
874 2545 906 2565 ea
923 2535 999 2566 dieta
1016 2535 1195 2573 appellantur
1205 2545 1271 2574 pro-

162 2573 224 2609 prio
234 2574 291 2608 jam
305 2572 429 2602 nomine.
468 2572 525 2602 Sed
536 2572 604 2602 utin
615 2572 768 2602 Scaevolam
778 2574 922 2603 continuit
932 2583 965 2603 ea
975 2574 1082 2604 Crassus
1093 2597 1101 2610 ,
1120 2576 1172 2604 Sec.

141 2610 288 2641 Dolorem.
329 2610 388 2640 Cic.
401 2619 426 2646 3.
440 2609 475 2640 de
485 2610 550 2642 Nat.
563 2610 646 2640 Deor.
660 2620 705 2646 91.
737 2613 759 2641 A
783 2611 839 2640 deo
861 2612 1013 2642 immissum
1031 2612 1158 2642 dolorem
1168 2634 1178 2649 ,
1208 2622 1268 2642 non

160 2654 332 2687 conceptum
343 2658 358 2678 a
370 2647 469 2687 seipso,
483 2648 656 2678 continebat.

141 2686 278 2717 Dolorem
290 2686 414 2716 tacitum.
438 2686 551 2722 Liv.40.
578 2687 597 2716 i.
609 2696 633 2716 e.
655 2685 831 2716 Dissimulare
844 2687 982 2717 dolorem.

143 2725 285 2755 Gaudium
297 2725 422 2754 tacitum.
436 2723 494 2754 Liv.
504 2733 548 2761 30.
561 2734 604 2760 ¹7·
615 2724 747 2754 Tacitum
759 2726 904 2755 continere
914 2725 1048 2764 gaudium
1057 2733 1115 2755 non
1125 2731 1265 2764 poterant.

143 2763 269 2793 Gradum
280 2784 288 2798 ,
312 2763 330 2792 i.
344 2773 369 2792 e.
391 2761 548 2792 Subfistere.
572 2762 644 2801 Virg.
659 2771 684 2798 3.
696 2762 758 2793 AEn.
775 2768 839 2799 598.

142 2801 285 2839 Impetum
294 2800 426 2830 militurn.
448 2800 506 2830 Liv.
518 2810 544 2837 7.
558 2809 602 2837 37.

141 2839 328 2870 Iracundiam.
369 2838 426 2868 Cic.
441 2848 452 2867 1
461 2847 485 2868 ι.
496 2838 572 2868 Fam.
588 2847 612 2875 3.
636 2837 668 2868 Et
681 2845 709 2868 te
730 2838 878 2874 miramur,
901 2847 988 2876 quum
1015 2839 1077 2869 haec
1100 2841 1244 2871 reticueris
1254 2863 1263 2877 ‚

163 2887 222 2907 non
233 2875 352 2916 potuisse
366 2877 512 2906 continere
525 2877 698 2907 iracundiam
713 2882 789 2906 tuam
801 2899 808 2912 ‚
825 2878 877 2907 διε.

139 2915 299 2952 Lacrymas.
340 2914 426 2944 Plaut.
438 2915 520 2945 Most.
536 2924 560 2951 3.
574 2924 601 2944 2.
619 2924 678 2951 ¹35-
703 2914 752 2943 Vix
765 2915 876 2944 videtur
886 2915 1030 2944 continere
1040 2914 1186 2953 lacrymas.

142 2953 298 2991 Linguam,
319 2962 370 2991 pro
384 2952 543 2983 Refrenare.
584 2952 643 2982 Cic.
660 2964 682 2981 ι.
698 2952 735 2990 Q.
746 2952 806 2982 frat.
824 2962 847 2982 1.
870 2951 1025 2990 Quumque
1033 2953 1197 2983 eamaxime
1206 2954 1265 2984 ani.

162 3001 240 3021 mum
253 2997 382 3026 moveat,
400 2996 497 3021 tamen
509 2990 562 3020 tibi
571 2990 625 3020 esse
636 2989 844 3028 diligentissime
854 2990 978 3028 linguam
991 2991 1207 3022 continendam.

141 3029 255 3061 Manus.
276 3028 341 3058 Ter.
354 3028 432 3059 Adel.
446 3040 473 3062 4·
486 3038 513 3059 2.
525 3031 572 3058 26.

235 3066 363 3097 Laudas?
384 3076 427 3097 nae
440 3066 487 3096 ille
497 3066 655 3097 continebit
667 3065 780 3104 posthac
791 3088 800 3102 ‚
820 3066 839 3095 si
857 3065 960 3104 sapiet,
982 3076 1092 3098 manuS.

141 3105 248 3136 Manus
261 3105 297 3134 ab
307 3104 409 3143 aliquo.
432 3105 517 3134 Ovid.
531 3115 572 3134 ιι.
589 3105 670 3143 Epist.
683 3110 728 3137 80.

140 3143 246 3174 Manus
255 3142 372 3179 alicujus
379 3142 414 3172 ab
423 3142 526 3180 aliquo.
568 3142 625 3173 Cic.
637 3143 668 3172 in
681 3142 763 3172 Catil.
776 3151 822 3172 21.
844 3141 973 3179 Quorum
982 3151 1035 3181 ego
1044 3144 1092 3174 vix
1108 3143 1158 3173 abs
1168 3149 1197 3175 te
1208 3145 1266 3182 jam

162 3182 212 3211 diu
222 3190 321 3210 manus
332 3190 365 3210 ac
378 3180 434 3210 tela
444 3182 587 3211 contineo.

141 3219 252 3249 Odium
264 3219 295 3248 in
305 3218 427 3256 aliquem
440 3225 614 3257 conceptum
624 3218 680 3253 jam
690 3216 748 3247 diu.
771 3217 831 3247 Cic.
847 3216 907 3247 Post
919 3218 1000 3248 redit.
1016 3218 1052 3248 ad
1064 3218 1145 3256 Quir.
1160 3231 1184 3250 1.

142 3257 251 3288 Risum.
287 3256 348 3286 Cic.
361 3267 387 3291 4.
400 3257 534 3286 deFinib.
554 3255 648 3286 Risum
660 3256 793 3291 contine,
813 3255 832 3285 fi
853 3264 942 3293 potes.

141 3295 248 3325 Vocem
263 3294 464 3329 conjurationis
474 3304 533 3324 non
546 3294 636 3332 potest
645 3294 788 3323 continere
805 3293 958 3331 parietibus
976 3294 1086 3325 domus.
1127 3295 1185 3326 Cic.
1200 3306 1222 3325 ι.
1236 3298 1266 3328 in

161 3333 242 3364 Catil.
256 3337 280 3362 6.
303 3333 366 3362 Nec
376 3333 482 3370 privata
493 3334 595 3362 domus
611 3331 764 3370 parietibus
780 3332 927 3361 continere
945 3341 1045 3362 vocem
1063 3333 1265 3370 conjurationis

159 3377 215 3401 tuae
227 3370 325 3408 potest.
365 3371 422 3400 i.e.
442 3370 508 3400 Non
531 3370 622 3408 potest
635 3376 735 3399 tacere.
782 3369 899 3406 [Immo
915 3370 980 3399 Non
999 3370 1169 3408 prohibere,
1198 3375 1266 3410 quin

160 3409 337 3438 innotescant
347 3407 479 3438 omnibus
491 3419 553 3446 quae
562 3417 627 3438 curn
636 3407 789 3444 conjuratis
798 3408 883 3445 egisti.

141 3447 250 3477 Vocem
261 3456 319 3476 non
331 3447 486 3475 continere.
513 3446 583 3476 Plin.
603 3445 652 3475 lib.
669 3457 710 3481 14·
725 3455 786 3484 cap.
799 3455 845 3476 22.
867 3445 921 3482 Alii
931 3445 1067 3477 redituras
1076 3448 1266 3486 perjugulum

163 3495 246 3515 voces
265 3494 323 3514 non
333 3485 490 3514 continent.
529 3482 750 3515 Detemulentis.

142 3523 176 3554 In
188 3523 295 3560 jejunio
303 3523 434 3560 aliquem.
455 3521 524 3551 Cels.
536 3522 585 3551 lib.
599 3530 626 3558 7.
643 3530 704 3559 cap.
717 3525 763 3551 26.

142 3561 296 3591 Continere
306 3560 333 3590 se
344 3582 352 3595 ,
372 3560 449 3590 idem
458 3559 534 3597 quod
545 3559 684 3589 Abstinere
694 3558 731 3588 se.
761 3557 828 3588 Ter.
837 3558 908 3589 Eun.
923 3569 948 3594 ς.
960 3567 987 3588 2.
1000 3568 1047 3588 20.
1076 3558 1130 3590 Vix
1141 3570 1187 3591 me
1196 3571 1264 3592 con-

160 3598 249 3634 abeo,
260 3599 327 3636 quin
338 3597 462 3628 involem
470 3598 500 3627 in
510 3597 655 3636 capillum.
677 3596 735 3626 Cic.
749 3602 776 3632 8.
786 3596 861 3626 Fam.
873 3600 899 3626 6.
920 3597 1017 3633 Quum
1026 3597 1177 3634 praesertim
1189 3600 1211 3629 is
1221 3600 1261 3637 sit,

161 3637 208 3675 qui
220 3636 239 3665 si
249 3635 433 3674 perniciosum
444 3635 526 3666 sciret
539 3635 595 3665 effe
603 3634 682 3671 loqui
692 3635 728 3665 de
741 3635 793 3664 hac
803 3644 833 3664 re
842 3656 856 3678 ,Ι
873 3635 922 3664 vix
931 3643 1026 3664 tamen
1039 3634 1065 3664 se
1075 3637 1244 3668 contineret.

142 3674 219 3706 male
228 3673 254 3703 se
265 3674 427 3709 continere,
448 3675 467 3703 i.
479 3683 504 3702 e.
527 3673 577 3703 Vix
587 3673 615 3702 se
627 3672 780 3702 continere.
802 3673 887 3703 Ovid.
903 3683 930 3707 4.
949 3672 1021 3702 Met.
1037 3681 1101 3709 351.

142 3714 297 3743 Continere
312 3710 340 3741 se
352 3721 367 3740 a
377 3711 532 3750 supplicio,
554 3713 581 3741 δε
594 3710 753 3748 reprimere.
775 3709 834 3740 Cic.
848 3720 874 3742 7.
892 3709 965 3739 Verr.
980 3719 1031 3754 7³⁰.
1071 3748 1077 3755 ·

143 3751 296 3781 Continere
303 3748 331 3778 se
341 3749 370 3778 in
379 3749 470 3787 aliqua
481 3749 600 3779 libidine
610 3770 619 3783 ‚
640 3748 705 3778 &in
715 3747 770 3778 alia
783 3747 811 3777 se
821 3747 977 3779 effundere.
999 3747 1058 3778 Cic.
1069 3758 1100 3778 m
1109 3749 1206 3781 Parad.
1219 3759 1245 3789 3.

142 3789 296 3819 Continere
304 3786 359 3816 sese
369 3787 398 3816 in
409 3787 529 3817 occulto.
553 3786 617 3817 Caes.
631 3795 657 3815 2.
674 3785 739 3815 Bell.
755 3785 825 3815 Gall.
843 3791 886 3820 18·
949 3823 954 3828 ῃ

142 3827 296 3857 continere
308 3824 334 3854 se
343 3825 419 3854 domi
429 3832 477 3855 aut
485 3826 550 3855 ruri.
571 3824 636 3854 Ter.
648 3823 794 3853 Phasma.
806 3833 831 3854 2.
847 3826 891 3853 16.
927 3822 974 3854 Sic

142 3865 294 3895 Continere
306 3862 332 3892 se
343 3863 432 3892 tectis.
456 3863 524 3893 Plin.
537 3863 586 3893 lib.
601 3872 643 3891 ιι.
653 3871 715 3899 cap.
728 3871 772 3890 10.

142 3902 288 3934 Moenibus
301 3900 375 3930 urbis
384 3899 419 3930 se.
443 3901 528 3931 Ovid.
545 3910 585 3938 ¹3·
603 3899 673 3930 Met.
688 3907 753 3934 207.

140 3940 227 3970 Domi
238 3962 245 3974 ,
266 3945 349 3975 atque
358 3939 428 3967 intra
438 3939 558 3976 privatos
569 3938 690 3976 parietes
699 3935 831 3973 aliquem.

141 3978 283 4007 Contineo
295 3986 339 4005 me
348 3976 382 4005 ab
396 3976 532 4013 exemplis
541 3976 652 4005 Graecis.
679 3974 737 4004 Cic.
751 3984 776 4003 2.
793 3975 828 4003 de
839 3973 928 4004 Finib.
940 3976 985 4004 62.

141 4016 293 4046 Continere
307 4013 332 4044 se
344 4013 378 4044 ab
389 4013 572 4045 assentiendo.
593 4014 652 4044 Cic.
664 4023 690 4049 4.
705 4013 788 4042 Acad,
808 4021 870 4048 104.

854 3934 976 3973 Quintil.
992 3935 1042 3967 lib.
1058 3946 1081 3967 x.
1096 3946 1156 3975 cap.
1165 3947 1192 3969 2.

1694 150 1724 184 C
1823 151 1857 185 O
1957 152 1992 186 N
2414 165 2488 203 6Τ7

1358 227 1514 259 Continere
1528 230 1621 260 animo
1633 239 1665 260 ac
1682 231 1816 261 memoria
1833 233 1925 262 fontes
1939 234 2065 263 omnium
2085 244 2175 266 rerum
2199 248 2259 274 quae
2278 240 2313 269 ad
2332 240 2485 270 dicendum

1381 268 1531 301 pertinent.
1555 269 1613 298 Cic.
1629 279 1652 298 1.
1666 270 1702 297 (le
1717 269 1794 299 Orat.
1808 281 1853 306 94.

1360 301 1512 334 continere
1539 306 1601 334 alvo
1616 307 1716 335 dicitur
1735 307 1836 337 mulier
1852 317 2006 346 praegnans.
2044 308 2103 338 Cic.
2117 320 2141 340 ι.
2165 310 2201 340 de
2212 312 2301 343 Divin.
2323 325 2365 350 ιφ.
2389 315 2486 353 Quum

1380 351 1523 379 prargnans
1535 343 1612 372 hunc
1624 343 1713 382 ipsum
1727 345 1889 382 Dionysium
1902 346 1963 376 alvo
1977 348 2134 377 contineret
2146 370 2155 384 ,
2177 348 2324 380 somniavit
2336 374 2343 385 ,
2358 356 2409 383 ἃς.

1360 377 1392 406 ln
1404 380 1465 408 alvo
1476 380 1552 418 spem
1565 391 1578 410 a
1591 383 1649 410 viro
1660 385 1884 413 commendatam
1897 385 2025 415 continet
2034 385 2145 415 mulier.
2167 386 2226 417 Cic.
2241 397 2290 424 pro
2298 388 2408 420 Cluent.
2423 399 2465 426 34.

1362 415 1495 460 Continet
1505 428 1550 447 me
1561 420 1718 457 tempestas
1760 420 1846 451 Plaut.
1862 422 1963 460 Amph.
1979 433 2004 452 2.
2019 432 2046 453 2.
2061 434 2086 458 5·
2109 426 2150 453 An
2171 426 2318 464 tempestas
2338 430 2465 458 continet
2477 451 2484 463 ,

1381 464 1444 490 qui,
1463 458 1514 485 Sec.
1551 457 1569 485 i.
1585 466 1607 485 e.
1638 457 1769 493 Detinet,
1790 460 1930 497 impedit,
1951 461 2153 491 &remoratur.

1361 491 1495 559 antffipet
1504 494 1619 531 epistola
1629 497 1717 531 tertia,
1740 497 1794 527 effe
1803 497 1853 527 tibi
1866 497 2004 528 redditam
2017 500 2175 530 orationem
2186 510 2238 539 pro
2249 500 2352 531 Clario.
2372 501 2441 532 Plin.
2457 513 2483 539 9.

1406 540 1431 567 pi
1460 537 1528 565 .28.

1361 566 1497 604 magnum
1509 569 1654 600 mendum.
1696 571 1756 601 Cic.
1771 582 1814 609 14.
1829 573 1882 602 Att.
1894 582 1939 607 24.
1971 573 2068 610 Itaque
2087 584 2133 604 me
2150 574 2216 605 Idus
2234 575 2340 607 Martiae
2354 586 2412 606 non
2429 583 2487 608 tam

1382 605 1560 636 consolantur
1572 630 1580 641 ,
1604 617 1687 644 quam
1699 616 1797 640 antea:
1820 620 1953 647 magnum
1965 612 2041 642 enim
2051 613 2187 643 mendum
2204 615 2362 645 continent.

1363 641 1529 686 continetur
1539 644 1651 683 publica
1661 646 1731 676 salus
1742 647 1937 679 incolumitate
1948 649 2032 679 illius.
2055 650 2125 680 Plin.
2138 660 2182 681 10.
2194 651 2276 690 Epist.
2288 661 2333 689 35.
2354 653 2373 683 i.
2385 662 2412 683 e.
2433 652 2490 683 Re·-

1384 687 1488 711 tinetur
1504 683 1529 712 ἃ
1543 683 1727 713 conservatur.

1362 718 1456 785 Sffiuoe
1467 719 1584 786 allicujus
1595 721 1706 751 alterius
1715 722 1830 753 salutem
1843 724 1991 754 contineri.
2031 726 2049 754 i.
2062 735 2087 756 e.
2109 726 2150 757 Ex
2161 736 2193 757 ea
2204 727 2338 765 pendere.
2361 727 2422 758 Cic.
2434 737 2487 768 pro

1400 766 1401 769 ¹
1416 767 1477 786 arce
1492 780 1498 786 .
1516 767 1560 792 23.

1363 793 1529 824 Continetur
1540 796 1667 825 honestas
1685 806 1718 826 ex
1730 804 1847 832 quatuor
1859 799 2015 830 virtutibus.
2039 800 2099 831 Cic.
2113 810 2139 831 2.
2153 802 2189 831 de
2198 800 2289 832 Finib.
2304 812 2349 840 35.

1362 830 1551 862 Continentur
1561 840 1633 862 artes
1646 836 1812 870 cognatione
1825 838 1944 873 quadam
1954 838 2026 868 inter
2036 838 2071 868 se.
2100 839 2159 869 Cic.
2170 850 2221 877 pro
2233 841 2312 872 Arch.
2326 850 2352 870 2.
2375 839 2486 871 Etenim

1380 879 1479 914 omnes
1490 878 1573 906 artes,
1588 881 1649 907 quae
1663 874 1697 901 ad
1708 873 1910 904 humanitatem
1923 877 2076 913 pertinent,
2097 877 2201 907 habent
2210 880 2352 915 quoddam
2362 888 2488 909 commu-

1382 916 1417 936 ne
1431 909 1572 938 vmculum
1584 931 1592 943 ,
1615 911 1642 939 δι
1651 910 1723 947 quali
1735 912 1903 948 cognatione
1915 913 2033 950 quadam
2043 915 2116 944 inter
2126 915 2153 944 se
2165 916 2353 946 continentur.

1361 944 1509 975 Contineri
1518 956 1618 982 genere
1630 948 1656 977 &
1668 949 1783 978 nomine
1792 949 1914 979 familiae.
1952 950 2010 981 Cic.
2023 962 2074 989 pro
2086 952 2189 983 Caecin.
2204 963 2247 989 55.
2278 954 2386 984 Tamen
2399 956 2425 985 &
2436 953 2487 993 ipsi

1381 989 1436 1012 tuae
1448 984 1562 1014 familiae
1574 987 1598 1015 ἃ
1615 995 1717 1022 genere
1726 987 1752 1016 ἃ
1764 987 1882 1017 nomine
1889 989 2080 1019 continentur.

1361 1019 1595 1059 Philosophorum
1607 1022 1683 1053 libris
1691 1024 1797 1062 aliquid
1811 1026 1981 1056 continetur.
2003 1026 2124 1063 Quintil.
2137 1027 2168 1057 in
2183 1038 2301 1066 prooem.
2316 1029 2363 1059 lib.
2379 1039 2403 1060 ι.

1361 1060 1450 1095 Atque
1459 1060 1518 1090 haec
1530 1062 1625 1090 omnia
1637 1071 1695 1091 uno
1706 1062 1792 1091 verbo
1803 1064 1993 1093 continentur.
2016 1064 2075 1094 Cic.
2088 1075 2114 1094 2.
2126 1066 2162 1095 de
2175 1067 2251 1096 Orat.
2267 1077 2328 1103 ¹50·

1323 1096 1373 1127 Co
1382 1106 1401 1125 N
1412 1099 1479 1126 τῑΝ
1489 1108 1505 1141 ,¹³
1515 1108 1534 1127 N
1543 1109 1555 1127 s
1566 1121 1575 1133 ‚
1596 1097 1738 1136 [συνεχὲς]
1760 1100 1856 1130 Partic.
1879 1101 1958 1131 Idem
1969 1102 2007 1131 est
2018 1103 2094 1140 quod
2107 1103 2263 1141 Contiguus
2279 1127 2287 1140 ,
2308 1105 2488 1142 conjunctus-

1359 1144 1424 1173 que.
1464 1135 1523 1165 L1v.
1546 1136 1862 1176 Continensimperium
1874 1139 1959 1177 usque
1969 1140 2006 1169 ad
2015 1149 2067 1170 nos
2077 1141 2225 1172 habebitis.
2265 1143 2284 1173 i.
2297 1153 2322 1173 e.
2346 1144 2411 1173 Sine
2428 1144 2487 1173 ullo

1360 1173 1526 1209 intervallo,
1550 1174 1614 1203 Non
1629 1175 1825 1214 interruptum.

1361 1211 1517 1241 Continens
1526 1221 1596 1249 ager.
1621 1212 1715 1243 Labeo
1728 1215 1756 1243 in
1767 1214 1785 1244 l.
1796 1214 1845 1244 ult.
1862 1214 1897 1245 D.
1910 1215 1945 1244 de
1956 1217 2059 1253 acquir.
2076 1225 2127 1246 rer.
2141 1217 2247 1248 domin.

1360 1248 1544 1293 Continentia
1556 1251 1645 1280 fundo
1656 1251 1772 1289 alicujus
1778 1253 1883 1291 praedia
1893 1275 1902 1289 ,
1917 1262 2000 1291 atque
2009 1254 2142 1291 adjuncta
2151 1256 2276 1286 mercari.
2298 1254 2356 1286 Cic.
2368 1266 2419 1295 pro
2429 1256 2489 1288 Cae·

1380 1296 1436 1316 cm.
1457 1297 1499 1317 11.

1360 1324 1519 1356 Continens
1542 1325 1654 1364 spiritus
1676 1329 1702 1358 sc
1721 1327 1892 1358 Intermissus
1903 1350 1912 1363 ,
1933 1330 2079 1360 contraria.
2101 1329 2159 1360 Cic.
2171 1339 2195 1366 3.
2213 1330 2249 1360 de
2257 1330 2333 1361 Orat.
2346 1340 2411 1368 214.

1359 1362 1459 1401 Longo
1469 1364 1595 1401 agmine,
1616 1375 1670 1395 nec
1685 1367 1843 1396 continenti
1855 1388 1864 1401 ,
1886 1367 1970 1396 maesti
1987 1377 2020 1399 ac
2043 1377 2133 1407 prope
2152 1369 2218 1399 victi
2236 1369 2401 1407 procedunt.
2424 1369 2483 1400 Liv.

1385 1411 1428 1431 10.
1443 1411 1486 1438 35.
1500 1409 1569 1432 extr.

1359 1438 1466 1470 Labore
1489 1441 1646 1485 continenti
1666 1442 1760 1472 omnia
1781 1441 1920 1481 superare.
1952 1442 2018 1474 Caes.
2030 1453 2055 1482 7.
2068 1443 2138 1474 Bell.
2150 1444 2221 1475 Gall.
2234 1454 2281 1481 24.
2311 1446 2331 1475 i.
2344 1455 2370 1476 e.
2392 1444 2488 1476 Conti-

1381 1487 1438 1507 nuo
1449 1500 1457 1513 ,
1479 1488 1533 1508 nec
1546 1485 1714 1518 interrupto.

1360 1515 1452 1546 Biduo
1461 1516 1629 1546 continenti.
1669 1519 1746 1548 Suet.
1759 1518 1788 1548 in
1798 1518 1886 1557 Calig.
1898 1528 1960 1557 cap.
1973 1529 2016 1556 ¹9·
2039 1519 2089 1550 Per
2097 1519 2174 1551 hunc
2182 1526 2302 1559 pontem
2315 1520 2389 1551 ultro
2402 1521 2485 1552 citro-

1380 1564 1434 1591 que
1445 1556 1616 1584 commeavit
1627 1577 1634 1591 ,
1656 1555 1742 1585 biduo
1752 1558 1922 1586 continenti.

1358 1591 1446 1622 Cursu
1459 1593 1615 1622 continenti
1628 1593 1701 1630 sequi
1713 1594 1860 1632 fugientes.
1885 1594 1942 1624 Liv.
1955 1603 2000 1625 22.
2014 1604 2057 1630 ις.

1359 1629 1452 1660 lmber
1461 1631 1611 1661 continens
1622 1653 1630 1667 ,
1652 1631 1821 1662 Continuus.
1862 1632 1920 1662 Liv.
1931 1642 1976 1669 23.
1990 1644 2035 1669 44.
2058 1633 2151 1664 Imber
2166 1634 2316 1665 continens
2333 1642 2484 1674 pertotam

1378 1669 1492 1698 nostem
1504 1669 1589 1707 usque
1602 1670 1637 1698 ad
1647 1669 1744 1699 horam
1755 1672 1864 1700 tertiam
1876 1671 1932 1700 diei
1943 1670 2113 1708 insequentis
2125 1673 2226 1702 tenuit.

1360 1705 1522 1743 Omniaque
1531 1707 1609 1737 velut
1618 1709 1778 1738 continenti
1785 1709 1919 1739 incendio
1930 1710 2026 1739 ardere
2035 1710 2101 1740 visa.
2123 1709 2234 1740 Curtius
2247 1719 2272 1748 3.
2283 1715 2310 1746 8.
2326 1716 2368 1746 18.

1358 1744 1430 1782 Juga
1440 1745 1622 1775 continentia.
1645 1745 1702 1775 Liv.
1712 1756 1757 1783 27.

1359 1782 1507 1850 Memoiria.
1548 1783 1635 1851 gugd
1646 1784 1761 1822 quidem
1771 1785 1922 1815 continens
1931 1786 2067 1816 memoria
2077 1785 2117 1816 fit.
2141 1785 2213 1816 Vide
2229 1796 2264 1816 ex
2274 1785 2353 1816 Livio
2363 1786 2394 1817 in
2413 1797 2487 1818 nur.-

1378 1829 1430 1850 Lus
1469 1830 1525 1850 um.
1579 1844 1585 1851 .
1619 1828 1638 1851 t.

1360 1858 1543 1889 Continentia
1555 1859 1680 1890 aedificia.
1689 1861 1719 1890 in
1730 1860 1748 1891 l.
1759 1870 1795 1891 eo
1806 1861 1875 1897 jure.
1884 1861 1974 1899 §.1.D.
1987 1861 2018 1891 in
2029 1862 2129 1900 quibus
2141 1860 2212 1892 caus.
2227 1862 2326 1900 pignus
2339 1862 2384 1893 vel
2395 1864 2481 1902 hypo.

1334 1902 1336 1906 ·
1360 1897 1459 1926 Oratio
1475 1898 1632 1928 continens.
1674 1898 1732 1929 Cic.
1752 1908 1776 1929 1.
1789 1899 1871 1930 Tusc.
1885 1902 1927 1929 16.
1948 1900 2005 1930 Sed
2025 1900 2098 1930 nibil
2121 1906 2150 1930 te
2170 1900 2372 1939 interpellabo:
2397 1903 2488 1932 conti-

1381 1941 1497 1964 nentem
1509 1936 1664 1967 orationem
1676 1937 1771 1966 audire
1785 1938 1870 1967 malo.

1360 1971 1498 2002 Punicum
1513 1973 1618 2004 bellum
1629 1976 1789 2005 continenti
1798 1975 1933 2013 scriptura
1943 1976 2100 2014 expolitum
2116 1975 2208 2006 divifit
2218 1976 2248 2005 in
2266 1975 2373 2015 septem
2388 1976 2486 2009 libros.

1380 2011 1456 2040 Suet.
1467 2011 1504 2041 de
1516 2011 1586 2041 Clar.
1599 2012 1688 2042 Gram.
1703 2023 1765 2051 cap.
1778 2023 1806 2044 2.
1844 2014 1888 2044 De
1896 2014 2007 2044 Cratete
2022 2014 2142 2044 Mallote
2157 2013 2291 2052 quuitur.

1359 2048 1482 2079 Somnus
1491 2051 1652 2081 continens.
1682 2051 1755 2081 Cels.
1768 2051 1818 2082 lib.
1831 2060 1856 2089 3.
1868 2061 1928 2090 cap.
1943 2061 1989 2082 20.
2002 2051 2038 2082 de
2049 2052 2187 2090 Lethargo
2196 2074 2204 2089 ‚
2225 2052 2254 2082 Si
2263 2062 2328 2082 vero
2338 2053 2489 2084 continens

1380 2088 1407 2116 ei
1416 2086 1528 2117 somnus
1543 2088 1582 2118 est
1593 2110 1600 2124 ,
1622 2089 1718 2126 utique
1730 2091 1898 2120 excitandus
1909 2090 1948 2120 est
1957 2113 1966 2127 ,
1981 2091 2034 2120 διο.

1360 2124 1516 2156 Continens
1527 2148 1536 2162 ,
1557 2126 1725 2164 [ἐγκρφτῆς]
1746 2129 1803 2165 Qui
1815 2128 1951 2164 abstinet,
1971 2128 2095 2159 maxime
2112 2138 2128 2158 a
2139 2127 2311 2158 mulieribus.
2334 2128 2400 2159 Ter.
2414 2129 2487 2161 Eun.

1380 2172 1408 2194 2.
1422 2173 1503 2194 1.21.
1753 2167 1854 2196 —hoc
1870 2176 1956 2196 nemo
1971 2166 2026 2196 fuit

1455 2201 1551 2232 Minus
1561 2202 1675 2240 ineptus
1686 2225 1696 2239 ,
1717 2203 1804 2241 magis
1814 2203 1923 2234 severus
1932 2203 2074 2243 quisquam
2084 2225 2092 2239 ‚
2114 2213 2167 2233 nec
2175 2204 2261 2242 magis
2270 2204 2429 2235 continens.

1359 2238 1508 2270 Interdum
1521 2239 1678 2270 Continens
1686 2251 1751 2271 cum
1762 2242 1922 2278 adjectione
1932 2264 1940 2278 ,
1961 2250 1994 2272 ut
2003 2242 2080 2280 apud
2092 2241 2182 2272 Valer.
2195 2242 2235 2272 M.
2246 2242 2277 2271 in
2288 2241 2338 2272 lib.
2353 2253 2380 2278 4.
2395 2252 2490 2281 cap.3.

1379 2277 1515 2314 Pericles,
1536 2278 1686 2316 Sophoclis
1697 2280 1943 2318 intemperantiam
1953 2281 2100 2319 increpans
2110 2303 2118 2316 ,
2140 2281 2215 2310 dixit
2225 2302 2233 2315 ,
2255 2281 2366 2310 Praetori
2375 2290 2435 2310 non
2446 2281 2488 2312 so-

1378 2315 1438 2345 lum
1450 2325 1549 2346 manus
1558 2326 1573 2346 a
1583 2318 1710 2354 pecuniae
1724 2317 1802 2348 lucro
1811 2340 1820 2355 ,
1840 2317 1889 2348 sed
1899 2319 1985 2348 etiam
1994 2318 2094 2349 oculos
2109 2328 2126 2348 a
2139 2318 2289 2348 libidinoso
2299 2318 2411 2357 aspectu
2421 2329 2490 2349 con-

1379 2354 1504 2383 tinentes
1513 2353 1569 2383 esse
1582 2355 1695 2385 debere.
1717 2355 1754 2385 H.
1763 2356 1803 2385 St.
2078 2379 2087 2388 1

1361 2390 1625 2422 Continentislimus
1635 2414 1644 2427 ‚
1666 2403 1717 2430 pro
1727 2393 1851 2423 Homine
1861 2393 1978 2424 minime
1989 2403 2080 2424 avar0.
2117 2392 2178 2423 Cic.
2190 2393 2220 2422 in
2229 2393 2322 2423 Parad.
2339 2403 2362 2423 ι.
2385 2394 2418 2424 In
2430 2405 2487 2432 quo

1380 2429 1511 2467 equidem
1521 2431 1824 2461 continentiffimorum
1837 2432 1985 2462 hominum
1997 2431 2133 2468 maJ‘orum
2145 2432 2302 2461 nostrorum
2312 2430 2384 2470 saepe
2396 2435 2488 2471 requi-

1378 2477 1410 2496 ro
1445 2467 1603 2497 rudentiam
1613 2490 1622 2504 ,
1644 2469 1691 2506 qui
1710 2469 1768 2498 haec
1785 2469 1928 2500 imbecilla
1939 2471 1966 2501 δι
1980 2469 2192 2500 commutabilia
2200 2470 2327 2508 pecuniae
2339 2472 2465 2501 membra
2478 2494 2487 2509 ‚

1380 2515 1427 2535 ver
1448 2516 1466 2535 ο
1477 2505 1551 2535 bona
1562 2512 1732 2544 putaverunt
1745 2507 1922 2546 appellanda.

1360 2543 1462 2573 Parcus
1472 2545 1498 2573 &
1507 2544 1665 2574 continens.
1686 2544 1755 2575 Plin.
1771 2556 1796 2581 5.
1808 2545 1892 2584 Epist.
1903 2555 1948 2576 20.

1359 2581 1393 2612 In
1409 2582 1588 2618 continenti3
1609 2581 1724 2613 subaud.
1745 2583 1898 2623 Tempore.
1936 2582 2000 2621 Ulp.
2012 2582 2070 2614 inl.
2081 2582 2157 2621 quod
2167 2581 2269 2613 aitlex.
2288 2583 2320 2613 D.
2338 2583 2374 2614 ad
2392 2582 2485 2623 legem

1377 2619 1482 2655 Juliam
1495 2620 1530 2648 de
1543 2620 1709 2657 adulteriis,
1732 2621 1819 2658 Quod
1831 2623 1869 2652 ait
1883 2622 1947 2657 lex,
1969 2622 2001 2652 ln
2019 2622 2179 2651 continenti
2198 2621 2284 2651 filiam
2299 2622 2425 2652 occidat:
2449 2623 2486 2652 sic

1378 2659 1432 2687 erit
1444 2658 1643 2695 accipiendum
1652 2680 1661 2693 ,
1680 2668 1717 2688 ne
1726 2659 1818 2689 occiso
1825 2660 1912 2690 hodie
1922 2659 2051 2690 adultero
2062 2682 2070 2696 ‚
2090 2659 2209 2689 reservet
2220 2681 2228 2695 ‚
2250 2662 2278 2689 δε
2297 2660 2357 2697 post
2368 2660 2444 2690 diem
2454 2661 2485 2690 fi-

1377 2695 1444 2725 liam
1457 2696 1590 2731 occidat,
1611 2696 1658 2726 vel
1667 2704 1772 2727 contra.
1794 2698 1879 2728 debet
1898 2699 1973 2727 enim
1989 2707 2078 2736 prope
2089 2707 2147 2727 uno
2159 2698 2216 2727 ictu
2228 2719 2237 2731 ,
2259 2699 2284 2727 ἃ
2301 2707 2359 2727 uno
2375 2699 2484 2736 impetu

1377 2740 1526 2770 utrumque
1548 2734 1677 2764 occidere
1689 2757 1697 2767 ,
1719 2736 1816 2773 aequali
1838 2737 1877 2766 ira
1898 2735 2028 2765 adversus
2045 2743 2194 2770 utrumque
2207 2734 2324 2773 sumpta.
2362 2735 2448 2773 Quod
2463 2737 2484 2765 si

1378 2781 1437 2801 non
1448 2771 1590 2802 affectavit
1598 2793 1606 2807 ,
1626 2772 1673 2802 sed
1684 2773 1753 2803 dum
1761 2773 1879 2804 alterum
1891 2774 2001 2803 occidit
2011 2795 2019 2807 ,
2040 2774 2164 2812 profugit
2180 2773 2237 2803 filia
2248 2795 2256 2806 .
2277 2775 2304 2803 δι
2315 2774 2485 2811 interpofitis

1377 2809 1454 2839 horis
1465 2809 1637 2847 adprehensa
1645 2811 1683 2840 est
1692 2821 1708 2841 a
1718 2817 1805 2849 patre,
1828 2813 1874 2850 qui
1906 2811 2097 2848 ersequebatur
2106 2833 2114 2846 ,
2136 2813 2165 2841 in
2176 2811 2333 2841 continenti
2344 2812 2486 2842 videbitur

1379 2847 1520 2878 occidisse.
1561 2849 1633 2878 Sunt
1643 2850 1690 2886 qui
1705 2851 1880 2886 conjunctim
1900 2856 2000 2888 egunt,
2021 2850 2222 2880 Incontinenti.

1358 2885 1576 2916 Excontinenti.
1596 2886 1687 2917 Idem.
1710 2887 1775 2926 Ulp.
1790 2888 1851 2918 inl.
1869 2887 1916 2917 sed
1926 2888 1983 2918 etsi.
2001 2887 2035 2918 D.
2056 2887 2133 2924 quod
2151 2897 2216 2916 cum
2237 2896 2271 2915 eo
2287 2887 2334 2924 qui
2350 2888 2380 2916 in
2396 2887 2480 2917 alien.

1376 2930 1438 2962 pot.
1464 2924 1520 2953 Sed
1531 2933 1567 2954 an
1577 2925 1662 2954 etiam
1671 2927 1807 2964 temporis
1815 2927 1887 2955 ratio
1896 2926 1991 2956 haberi
2000 2925 2120 2955 debeat:
2142 2932 2174 2954 ut
2185 2925 2202 2954 fi
2215 2925 2329 2962 quidem
2345 2934 2379 2954 ex
2390 2928 2483 2955 conti-

1377 2962 1457 2991 nenti
1464 2971 1529 2991 cum
1536 2961 1595 2992 filio
1606 2970 1703 3001 agatur
1711 2986 1719 2999 ‚
1741 2964 1822 2994 detur
1831 2964 1904 2994 actio
1914 2965 1942 2993 in
1951 2964 1981 2993 id
1992 2964 2068 3002 quod
2078 2963 2169 2994 facere
2182 2963 2289 3002 potest:
2314 2962 2334 2992 fi
2345 2973 2410 2993 vero
2420 2965 2483 3003 post

1377 2999 1482 3029 multos
1491 3009 1596 3036 annos,
1617 3011 1677 3030 non
1690 3001 1792 3032 debeat
1801 3002 1944 3037 indulgeri
1955 3003 1969 3031 ‘2

1357 3037 1513 3068 Continens
1526 3059 1534 3074 ,
1555 3040 1582 3068 &
1597 3038 1804 3070 firmamentum
1818 3040 1906 3071 causae
1916 3040 2021 3070 dicitur
2039 3038 2136 3069 Latine
2149 3061 2157 3075 ,
2177 3039 2252 3076 quod
2270 3038 2406 3068 Punctum
2424 3039 2483 3070 litis

1375 3075 1541 3106 decisorium
1552 3083 1672 3114 vocant,
1692 3078 1785 3115 inquit
1794 3078 1921 3108 Budaeus.
1962 3078 2020 3108 Cic.
2033 3078 2063 3106 in
2072 3076 2173 3114 Topic.
2184 3087 2229 3113 95.
2257 3077 2368 3113 Quibus
2385 3085 2481 3108 autem

1373 3113 1431 3143 hoc
1441 3134 1450 3149 ,
1471 3123 1526 3151 qua
1544 3114 1579 3144 de
1601 3125 1630 3144 re
1651 3116 1741 3153 agitur
1750 3138 1758 3152 ,
1780 3117 1955 3149 continetur,
1977 3125 2009 3145 ea
2025 3114 2208 3145 Continentia
2223 3120 2359 3144 vocentur
2373 3137 2382 3150 ,
2404 3116 2480 3153 quas}

1375 3151 1552 3181 firmamenta
1560 3152 1745 3184 defensionis:
1770 3154 1869 3190 quibus
1880 3153 1992 3184 sublatis
2005 3175 2013 3189 ,
2036 3153 2158 3182 defensio
2174 3152 2250 3182 nulla
2260 3153 2299 3182 sic.

1356 3189 1538 3219 Continentia
1555 3200 1620 3220 cum
1636 3190 1695 3229 ipso
1707 3192 1838 3229 negotio,
1859 3191 1924 3222 sunt
1936 3191 1974 3221 Ea
1993 3200 2054 3227 quae
2069 3190 2176 3227 semper
2191 3190 2273 3220 affixa
2285 3189 2338 3220 effe
2349 3191 2481 3223 videntur

1375 3228 1412 3257 ad
1423 3237 1480 3257 rem
1491 3250 1499 3264 ,
1521 3237 1614 3266 neque
1624 3230 1659 3259 ab
1667 3239 1698 3259 ea
1707 3230 1822 3268 possunt
1831 3229 1956 3267 separari.
1979 3229 2039 3258 Cic.
2053 3238 2076 3258 1.
2089 3228 2125 3258 de
2133 3228 2240 3258 invent.
2254 3237 2296 3272 37..

1357 3264 1538 3295 Continentia
1546 3267 1622 3296 urbis
1636 3290 1644 3303 ,
1666 3277 1717 3306 pro
1732 3268 1876 3297 Suburbiis
1887 3267 2078 3305 accipiuntur,
2099 3266 2177 3304 quod
2197 3276 2263 3296 cum
2284 3266 2341 3304 ipsa
2362 3267 2431 3298 urbe
2451 3267 2479 3298 se

1375 3310 1490 3333 teneant
1499 3327 1508 3340 ,
1529 3306 1716 3343 contiguaque
1735 3306 1795 3335 sint.
1833 3305 1931 3335 Alciat.
1942 3306 1977 3334 de
1999 3305 2073 3334 verb.
2087 3303 2201 3342 fignific.
2223 3305 2388 3335 Notandum
2400 3328 2408 3342 ,
2429 3309 2478 3344 qui

1374 3348 1452 3371 extra
1472 3343 1648 3373 continentia
1662 3344 1738 3373 urbis
1751 3344 1807 3377 est,
1828 3343 1928 3373 abesse.
1967 3343 2099 3372 Ceterum
2124 3342 2209 3379 usque
2228 3343 2262 3371 ad
2287 3344 2460 3375 continentia
2469 3368 2478 3381 ,

1373 3388 1434 3409 non
1441 3380 1531 3410 abesse
1541 3381 1690 3412 videbitur.
1720 3381 1794 3410 Inter
1803 3381 1981 3411 continentia
1994 3380 2074 3410 vicos
2082 3380 2140 3410 vult
2150 3379 2267 3418 intelligi
2279 3379 2343 3418 Ulp.
2356 3382 2385 3411 in
2394 3382 2413 3412 I.
2422 3383 2481 3413 col-

1373 3417 1508 3455 legarum.
1528 3419 1563 3448 D.
1577 3419 1612 3448 de
1626 3419 1701 3449 verb.
1714 3419 1802 3456 fignif.

1317 3453 1341 3484 C
1349 3464 1367 3484 ο
1375 3465 1396 3484 N
1404 3457 1471 3485 *rin
1483 3466 1496 3485 a
1507 3466 1527 3485 N
1536 3466 1549 3485 s
1559 3478 1568 3491 ,
1589 3458 1671 3486 entis.
1694 3457 1712 3486 f.
1735 3453 1881 3493 [affigo]
1902 3456 1941 3486 est
1951 3456 2036 3487 Terra
2045 3466 2104 3493 quae
2115 3465 2172 3485 non
2181 3455 2220 3485 est
2229 3453 2325 3485 insula.
2347 3456 2415 3487 Plin.
2427 3458 2476 3489 lib.

1357 3503 1382 3529 5.
1393 3503 1455 3531 cap.
1468 3504 1513 3527 29.
1535 3494 1690 3524 Alexander
1705 3495 1780 3524 idem
1797 3505 1849 3532 per
1861 3496 1918 3524 duo
1927 3494 2012 3525 stadia
2020 3494 2178 3524 continenti
2189 3494 2333 3524 adnexuit.
2373 3496 2480 3527 Subau-

1354 3531 1431 3561 ditur
1442 3531 1550 3569 semper
1563 3531 1657 3562 Terra.

1317 3567 1623 3603 ComTiNsNTaa,
1644 3570 1714 3599 Adv.

1356 3616 1381 3636 1.
1394 3607 1460 3636 Bell.
1474 3607 1543 3637 Gall.
1558 3617 1582 3637 1.
1605 3608 1694 3646 Belgae
1705 3617 1771 3637 cum
1784 3607 1929 3637 Germanis
1937 3609 2115 3637 continenter
2124 3606 2230 3637 bellum
2239 3614 2349 3644 gerunt.

1352 3644 1594 3674 Continenterire.
1617 3646 1716 3675 Paulus
1733 3644 1793 3674 inl.
1813 3644 1957 3675 servitutes
1969 3646 2144 3683 praediorum.
2170 3645 2202 3674 D.
2218 3645 2253 3674 de
2267 3645 2356 3675 servit.

1351 3682 1537 3712 Continenter
1545 3683 1648 3712 vivere.
1669 3684 1686 3719 [
1695 3683 1844 3718 tynam-75⁵]
1865 3682 1924 3713 Cic.
1938 3694 1961 3713 1.
1974 3682 2032 3713 off.
2047 3686 2107 3713 106.
2132 3684 2219 3720 Atque
2229 3684 2313 3713 etiam
2322 3683 2341 3713 si
2352 3685 2477 3715 conside-

1372 3730 1433 3749 rare
1441 3720 1567 3749 volemus
1579 3742 1587 3753 ,
1609 3730 1669 3757 quae
1681 3720 1751 3750 sitin
1763 3727 1859 3749 natura
1872 3721 1995 3751 hominis
2004 3720 2174 3750 excellentia
2190 3722 2217 3750 ἃ
2228 3721 2348 3759 dignitas
2363 3745 2370 3756 ,
2393 3724 2475 3752 intel-

1370 3757 1488 3795 ligemus
1497 3767 1578 3794 quam
1591 3758 1622 3787 fit
1633 3766 1713 3796 turpe
1724 3758 1848 3787 diffluere
1858 3758 1985 3794 luxuria,
2008 3760 2034 3788 8<
2044 3758 2164 3788 delicate
2176 3768 2208 3788 ac
2225 3760 2349 3789 molliter
2364 3761 2472 3790 vivere:

1375 3805 1517 3832 quamque
1524 3796 1675 3825 honestum
1687 3806 1768 3833 parce
1779 3819 1786 3831 ,
1807 3797 2003 3831 continenter,
2023 3796 2128 3831 severe,
2150 3796 2249 3826 sobrie.

1316 3831 1615 3868 C'oNTmaNTrA,
1636 3844 1667 3863 ae.
1690 3834 1709 3863 f.
1733 3831 1915 3869 [ἐγκράτειαι]
1948 3833 2282 3864 V..¹tsss‘r1N1;NT1A.
2306 3834 2399 3863 Cic.2.
2413 3835 2471 3864 Off.

1351 3876 1396 3905 86.
1421 3871 1453 3900 Et
1463 3871 1637 3901 continentia
1648 3873 1677 3900 in
1687 3871 1847 3900 omniviclu
1857 3894 1864 3905 ,
1886 3872 2018 3909 omnique
2029 3871 2108 3902 cultu
2120 3873 2247 3910 corporis
2266 3873 2363 3902 tuendi
2373 3873 2453 3902 causa
2463 3894 2472 3908 ,

1354 3909 1420 3938 &in
1429 3909 1673 3945 praetermittendis
1683 3910 1882 3947 voluptatibus.

1352 3946 1535 3976 Continentia
1551 3968 1558 3979 ,
1581 3946 1765 3976 Cohaerentia.
1788 3947 1937 3983 [συνεχειοι]
1955 3951 1987 3976 ut

1351 3983 1536 4013 Continentia
1545 3986 1700 4022 regionum.
1744 3984 1869 4013 macrob.
1886 3995 1908 4016 ς.
1921 3985 2028 4014 Sarum.
2041 3994 2100 4021 cap.
2114 3994 2156 4018 ις.
2179 3983 2233 4012 Sed
2244 3984 2332 4012 necin
2345 3983 2472 4019 catalogo

1368 4021 1537 4051 auxiliorum
1549 4022 1654 4058 Turni,
1674 4021 1694 4051 si
1712 4022 1780 4053 velis
1794 4021 1875 4051 situm
1894 4022 2021 4052 locorum
2039 4031 2134 4052 mente
2149 4030 2324 4059 percurrere,
2347 4023 2472 4051 invenit-s

1825 4060 1879 4097 Qq
1891 4070 1935 4097 qq
1956 4069 1969 4096 3
2391 4061 2471 4089 illum

1734 3569 1906 3606 [ηςιθεκἹῗῶς]
1927 3570 1944 3599 i.
1957 3580 1981 3599 e.
2006 3569 2177 3604 Coniunt'te,
2193 3569 2392 3608 continueque.
2408 3572 2476 3602 Caes.
