2604 4222
173 96 239 133 168
601 88 631 123 A
726 87 766 122 Μ
856 85 880 120 Β

215 172 289 203 Dux.
312 173 330 202 i.
351 183 373 202 e.
397 172 495 202 Gratiae
506 174 666 209 aucupator.
697 169 755 199 Liv.
773 179 798 203 4,
820 165 925 197 Decad.
937 163 985 194 lib.
1001 173 1045 207 9.,
1061 160 1247 208 Carminaqne
1261 170 1277 192 a
1292 160 1344 191 mi-

233 210 329 239 litibus
344 221 376 240 ea
386 211 415 239 in
426 210 625 248 Imperatorem
637 208 720 242 dicta,
733 215 764 237 ut
777 206 857 235 lacile
869 208 1020 244 appareret,
1039 212 1069 230 in
1080 202 1183 245 ducem
1196 201 1345 244 indulgen-

235 254 293 277 tem
311 248 543 284 ambitiosumque
558 256 590 275 ea
600 246 675 275 dici:
698 244 928 282 triumphumque
943 242 997 270 esse
1017 248 1105 276 magis
1120 240 1233 269 militari
1251 239 1344 268 favore

236 296 319 324 quain
332 286 461 326 populari
472 285 620 314 celebrem.

218 324 373 354 Festinatio.
397 322 516 360 Quintil.
531 322 577 351 lib.
593 330 616 350 1.
635 329 695 359 cap.
709 330 736 355 4.

221 362 322 391 Gloria.
345 362 411 391 Stat.
424 365 449 390 6.
462 360 553 390 Theb.
568 368 600 395 43
609 369 633 394 5.

219 399 323 467 ffigpioq.
341 398 629 466 ξιξὶῗίἒίἒῖιιξᾶωώἔῖἀ.
643 436 669 465 8.
690 430 759 461 Met.
779 438 842 466 277.
866 429 884 458 i.
902 438 927 458 e.
948 428 1005 465 Qui
1021 426 1183 458 ambitiosos
1202 429 1286 458 facit:
1308 428 1345 457 ab

238 476 350 505 effectu.
370 474 416 504 vel
426 475 519 511 Quem
528 470 672 502 ambitiose
682 468 818 498 sectantur
830 467 976 497 ambitiosi.
1007 466 1102 497 Heins.
1117 466 1210 497 edidit
1223 466 1347 499 Invidio-

239 513 282 542 sus
318 536 323 542 .
346 513 378 541 V.

219 522 382 589 Impeilator.
405 549 462 578 Cic.
479 558 529 586 pro
539 547 650 577 Muren.
663 554 707 573 20.
1058 582 1064 587 ι

220 589 401 618 Ornamenta.
422 587 490 616 Hor.
508 586 537 614 in
550 586 612 613 Arte
622 584 696 612 Poet.
707 587 772 619 447.
801 581 845 611 De
858 581 1121 619 versibusloquitur.

218 625 332 664 Pauper.
354 624 473 662 Quintil.
492 623 539 652 lib.
553 632 576 651 2.
592 631 652 659 cap.
665 632 693 656 4.

220 661 478 701 Rogationes.⁴Cic.
495 665 520 690 6.
541 660 617 690 Fani.
634 667 676 687 12.
708 696 714 701 .
1116 695 1122 701 ι
1231 696 1237 701 ⁹

219 699 480 736 Sententiajudicis.
504 699 520 728 i.
539 708 564 727 e.
588 698 637 726 Per
647 702 762 734 gratiam
773 697 799 726 Sc
808 696 932 726 favorem
942 696 1006 724 lata.
1028 694 1104 725 Suet.
1114 706 1144 724 in
1154 695 1259 725 Domit.
1280 704 1304 724 c.
1316 699 1343 729 8.

219 738 386 769 Ambitiosus
399 738 429 766 in
438 736 527 766 malis.
550 735 670 772 Quintil.
685 734 734 763 lib.
746 738 773 763 6.
808 734 875 763 Non
885 734 944 763 sum
953 733 1116 764 ambitiosus
1131 734 1161 762 in
1172 734 1251 764 malis
1261 755 1270 770 ‚
1292 743 1346 762 nec

236 777 419 814 lacrymarum
427 784 526 812 augere
536 774 627 803 causas
638 772 711 802 volo.
735 773 761 801 Sc
777 772 861 802 Ovid.
872 782 896 809 3.
917 772 952 802 de
963 772 1052 801 Ponto
1064 793 1073 808 ,
1097 782 1121 801 1.
1134 777 1179 808 84.

299 815 348 843 Pro
366 813 463 842 nostris
486 819 518 842 ut
541 812 574 841 sis
595 810 740 841 ambitiosa
758 810 847 839 malis.

218 852 251 882 In
267 852 420 881 honoribus
436 850 574 888 petendis.
598 849 657 879 Cic.
673 849 703 878 in
711 847 818 878 Sallust.
835 850 861 878 6.

218 890 251 920 In
269 890 360 919 laude.
381 888 499 918 Alartial.
520 888 568 918 lib.
584 898 607 917 1.

218 927 251 958 In
269 927 399 964 aliquem.
422 927 480 956 Cic.
505 937 527 956 1.
550 926 587 963 Q.
606 926 666 955 frat.
679 935 704 954 2.
1249 960 1255 969 η

217 965 402 995 Ambitiosum
417 965 502 994 etiam
513 987 521 1000 ‚
542 964 665 994 Enixum
684 963 800 998 dicunt,
823 963 850 992 Sc
862 962 1025 991 Affectatum
1039 982 1047 995 ,
1078 960 1154 998 quod
1169 960 1256 990 Graeci
1274 971 1345 993 ’mam

236 1000 408 1038 cors->ambior
429 1003 547 1039 dicunt,
568 1004 586 1032 i.
605 1012 629 1031 e.
654 1002 765 1038 Ingenti
775 1001 867 1030 studio
878 1000 990 1029 factum.
1021 999 1112 1029 Tacit.
1125 1009 1150 1028 2.
1162 999 1230 1028 Hist.
1243 1010 1288 1035 49.
1309 1001 1345 1028 de

237 1042 352 1071 Othone
359 1041 489 1079 loquens,
509 1040 665 1070 Ambitiosis
676 1040 706 1068 id
717 1038 845 1077 precibus
854 1039 981 1076 petierat,
1002 1047 1039 1066 ne
1049 1044 1239 1075 amputaretur
1250 1046 1344 1074 caput,

235 1079 359 1109 ludibrio
369 1079 502 1109 futurum.
526 1079 653 1109 Budaeus.
677 1078 736 1107 Cic.
754 1075 853 1105 Valent
869 1083 963 1105 tamen
975 1075 1051 1113 apud
1067 1075 1199 1105 Caesarem
1211 1085 1269 1104 non
1284 1083 1341 1105 tam

235 1117 387 1147 ambitiosae
398 1118 594 1155 flagitationes,
615 1123 697 1154 quam
707 1112 872 1144 necessariae.
894 1113 935 1143 Ita
950 1114 1086 1143 Amicitia:
1097 1113 1248 1143 ambitiosae
1260 1136 1268 1149 ,
1290 1114 1346 1143 Ro.

253 1156 360 1185 ationes
383 1155 472 1194 supra.
509 1155 662 1192 Praeceptor
680 1152 831 1183 ambitiosis
847 1151 927 1181 utilia
949 1152 1085 1190 praeferet.
1122 1151 1244 1188 Quintil.
1270 1162 1293 1181 1.
1316 1162 1342 1181 2.

249 1195 314 1223 deni
325 1197 350 1223 6.
369 1205 393 1230 5.
415 1193 599 1223 Ambitiosum
609 1191 786 1221 declamandi
796 1189 935 1219 sudorem.

214 1231 382 1263 Anibitiosus
391 1242 441 1269 pro
452 1231 590 1261 Gratiosus
602 1230 694 1268 posuit
703 1229 800 1265 Justin.
816 1237 857 1264 17.
870 1237 895 1257 2.
910 1232 935 1257 6.
959 1226 1127 1257 Ambitiosus
1137 1227 1213 1265 apud
1227 1228 1345 1265 popula-⁴

234 1281 286 1300 res.
316 1270 351 1300 Et
365 1280 406 1307 30.
423 1280 449 1299 2.
464 1279 490 1299 2.
512 1268 668 1299 Ambitiosa?
678 1266 896 1306 pulchritudinis
908 1266 1036 1294 scortum.
1078 1267 1094 1301 [
1108 1265 1198 1295 Potest
1207 1272 1303 1295 tamen
1317 1267 1344 1295 Sc

232 1309 276 1338 his
286 1308 355 1338 locis
365 1308 454 1345 accipi
465 1330 474 1342 ‚
495 1317 545 1346 pro
555 1307 687 1337 Favorem
698 1305 863 1343 captante&
881 1303 965 1333 Valde
985 1303 1156 1333 blandiente.
1198 1303 1302 1333 Videsis
1317 1305 1345 1333 δε

233 1353 293 1376 tute
305 1347 435 1384 expende
445 1351 592 1382 utrumque
602 1344 708 1373 locum.

177 1389 199 1418 A
208 1396 229 1415 Μ
239 1396 272 1414 1³1
282 1394 301 1413 >r
311 1396 319 1413 ι
330 1395 346 1413 0
356 1394 391 1413 SE
403 1407 410 1419 ‚
436 1384 502 1413 Λᾶν,
524 1385 539 1420 [
555 1379 685 1416 ommium
700 1382 715 1417 ]
736 1381 786 1410 Per
799 1379 990 1410 ambitionem.
1013 1378 1071 1408 Liv.
1086 1389 1108 1407 1.
1135 1378 1218 1417 isque
1236 1379 1342 1417 primus

214 1426 241 1454 ἃ
255 1422 363 1461 petiisse
377 1421 519 1451 ambitiose
539 1430 655 1458 regnum
668 1443 676 1455 ,
698 1421 723 1449 ὃς
744 1419 899 1448 orationem
911 1417 1014 1446 dicitur
1030 1416 1155 1446 habuisse
1166 1440 1172 1452 ,
1195 1418 1247 1446 Sec.

214 1460 365 1491 Ambitiose
375 1470 463 1497 agere.
491 1459 548 1488 Cic.
567 1468 592 1496 7.
607 1459 661 1487 Att.
677 1467 701 1493 3.
726 1457 870 1494 Utrunque
878 1465 944 1485 vero
958 1454 1038 1484 simul
1058 1455 1101 1492 agi
1112 1465 1172 1485 non
1187 1455 1293 1493 potest,
1315 1456 1343 1485 ἃ

233 1500 270 1528 de
278 1498 420 1536 triumpho
437 1497 582 1526 ambitiose
593 1519 600 1530 ,
623 1498 649 1526 Sc
664 1496 699 1524 de
710 1494 820 1533 Repub.
839 1494 936 1523 libere.
1199 1531 1205 1536 ⁸

213 1536 365 1567 Ambitiose
375 1536 509 1573 corrigere
522 1535 685 1564 orationem.
713 1533 770 1562 Cic.
786 1544 827 1569 ις.
844 1534 897 1561 Att.
913 1542 937 1561 1.
960 1531 1060 1561 Brutus
1069 1531 1160 1560 noster
1168 1530 1240 1560 misit
1253 1531 1287 1560 ad
1295 1540 1342 1561 me

233 1576 388 1605 orationem
398 1574 474 1603 suam
489 1573 611 1602 habitam
622 1573 651 1601 in
671 1572 810 1601 concione
824 1570 1001 1608 Capitolina,
1022 1569 1177 1608 petivitque
1188 1579 1203 1598 a
1222 1579 1268 1598 me
1281 1592 1289 1604 ‚
1311 1576 1343 1599 ut

233 1623 341 1642 eamne
351 1611 494 1641 ambitiose
506 1611 671 1648 corrigerem
691 1617 754 1639 ante
765 1619 848 1646 quam
861 1609 965 1638 ederet.
1005 1607 1158 1638 Ambitiose
1171 1614 1265 1636 autem
1282 1617 1343 1636 coru

231 1652 319 1689 rigere
335 1651 435 1679 dicitur
455 1650 478 1679 is
501 1650 547 1686 qui
564 1650 593 1677 in
605 1648 688 1677 amici
705 1647 812 1686 scriptis
831 1656 919 1685 pauca
940 1651 1047 1681 mutat⁷
1072 1646 1148 1682 quod
1168 1652 1341 1675 vereaturne

233 1699 298 1718 eum
313 1688 439 1717 offendat
449 1710 457 1723 ,
478 1686 637 1716 ambitiosus
648 1687 677 1715 in
686 1686 745 1722 ejus
754 1686 840 1724 gratia
850 1684 1005 1714 retinenda.
1030 1682 1081 1713 [ihi
1093 1683 1172 1713 aliter
1182 1690 1339 1721 exponunn

215 1726 389 1756 Ambitioiius
402 1735 483 1763 quam
496 1725 636 1755 honestius
646 1724 807 1753 defendere.
827 1723 918 1753 Tacit.
936 1734 961 1758 4.
976 1722 1043 1752 Hist.
1057 1732 1103 1758 40.

211 1764 388 1795 Ambitiofius
403 1766 492 1793 facere
501 1763 613 1800 aliquid.
635 1762 694 1792 Cic.
713 1772 738 1799 3.
765 1762 841 1791 Fam.
863 1771 889 1799 7.
912 1761 1009 1797 Quum
1026 1761 1055 1789 in
1072 1760 1122 1803 isto
1137 1768 1238 1797 genere
1249 1758 1340 1789 multo

232 1803 316 1832 etiam
329 1802 498 1831 ambitiosius
507 1802 597 1831 facere
606 1800 718 1835 soleam.
734 1809 817 1838 quam
825 1800 916 1829 honos
925 1808 1003 1828 meus
1014 1820 1022 1835 ,
1044 1799 1070 1828 ἃ
1081 1798 1202 1835 dignitas
1210 1797 1340 1836 postulae.

212 1840 364 1871 Ambitiose
372 1841 465 1869 fovere
475 1840 605 1877 aliquem.
626 1838 683 1868 Liv.
697 1838 801 1868 Decad.
814 1849 840 1873 4.
851 1837 900 1868 lib.
910 1843 937 1872 8.

211 1878 436 1909 Ambitiosissime
455 1884 549 1916 petere
567 1878 750 1915 provinciam.
773 1875 894 1913 Quintil.
914 1875 963 1904 lib.
977 1877 1002 1904 6.
1019 1884 1080 1913 cap.
1098 1880 1123 1911 3.

212 1917 362 1946 Ambitiose
380 1927 430 1954 pro
446 1916 539 1953 aliquo
556 1915 684 1949 scribere.
712 1914 770 1944 Cic.
793 1924 835 1951 13.
849 1914 924 1944 Fam.
938 1917 984 1949 69.
1184 1943 1185 1947 ,
1202 1946 1208 1955 .

211 1954 361 1984 Ambitiose
373 1955 462 1984 tristis.
485 1953 604 1984 Martial.
616 1953 664 1983 lib.
680 1964 702 1982 1.
714 1952 818 1991 praefat.
859 1952 951 1989 Siquis
961 1958 1055 1980 tamen
1067 1956 1124 1980 tarn
1134 1947 1281 1981 ambitiose
1293 1949 1338 1980 tri÷

232 1993 276 2023 stis
291 1993 328 2022 eli
340 2015 348 2028 ‚
370 2000 401 2022 ut
416 1993 491 2030 apud
503 1992 583 2021 illum
597 1992 625 2021 in
638 1991 715 2020 nulla
723 1992 826 2029 pagina
837 1990 935 2020 Latine
956 1989 1033 2027 loqui
1052 1990 1090 2018 fas
1102 1988 1142 2018 sit.

174 2033 361 2067 Amnisos,
390 2033 429 2060 us.
452 2040 489 2060 m.
511 2032 526 2067 [
542 2030 675 2066 πεξίξολῶν
692 2030 706 2064 ]
735 2029 818 2058 Varro
837 2040 863 2064 4.
882 2029 917 2058 de
934 2028 962 2057 L.
977 2027 1005 2056 L.
1027 2027 1153 2057 Ambitus
1171 2027 1239 2062 iter,
1262 2023 1339 2063 quod

211 2069 383 2098 circueundo
397 2069 494 2098 teritur
505 2091 512 2103 ‚
534 2078 598 2097 nam
614 2067 739 2098 Ambitus
750 2067 890 2096 Circuitus
906 2076 912 2096 :
939 2066 973 2096 ab
990 2075 1080 2102 eoque
1101 2075 1134 2094 >ti
1144 2075 1166 2093 1.·
1186 2064 1242 2094 tab.
1256 2065 1339 2094 inter<

210 2114 302 2145 protes
314 2129 322 2142 ,
346 2107 482 2136 ambitum
501 2106 630 2144 parietis,
651 2106 801 2135 circuitum
816 2105 870 2134 effe
893 2103 1061 2133 describunt.
1142 2103 1215 2138 stus,
1246 2103 1340 2132 Ambi-

209 2152 254 2175 tus
271 2145 383 2182 proprie
395 2145 497 2174 dicitur
506 2145 579 2173 inter
590 2145 744 2174 vicinorum
754 2143 869 2172 aedificia
880 2142 959 2171 locus
973 2142 1063 2171 duoru
1143 2141 1211 2169 dum
1222 2142 1248 2170 &
1259 2140 1339 2170 semi.-

210 2184 291 2221 pedis
303 2183 338 2212 ad
352 2183 544 2212 circumeundi
559 2182 718 2211 facultatem
728 2180 839 2210 relictus
850 2203 857 2216 ‚
878 2191 913 2210 ex
925 2190 981 2218 quo
991 2181 1076 2209 etiam
1092 2179 1207 2207 honoris
1217 2178 1339 2222 ambitus

211 2221 268 2250 dici
281 2227 392 2258 coeptus
404 2221 442 2249 est
451 2231 466 2249 a
476 2221 677 2249 circumeundo
689 2242 697 2254 ,
719 2218 965 2257 supplicandoque.
996 2217 1122 2246 Ambitus
1142 2226 1255 2254 proprie
1270 2217 1339 2246 dici.

210 2265 254 2288 tur
263 2259 400 2288 Circuitus
415 2258 598 2288 aedificiorum
607 2280 615 2293 ,
636 2267 735 2296 patens
746 2258 775 2285 in
788 2257 966 2286 latitudinem
975 2255 1062 2294 pedes
1073 2255 1145 2284 duos
1154 2256 1180 2284 ἃ
1190 2252 1336 2298 semissem,-

210 2298 241 2326 in
253 2296 460 2334 longitudinem
469 2297 545 2325 idem
557 2296 633 2333 quod
645 2295 803 2325 aedificium.
844 2295 899 2324 Sed
910 2296 935 2324 ἃ
946 2294 1047 2323 eodem
1060 2292 1209 2327 vocabulo,
1230 2300 1338 2322 crimen·

210 2335 331 2364 avaritiae
344 2334 387 2363 vel
396 2334 520 2363 Affet‘tati
530 2334 645 2364 honoris
657 2332 822 2372 appellatur.
844 2332 987 2362 Hactenus
996 2332 1098 2362 Festus.
1119 2330 1177 2360 Nisi
1186 2331 1338 2368 posteriora

210 2372 286 2403 Pauli
302 2372 366 2402 sunt
375 2372 560 2409 descriptoris.

369 2426 407 2431 -
425 2409 590 2447 lethalisque
611 2409 731 2449 ambitus
753 2408 841 2444 Urbi,

290 2448 387 2477 Annua
403 2448 494 2477 venali
511 2448 631 2477 referens
648 2448 799 2476 certamina
817 2454 927 2484 campo.

209 2485 336 2515 Ambitus
351 2486 461 2515 aedium.
486 2485 545 2515 Cic.
560 2486 589 2514 in
597 2485 698 2523 Topic.
714 2495 756 2520 14.
798 2485 942 2522 Quoniam
956 2483 985 2513 P.
1006 2483 1129 2513 Scaevoia
1139 2482 1168 2512 id
1177 2481 1267 2513 solum
1281 2483 1336 2514 esse

226 2524 347 2553 ambitus
361 2524 462 2553 aedium
473 2524 595 2559 dixerit,
616 2530 748 2561 quantam
762 2523 876 2561 parietis
893 2523 1051 2553 communis
1062 2522 1175 2560 tegendi
1197 2523 1276 2552 causa
1295 2529 1336 2552 tea

228 2563 305 2591 &um
322 2562 513 2599 projiceretur.

208 2600 301 2637 Aquae.
323 2600 390 2629 Hor.
399 2600 436 2629 de
447 2601 508 2629 Arte
518 2599 593 2629 Poet.
612 2608 654 2636 17.

208 2637 289 2667 Molli
301 2637 407 2667 ambitu
417 2644 531 2667 omenta
541 2638 659 2675 pingues
668 2636 803 2666 viscerum
811 2636 972 2666 obtendunt
979 2635 1061 2665 sinus.
1069 2635 1134 2666 Sen.
1145 2634 1255 2674 OEdip.
1269 2643 1331 2674 370.

207 2675 409 2713 Navigationis.
432 2675 553 2712 Quintil.
568 2675 617 2705 lib.
635 2686 658 2704 1.
672 2685 734 2713 cap.
750 2685 792 2704 10.

207 2713 373 2743 Nominum.
396 2713 463 2743 Plin.
474 2713 523 2743 lib.
539 2723 581 2750 15-
599 2723 662 2751 cap.
677 2722 721 2749 30.
740 2713 758 2742 i.
778 2723 802 2742 e.
823 2711 990 2747 πλυωνυμιάι.

207 2751 310 2789 Operis
324 2752 411 2781 totius
422 2751 551 2781 ambitus.
574 2750 651 2780 Curt.
672 2762 694 2785 ς.
714 2754 793 2780 1.26.
817 2750 891 2779 cons.
913 2761 939 2785 4.
955 2756 1015 2784 8.2.

206 2788 356 2819 Rotundus
365 2789 495 2818 ambitus.
525 2789 584 2818 Cic.
596 2789 631 2818 de
644 2788 763 2818 Univers.
773 2798 817 2823 23.
858 2788 904 2817 Sic
920 2789 1029 2817 animus
1044 2797 1059 2817 a
1074 2787 1169 2817 medio
1179 2788 1331 2826 profeffiis,

226 2828 430 2857 extremitatem
447 2826 513 2856 coeli
530 2837 545 2856 a
554 2826 680 2864 suprema
694 2827 807 2864 regione
816 2825 938 2855 rotundo
949 2826 1053 2854 ambitu
1064 2827 1236 2861 circumiecit.

205 2865 353 2895 Stellarum
372 2865 486 2895 rotundi
507 2864 626 2894 ambitus
642 2864 854 2902 cognoscuntur.
888 2863 946 2893 Cic.
960 2873 985 2892 2.
1002 2864 1037 2892 de
1049 2864 1112 2893 Nat.
1127 2864 1211 2894 Deor.
1225 2875 1270 2901 49.

205 2903 332 2941 Metaph.
355 2903 481 2932 Ambitus
496 2902 586 2932 facere
601 2903 674 2932 circa
690 2901 811 2939 aliquam
828 2912 895 2931 rem.
916 2901 975 2932 Liv.
985 2908 1029 2939 27.
1043 2911 1087 2940 27.
1099 2909 1169 2932 extr.

206 2942 317 2970 Ambitu
328 2941 377 2970 suo
386 2941 560 2978 adstringere.
586 2941 650 2970 Sen.
665 2940 748 2977 Epist.
764 2949 805 2969 12.

205 2979 333 3009 Ambitus
348 2978 507 3008 verborum.
529 2977 667 3007 Columel.
686 2978 734 3007 lib.
745 2987 770 3006 2.
787 2986 847 3014 cap.
863 2985 888 3005 2.

205 3017 332 3046 Ambitus
351 3017 518 3051 vei-borum,
540 3026 591 3054 pro
602 3016 727 3045 Periodo,
762 3015 820 3044 Cic.
834 3014 976 3049 inBruto‚
999 3017 1060 3043 162.
1094 3014 1328 3055 Comprehenfio‚

224 3056 251 3084 ἃ
266 3054 386 3084 ambitus
404 3054 452 3084 ille
469 3054 617 3084 verborum
636 3054 677 3089 (ii
689 3054 725 3083 fic
739 3050 837 3089 περιὼν
859 3052 992 3089 appellari
1004 3052 1116 3095 placet)
1134 3061 1190 3082 erat
1206 3055 1280 3092 apud
1299 3054 1330 3084 il-

222 3091 282 3122 lum
293 3094 450 3122 contraCtus
462 3094 487 3122 8<
496 3092 595 3121 brevis.
625 3092 684 3121 Cic.
697 3101 721 3121 2.
749 3091 785 3120 de
797 3091 873 3120 Orat.
890 3095 950 3124 184.
981 3090 1051 3126 Quae
1062 3092 1080 3119 ii
1093 3091 1121 3119 in
1133 3096 1259 3121 extremo
1271 3093 1330 3122 bre-

223 3130 299 3159 viora
310 3131 390 3166 sunt,
415 3131 574 3168 infringitur
585 3129 632 3159 ille
648 3129 719 3167 quasi
729 3127 877 3158 verborum
889 3128 1025 3167 ambitus:
1051 3128 1085 3157 sic
1105 3130 1182 3158 enim
1203 3130 1252 3159 has
1271 3141 1330 3160 ora-

221 3168 305 3198 tionis
316 3169 509 3198 conversiones
522 3167 610 3197 Graeci
621 3168 777 3196 nominant.
813 3166 872 3195 Cic.
886 3166 915 3194 in
927 3166 1003 3194 Orat.
1029 3165 1152 3196 Perfecto
1173 3168 1331 3206 completo-

222 3216 276 3242 que
286 3207 433 3235 verborum
443 3206 548 3236 ambitu
578 3206 766 3235 audentaures
778 3214 848 3233 meae
857 3226 864 3238 ,
881 3205 907 3233 (ic
918 3209 995 3232 curta
1005 3202 1128 3232 sentiunt
1137 3226 1144 3239 ,
1168 3215 1221 3235 nec
1235 3212 1330 3236 amant

222 3244 415 3273 redundantia.
461 3244 563 3273 ldemi
586 3244 623 3274 id.
640 3243 755 3281 Arguti,
776 3242 900 3280 certique
918 3243 945 3271 <Sc
969 3241 1160 3279 circunscripti
1180 3243 1329 3274 verborum

222 3281 341 3311 ambitus
354 3282 558 3311 conceduntur.

203 3318 519 3357 Ambitus,proAffe6tati
529 3317 758 3354 lionoris,s1nalis
767 3315 869 3346 artibus
880 3316 962 3354 petiti
972 3316 1225 3347 criinine.Lucan.I.
1235 3328 1256 3348 1.
1264 3326 1326 3355 179.

202 3357 330 3387 Ambitus
351 3359 377 3387 ἃ
399 3357 516 3395 largitio.
553 3357 612 3387 Cic.
629 3366 655 3385 2.
679 3356 714 3385 de
733 3355 810 3385 Orat.
827 3365 888 3390 105.
940 3354 973 3383 Et
994 3355 1029 3384 de
1051 3355 1157 3384 ambitu
1176 3365 1236 3384 raro
1256 3356 1326 3385 illud

222 3394 323 3424 datur:
358 3402 388 3424 ut
404 3395 488 3433 poffis
507 3395 701 3425 liberalitatem
721 3403 754 3423 ac
773 3392 976 3431 benignitatem
996 3392 1030 3422 ab
1051 3393 1158 3422 ambitu
1178 3399 1261 3431 atque
1276 3394 1328 3423 lar-

222 3433 328 3467 gitione
348 3432 499 3470 sejungere.

201 3469 326 3499 Ambitus
341 3471 436 3500 acrior.
463 3471 552 3500 Tacit.
571 3470 607 3499 de
625 3470 717 3500 Germ.
731 3478 775 3506 37.
816 3467 848 3497 V.
870 3477 978 3496 Actia.

199 3504 341 3573 Irfpmanis.
371 3508 429 3537 Cic.
444 3518 469 3537 2.
497 3509 606 3545 erat.
619 3508 698 3546 epist.
713 3507 761 3536 ult.
784 3505 909 3536 Ambitus
925 3505 997 3535 redit
1013 3505 1160 3536 immanis:
1182 3514 1326 3544 nunquam

232 3551 272 3573 uit
300 3556 348 3574 aar.

200 3556 325 3611 Accustiri
336 3583 463 3612 ambitus.
487 3583 546 3612 Cic.
561 3593 611 3620 pro
623 3583 694 3612 Coei.
710 3586 752 3612 16.

199 3619 329 3649 Damnari
349 3621 476 3650 ambitus.
510 3621 568 3649 Cic.
589 3621 623 3649 de
637 3621 708 3650 Clar.
723 3621 799 3650 Orat.
813 3625 875 3654 180.

197 3656 340 3691 ¹Iudicium
354 3658 482 3687 ambitus.
506 3659 564 3687 Cic.
578 3667 628 3695 pro
640 3659 750 3687 Clticnt.
770 3668 830 3693 114.

198 3694 255 3724 Lex
267 3695 402 3724 ambitus:
427 3698 497 3732 (μω
506 3697 540 3724 dc
553 3696 658 3724 ambitu
670 3696 840 3725 vindicando
851 3694 905 3724 lata
915 3694 970 3723 cst:
992 3693 1086 3731 quales
1093 3691 1206 3724 fuenmt
1216 3694 1324 3723 multat:

216 3733 252 3761 de
264 3732 364 3769 quibus
381 3733 493 3762 consule
509 3734 568 3762 Ant.
584 3734 721 3770 Augustin.
743 3735 778 3763 de
790 3733 872 3769 Legg.
884 3734 909 3761 ἃ
917 3731 1110 3762 Senatuscons.

195 3769 321 3799 Ambitus
338 3792 345 3805 7
367 3780 417 3807 pro
439 3771 629 3808 Aucupatione
648 3772 758 3807 grance,
780 3773 806 3800 δε
817 3770 913 3799 vitiosa
930 3770 1087 3798 emerendae
1098 3769 1177 3798 famae
1188 3769 1326 3806 cupidita.

213 3814 241 3837 te
254 3830 262 3842 ,
284 3818 298 3836 a
309 3808 427 3843 Quintil.
444 3809 558 3845 ponitur
571 3830 578 3841 ‚
603 3807 652 3837 lib.
663 3818 759 3846 4.cap.
778 3819 799 3837 1.
824 3809 866 3837 Est
876 3808 952 3836 enini
966 3807 1102 3843 (inquit)
1120 3816 1326 3843 nonnunquam

212 3846 453 3883 pravisjudicibus
465 3846 511 3874 hic
523 3845 641 3874 ambitus
651 3845 779 3875 adversus
793 3847 908 3874 amicos.
929 3845 1007 3873 ldem
1021 3844 1067 3874 lib.
1086 3855 1127 3874 12.
1140 3853 1230 3882 cap.7.
1246 3845 1326 3873 Sum-

211 3883 384 3912 movendum
397 3893 462 3911 vcro
475 3883 513 3912 cst
526 3889 663 3919 utrunque
678 3883 797 3912 ambitus
807 3892 894 3918 genus
909 3904 917 3915 .
940 3882 1155 3918 velpotentibus
1168 3890 1264 3911 contra
1275 3883 1326 3911 hu-

210 3921 291 3949 miles
303 3921 466 3949 venditandi
484 3930 596 3957 operam
608 3923 699 3949 lirini.
723 3920 767 3950 vel
789 3921 859 3949 illud
876 3921 961 3949 etiam
980 3920 1127 3954 jactantius
1136 3921 1259 3950 minores
1272 3920 1326 3949 uti-

206 3968 259 3988 ’ωε
270 3965 366 3988 contra
386 3958 551 3995 dignitatem
565 3958 721 3987 attollendi.

1404 463 1455 492 ΛΜ
1467 466 1553 491 ui'ro
1566 473 1596 498 a,
1621 465 1683 493 oris.
1706 474 1743 493 m.

1406 576 1427 606 A
1436 587 1457 605 Μ
1469 587 1483 603 B
1491 587 1500 604 1
1509 583 1525 604 v
1534 587 1544 604 1
1555 586 1572 604 u
1582 586 1603 612 s,
1618 577 1728 607 Nomen
1739 585 1813 616 gent.
1826 579 1942 609 Roman.
1950 585 1981 609 ut
1989 579 2165 610 L.Ambivius
2176 580 2373 619 Turpio‚a6tor
2383 581 2507 611 comicus
2518 574 2579 620 qui*

1404 690 1426 719 A
1435 701 1457 718 M
1466 700 1480 718 Β
1490 700 1499 718 1
1507 699 1525 718 v
1535 701 1544 718 1
1554 699 1574 719 u
1582 701 1603 719 Μ
1614 712 1622 725 ‚
1643 691 1723 721 ldein
1734 693 1810 728 quod
1820 693 1938 723 Bivium.
1959 694 2043 723 Varro
2053 694 2129 732 apud
2140 694 2267 724 Nonium
2276 698 2302 725 6.
2313 705 2356 732 15.
2378 695 2472 725 Hicin
2481 696 2542 726 amb

1404 766 1426 795 A
1436 776 1456 794 Μ
1466 777 1479 793 a
1491 777 1507 794 L
1517 776 1536 794 A
1573 776 1592 794 A
1606 788 1614 801 ,
1635 777 1665 796 ae.
1683 768 1700 797 f.
1725 768 1827 798 Piiidiae
1841 769 1918 799 Urbs.
1938 769 2034 808 Steph.
2045 769 2168 799 &Strab.
2179 769 2279 800 lib.12.
2300 771 2377 801 Hinc
2386 771 2583 818 Anibladensoesr
2598 799 2601 807 .

1404 841 1523 876 Anno,
1545 851 1583 877 ae,
1605 853 1631 872 o.
1655 843 1792 880 [ἄμφω]
1823 830 1936 875 Nomen
1955 845 1993 874 est
2012 844 2193 875 colleffivum
2211 847 2246 875 de
2262 846 2381 877 duobus.
2405 846 2464 877 Cic.
2487 857 2510 877 1.
2529 841 2556 877 d'·
2570 851 2583 878 i

1409 2055 1411 2057 ¹
1456 2024 1578 2061 pedibus
1598 2025 1693 2062 fugere
1710 2048 1718 2061 ‚
1748 2026 1887 2056 Celeriter.

1399 2061 1524 2097 Auno,
1547 2063 1618 2092 onis.
1639 2073 1676 2092 m.

1397 2288 1600 2320 Amsaacra
1617 2315 1625 2327 ,

1395 2514 1447 2548 ΛΜ
1457 2530 1471 2547 R
1480 2530 1497 2548 R
1507 2530 1526 2548 A
1536 2530 1553 2549 c
1564 2531 1573 2549 i
1585 2530 1603 2549 u
1613 2530 1625 2549 s
1635 2543 1643 2556 ‚
1665 2523 1680 2557 [
1696 2518 1854 2557 A'chim&
1870 2522 1885 2556 ]
1911 2519 1972 2558 Adj.
1997 2522 2055 2559 Qui
2071 2531 2107 2552 ex
2120 2522 2265 2552 Ambracia
2277 2522 2325 2552 est.

1391 2746 1414 2778 A
1423 2757 1443 2777 M
1452 2758 1493 2776 BR
1502 2758 1522 2777 A
1532 2758 1549 2777 c
1558 2760 1567 2777 1
1577 2759 1591 2777 E
1602 2759 1623 2778 N
1632 2759 1644 2778 s
1657 2759 1671 2778 s
1680 2758 1692 2779 s
1703 2771 1711 2785 ‚
1732 2750 1883 2779 Ambraciae
1898 2751 1971 2780 cives
1989 2752 2015 2780 Sc
2026 2750 2136 2780 incolae.
2158 2749 2215 2779 Liv.
2228 2760 2254 2785 4.
2274 2749 2380 2779 Decad.
2391 2748 2439 2778 lib.
2451 2755 2477 2784 8.
2514 2748 2556 2781 Ut.
2572 2762 2575 2785 ι

1391 2824 1442 2854 ΑΜ
1451 2835 1466 2852 r.
1475 2834 1493 2852 R
1502 2835 1520 2853 A
1531 2834 1548 2854 c
1559 2836 1568 2853 1
1576 2835 1593 2853 o
1602 2835 1622 2854 T
1630 2836 1653 2854 AE
1665 2848 1672 2859 ,
1694 2825 1784 2855 Iidem
1799 2826 1845 2862 qui
1857 2826 2070 2856 Ambracienses.
2093 2825 2183 2855 Aurel.
2197 2825 2267 2855 Vici.
2285 2826 2315 2854 in
2326 2825 2401 2855 Fulv.
2415 2823 2554 2859 Nobiliori,

1389 3013 1412 3044 A
1421 3025 1441 3043 M
1452 3025 1467 3042 B
1477 3025 1492 3043 R
1502 3025 1512 3044 i
1521 3024 1538 3044 c
1550 3025 1563 3043 r,
1572 3025 1584 3043 s
1592 3038 1600 3051 ,
1623 3015 1738 3053 Tegulaz
1747 3038 1755 3050 ‚
1777 3024 1837 3052 quae
1847 3015 2013 3050 transverse,
2035 3015 2164 3045 asseribus
2180 3016 2205 3044 ἃ*
2215 3014 2316 3052 tegulis
2326 3011 2550 3052 interponuntur.
2562 3027 2563 3032 ¹

1385 3318 1408 3347 A
1417 3327 1439 3347 M
1449 3328 1463 3345 12.
1473 3328 1486 3345 R
1497 3327 1514 3346 o
1524 3327 1544 3346 N
1554 3328 1568 3346 a
1576 3327 1588 3345 s
1599 3340 1606 3351 ,
1628 3317 1740 3346 fuerunt
1755 3317 1828 3346 Gens
1838 3317 1965 3355 quaedam
1976 3316 2093 3353 Gallica,
2116 3318 2163 3355 qui
2176 3316 2263 3347 subita
2274 3318 2458 3347 inundatione
2467 3311 2549 3349 maria,
2558 3333 2559 3337 =

1383 3506 1435 3535 AM
1448 3516 1461 3533 κ
1473 3516 1487 3534 a
1497 3515 1514 3536 ο
1523 3516 1541 3535 Ν
1550 3510 1564 3535 i
1573 3516 1591 3535 N
1603 3517 1621 3535 u
1630 3516 1642 3535 s
1652 3529 1660 3541 ,
1681 3517 1697 3536 a
1708 3529 1716 3542 ‚
1737 3516 1793 3536 uni.
1818 3507 1876 3539 Adi.
1891 3507 1993 3535 nator.
2015 3502 2104 3536 Arion.
2127 3507 2201 3545 apud
2215 3506 2323 3536 Cathol.
2345 3507 2390 3536 Tu
2401 3505 2483 3536 habes
2490 3504 2542 3534 lur-
2564 3505 2567 3535 ἓ

1382 3581 1597 3616 ΛΜΒκοειΑ,

1815 80 1843 118 A
1939 82 1979 118 M
2076 83 2100 118 B

1438 159 1566 200 Ambitus
1583 161 1651 191 item
1670 161 1782 199 Quaevis
1806 164 1951 193 contentio
1969 165 2055 193 nimia
2076 168 2103 196 ἃ
2123 166 2219 196 dedita
2244 176 2329 204 opera
2359 167 2466 197 navata.
2497 167 2559 201 Sem

1458 199 1536 228 Med.
1552 208 1615 235 399.
1678 238 1683 242 Ι
1712 216 1750 221 —
1768 201 1865 238 Segnis
1876 203 1922 231 hic
1941 202 2063 232 ibitdies
2525 210 2529 216 ‘

1519 236 1730 280 Tanto'petitus
1740 239 1846 268 ambitu
1864 246 1942 269 tanto
1956 241 2044 270 datus.
2123 241 2214 271 Tacit.
2228 251 2251 270 1.
2265 242 2333 271 Hist.
2349 252 2390 277 19.
2407 253 2431 276 ς.
2451 242 2561 275 Ambitu

1458 275 1622 319 remanendi
1633 282 1680 304 aut
1689 276 1774 304 eundi
1786 299 1794 311 ,
1812 284 1844 306 ut
1855 288 1994 315 quemque
2002 284 2092 308 metus
2103 280 2147 308 vel
2155 279 2215 317 spes
2225 280 2381 317 impulerat.
2404 279 2477 309 Flor.
2490 285 2559 312 1.16.·

1461 312 1602 341 Gemmeis
1617 314 1643 341 ἅ*
1661 315 1798 349 argenteis
1810 316 1894 345 armis
1906 338 1913 351 ,
1944 315 2075 346 discolori
2092 318 2165 346 veste
2176 327 2264 354 iisque
2277 317 2312 346 ad
2332 317 2468 348 ambitum
2485 327 2561 350 orna-⁴

1460 356 1516 378 tam
1528 357 1649 387 gentem.
1672 351 1688 379 i.
1707 361 1731 379 e.
1754 354 1884 389 usquead
1893 354 2108 384 ostentationem
2117 355 2253 392 exquilito
2263 354 2341 384 luxu.

1404 384 1550 417 AMiirTii
1563 398 1623 423 oo,
1644 389 1709 417 inis.
1731 388 1749 418 f.
1780 390 1929 420 Circuitus.
1953 391 2032 430 Apul.
2051 393 2082 421 in
2098 392 2205 430 Asclep.
2246 392 2373 431 Tempus
2390 399 2439 431 per
2453 393 2565 429 alterius(
2602 422 2604 424 .

1443 425 1647 454 ambitudineni
1668 426 1787 457 rediens.
1817 465 1822 471 .
1911 467 1917 472 .
2019 467 2024 472 ι
2111 463 2126 472 ,Α
2602 445 2604 478 Ι

1466 501 1470 506 ⁴
1569 501 1573 506 ι
1766 461 1825 502 Qui
1844 466 1939 496 ambit.
1950 466 2055 496 Pauhn.
2066 465 2150 504 Epist.
2161 476 2202 503 13.
2226 467 2290 497 sect.
2305 471 2348 497 16.
2378 468 2497 498 AEternae
2507 466 2565 500 lam
2600 486 2604 497 .

1443 501 1491 566 {lg-ss
1494 500 1880 575 1ainllpitqipss‘cqpafiuszimprirl.
1893 505 1923 532 in
1931 501 2006 534 Alex.
2021 514 2081 542 cap.
2096 510 2141 538 28.
2164 507 2191 535 ἃ
2205 505 2323 535 Salvian.
2341 505 2391 536 lib.
2410 518 2434 543 5.
2457 506 2492 537 de
2510 508 2565 557 Gis-⁴
2603 509 2604 512 ’

1443 614 1589 651 plerasque
1601 614 1783 646 Terentianas
1793 617 1898 646 fabulas
1909 619 2016 647 docuit.
2045 617 2181 648 Meminit
2196 626 2276 648 autor
2289 618 2398 658 Dialog.
2419 621 2455 650 de
2475 620 2565 651 Oratts
2588 632 2590 636 ’

1443 662 1505 690 cap.
1521 662 1566 681 20.
1597 654 1624 683 &
1645 654 1827 690 Symmachus
1850 666 1890 684 io.
1912 656 2035 694 Epist.2.
2461 658 2464 659 ⁷
2572 671 2576 679 =

1443 728 1488 756 vio
1499 727 1599 794 namn
1607 729 1822 760 conscendimus
1831 731 1988 769 palustrem.
2542 680 2585 752 ιζ

1443 804 1548 833 vinum.
1570 804 1657 834 Strab.
1671 805 1689 835 l.
1703 816 1727 835 c.
1740 816 1768 844 p.
1780 816 1832 844 392
2564 826 2573 840 ¹
2599 820 2602 841 l

1442 879 1537 946 Dtiviq.
1547 889 1605 947 ssost
1633 881 1763 918 Quorum
1775 883 1921 914 amborum
1932 893 2067 921 generum
2075 894 2131 913 una
2139 885 2207 913 ratio
2222 884 2268 914 est.
2290 885 2335 915 Fit
2344 895 2360 915 a
2371 885 2467 915 Graeco
2478 883 2578 944 ὶὲμφωὶε
2597 910 2600 924 5

1443 927 1461 945 u
1492 928 1515 946 ai
1568 928 1583 947 e
1609 927 1647 947 us.
2560 939 2578 957 υ,

1442 954 1602 999 Uterque&
1613 957 1854 993 Anibo‚differunt.
1869 959 2025 997 Utrumque
2034 958 2129 989 fecisse
2140 959 2292 996 dicimus,si
2308 959 2481 990 &hicscssle
2495 960 2537 990 fec
2574 966 2585 996 ,ἓ
2598 925 2601 958 l

1460 1001 1497 1022 rit
1507 994 1793 1038 di'JifiniquUterque
1802 997 1870 1026 fecit
1879 1002 2011 1026 domum:
2027 1007 2093 1034 ergo
2107 998 2169 1027 duee
2181 999 2281 1028 domus
2294 999 2372 1028 factae
2379 998 2450 1028 sunt.
2464 998 2549 1029 Ambo
2597 1032 2598 1036 Ἰ

1462 1032 1555 1061 fecisse
1569 1032 1788 1069 dicimus,l'1duo
1798 1036 1973 1071 conjuntiim
1981 1035 2087 1073 aliquid
2097 1035 2215 1065 fecerint
2225 1047 2232 1071 ;
2256 1043 2297 1073 ut,
2307 1037 2395 1066 Ambo
2405 1036 2456 1066 sibi
2468 1045 2560 1073 monii¹
2573 1044 2581 1059 ⁴

1461 1076 1591 1099 mentum
1601 1072 1812 1102 constituerunt:
1824 1073 1979 1103 h.e.Unum
1989 1080 2208 1103 monumentum
2219 1074 2564 1112 comune.Ter.prol.And.
2596 1103 2597 1112 7

1464 1118 1507 1138 10.
1522 1108 1579 1145 Qui
1589 1111 1720 1139 utramvis
1729 1112 1803 1140 redte
1810 1111 1989 1147 norinambas
1999 1111 2117 1151 noverit.
2134 1112 2206 1148 [Sed
2214 1112 2293 1142 aliud
2300 1113 2453 1148 Utervis,ac
2460 1111 2554 1150 Uterq3
2574 1118 2597 1152 Ὺ(

1443 1146 1532 1175 Ambo
1554 1151 1565 1182 t
1581 1148 1621 1176 ait
1641 1148 1777 1186 Sosipater
1793 1149 1842 1179 lib.
1862 1160 1884 1179 1.
1903 1150 1915 1185 )
1935 1159 1995 1178 non
2011 1154 2049 1179 elt
2068 1150 2242 1186 dicendum,
2263 1151 2313 1179 nisi
2335 1151 2371 1180 de
2385 1151 2418 1180 iis
2444 1151 2491 1188 qui
2507 1160 2525 1180 u
2574 1149 2597 1186 ,’

1461 1191 1591 1229 tempore
1600 1186 1668 1223 quid
1677 1187 1796 1217 faciunt:
1819 1194 1852 1217 ut
1866 1194 1949 1225 puta,
1971 1187 2099 1217 Eteocles
2115 1189 2142 1217 ‹S'c
2159 1188 2304 1226 Polynices
2315 1189 2399 1218 ambo
2416 1189 2541 1226 perierun
2559 1187 2577 1227 ᾗ
2588 1182 2589 1193 ’

1462 1226 1533 1260 quali
1544 1223 1622 1253 dicas
1635 1246 1642 1259 ,
1666 1224 1735 1254 Una.
1756 1225 1892 1255 Romulus
1903 1228 2032 1256 autem&
2047 1226 2190 1256 Africanus
2203 1236 2262 1256 non
2279 1227 2368 1256 Ambo
2381 1226 2555 1264 triumphav‘
2578 1232 2579 1236 ¹

1459 1268 1541 1296 runt,
1561 1260 1609 1291 sed
1620 1261 1759 1300 Uterque,
1781 1264 1852 1301 quasi
1874 1264 1988 1293 Diverso
2000 1271 2136 1302 tempore.
2176 1264 2218 1294 Ex
2235 1265 2373 1294 Parrhasio
2392 1266 2423 1294 in
2439 1264 2537 1294 Claudi
2550 1268 2556 1302 'v

1458 1308 1535 1328 num.
1577 1301 1592 1336 [
1607 1300 1663 1329 Sed
1680 1301 1753 1330 hanc
1764 1301 1951 1331 differentiam
1967 1302 2118 1340 neglexiffe
2131 1303 2254 1341 optimos
2271 1305 2397 1333 auctores
2412 1302 2476 1332 satis
2485 1307 2540 1341 app*
2576 1310 2581 1331 ¹,
2594 1318 2595 1324 1

1460 1345 1503 1366 ret
1513 1336 1557 1367 vel
1568 1348 1603 1367 ex
1615 1336 1664 1367 illo
1679 1339 1786 1369 Tibulli
1804 1350 1828 1376 3.
1845 1351 1868 1375 ς.
1883 1346 1925 1374 18-
1947 1342 2024 1377 quod
2040 1341 2160 1370 totidem
2177 1341 2269 1371 verbis
2287 1341 2373 1371 Ovid.
2387 1353 2414 1378 4.
2433 1340 2512 1370 Trist.
2553 1340 2560 1352 ¹
2586 1347 2587 1350 ’

1466 1375 1522 1412 leg.
1531 1386 1571 1405 10.
1582 1380 1638 1405 v.6.
1654 1378 1813 1415 expressinli
1822 1378 1892 1408 fides
1902 1378 2060 1409 russeum
2072 1379 2177 1408 cecidit
2192 1379 2249 1408 fato
2261 1379 2360 1409 consul
2370 1386 2486 1417 uterque
2495 1389 2513 1417 p
2544 1379 2551 1386 “
2574 1395 2579 1407 ‹
2592 1402 2593 1408 ,

1440 1410 1531 1444 Ambo
1543 1415 1569 1443 &
1582 1423 1705 1452 uterque.
1736 1416 1794 1446 Cic.
1813 1417 1844 1446 in
1861 1416 1938 1446 Orat.
1966 1428 2008 1447 11.
2034 1417 2148 1447 Vicinus
2167 1417 2330 1452 amborum,
2351 1418 2382 1447 in
2401 1423 2502 1447 neutro
2518 1426 2534 1446 e
2571 1426 2573 1432 ’

1460 1451 1581 1495 cellens,
1609 1454 1752 1491 utriusque
1775 1454 1915 1493 particeps
1935 1478 1943 1492 ,
1977 1455 2022 1485 vel
2042 1456 2186 1493 utriusque
2201 1456 2214 1492 <
2230 1455 2249 1484 li
2268 1460 2366 1485 veturii
2389 1424 2581 1533 quaerimus}

1461 1496 1558 1527 potius
1579 1500 1687 1529 expers.
2592 1513 2593 1521 κ

1440 1528 1530 1557 Ambo
1540 1538 1604 1558 una.
1634 1529 1699 1560 Ter.
1709 1529 1779 1560 Eun.
1790 1541 1817 1566 4.
1829 1542 1855 1567 4.
1869 1540 1913 1568 35.
1953 1530 2016 1560 Una
2030 1531 2113 1560 ambo
2124 1531 2253 1561 abierunt
2266 1531 2350 1562 foras.

1440 1566 1549 1602 Ambo,
1571 1575 1608 1596 m.
1630 1568 1660 1596 in
1675 1568 1763 1599 accus
1786 1569 1854 1598 Hor.
1865 1579 1891 1599 2.
1912 1569 2000 1598 Serm.
2019 1578 2043 1606 3.
2065 1575 2128 1603 180.

1520 1604 1654 1635 Praeterea
1670 1616 1706 1636 ne
1724 1616 1773 1636 vos
1793 1606 1888 1637 titillet
1906 1607 1993 1645 gloria
2008 1629 2016 1642 ,
2039 1608 2097 1642 iure
2554 1610 2561 1642 J

1519 1642 1644 1678 Jurando
1662 1644 1829 1682 obstringam
1840 1645 1932 1674 ambo.
2028 1645 2117 1676 Plaut.
2128 1645 2202 1676 Rud.
2216 1654 2241 1683 3.
2256 1657 2281 1683 5.
2295 1654 2321 1684 7ο
2360 1645 2433 1682 Jube
2448 1644 2517 1676 dum
2524 1650 2573 1680 req*

1458 1681 1559 1710 cedere
1576 1682 1640 1711 istos
1655 1682 1738 1712 ambo
1753 1683 1820 1712 illuc
1831 1684 1926 1713 modo.

1439 1718 1528 1748 Ambo
1545 1721 1599 1749 iter
1616 1727 1761 1758 peragunt.
1783 1721 1850 1751 Hor.
1868 1732 1894 1751 2.
1916 1722 2003 1750 Serm.
2019 1725 2044 1751 6.
2061 1731 2106 1758 99.

1439 1757 1529 1786 Ambo
1544 1759 1737 1788 convenimus
1758 1759 1830 1797 Virg.
1851 1771 1875 1794 ς.
1896 1760 1954 1789 Ecl.
1968 1770 1991 1789 1.

1438 1795 1529 1824 Ambo
1539 1796 1670 1826 florentes
1686 1797 1822 1827 aetatibus.
1843 1798 1916 1835 Virg.
1929 1807 1954 1834 7.
1976 1797 2034 1827 Ecl.
2047 1808 2074 1833 4.
2498 1828 2504 1833 ,

1438 1833 1533 1862 Ambae
1543 1844 1599 1863 una
1614 1835 1739 1864 feruntur
1747 1836 1850 1873 junctis
1860 1836 2008 1866 frontibus.
2031 1836 2106 1875 Virg.
2118 1847 2142 1873 5.
2165 1835 2229 1866 AEn.
2246 1842 2309 1873 158.
2334 1836 2369 1866 de
2382 1835 2521 1867 Centauro
2534 1832 2565 1874 &j

1457 1871 1532 1900 Pristi
1547 1872 1664 1902 navibus
1674 1873 1800 1911 loquens.

1436 1909 1538 1939 Ambas
1559 1910 1660 1940 buccas
1675 1912 1759 1941 iratus
1775 1907 1952 1942 inflat.’Hor.
1969 1922 1992 1941 1.
2015 1912 2103 1941 Serm.
2117 1922 2140 1941 1.
2155 1921 2199 1943 21.

1436 1947 1537 1977 Ambas
1551 1948 1657 1986 palmas
1672 1948 1708 1978 ad
1726 1950 1829 1979 coelum
1847 1951 1949 1980 tendit.
1974 1950 2044 1988 Virg.
2062 1960 2104 1979 10.
2123 1950 2187 1981 AEn.
2201 1953 2263 1986 596.

1436 1985 1578 2016 Ambabus
1591 1987 1719 2018 manibus
1733 1987 1905 2026 proverbiale
1919 1989 1958 2018 est
1971 1998 2022 2026 pro
2033 1987 2152 2024 Sedulo,
2174 1995 2236 2018 toto
2254 1990 2368 2019 conatu.
2420 1985 2562 2020 Ambobus
2584 1989 2587 2012 ἶ

1702 2064 1743 2100 [ὃ
1762 2063 1845 2099 ἅμξων
1861 2065 1876 2100 ]
1896 2064 2043 2102 Suggestus
2059 2070 2107 2094 aut
2125 2064 2263 2094 Cathedra
2281 2065 2359 2094 unde
2379 2064 2463 2095 verba
2481 2065 2559 2105 fiunti

1437 2099 1469 2129 V.
1498 2100 1590 2130 Bebel.
1615 2101 1651 2130 de
1677 2102 1757 2132 Abus.
1780 2102 1809 2132 L.
1832 2102 1860 2132 L.
1883 2113 1911 2140 p.
1940 2114 1983 2137 50-
2022 2102 2073 2129 διπτὶ
2097 2101 2129 2130 u}
2149 2100 2293 2139 ἀμζοάνειν,
2326 2104 2344 2133 i.
2362 2113 2387 2133 e.
2417 2100 2573 2141 duatsnivun,

1436 2135 1468 2167 V.
1493 2138 1599 2176 Spelm.
1620 2139 1704 2170 Gloss.
1726 2141 1756 2170 in
1776 2141 1850 2171 verb.
1874 2141 1900 2170 Sc
1917 2141 1989 2170 Voss.
2008 2140 2100 2179 Etym.
2120 2141 2168 2170 fol.
2181 2151 2225 2170 22.
2248 2140 2394 2171 Phavorin.
2416 2141 2509 2171 Lexic.
2528 2141 2564 2178 ira

1435 2175 1512 2205 Verb.
1533 2177 1655 2207 Utuntur
1664 2178 1793 2208 hac'voce
1806 2179 1960 2217 Scriptores
1968 2179 2156 2209 Ecclesiastici.
2179 2179 2273 2209 Priscis
2290 2178 2396 2210 Latinis
2405 2180 2500 2217 ignota
2511 2179 2555 2210 esta

1435 2213 1531 2244 Bebel.
1546 2216 1576 2244 in
1584 2215 1674 2246 Facet.
1694 2217 1730 2246 de
1739 2217 1880 2247 Sacerdot.
1895 2217 2033 2246 Cathedra
2046 2217 2094 2247 illa
2108 2217 2338 2253 concionatoria,
2360 2228 2443 2255 quam
2454 2217 2557 2253 indoffl

1436 2253 1587 2282 ambonem
1599 2260 1708 2284 vocant.
1750 2268 1757 2271 ”
2551 2278 2555 2292 ς

1657 2290 1858 2329 [Α’μζρφκιά]
1892 2293 2003 2323 Nobilis
2027 2293 2065 2322 est
2091 2294 2187 2323 civitas
2206 2293 2379 2332 Thesprotiae
2402 2293 2496 2332 Epiri,
2523 2292 2557 2324 ab

1436 2328 1570 2359 Ambrace
1579 2329 1728 2367 Thesproti
1743 2330 1819 2367 filio,
1836 2331 1922 2360 hodie
1935 2332 2019 2369 vulgo
2033 2336 2112 2359 Larta
2129 2330 2263 2370 appellari
2281 2332 2398 2367 dicunt,
2420 2332 2496 2369 quod
2512 2333 2582 2363 nevel

1435 2372 1482 2404 gat
1497 2367 1587 2410 *Hard.
1601 2368 1636 2397 ad
1656 2368 1725 2398 Plin.
1737 2368 1786 2399 lib.
1802 2380 1829 2404 4.
1853 2379 1913 2407 cap.
1934 2380 1955 2399 1.
2009 2370 2065 2406 Qui
2095 2371 2233 2397 Ambrakm
2255 2371 2348 2408 potius
2364 2370 2457 2399 vocari
2476 2370 2561 2403 docet,
2578 2357 2581 2398 l

1434 2405 1585 2443 hodieque.
1625 2406 1783 2444 Aliquando
1803 2407 1876 2437 dicta
1890 2407 1927 2437 est
1945 2408 2035 2444 Epuia
2053 2409 2078 2437 Sc
2091 2408 2202 2437 Paralia.
2225 2408 2391 2437 Hermolaus
2410 2417 2445 2438 ex
2460 2407 2557 2446 Steph.¹
2578 2407 2581 2415 '

1435 2442 1572 2472 Meminit
1592 2443 1677 2474 Plaut.
1694 2444 1782 2475 Stich.
1803 2455 1827 2481 3.
1845 2455 1870 2474 2.
1888 2455 1930 2481 35.
1961 2446 2042 2475 Hanc
2057 2446 2107 2475 diu
2128 2453 2318 2484 oppugnatam
2335 2447 2366 2476 in
2385 2446 2558 2476 deditionem

1434 2483 1545 2519 accepit
1553 2481 1593 2511 M.
1605 2482 1718 2513 Fulvius
1731 2481 1842 2513 Consul.
1852 2483 1970 2513 Roman.
1992 2483 2050 2513 Liv.
2068 2483 2115 2513 lib.
2129 2490 2172 2519 38.
2186 2495 2211 2519 9.
2557 2484 2559 2487 ⁴

1433 2557 1566 2588 Frondes.
1589 2558 1656 2588 Stat.
1674 2568 1699 2588 2.
1720 2559 1793 2597 Sylv.
1813 2569 1839 2588 2.
1854 2564 1880 2593 8.
2290 2579 2299 2593 ι

1433 2595 1498 2625 Ora.
1520 2596 1625 2626 Lucan.
1644 2597 1694 2626 lib.
1712 2608 1736 2632 ς.
1758 2600 1822 2633 6ς2.
2276 2607 2288 2625 ι’

1432 2633 1546 2664 Pontus.
1570 2635 1637 2664 Stat.
1660 2646 1686 2671 4.
1708 2635 1798 2665 Theb.

1430 2672 1513 2701 Sinus
1527 2695 1536 2708 ,
1558 2672 1708 2710 quomersa
1719 2674 1758 2702 est
1770 2672 1937 2710 Acarnania,
1964 2680 1996 2704 tit
2007 2674 2117 2704 testatur
2127 2673 2198 2704 Plin.
2220 2673 2268 2703 lib.
2282 2683 2307 2703 2.
2320 2680 2381 2712 cap.
2394 2681 2440 2710 90.
2464 2657 2554 2704 Hodi-
2581 2666 2583 2671 ¹

1430 2714 1463 2737 Le
1477 2711 1543 2747 golfe
1556 2713 1586 2738 de
1604 2715 1694 2741 Larm.

1429 2785 1637 2816 Ambracienses
1648 2787 1830 2825 compelleret
1841 2788 1875 2816 ad
1886 2788 2069 2818 deditionem.
2090 2789 2135 2817 Sic
2146 2787 2360 2817 ibirlemiterum
2371 2797 2403 2817 ac
2413 2786 2517 2825 saepius.
2538 2803 2545 2818 ι
2572 2793 2574 2851 ἶ

1429 2871 1454 2891 c.
1477 2872 1520 2898 52.
1542 2862 1646 2892 Consul
1656 2863 1763 2896 AEtolos
1774 2863 2016 2902 Ambraciotasque
2031 2866 2061 2894 in
2071 2864 2246 2893 deditionem
2254 2864 2373 2901 accepit.
2387 2862 2454 2893 Plin.
2472 2873 2513 2898 14.
2523 2870 2548 2906 χ.
2572 2853 2575 2870 ³

1428 2900 1615 2937 Apollodorus
1627 2901 1754 2930 Medicus
1766 2901 1795 2930 in
1806 2901 1950 2931 volumine
1965 2912 2020 2939 quo
2031 2902 2110 2931 suasit
2122 2901 2269 2931 Ptolemaeo
2292 2902 2350 2938 regi
2364 2911 2424 2938 quae
2441 2901 2504 2930 vina
2513 2899 2571 2940 Μὴ,

1428 2937 1522 2973 beret,
1544 2939 1669 2982 laudavit
1686 2939 1857 2983 Leucadium
1871 2962 1879 2973 ,
1902 2940 2101 2970 Ainbrocioten
2113 2942 2139 2969 ὁὶ
2152 2939 2354 2978 Peparethium.
2379 2939 2553 2971 Graecumtae
2570 2956 2572 2987 ι

1429 2986 1495 3005 men
1501 2984 1599 3023 potius
1610 3000 1617 3013 ‚
1640 2988 1722 3014 quam
1734 2977 1864 3006 Latinum
1877 2978 1923 3006 est.
2570 3000 2571 3006 ,

2568 3047 2570 3066 Ι

2568 3074 2570 3088 ι

1428 3052 1530 3082 Festus.
1555 3053 1703 3083 Turnebus
1713 3054 1779 3082 Adv.
1796 3063 1887 3087 1412.
1910 3052 2028 3090 Regulas
2038 3063 2096 3082 non
2105 3053 2226 3090 Tegulas
2237 3046 2313 3090 legit,
2326 3053 2355 3082 id
2366 3053 2442 3090 quod
2452 3048 2553 3086 senfiis,

1427 3090 1591 3128 inquit,ipse
1607 3091 1745 3120 declarat:
1758 3090 1804 3119 sed
1819 3092 1844 3120 S<
1856 3091 2020 3120 Francorum
2031 3091 2199 3128 lingua‚quae
2209 3091 2325 3120 articulo
2332 3091 2429 3120 addito
2439 3089 2549 3119 tabellas

1427 3129 1529 3164 quibus
1541 3129 1678 3158 lacunaria
1687 3135 1829 3163 texuntur,
1837 3135 1884 3157 aut
1895 3130 1967 3158 tedes
1979 3129 2158 3158 obducuntur
2168 3129 2282 3156 Lambris
2292 3138 2389 3158 vocat:
2403 3128 2546 3166 quodcum
2568 3138 2569 3155 ι

1426 3165 1458 3195 fit
1467 3188 1474 3201 ‚
1497 3167 1570 3195 aedes
1582 3167 1735 3193 Lambricari
1746 3189 1754 3202 ‚
1776 3172 1825 3203 pro
1839 3167 1986 3196 Ambricari
1998 3168 2075 3196 dicit.
2117 3169 2132 3203 [
2148 3167 2229 3196 Forte
2242 3173 2335 3196 tamen
2343 3167 2436 3196 Festus
2449 3164 2550 3197 Amba-1

1426 3213 1482 3238 ces.
1494 3205 1607 3241 antique
1617 3210 1667 3242 pro
1680 3204 1845 3233 imbricibus
1857 3204 1956 3241 posuit,
1968 3205 2045 3241 quotl
2057 3205 2095 3233 est
2105 3205 2259 3241 tegularum
2272 3214 2367 3242 genus.
2390 3203 2462 3233 lllud
2474 3203 2546 3232 enim

1424 3251 1460 3308 px
1471 3242 1515 3271 Gr.
1526 3242 1561 3276 ’ὀμ
1570 3247 1634 3278 ¹3&
1647 3242 1756 3272 facilius
1766 3264 1773 3278 ‚
1795 3252 1876 3279 quani
1887 3243 2022 3280 posterius
2036 3243 2211 3278 deflectitur,
2233 3243 2307 3272 unde
2318 3242 2412 3281 placet
2420 3240 2548 3273 arcessere

1439 3280 1626 3309 {rammaticis

2566 3188 2568 3201 i

2562 3207 2569 3284 i

1422 3365 1511 3392 quum
1520 3354 1667 3384 amisissent
1677 3356 1754 3385 sedes
1761 3354 1937 3393 ssias‚r;ipinis
1948 3356 1972 3384 ὁὶ
1983 3355 2201 3392 praedationibus
2211 3356 2235 3384 se
2247 3356 2362 3392 suosque
2373 3355 2445 3384 alere
2455 3362 2544 3391 coepe·

1422 3399 1494 3422 runt.
1517 3393 1580 3428 Eos,
1592 3395 1617 3422 ὁὶ
1626 3394 1763 3427 Cimbros,
1775 3393 1974 3430 Teutonesque
1991 3394 2021 3422 C.
2040 3393 2147 3423 Marius
2157 3393 2268 3422 delevit.
2313 3393 2352 3422 Ex
2363 3403 2417 3429 quo
2430 3393 2542 3421 tracium
2569 3392 2572 3402 '

1422 3432 1461 3459 eit
1473 3431 1670 3468 utturpisrita¹
1678 3432 1806 3460 homines
1819 3431 1970 3460 Ambrones
1978 3431 2144 3461 dicerentur.
2169 3431 2269 3460 Festus.
2280 3429 2421 3460 ltaliidor.
2434 3429 2543 3464 Ambra,
2566 3435 2568 3449 ¹

1422 3468 1585 3503 Devorator‚
1598 3467 1908 3503 decoctorduxurioiiis.
1922 3468 2056 3505 profusus.
2097 3469 2127 3498 V.
2149 3469 2267 3498 Chiliad.
2282 3470 2307 3498 S<
2321 3468 2419 3504 Scalig.
2432 3469 2466 3496 ad
2476 3465 2538 3496 Fest.
2566 3483 2568 3489 ›

1423 3544 1556 3573 coninain
1567 3544 1683 3573 buccam
1695 3546 1721 3574 S:
1731 3545 1894 3573 ambronina
1903 3543 1983 3573 labia.

1619 3583 1632 3618 [
1647 3579 1769 3618 ἀμζςοσὶοι
1784 3582 1796 3618 ]
1830 3580 1922 3611 Herba
1945 3592 2028 3618 quam
2043 3581 2089 3611 alii
2105 3582 2208 3619 Botryn
2220 3604 2228 3618 ,
2250 3582 2296 3611 alli
2311 3580 2476 3611 Artemisiam
2497 3584 2540 3608 vo·

1420 3625 1485 3647 cant
1495 3641 1503 3653 ,
1525 3620 1592 3648 teste
1604 3619 1727 3649 Dioscor.
1748 3621 1774 3649 Sc
1785 3619 1853 3648 Plin.
1865 3619 1914 3648 lib.
1928 3628 1972 3655 27.
1987 3629 2047 3658 cap.
2060 3631 2086 3655 4.

1421 3656 1511 3686 Poetae
1521 3657 1680 3686 fabulantur
1689 3657 1855 3686 Ambrosiam
1869 3657 2001 3695 appellari
2012 3657 2106 3687 cibum
2118 3679 2125 3691 .
2146 3657 2277 3694 idemque
2286 3657 2466 3695 Unguentum
2477 3653 2539 3700 deo:

1439 3703 1518 3723 rum:
1542 3696 1780 3731 quemadmodum
1790 3695 1910 3729 Nectar,
1930 3700 2039 3732 potum.
2060 3696 2134 3725 Hinc
2154 3696 2239 3724 etiam
2256 3695 2359 3724 dictam
2380 3695 2458 3724 aiunt
2473 3699 2507 3721 ex
2521 3700 2537 3717 ιι
2562 3695 2564 3723 1

1438 3732 1545 3767 ςεξηπκῷ
1565 3734 1592 3761 (ἵε
1610 3731 1713 3769 Ago-135,
1734 3732 1874 3761 mortalis:
1895 3732 2058 3770 interposito
2075 3745 2106 3768 μ,
2127 3733 2281 3762 vocalitatis
2291 3733 2394 3770 gratia:
2414 3726 2537 3767 volquod
2560 3737 2562 3753 ι

1436 3769 1567 3798 mortales
1578 3779 1638 3799 cam
1650 3780 1708 3798 non
1723 3771 1826 3800 edant:
1866 3769 1909 3798 vel
1921 3771 1998 3807 quod
2008 3771 2055 3807 qui
2074 3780 2136 3799 eam
2155 3771 2283 3805 ederint,
2305 3768 2473 3799 immortales
2481 3775 2539 3796 eva*
2560 3769 2564 3796 Ι

1439 3806 1515 3834 dant.
1540 3807 1624 3836 Ovid.
1646 3818 1667 3837 i.
1681 3808 1716 3837 de
1729 3808 1834 3842 Ponto,
1859 3818 1900 3836 ιο,
1918 3817 1959 3836 11.
2537 3821 2541 3827 ·
2560 3821 2561 3826 ¹

1498 3844 1598 3873 Nectar
1619 3846 1644 3874 ἃ
1667 3845 1828 3874 ainbroiiam
1847 3844 1942 3874 latices
1960 3845 2111 3882 epulasque
2130 3846 2257 3875 deorum.
2375 3880 2376 3883 Ἴ

1417 3880 1556 3910 Ambrosia
1568 3882 1703 3918 alendus,
1745 3882 1888 3911 roverbizili
1908 3882 1990 3919 ligura
2011 3883 2131 3917 dicitur,
2153 3885 2210 3921 Qui
2231 3885 2270 3915 est
2285 3884 2410 3922 egregius
2429 3879 2538 3914 &velut

1437 3918 1490 3947 diis
1505 3920 1667 3956 aequantlus.
1710 3894 1776 3950 [llus
1786 3920 1824 3950 est
1834 3921 1930 3950 Ci012.
1953 3920 1988 3949 de
1999 3920 2076 3950 Orat.
2088 3930 2153 3958 234.
2404 3958 2426 3989 Α
2456 3956 2473 3986 b
2503 3953 2519 3985 s
2577 3939 2579 3942 ν

2427 3967 2454 3987 m
2474 3965 2502 3985 ro
2512 3963 2536 3984 ia
2572 3972 2574 3977 ›
