2600 4177
483 107 559 141 C-
610 109 635 144 Ε
731 114 761 149 R
1609 136 1638 170 C
1736 141 1764 175 E
1862 143 1891 179 R

102 177 222 211 alterius.
264 183 322 213 Cic.
335 193 360 218 9.
375 183 450 216 Fam.
462 196 503 222 14.
527 189 546 217 A
559 195 586 219 te
596 196 689 222 autem
701 200 767 230 peto
784 201 814 226 ut
825 207 870 228 me
880 200 951 230 hanc
964 203 1036 240 quasi
1049 204 1141 235 falsam
1151 206 1204 236 hae-
1268 208 1314 243 Clr
1325 219 1338 237 R
1350 220 1366 239 o
1375 223 1393 240 M
1405 213 1421 242 X
1432 216 1469 244 *ri
1479 225 1495 244 c
1507 225 1525 244 u
1534 225 1545 245 s
1560 239 1568 250 ,
1593 218 1632 247 Ad

104 220 251 249 reditatem
262 221 358 250 alienae
368 223 461 259 gloriae
472 225 540 255 sinas
552 237 674 259 cernere.
696 231 824 264 Budaeus.

85 252 204 285 Cernere
216 280 223 292 ,
245 259 408 296 secernere,
429 263 550 293 cribrare
561 287 568 299 ‚
589 268 699 303 quod&
712 270 856 303 incernere
866 275 975 307 dicitur.
1019 280 1086 309 Plin.
1096 280 1142 311 lib.
1159 288 1200 315 ¹8.
1269 283 1291 312 (2
1302 295 1314 313 s
1326 296 1340 314 R
1353 297 1369 315 o
1379 298 1397 316 N
1410 311 1417 322 ,
1441 290 1534 319 Fontis
1545 303 1647 323 nomen
1663 318 1670 329 ,
1693 296 1729 326 de
1741 308 1796 334 quo
1806 299 1841 329 sic
1853 301 1922 332 Plin.
1939 304 1985 335 lib.
1999 314 2041 341 31.
2057 317 2118 346 cap.
2131 320 2156 339 2.
2175 311 2306 350 Eudicus,
2321 318 2411 355 inquit
2425 344 2432 355 ‚

103 301 164 329 cap.
185 304 225 323 11.
250 296 398 333 Posteaque
408 300 481 337 gypsi
497 303 751 343 parsinspargitur,
773 317 855 348 atque
870 323 900 342 ur
920 316 1049 354 cohaesit,
1072 320 1202 349 farinario
1308 323 1313 328 ’
1417 328 1421 332 ’
1480 330 1493 341 ’“
1523 340 1526 341 ’
1553 332 1557 335 “
1796 338 1800 343 ’
1862 339 1869 344 “
2243 352 2248 357 ’

102 331 192 360 cribro
203 331 385 364 subcernunt:
409 346 469 373 quae
479 339 507 366 in
520 348 554 368 eo
567 344 695 373 remanlit
734 356 803 377 ex'ce

704 367 712 379 ‚
753 371 757 375 .
806 351 1050 390 prid-{appellatur
1062 379 1069 391 ‚
1089 359 1203 393 &grun-
1306 362 1397 398 nigras
1409 365 1484 395 fieri:
1509 367 1605 398 Melan
1618 392 1625 403 ,
1647 382 1680 401 ex

102 367 210 398 diffima
221 370 266 399 est.
308 371 409 402 Rursus
419 384 478 410 quoe
487 378 580 407 transit
591 400 598 413 ,
620 381 736 412 art‘tiore
746 388 868 417 cernitur
878 411 884 422 ,
908 392 933 419 8:
945 391 1106 424 secundaria
1122 406 1191 426 voca

1193 416 1203 421 -
1266 396 1314 426 Cr:
1325 408 1340 427 R
1352 404 1368 429 C·
1380 411 1398 429 N
1411 413 1419 430 1
1431 413 1448 431 A
1464 425 1471 438 ,
1492 406 1635 443 [κεςωνιίι]
1657 410 1737 440 Ficus
1748 412 1857 451 Cypria.
1897 417 1965 448 Plin.
1981 429 2021 455 13.
2037 426 2061 454 8.
2084 423 2187 454 Similis
2201 427 2226 455 ὃς
2248 438 2329 463 quam
2346 431 2432 467 Jones

100 412 151 435 tur.
192 406 259 436 Pliss·
273 416 314 443 33-
327 420 349 443 ς.
373 410 470 441 Cribro
484 416 702 448 tenuicernitur.
725 422 809 453 Ovid.
824 426 859 455 de
873 427 950 458 Med.
963 430 1052 461 Faciei
1063 454 1071 468 ‚
1089 436 1133 462 61.
1305 437 1443 468 Ceroniun
1456 451 1574 477 vocant,
1596 451 1696 476 trunco
1708 450 1734 478 Sc
1747 451 1802 487 ipsa
1812 453 1909 484 fertilis
1920 477 1927 490 ,
1949 456 1996 486 sed
2008 468 2095 496 pomo
2112 462 2233 499 Siliquae.
2246 467 2298 496 ἃς.

173 443 302 481 Namque
314 447 360 475 ubi
371 449 510 482 pulvereae
524 452 627 485 fuerint
637 458 750 488 confusa
760 461 868 499 sarinae,
1267 472 1291 502 C
1301 478 1316 502 t
1327 485 1340 502 R
1350 485 1366 503 o
1375 486 1414 504 1³1.
1425 488 1442 506 A
1453 488 1465 507 s
1475 488 1494 506 ἰ’
1503 491 1526 507 ru
1538 502 1545 515 ‚
1567 483 1768 523 [argemirus]
1790 490 1883 521 Comze
1906 501 2048 526 ornatores
2071 507 2206 530 vocantur
2216 524 2224 537 ‚
2245 507 2378 540 quoniam
2393 511 2433 535 κί-

207 481 335 513 Protinus
345 486 500 519 innumeris
514 492 609 522 omnia
619 503 701 524 cerne
709 499 792 528 cavis,
1304 523 1346 547 ga<
1355 535 1362 547 ‚
1384 515 1467 544 etiam
1480 517 1509 545 sit
1517 528 1599 549 coma
1612 543 1619 554 ,
1642 525 1717 559 quod
1726 533 1789 556 ante
1800 528 1975 562 Plutarchum
1986 533 2094 565 indicat
2105 538 2244 570 Homerus
2254 542 2323 573 dum
2340 545 2430 576 Parim

80 517 180 548 Cerni,
201 520 343 556 passivum.
387 524 594 567 Cic.inTopic.
607 540 651 561 22.
674 533 710 563 Ea
730 535 784 565 effe
808 539 890 576 dico,
914 552 973 579 quae
992 544 1068 574 cerni
1091 547 1201 584 tangive
1304 548 1352 592 gtf'p'
1369 553 1466 584 νῖνλκὸν
1481 555 1566 599 dicit:
1590 557 1635 587 sed
1657 562 1682 589 81
1703 564 1778 599 apud
1793 566 1963 604 Sophoclem
1981 571 2103 610 ὁςθέκεςως
2126 577 2209 610 φρίκη
2231 589 2431 620 nuncupatur,

99 556 226 593 possunt,
248 559 407 591 urfundum
420 585 427 597 ,
449 565 541 602 tedes,
559 569 710 607 parietem,
722 574 774 603 ἃς.
1303 597 1321 615 1.
1338 597 1362 617 e.
1391 589 1496 620 Horror
1511 594 1583 630 pilos
1597 595 1740 633 surrigens.

78 589 111 624 In
126 594 206 623 turba
221 598 305 626 cerni.
330 598 413 629 Ovid.
425 612 450 636 4.
462 603 498 632 de
509 604 587 635 Pont.
599 618 624 641 ⁴·
637 617 681 643 43.

1301 624 1373 654 Sunt
1394 629 1419 657 ἃ
1442 628 1626 668 ceroplastae,
1649 636 1705 671 Qui
1726 648 1816 669 ceram
1842 652 1993 676 exercent:
2017 647 2064 678 sed
2079 655 2148 682 tunc
2166 654 2262 685 Graece
2275 661 2430 695 κηξοπλοὶςιη

171 633 219 662 Me
230 634 358 665 miserum
370 659 377 671 ,
399 639 478 670 turba
489 644 564 679 quod
573 654 629 674 non
645 656 697 683 ego
709 657 809 679 cernor
821 651 913 683 inilia.
1322 662 1488 695 scribuntur.
1528 668 1556 698 V.
1579 671 1642 701 Cael.
1657 673 1778 713 Rhodig.
1794 679 1841 709 lib.
1857 689 1881 716 7.
1895 692 1956 721 cap.
1969 694 2013 721 23.

118 669 195 699 Nulli
206 674 373 704 cernendus.
393 676 478 709 Ovid.
492 689 516 716 3.
529 681 565 710 de
578 683 654 713 Pont.
672 695 695 719 5.
708 696 754 722 49.

1264 698 1288 729 C
1298 701 1313 729 ᾗ
1323 710 1340 744 a
1349 712 1365 730 0
1376 711 1388 730 s
1397 712 1440 732 ΤΒ
1450 708 1467 734 δ
1477 714 1496 733 τ
1507 715 1525 734 u
1537 717 1558 750 tt
1570 728 1578 742 ,
1600 709 1618 738 i.
1641 720 1668 739 n.
1692 713 1877 763 [negdepmovj
1898 720 2090 760 Compositum
2102 736 2136 756 ex
2150 728 2260 760 duobus
2269 731 2370 764 Graecis
2380 747 2430 767 no-

21 701 23 734 l
41 700 66 738 C
75 717 88 736 Β
97 716 142 736 RN
152 718 166 737 a
176 718 196 737 N
206 718 226 737 T
236 720 245 737 1
255 720 273 738 A
283 733 291 746 ‚
313 722 344 741 λ’.
366 713 385 742 f.
410 715 493 747 Visus.
508 719 591 749 Mart.
604 720 700 759 Capel.
1301 739 1425 784 minibus
1442 743 1511 778 xs‘gooe
1521 766 1528 778 ,
1552 755 1568 774 1.
1581 755 1604 775 e.
1627 748 1740 780 Cornu:
1763 755 1789 782 δ(
1799 766 1880 789 epam
1925 777 1932 787 ι
1964 771 1969 782 1
2125 767 2129 771 '

41 745 88 776 CR
98 754 111 773 R
120 753 157 774 Tr
167 756 183 775 ο
193 768 202 782 ,
223 748 294 777 onis.
317 749 334 778 f.
356 751 515 785 Solenniras
526 778 534 791 ,
555 767 616 794 quae
627 760 811 793 adhibebatur
831 766 859 794 in
879 767 1015 799 adeundis
1035 770 1202 803 haereditati-
1637 786 1642 791 ’
1832 792 1848 798 ''

75 783 148 812 bus:
168 784 211 813 vel
224 785 282 822 Ipsa
292 785 462 821 haereditatis
475 794 571 824 aditio.
614 797 671 827 Cic.
689 809 729 828 11.
743 801 796 830 Att.
814 812 855 832 12.
868 804 897 833 in
910 806 979 843 fine,
1003 809 1135 840 Galeonis
1147 811 1201 841 hae-

76 820 223 851 reditatem
234 825 316 855 crevi.
349 827 417 858 Puto
429 831 504 860 enim
514 833 666 864 cretionem
678 836 758 867 fuisse
770 839 922 878 {implicem
933 866 941 879 ,
963 848 1096 882 quoniam
1108 849 1142 878 ad
1154 859 1200 879 me

75 858 151 892 nulla
161 859 237 890 miffa
247 862 293 892 est.
334 864 499 904 Simplicem
509 892 517 905 ,
538 871 556 900 i.
568 881 592 901 e.
616 873 686 903 Cum
699 875 778 905 nullo
791 880 972 915 conjunctam
981 905 989 918 ,
1007 886 1033 914 Sc
1045 886 1100 916 fine
1109 887 1200 917 cohae-

74 896 204 927 redibus:
225 906 255 928 ut
267 910 319 938 ego
330 913 402 933 unus
411 909 554 938 creverim.
577 910 654 940 missh
668 913 723 942 est:
743 914 821 945 abiis
833 918 878 954 qui
895 929 959 949 meo
969 923 1085 953 nomine
1104 935 1200 955 creve-
1300 933 1627 965 noscornuamlammas
1638 937 1857 972 sectatransluce

73 941 146 963 runt.
186 936 344 970 Eidemlib.
362 951 458 980 13.44.
480 945 521 975 Ex
531 956 564 976 eo
574 952 694 986 cognovi
704 953 857 984 cretionem
874 956 964 987 Cluvii
986 961 1027 995 (ὁ
1045 961 1197 993 Vestorium
1300 965 1372 995 dunt
1751 979 1756 984 ‘
1779 979 1784 984 ”

71 971 285 1039 Εεςίίςεηῐεπι)
305 977 442 1017 liberam,
463 984 576 1014 testibus
591 987 770 1023 praesentibus
781 991 921 1030 sexaginta
932 997 1050 1028 duobus.
1089 1000 1200 1031 Metue-
1300 1009 1345 1037 ta,
1366 1015 1443 1036 nunc
1462 1017 1521 1045 quae
1537 1013 1684 1043 ceroltrota
1707 1016 1822 1053 picturae
1837 1029 1939 1056 genere
1961 1025 2101 1058 dicuntur.
2142 1031 2198 1061 Sed
2214 1034 2277 1065 ΜΠ.
2301 1022 2427 1072 Cestrotai

20 1008 23 1034 ἱ
95 1020 138 1039 am
147 1012 238 1042 neille
248 1016 424 1048 arcessendus
434 1020 507 1051 esset.
530 1032 606 1052 nunc
624 1026 794 1058 mittendum
813 1031 869 1066 est,
893 1040 923 1062 ut
934 1044 998 1064 meo
1011 1037 1082 1072 jusl'u
1093 1046 1197 1069 cernat.
1299 1042 1441 1073 exhibent.
1464 1056 1490 1082 q.
1515 1046 1543 1076 V.
1566 1049 1645 1080 infra.

70 1048 195 1078 Subaudi
207 1072 215 1085 ‚
238 1051 446 1087 Haereditatem.
469 1060 486 1088 i.
498 1068 523 1089 e.
548 1061 582 1090 Ut
593 1062 673 1092 adeat
684 1064 875 1098 haereditatem
892 1072 961 1101 mihi
981 1084 996 1103 a
1014 1074 1114 1105 Cluvio
1136 1077 1199 1106 reli..
1260 1077 1436 1111 'CERGTES
1448 1105 1456 1118 ,
1478 1085 1629 1123 [κκςώτης]
1650 1089 1722 1120 inter
1738 1091 1912 1127 ornamenta
1924 1099 2070 1132 muliebria
2081 1113 2243 1138 numeratur
2254 1110 2362 1144 Polluci
2372 1115 2421 1147 lib.

17 1097 18 1100 ¹
69 1087 155 1116 etam.
188 1088 215 1118 h.
228 1098 252 1119 e.
277 1091 480 1125 Utaustionem
494 1106 573 1128 curet
586 1099 745 1133 faciendam
764 1115 862 1136 eorum
882 1107 1036 1147 bonorum,
1054 1123 1115 1151 quae
1127 1116 1197 1145 milii
1300 1126 1325 1154 7.
1340 1128 1400 1156 cap.
1413 1129 1457 1151 22.
1826 1146 1834 1149 «

70 1125 99 1154 i&
112 1124 277 1157 Hordeonio
288 1129 402 1162 Cluvius
411 1133 520 1171 legavit.
563 1137 661 1176 ltaque
682 1149 794 1178 cernat,
817 1144 873 1174 hoc
888 1147 926 1176 est
935 1158 1025 1179 meam
1037 1159 1143 1188 partem
1154 1163 1198 1183 ca-
1259 1154 1284 1184 C
1293 1165 1329 1184 ER
1341 1166 1384 1185 oT
1395 1168 1412 1186 u
1421 1169 1457 1194 M,
1493 1160 1524 1190 V.
1550 1172 1589 1191 cu
1599 1174 1614 1192 R
1624 1174 1641 1193 A
1653 1174 1672 1193 T
1684 1176 1740 1197 υΜ.

70 1162 337 1234 Piatm‘ffimfflsffss‘?
377 1171 460 1239 Exfeo
474 1177 594 1211 cognovi
606 1178 761 1209 cretionem
775 1181 883 1213 Cluvii:
905 1186 923 1214 i.
943 1196 968 1217 e.
990 1188 1067 1225 Quid
1079 1190 1106 1219 in
1119 1191 1197 1221 testau
1259 1193 1407 1224 CERRRT
1419 1207 1436 1225 A
1452 1219 1460 1233 ‚
1482 1208 1565 1236 quam
1583 1203 1689 1233 rusticis
1705 1205 1874 1239 Corneolarn
1886 1213 1979 1243 vocari
1991 1214 2051 1245 Rue

70 1207 167 1230 mento
212 1213 267 1233 uvir
289 1216 409 1244 criptum
430 1217 460 1240 it.

70 1238 167 1267 Cretio
177 1240 234 1276 est,
256 1243 401 1276 Certorum
421 1249 530 1279 dierum
545 1250 679 1289 spatium,
701 1256 776 1292 quod
795 1257 875 1289 datur
892 1261 1016 1293 instituto
1038 1265 1142 1295 haeredi
1159 1262 1196 1296 ad

1634 220 1653 254 5.
1676 226 1724 256 ut,
1747 222 1860 254 Collum
1870 230 2077 262 ceromaticum.
2100 233 2198 270 Juven.
2213 240 2356 276 3.Sat.68.
2380 246 2432 276 i.e.

1283 284 1290 289 Ἴ
1306 249 1453 280 Ceroniate
1465 258 1639 290 perunctum.

1381 1233 1385 1238 ⁵
1427 1236 1431 1240 ²
1533 1239 1537 1243 .
2053 1216 2117 1248 ilius
2130 1221 2177 1256 ait,
2199 1223 2292 1255 caules
2308 1229 2424 1267 profert,

1298 1233 1325 1260 ἃ
1337 1232 1404 1262 folia
1413 1234 1471 1264 lino
1482 1246 1587 1273 majora
1596 1262 1603 1275 ,
1627 1251 1683 1270 non
1696 1250 1789 1274 autem
1802 1246 1905 1278 salicis:
1928 1250 2027 1282 florem
2039 1253 2146 1286 luteum
2157 1280 2165 1294 ‚
2188 1259 2280 1292 semen
2291 1264 2425 1299 folliculis

1295 1271 1408 1306 genistae
1418 1273 1508 1311 effigie
1519 1276 1666 1321 inclusum.
1709 1282 1836 1313 Nascitur
1851 1286 1879 1315 in
1896 1290 1997 1324 pratis,
2019 1292 2152 1331 nullaque
2173 1298 2230 1334 est,
2252 1304 2326 1337 quod
2343 1306 2422 1341 gustu

89 1275 302 1310 deliberandum
313 1305 320 1317 ‚
341 1292 434 1314 utrum
445 1289 577 1325 expediat
584 1291 609 1319 ei
622 1292 698 1321 adire
714 1294 904 1328 haereditatem
926 1310 1029 1332 necne:
1051 1304 1129 1333 velut
1148 1304 1196 1334 Ti-
1256 1339 1260 1347 .
1295 1309 1403 1347 percipi
1416 1312 1500 1348 poffit
1515 1336 1523 1348 ‚
1543 1316 1720 1348 adstrictione
1730 1322 1854 1358 praedita.
1888 1325 1926 1355 Ex
1936 1325 2080 1360 Matthiol.
2095 1333 2123 1361 in
2136 1333 2292 1369 Dioscorid.

88 1314 143 1343 rius
153 1315 239 1346 haeres
251 1319 308 1348 esto
320 1342 328 1355 ‚
349 1324 514 1362 cernitoque
524 1327 554 1355 in
566 1328 665 1358 diebus
676 1338 789 1362 centum
804 1337 940 1371 proximis
952 1361 959 1373 ,
981 1340 1080 1377 quibus
1091 1342 1194 1379 scieris,
1256 1344 1280 1374 C

1291 1355 1471 1385 saffirus,
1496 1351 1527 1380 In
1549 1362 1716 1386 ethTus.

0 1367 7 1389 ¹.
45 1378 58 1388 f
87 1353 262 1395 poterisque:
286 1359 335 1387 nisi
346 1360 383 1389 ita
394 1365 511 1393 creveris
521 1387 528 1400 ‚
548 1366 671 1397 exhaeres
681 1369 746 1399 esto,
787 1372 908 1404 Cernere
919 1398 926 1411 ,
948 1377 986 1407 est
998 1379 1083 1409 Verba
1095 1382 1194 1410 cretio-

1 1406 5 1418 >

1255 1382 1280 1411 C
1289 1393 1327 1412 rzR
1338 1394 1353 1413 R
1364 1396 1382 1414 o
1392 1396 1411 1415 N
1421 1397 1454 1418 ss
1465 1411 1473 1424 ,
1494 1389 1580 1421 Levcs
1592 1395 1617 1422 ok
1631 1394 1719 1432 inepti
1732 1406 1747 1426 a
1758 1398 1880 1429 cratibus
1891 1402 1957 1432 dicti
1969 1425 1976 1438 ,
1998 1407 2075 1442 quod
2087 1407 2175 1439 Siculi
2193 1412 2322 1446 adversus
2342 1418 2426 1449 Athe-

86 1399 130 1419 nis
139 1391 232 1421 dicere
242 1416 249 1428 ,
271 1396 306 1424 ad
315 1397 391 1428 hunc
401 1401 517 1431 modum
528 1425 536 1438 ,
559 1404 655 1444 Quum
676 1416 722 1436 me
740 1408 855 1440 Maevius
873 1413 1015 1445 haeredem
1030 1417 1192 1455 instituerit,
1676 1434 1680 1439 '
2060 1441 2064 1450 '

1294 1422 1404 1454 nienses
1416 1427 1537 1458 cratibus
1550 1440 1603 1467 pro
1613 1431 1696 1462 scutis
1706 1433 1769 1465 sunt
1782 1437 1832 1473 usi,
1854 1447 1921 1475 quas
1935 1442 2023 1473 Graeci
2038 1446 2115 1480 γῤῥας
2127 1450 2280 1486 appellant.
2322 1456 2426 1487 Auctor

85 1434 148 1457 ‘eam
160 1429 347 1464 haereditatem
359 1438 429 1467 adeo
442 1447 590 1483 cernqque.
612 1444 677 1487 Sine
687 1447 813 1477 cretione
824 1449 910 1481 haeres
921 1453 1060 1485 institutus
1071 1478 1078 1492 ,
1099 1456 1116 1485 {i
1127 1466 1194 1486 con·
1256 1491 1258 1493 ,
1293 1459 1395 1492 Festus.

85 1465 287 1500 stitueritnolle
295 1472 321 1502 se
334 1474 473 1506 haeredem
485 1479 540 1508 elie
552 1501 560 1514 ,
582 1480 669 1511 statim
684 1484 847 1516 excluditur
855 1489 888 1518 ab
900 1490 1077 1529 haereditate,
1100 1496 1193 1524 &amz
1253 1494 1324 1527 CER
1335 1508 1352 1527 R
1363 1510 1382 1529 u
1392 1510 1404 1530 s
1417 1523 1425 1536 ‚
1446 1502 1464 1531 i.
1487 1503 1506 1532 f.
1528 1504 1666 1544 [aimo-vr]
1688 1509 1799 1541 Arboris
1817 1513 1923 1551 species
1936 1525 1972 1545 ex
1992 1518 2139 1556 glandium
2153 1533 2263 1561 genere.
2287 1528 2355 1560 Plin.
2370 1531 2419 1563 lib.

85 1503 159 1542 plius
167 1515 228 1536 eam
239 1510 315 1540 adire
325 1521 383 1542 non
394 1515 493 1552 potest.
537 1517 608 1547 Cum
625 1521 750 1551 cretione
764 1533 830 1553 vero
848 1527 933 1558 haeres
946 1530 1085 1561 institutus
1096 1554 1103 1567 ,
1125 1533 1193 1563 ficut
1333 1559 1339 1565 .
1684 1548 1689 1553 ’
1849 1553 1854 1558 ’
2403 1573 2408 1577 ·

83 1545 227 1574 cernendo
237 1546 268 1576 fit
278 1548 363 1579 haeres
375 1574 382 1586 ‚
403 1553 441 1582 ita
453 1563 510 1583 non
520 1554 601 1585 aliter
610 1558 778 1597 excluditur,
800 1572 882 1600 quam
897 1566 914 1595 fi
927 1568 998 1598 intra
1007 1569 1083 1599 diem
1092 1572 1193 1601 cretio-
1291 1574 1447 1607 habentur:
1471 1579 1581 1617 placida
1592 1604 1600 1617 ,
1622 1594 1717 1615 cerrus
1728 1610 1735 1623 ,
1756 1587 1874 1620 latifolia
1883 1613 1890 1625 ‚
1912 1592 1989 1629 fagus
2000 1617 2008 1630 ,
2028 1596 2201 1631 salficortex:
2224 1606 2319 1635 omnia
2330 1607 2423 1639 frueti-

85 1580 128 1610 nis
140 1591 196 1612 non
208 1588 336 1617 creverit.
378 1590 502 1629 ideoque
510 1594 595 1623 etiam
607 1595 624 1623 fi
637 1598 809 1629 constituerit
828 1603 905 1633 nolle
920 1605 946 1634 se
967 1607 1106 1638 haeredem
1118 1609 1190 1646 effe,
1291 1612 1366 1643 fera:
1389 1614 1434 1644 sed
1447 1617 1603 1650 dulcissima
1612 1622 1690 1660 glans
1702 1625 1781 1663 fago,
1804 1627 1924 1659 secunda
1936 1631 2064 1670 placidae,
2087 1638 2167 1666 tertia
2178 1638 2303 1672 latifoliae
2315 1666 2322 1679 ,
2346 1657 2424 1683 quar.

83 1619 178 1657 tamen
198 1622 216 1650 fi
235 1623 370 1662 superfint
386 1628 446 1658 dies
463 1632 614 1666 cretionis,
637 1637 804 1672 poenitentia
817 1642 912 1678 actus,
940 1646 1083 1676 cernendo
1103 1647 1191 1677 haeres

1291 1652 1320 1680 'ta
1333 1651 1488 1684 salsicortici
1502 1679 1508 1690 ,
1532 1657 1630 1690 ultima
1645 1663 1670 1691 8<
1683 1663 1850 1695 amarislima
1860 1677 1946 1697 cerro.
1984 1671 2067 1701 Porro
2080 1673 2181 1705 Cerrus
2200 1679 2303 1710 dicitur
2318 1683 2421 1716 Graecis

84 1656 251 1696 fieripotest.
290 1662 384 1694 Cretio
403 1676 450 1696 aut
469 1669 589 1707 vulgaris
604 1671 723 1709 dicitur,
744 1683 791 1705 aut
811 1681 955 1711 continua.
996 1683 1138 1722 Vulgaris,
1160 1687 1190 1715 in
1739 1703 1742 1707 '

1293 1688 1439 1725 ὁαὶγίλωψ.
1479 1694 1557 1724 Cerri
1569 1700 1703 1729 meminit
1712 1701 1816 1733 Vitruv.
1829 1704 1876 1734 lib.
1896 1717 1920 1736 a.
1934 1716 1995 1746 cap.
2007 1720 2031 1744 9.
2047 1712 2073 1740 ἃ
2085 1711 2133 1742 lib.
2148 1724 2173 1749 7.
2188 1725 2248 1754 cap.
2264 1729 2288 1748 1.

83 1700 139 1732 'qua
150 1698 320 1733 adjiciuntur
332 1703 391 1733 haec
402 1706 500 1742 verba,
523 1708 632 1745 Quibus
642 1710 750 1748 scieris,
773 1718 937 1755 poterisque.
980 1720 1140 1759 Continua,
1159 1724 1189 1753 in
1251 1723 1321 1755 CER
1333 1738 1348 1756 R
1360 1731 1450 1760 ἴΝυε
1462 1753 1470 1766 ,
1494 1733 1552 1770 Adj.
1576 1736 1732 1774 [άπςιιὲς]
1764 1748 1811 1777 ut,
1834 1743 1964 1775 Cerrinus
1982 1747 2064 1778 caliX.
2088 1750 2155 1781 Plin.
2168 1752 2217 1783 lib.
2234 1765 2277 1792 30.
2301 1768 2361 1797 cap.
2377 1771 2420 1791 ιο,

0 1766 4 1770 .
82 1743 137 1771 qua
147 1745 204 1764 non
214 1739 391 1773 adjiciuntur.
435 1744 465 1773 Ei
476 1747 523 1781 qui
533 1746 675 1783 vulgarem
696 1753 851 1784 cretionem
870 1757 955 1787 habet
965 1781 972 1794 ,
995 1761 1056 1790 dies
1072 1757 1112 1790 illi
1132 1762 1189 1791 dati
1290 1765 1414 1801 Quidam
1425 1771 1524 1806 peetus
1535 1773 1595 1808 ejus
1609 1773 1767 1807 bibendum
1781 1780 1914 1818 censent,
1937 1785 1963 1813 &
1977 1785 2120 1817 incerrino
2130 1790 2226 1822 calice.

2 1783 4 1786 v
19 1769 22 1810 Ι
80 1781 281 1810 computantur
292 1779 393 1814 quibus
404 1780 455 1811 scit
465 1782 638 1815 sehaeredem
655 1788 812 1821 institutum
824 1793 878 1824 else
888 1817 896 1830 ,
919 1797 945 1825 Sc
958 1799 1052 1835 potuit
1062 1809 1187 1830 cernere.

1249 1801 1295 1831 CR
1305 1813 1320 1831 R
1330 1814 1345 1832 R
1356 1815 1369 1833 s
1381 1816 1420 1835 us
1436 1829 1443 1842 ,
1466 1808 1543 1839 aliud
1557 1812 1618 1848 Adj.
1644 1821 1675 1843 ut
1688 1837 1696 1851 ,
1719 1816 1817 1848 Cerrea
1828 1819 1914 1856 glans.
1947 1822 2015 1853 Plin.
2028 1825 2078 1855 lib.
2092 1830 2134 1857 16.
2148 1838 2209 1866 cap.
2219 1834 2245 1861 6.
2277 1833 2362 1865 Glans
2380 1837 2419 1867 fa-

81 1808 113 1838 Ei
125 1812 170 1848 qui
184 1815 347 1846 continuam
360 1818 444 1849 habet
458 1822 611 1852 cretionem
624 1846 632 1858 ,
654 1827 738 1856 etiam
759 1829 799 1858 illi
817 1832 876 1862 dies
888 1843 1107 1873 computantur,
1129 1840 1189 1876 qui·
1288 1851 1339 1878 gea
1348 1842 1423 1873 [irem
1435 1845 1552 1877 hilarem
1565 1849 1631 1880 facit
1645 1874 1653 1887 ,
1675 1862 1787 1885 carnem
1803 1858 1963 1889 coeribilem
1978 1884 1984 1896 ,
2005 1863 2058 1893 Sec.
2101 1864 2260 1900 Proximam
2275 1871 2342 1902 huic
2363 1883 2424 1905 ccr-

81 1847 134 1877 bus
143 1850 283 1886 ignoravit
292 1853 318 1883 se
334 1855 472 1888 haeredem
489 1860 662 1892 institutum:
685 1872 732 1894 aut
751 1865 829 1898 scivit
847 1871 977 1908 quidem,
998 1874 1045 1904 sed
1065 1885 1123 1905 non
1138 1886 1189 1914 po-

1287 1889 1364 1910 rcam
1373 1884 1458 1912 tradit
1469 1884 1600 1923 Nigidius
1608 1911 1616 1924 ‚
1637 1900 1691 1920 nec
1702 1901 1736 1921 ex
1752 1894 1804 1924 alia
1815 1895 1975 1928 solidiorem
1989 1910 2103 1931 carnem
2113 1925 2122 1939 ‚
2142 1904 2189 1935 sed
2199 1908 2306 1939 duram.

81 1887 136 1915 tuit
146 1897 268 1920 cernere.
300 1892 366 1923 Haec
375 1894 485 1933 Ulpian.
505 1898 588 1928 instit.
602 1901 643 1929 tit.
658 1911 701 1939 23.
725 1914 760 1933 ex
772 1908 871 1944 quibus
884 1910 974 1940 verbis
986 1920 1102 1951 apparet
1112 1914 1188 1944 casti-
1248 1915 1272 1945 C
1282 1927 1295 1945 s
1306 1928 1322 1946 R
1330 1928 1350 1947 T
1360 1930 1381 1948 A
1392 1931 1406 1948 s
1417 1931 1435 1950 u
1443 1931 1462 1950 N
1474 1933 1492 1951 D
1502 1934 1520 1952 u
1529 1934 1542 1954 s
1552 1947 1559 1960 ‚
1582 1927 1603 1955 C
1611 1937 1626 1956 Ε
1634 1938 1651 1957 R
1660 1938 1708 1958 TA
1716 1941 1738 1959 M
1747 1941 1761 1961 R
1770 1942 1791 1962 N
1801 1954 1809 1969 ‚
1830 1933 1852 1962 C
1861 1942 1874 1963 Ε
1883 1945 1899 1964 R
1907 1945 1927 1964 Τ
1936 1946 1955 1966 A
1963 1947 1983 1965 T
1992 1947 2009 1967 o
2018 1948 2043 1968 R.
2086 1940 2118 1971 V.
2141 1943 2170 1972 in
2192 1954 2209 1974 c
2218 1955 2232 1974 E
2241 1956 2258 1975 R
2270 1956 2289 1975 Τ
2298 1958 2325 1978 ο.

6 1922 22 1999 Ι
51 1925 55 1929 ’
79 1926 203 1960 gaudum
216 1928 358 1961 Ciceronis
368 1932 463 1963 locum
474 1935 522 1965 lib.
538 1946 562 1966 1.
575 1938 610 1966 de
621 1939 696 1969 Orat.
715 1952 775 1973 100.
799 1945 846 1975 ubi
858 1947 894 1976 sic
905 1948 988 1987 vulgo
999 1951 1099 1989 legitur
1110 1971 1117 1983 ,
1151 1953 1187 1982 Ut
1247 1954 1272 1983 C
1282 1965 1296 1983 s
1306 1966 1320 1984 R
1330 1966 1349 1985 T
1358 1967 1371 1987 R
1381 1980 1388 1993 ,
1421 1959 1452 1989 In
1473 1970 1490 1990 c
1501 1971 1515 1991 E
1526 1973 1542 1991 R
1551 1973 1571 1992 T
1582 1975 1599 1993 υ
1610 1975 1629 1995 s.

80 1962 111 1990 in
120 1965 330 1998 conditionibus
340 1970 419 2000 scribi
429 1970 499 2003 solet
509 1996 517 2009 ,
538 1975 574 2004 de
585 1977 685 2013 quibus
697 1978 781 2011 sciam
791 2005 798 2019 ,
819 1991 996 2024 poteroque:
1018 1999 1070 2027 pro
1083 1990 1187 2021 Condi÷
1247 1991 1272 2021 C
1282 2003 1296 2022 Β
1306 2004 1321 2022 R
1331 2004 1375 2024 TO
1385 2018 1394 2032 ‚
1425 1999 1614 2037 [uwvrgo,um,
1646 2004 1792 2042 ἅμ’δλῧμαλ
1805 2030 1813 2043 ⁷
1850 2009 1958 2047 ἆθλὲω]
1977 2015 2033 2044 Ξῐθ·
2063 2016 2212 2056 ΑῙῑΕῐὌᾶῒῑ,
2234 2025 2417 2058 contendere.

0 1986 6 2030 i
19 2005 31 2051 Ι
80 2000 205 2031 tionibus
215 2005 291 2034 enim
303 2028 311 2041 ‚
333 2007 486 2045 legendum
497 2012 536 2042 est
546 2013 734 2048 Cretionibus.
1287 2029 1373 2063 Variis
1382 2037 1545 2068 nominibus
1555 2040 1696 2079 jungitur,
1718 2045 1940 2085 construiturque
1959 2058 1988 2080 ut
1997 2053 2153 2090 plurimum
2172 2068 2239 2089 cum
2249 2064 2420 2101 praepofitio.

2 2055 6 2066 2
19 2036 72 2086 ³(213
82 2047 126 2067 RN
137 2049 202 2075 ura,
224 2041 312 2073 Pisces
324 2045 490 2084 Philotimo,
513 2060 538 2080 2.
556 2051 592 2081 de
605 2053 765 2093 Alimentis,
786 2059 861 2090 durae
879 2063 986 2099 carnis⁷
1009 2066 1035 2094 ἃ
1048 2067 1094 2103 qui
1115 2074 1186 2105 aegre
1285 2070 1369 2101 nibus
1380 2073 1455 2103 Inter
1467 2076 1492 2104 Sc
1508 2076 1588 2108 Cum.

0 2087 6 2107 r
59 2077 260 2115 conficiantur,
282 2081 573 2122 succosquecrass'os&
587 2090 667 2122 salsos
677 2094 706 2123 in
719 2104 820 2134 corpus
833 2099 1007 2132 distribuant.
1030 2103 1071 2133 Ex
1085 2105 1184 2136 Galen.
1284 2107 1414 2147 Certare,
1441 2122 1505 2142 cum
1519 2115 1624 2147 dativo.
1647 2118 1811 2157 Antiquum.
1836 2123 1941 2155 Sisenn.
1962 2126 2064 2159 Histor.
2077 2129 2128 2162 lib.
2141 2142 2167 2169 4.
2197 2135 2251 2165 Alii
2266 2137 2364 2177 saltui,
2385 2150 2419 2171 ac

0 2127 5 2145 ν,
55 2113 104 2144 lib.
117 2124 141 2152 3.
153 2116 189 2145 de
197 2117 277 2148 Alini.
290 2120 387 2151 facult.
1304 2147 1447 2179 velocitati
1460 2158 1574 2183 certare.
1597 2156 1716 2187 Nonius.
1740 2159 1813 2197 Virg.
1826 2171 1850 2196 ς.
1862 2162 1921 2192 Ecl.
1932 2170 1957 2198 8.

0 2150 7 2180 ,ί
24 2149 147 2183 CsRNu
158 2164 175 2183 o
185 2176 193 2190 ‚
214 2159 269 2186 are.
292 2167 350 2188 erat
366 2160 491 2192 Labente
501 2165 616 2203 vestigio
627 2168 655 2197 in
666 2179 786 2207 pronum
798 2173 837 2203 ire
847 2197 855 2209 ,
876 2176 903 2205 δε
922 2174 994 2216 'saepe
1007 2179 1091 2210 etiam
1107 2180 1180 2213 labi:

1378 2187 1526 2220 Montibus
1539 2192 1567 2221 in
1584 2194 1683 2224 nostris
1694 2195 1767 2226 solus
1777 2198 1828 2227 tibi
1840 2207 1929 2231 certet
1938 2203 2078 2241 Amyntas·
2173 2209 2228 2241 Ubi
2247 2213 2374 2252 Servius3

0 2186 22 2229 μΙ
59 2200 114 2228 quo
123 2201 224 2229 genere
235 2194 307 2225 lusus
318 2199 496 2231 consualibus
506 2204 546 2232 uti
556 2204 683 2236 solebant
693 2211 839 2248 perpelles
849 2216 947 2245 unctas
964 2220 1186 2257 currentesvar-
1377 2225 1544 2264 Usurpatum
1563 2231 1600 2260 est
1612 2254 1619 2266 ,
1640 2242 1705 2262 narn
1724 2235 1810 2266 hodie
1829 2238 1913 2278 Certo
1932 2247 2027 2272 tecum
2052 2244 2181 2278 dicimus.
2265 2252 2313 2283 Sic
2323 2253 2408 2288 Deis.

0 2236 5 2260 ι
19 2239 22 2266 Ι
59 2237 89 2257 ro
98 2229 132 2259 de
144 2230 194 2260 Vit.
206 2231 271 2270 Pop.
283 2234 363 2266 Rom.
372 2247 393 2267 1.
406 2239 481 2276 apud
490 2240 643 2280 Non.1.76.
658 2245 746 2276 Etiam
756 2250 844 2286 pelles
856 2251 974 2283 bubulas
985 2254 1051 2284 oleo
1062 2258 1185 2294 perfusas
1301 2260 1470 2295 Melioribus
1484 2288 1492 2301 ‚
1516 2267 1658 2299 Laudibus
1669 2271 1788 2310 alicujus
1797 2281 1903 2306 certare
1914 2278 1993 2310 infra.

0 2265 13 2299 ι’
36 2284 41 2287 ⁷
56 2268 263 2307 ‘pei-currebant.
273 2272 368 2310 ibique
376 2277 560 2310 cernuabant:
578 2291 592 2310 a
603 2292 658 2319 quo
670 2291 747 2314 vetus
758 2288 795 2316 est
804 2288 851 2319 ille
862 2290 953 2321 versus
964 2293 992 2321 in
1002 2295 1183 2332 carminibus,
1282 2300 1362 2329 Acies
1371 2308 1489 2333 certant.
1532 2306 1564 2336 In
1586 2317 1605 2336 A
1616 2317 1633 2337 c
1643 2319 1652 2337 1
1663 2319 1676 2338 13
1684 2319 1706 2339 s.

0 2305 7 2342 Ι
137 2307 178 2336 Ibi
199 2309 321 2346 pastores
340 2312 422 2343 ludos
440 2315 547 2347 faciunt
569 2321 653 2350 coriis
668 2323 816 2356 censualia.
904 2329 968 2359 Sen.
982 2331 1065 2368 Epist.
1075 2339 1101 2367 8.
1125 2335 1184 2372 Qui
1282 2338 1419 2377 Ambigue
1433 2349 1546 2373 certare.
1567 2345 1658 2376 Tacit.
1674 2358 1698 2383 ς.
1711 2348 1777 2379 Hist.
1795 2360 1836 2381 11.

0 2346 21 2373 lx*
78 2352 112 2373 oc
130 2344 252 2383 faciunt,
273 2359 330 2378 non
347 2353 446 2382 evertit
466 2354 596 2393 fortuna,
614 2358 662 2389 sed
681 2366 837 2394 cernuat&
851 2365 949 2400 allidit.
990 2369 1116 2402 Turneb.
1130 2374 1183 2403 Ad..
1280 2375 1403 2414 AEquore
1416 2385 1538 2418 certare,
1560 2384 1577 2412 i.
1590 2394 1614 2413 e.
1637 2384 1795 2418 Incursu&
1807 2388 1895 2427 spatio
1906 2395 2087 2427 currentium.
2110 2398 2158 2430 Sil.
2174 2400 2223 2432 lib.
2241 2406 2284 2434 16.
2304 2414 2367 2445 377.

0 2362 23 2419 {l
57 2381 122 2411 vers
135 2392 175 2419 17.
188 2394 232 2421 ²3·
256 2386 295 2416 Al.
319 2388 461 2421 Cei-nulat.
503 2393 533 2423 V.
556 2395 641 2426 Voffii
657 2398 721 2428 Lex.
736 2401 893 2442 Etymolog.
1375 2416 1418 2446 Te
1430 2427 1476 2453 ne,
1495 2421 1581 2457 Astur,
1601 2430 1726 2453 certante
1737 2425 1962 2466 feretquisquam
1977 2441 2088 2470 aequore
2098 2438 2221 2474 palmam

0 2442 2 2450 ,
25 2413 90 2448 'can
98 2429 119 2448 N
129 2431 147 2450 u
159 2431 178 2450 u
187 2432 213 2458 s,
235 2425 368 2463 [meme]
389 2430 451 2465 Adj.
474 2430 576 2463 dicitur
586 2437 698 2473 proprie
709 2438 863 2472 Inclinatus
874 2465 881 2478 ,
903 2444 975 2481 quasi
986 2444 1073 2483 Quod
1081 2453 1182 2480 terram
1374 2454 1499 2493 Erepto?
1616 2459 1704 2491 Verba
1712 2462 1776 2493 sunt
1786 2464 1856 2495 iberi
1867 2468 1901 2496 ad
1915 2468 2081 2503 Panchatem
2093 2485 2197 2513 equum
2209 2501 2217 2516 ,
2241 2481 2288 2518 qui
2300 2489 2414 2515 venerat

0 2423 23 2499 ul
54 2465 150 2489 cernat
164 2481 172 2495 ,
193 2463 308 2493 auctore
319 2465 423 2496 Nonio.
446 2468 568 2500 Lucilius
577 2473 632 2503 Sat.
643 2474 691 2504 lib.
709 2485 733 2512 3.
1299 2500 1334 2520 ex
1348 2491 1458 2524 Asturia.

145 2498 271 2530 Cernuus
281 2504 425 2542 extemplo
435 2506 543 2544 plantas
553 2513 689 2542 convestit
695 2514 831 2547 honestas.
915 2519 987 2558 Virg.
995 2531 1037 2552 ιο.
1049 2523 1180 2563 AEn.894.
1279 2529 1387 2560 Animis
1397 2532 1500 2570 iniquis
1510 2556 1518 2569 ‚
1540 2545 1591 2572 pro
1600 2536 1724 2575 Maiigne
1734 2539 1866 2572 diffidere
1877 2544 1902 2573 81
1912 2545 2066 2585 adversari,
2082 2552 2157 2589 apud
2169 2552 2241 2592 Virg.
2256 2567 2298 2588 10.
2311 2559 2373 2590 AEn.
2385 2570 2412 2598 7.

211 2540 401 2578 -ejeftoque
412 2544 553 2576 incumbit
562 2558 681 2580 cernuus
692 2563 779 2583 armo.
839 2555 894 2586 Ubi
903 2557 1014 2590 Servius
1026 2582 1034 2595 ,
1052 2562 1181 2595 Cernuus
1473 2578 1683 2613 —tantumque
1692 2578 1793 2609 animis
1801 2583 1911 2612 certatis
1920 2583 2048 2621 iniquis?
2149 2591 2199 2622 ubi
2215 2594 2325 2634 Jupiter
2343 2599 2412 2629 deos

0 2577 8 2600 η
20 2558 23 2599 l
54 2580 142 2608 equus
152 2573 265 2611 dicitur,
289 2578 345 2615 Qui
354 2581 428 2611 cadit
438 2583 467 2611 in
477 2584 576 2615 faciem
588 2597 594 2616 :
618 2590 691 2625 quasi
705 2592 733 2620 in
742 2602 803 2622 eam
815 2602 924 2632 partem
935 2606 1017 2634 quarn
1028 2602 1178 2633 cernimus.
1297 2605 1458 2644 alloquitur.

0 2616 24 2647 ,ml
55 2609 136 2640 Unde
147 2613 172 2641 6<
183 2612 261 2644 Pueri
271 2625 341 2653 quos
351 2618 380 2647 in
391 2619 466 2650 ludis
477 2623 522 2651 vid

526 2633 606 2655 emus
621 2648 629 2661 ‚
653 2637 684 2657 ea
696 2637 774 2666 parte
786 2641 837 2668 qua
850 2642 968 2664 cernunt
978 2636 1095 2675 stantes,
1117 2640 1182 2670 Cer·
1278 2644 1419 2681 Augendae
1432 2647 1621 2679 dominationi
1640 2658 1747 2683 certare
1759 2676 1767 2691 ‚
1790 2655 1831 2685 Ad
1846 2661 2006 2696 augendam
2023 2663 2256 2700 dominationem.
2279 2671 2370 2704 Tacit.
2382 2685 2409 2706 2.

16 2648 100 3251 kuni
111 2657 263 2682 vocantur:
287 2661 317 2684 ut
326 2657 410 2686 etiam
423 2658 507 2690 Varro
517 2661 547 2690 in
558 2662 631 2694 ludis
640 2665 820 2699 theatralibus
829 2672 923 2701 docet.

49 2693 190 2717 aRNuus
201 2711 209 2722 ,
230 2690 248 2719 i.
264 2701 301 2721 m.
325 2694 514 2728 Calceamenti
525 2709 621 2736 genus.
645 2703 746 2735 Festus.
769 2707 811 2736 De
821 2718 855 2737 eo
867 2709 974 2741 fortasse
984 2719 1080 2744 contra
1091 2724 1180 2754 gram·
1276 2683 1447 2751 Βὲὓέἕεόὲε
1462 2722 1564 2761 aliqua.
1604 2725 1662 2757 Liv.
1677 2737 1702 2764 3.
1719 2737 1764 2765 71.
1776 2740 1817 2768 pr.
1852 2733 1955 2764 Aricini
1975 2743 2059 2775 atque
2077 2741 2208 2773 Ardeates
2225 2746 2261 2776 de
2278 2749 2410 2787 ambiguo

53 2725 218 2756 maticorum
227 2728 392 2762 sententiam
405 2735 512 2766 versum
528 2738 606 2768 illum
616 2740 734 2777 Lucilii,
757 2755 841 2780 quem
856 2747 990 2784 superiori
1000 2750 1066 2782 dic't.
1082 2756 1179 2784 citavi-
1295 2767 1360 2795 agro
1371 2769 1458 2797 quum
1469 2761 1540 2800 saepe
1551 2763 1625 2806 bello
1636 2767 1797 2812 certassent,
1818 2772 2000 2805 multisinvic
2065 2817 2070 2822 .

51 2763 542 2843 'irgpgfiqaucssitzenrlelilcgthegicjxrhnvrgl'l}
556 2777 697 2810 Cernuum
710 2804 718 2817 ,
748 2783 867 2814 Soceum
885 2786 1105 2826 interpretantur
1121 2793 1179 2823 sine
1295 2800 1482 2835 tarepugnis,
1502 2800 1640 2838 calcibus,
1661 2806 1818 2843 unguibUS,
1841 2810 1948 2847 morsu,
1961 2815 2012 2843 &c
2039 2816 2096 2847 Cic.
2115 2829 2139 2854 ς.
2155 2820 2235 2852 Tusc.
2248 2832 2293 2859 77.

49 2846 86 2866 η
94 2848 114 2867 Ν
124 2849 140 2867 υ
151 2844 167 2869 A
176 2850 196 2869 T
207 2852 224 2871 u
234 2853 247 2872 s
256 2866 263 2878 ‚
288 2844 383 2876 Partic.
408 2826 599 2882 inclinatus¹.⁷'
610 2827 698 2886 ggiin.
709 2866 773 2897 cap.
793 2868 835 2896 57.
856 2861 946 2900 Aliqui
966 2870 1061 2896 tamen
1079 2867 1178 2907 legunt
1276 2833 1421 2904 Creiilriiiiiceti
1424 2838 1842 2914 81ζὲ1τ.ςῗῑιᾶιίῗῗέἒὶὲῗ).εἷὲἑὲτοι.
1854 2847 1965 2880 Phorm‘
1977 2861 2023 2883 Μ’

0 2647 8 2680 κ

0 2691 17 2755 l

2002 2786 2047 2806 em
2058 2778 2184 2812 cladibus
2196 2783 2262 2814 feffi.
2297 2788 2343 2818 Sic
2351 2799 2409 2819 cer-

52 2874 193 2908 Curvatus.
215 2882 290 2911 conf.
313 2884 424 2915 Salmas.
442 2888 537 2919 Exere.
1274 2909 1401 2941 Damnis.
1422 2913 1604 2946 Plaut.Truc.
1620 2928 1642 2953 ς.
1656 2925 1699 2954 58.

47 2917 206 2952 κιςΝῠιο,
228 2922 282 2949 are.
305 2932 355 2960 pro
369 2923 479 2955 Cernuo
491 2949 498 2963 ‚
513 2938 567 2959 are.
604 2930 634 2960 V.
657 2932 729 2963 Scal.
742 2934 776 2963 ad
788 2935 912 2975 Festum,
935 2938 1038 2971 Muret.
1058 2944 1085 2973 &
1102 2943 1175 2982 Lips.
1273 2947 1439 2980 Dicacitate.
1462 2952 1521 2982 Cic.
1535 2954 1570 2983 de
1581 2954 1652 2985 Clar.
1666 2959 1746 2988 Orat.
1764 2968 1827 2997 172.
1843 2961 1901 2999 Ego
1910 2966 2027 2996 memini
2037 2966 2071 2998 T.
2083 2968 2202 3001 Tincam
2213 2972 2405 3009 Placentinum

52 2951 85 2981 ad
96 2952 159 2983 Sen.
172 2954 254 2993 Epist.
267 2964 291 2992 8.
315 2960 381 2990 Non
392 2965 490 2994 evertit
501 2965 622 3003 fortuna,
644 2969 690 3000 sed
704 2973 831 3003 cernulat
842 2976 868 3004 ἃ
878 2976 977 3006 allidit·
1000 2979 1175 3012 ALCe'rnuat.
1291 2986 1490 3019 facetissimum
1501 3000 1566 3021 cum
1578 2992 1708 3025 familiari
1718 2997 1811 3028 nostro
1822 2999 1858 3037 Q.
1871 3001 1975 3033 Granio
1982 3014 2113 3042 praecone
2128 3009 2275 3042 dicacitate
2288 3022 2403 3047 certare.

47 2993 213 3023 RRNthus
225 3017 232 3030 ,
255 2997 314 3033 Adj.
337 2999 416 3036 Apul.
430 3012 455 3037 9.
477 3003 546 3034 Met.
564 3007 653 3045 Supra
675 3010 797 3040 mensam
814 3014 946 3045 cernulus
958 3025 1098 3049 corruens.
1133 3021 1177 3051 El·
1274 3023 1366 3055 Dolis.
1389 3027 1437 3056 Sil.
1451 3027 1500 3058 lib.
1517 3040 1541 3064 ς.
1554 3035 1599 3066 96.

51 3029 142 3059 menh.
157 3030 293 3064 Cernuus.
315 3046 377 3074 pag.
389 3048 452 3075 ²35·
484 3041 513 3072 V.
536 3043 648 3075 Salmas.
661 3046 757 3078 Exere.
771 3049 840 3079 Plin.

49 3074 323 3107 RROFERARHJS,
357 3076 385 3105 V.
409 3087 517 3109 οτι-ΒΑ.

1271 3100 1393 3138 Legibus
1404 3102 1458 3133 suis
1466 3112 1571 3135 certare
1582 3107 1670 3141 domi.
1693 3110 1754 3140 Cic.
1765 3121 1791 3147 4.
1804 3112 1881 3144 Verr.
1896 3124 1938 3150 3²-
1961 3117 2048 3150 Siculi
2060 3120 2114 3151 hoc
2123 3122 2186 3158 J'ure
2196 3123 2267 3163 sunt,
2290 3129 2406 3166 utquod

49 3112 84 3147 sa
95 3114 111 3133 o
122 3116 183 3135 trA
197 3130 205 3143 ‚
226 3119 257 3139 ae.
280 3111 298 3140 f.
324 3112 406 3144 Varro
418 3115 454 3145 de
462 3116 490 3146 L.
499 3117 532 3148 1..
545 3130 572 3155 4.
585 3125 611 3155 8.
633 3121 705 3151 Cum
717 3123 808 3154 Coelio
821 3128 980 3163 conjunctae
990 3130 1107 3166 Carinae,
1127 3134 1176 3165 sed

1292 3140 1360 3169 civis
1371 3150 1436 3170 cum
1451 3144 1512 3172 cive
1524 3153 1585 3182 agat
1594 3167 1601 3180 ,
1623 3147 1701 3177 domi
1712 3153 1800 3179 certet
1808 3150 1862 3181 suis
1871 3152 1988 3190 legibus.

48 3147 120 3208 {pter
132 3153 177 3174 eas
188 3156 271 3190 quem
283 3149 380 3194 locum
398 3152 587 3205 Ceroliensem
605 3160 776 3203 appellatum
794 3173 918 3212 apparetz
959 3168 993 3198 Et
1004 3179 1030 3206 p.
1042 3180 1072 3214 P:
1091 3171 1176 3218 Cero-
1271 3175 1442 3208 Maledictis.
1485 3181 1541 3212 Liv.
1556 3194 1578 3216 ς.
1591 3189 1616 3217 8.
1633 3193 1704 3215 extr.
1727 3189 1792 3217 aera
1804 3189 1909 3220 deinde
1920 3193 1948 3221 in
1963 3193 2066 3226 Senatu
2081 3203 2123 3227 res
2134 3199 2189 3236 est,
2211 3208 2407 3240 certatumque

70 3180 136 3210 enfis
146 3192 160 3211 a
171 3183 335 3217 Carinarum
346 3192 441 3223 ‚unua
452 3193 543 3224 dictus
556 3197 680 3227 Carinae:
703 3201 797 3238 postea
806 3204 947 3240 Cenoma,
959 3207 1034 3242 quod
1046 3209 1112 3239 hinc
1122 3221 1174 3241 ori-

0 2769 17 2871 Ι,

0 2879 15 2996 Ι

0 2996 12 3098 Ξ
1273 3061 1359 3098 jocis.
1382 3064 1450 3095 Hor.
1463 3076 1489 3095 2.
1505 3067 1596 3099 Carm.
1616 3079 1657 3099 12.
1672 3077 1715 3105 18.

0 3096 8 3131 l

0 3134 15 3209 i

1291 3215 1363 3244 inter
1376 3217 1500 3256 collegas
1514 3220 1680 3253 maledictis.

61 3674 194 3709 palaestras
204 3679 371 3713 athletarum
385 3686 553 3723 imaginibus
564 3713 572 3726 ,
593 3693 620 3722 ἃ
633 3702 774 3724 ceromata
788 3695 834 3726 sua
845 3706 993 3729 exornant.
1014 3701 1113 3734 Senec.
1131 3706 1168 3735 de
1462 3727 1499 3732 —
1508 3712 1603 3742 officio
1616 3724 1668 3744 nec
1678 3724 1705 3744 te
1718 3718 1833 3748 certasse
1845 3721 1967 3756 priorem

83 3721 136 3743 rev.
149 3714 233 3751 Vitae,
249 3728 310 3758 cap.
325 3731 367 3751 12.
390 3723 425 3761 Q
439 3734 448 3753 1
461 3726 491 3755 in
502 3732 644 3760 ceromate
654 3730 793 3769 spectator
804 3744 956 3772 puerorum
966 3739 1116 3772 rixantium
1127 3743 1168 3773 se-
1343 3748 1490 3779 Poeniteat.
1587 3751 1638 3780 Ubi
1649 3753 1769 3790 Servius,
1789 3755 1833 3785 Ne

1844 3757 1895 3787 tibi
1907 3770 2005 3797 parum
2018 3764 2145 3797 videatur
2155 3768 2247 3806 prima
2258 3771 2395 3804 beneficia

63 3748 117 3780 det.
141 3752 171 3781 V.
196 3754 273 3785 Fabri
285 3759 370 3795 Agon.
387 3770 413 3791 2.
425 3773 448 3797 5.

0 3224 12 3245 »ι
50 3219 94 3246 tur
103 3228 187 3258 caput
197 3222 253 3252 Viae
262 3224 351 3255 sacrae.
374 3228 405 3258 V.
425 3230 543 3262 Nardin.
557 3234 637 3265 Rom.
651 3236 709 3267 Vet.
725 3247 748 3274 3.
763 3249 789 3274 9.
808 3240 932 3272 Turneb.
946 3245 1056 3275 Advers.
1068 3257 1112 3278 20.
1128 3258 1172 3285 35.
1271 3252 1381 3284 Malitia
1389 3264 1495 3287 certare
1502 3263 1598 3288 tecum
1609 3282 1617 3295 ,
1639 3261 1749 3293 miseria
1758 3263 1804 3294 est.
1828 3265 1916 3297 Plane.
1929 3267 1958 3298 in
1972 3269 2040 3301 Pers.
2054 3280 2080 3302 2.
2092 3281 2118 3302 2.
2133 3277 2177 3310 ς6.

0 3246 135 3294 i·“-1·;Ron
146 3268 182 3294 A,
203 3261 264 3291 atis.
287 3273 314 3293 n.
338 3265 485 3304 [κη’ςωμωο]
505 3270 652 3303 dicebatur
661 3274 764 3305 Oleum
780 3286 915 3315 ceratum,
934 3291 990 3318 quo
1000 3283 1111 3315 athletae
1123 3297 1173 3316 un-
1270 3290 1369 3321 Manu.
1396 3293 1482 3325 Valer.
1496 3301 1521 3325 6.
1536 3299 1634 3334 Argon.
1650 3308 1713 3336 314.

0 3298 15 3334 ¹3:
47 3292 181 3330 gebantur
189 3307 255 3328 cum
266 3305 398 3333 certaturi
409 3314 495 3336 erant.
527 3309 591 3339 Hoc
604 3318 672 3342 vero
684 3323 719 3343 ex
734 3314 798 3345 oleo
807 3324 932 3356 terraque
940 3321 1095 3352 constabat:
1119 3334 1173 3355 nec
1269 3328 1360 3359 Mero.
1383 3331 1450 3362 Hor.
1465 3345 1491 3368 4·
1505 3334 1595 3364 Carm.
1612 3347 1634 3365 r.
1651 3347 1693 3374 31.

0 3335 14 3356 n
47 3333 83 3359 eir
91 3335 289 3372 omniquidem
301 3347 370 3371 terra
383 3364 390 3377 ,
413 3343 460 3373 sed
470 3354 504 3375 ex
521 3349 687 3384 quibusdam
704 3352 763 3388 ejus
778 3356 943 3392 generibus,
966 3359 1066 3396 quibus
1088 3363 1171 3392 robu-
1269 3366 1401 3399 Minaciis
1414 3380 1479 3400 cum
1489 3372 1592 3410 aliquo.
1615 3374 1699 3405 Plaut.
1716 3376 1799 3407 Truc.
1819 3388 1842 3414 ς.
1857 3383 1900 3415 56.

0 3367 26 3407 ffl
47 3367 126 3400 stlora
135 3371 195 3403 fieri
205 3385 323 3414 corpora
366 3381 392 3409 ἃ
403 3381 438 3410 ad
449 3382 611 3417 tolerandos
621 3389 700 3419 aestus
709 3397 791 3427 atque
801 3393 908 3431 algores
922 3395 1044 3427 firmiora
1058 3399 1160 3431 arbitra
1268 3405 1400 3436 Multam.
1439 3409 1468 3438 V.
1492 3410 1611 3440 Multam
1626 3413 1735 3449 dicere,
1758 3415 1787 3443 in
1806 3426 1825 3444 r>
1835 3427 1843 3444 r
1853 3426 1904 3447 co.
2003 3459 2009 3466 Ο
2087 3462 2093 3468 .

0 3401 13 3436 l·
67 3414 162 3440 antur:
184 3419 214 3442 ut
225 3420 283 3444 erat
291 3416 383 3446 albida
392 3421 519 3456 quaedam
532 3430 603 3454 terra
613 3429 756 3464 pertenuis
772 3440 807 3460 ex
819 3431 924 3461 Albano
937 3444 1002 3471 agro
1013 3455 1021 3471 ‚
1042 3438 1069 3466 &
1084 3438 1172 3469 rubri-
1267 3442 1435 3476 Muneribus
1445 3469 1453 3481 ,
1475 3447 1654 3479 Contendere
1665 3452 1700 3481 de
1709 3462 1858 3483 munerum
1871 3456 2038 3493 praestantia.
2060 3461 2134 3502 Virg.
2146 3473 2172 3494 2.
2184 3464 2244 3497 Ecl.
2259 3477 2302 3506 57.

0 3457 5 3476 ;
46 3452 94 3481 ca,
115 3453 145 3477 ut
153 3449 273 3482 Baianus
284 3455 385 3491 pulvis,
408 3459 434 3487 ὁὶ
445 3460 491 3495 qui
497 3461 576 3496 juxta
585 3471 711 3494 montem
724 3466 870 3499 Vesuvium
881 3470 1075 3511 colligebatur,
1097 3476 1172 3506 aliae-
1348 3483 1410 3513 Nec
1421 3484 1439 3513 fi
1452 3487 1615 3517 muneribus
1627 3496 1717 3519 certes
1727 3512 1734 3523 ,
1756 3493 1896 3523 concedat
1908 3494 1987 3526 iolas.

0 3478 2 3510 l
46 3491 100 3520 que
109 3484 267 3522 hujusmodi
279 3498 356 3522 terrae
368 3497 535 3534 complures.
557 3500 676 3532 Martial.
689 3503 735 3534 lib.
750 3517 776 3541 4.
793 3516 835 3544 19.
1267 3518 1427 3558 obsequiis.
1449 3523 1548 3554 Claud.
1566 3525 1655 3562 Epigr.
1671 3527 1705 3556 de
1715 3527 1814 3558 Chiam
1837 3531 1872 3574 de
1886 3542 1928 3562 11.
2137 3577 2142 3583 Ι

135 3525 190 3555 Seu
207 3526 317 3559 lentum
336 3541 449 3563 ceroma
469 3537 550 3573 teris,
570 3540 735 3577 tepidumve
757 3545 876 3582 trigona.
972 3548 1041 3579 Plin.
1060 3550 1109 3581 lib.
1122 3559 1168 3588 28.
1267 3557 1376 3589 Officiis
1388 3556 1461 3590 i'nter
1470 3561 1504 3591 se.
1546 3562 1603 3591 Cio.
1616 3570 1639 3606 7.
1655 3564 1728 3593 Fam.
1745 3575 1787 3609 12.
1837 3568 1960 3606 equuum
1977 3573 2017 3602 est
2027 3580 2058 3604 ut
2069 3576 2169 3608 officiis
2179 3587 2318 3614 certemus
2329 3585 2402 3616 inter

45 3564 104 3597 cap.
116 3572 142 3597 4.
164 3564 236 3595 Nam
247 3567 295 3597 illa
310 3579 370 3606 quae
379 3569 442 3601 sunt
457 3582 473 3602 e
487 3583 629 3607 ceromate
641 3581 773 3617 permisto
787 3592 888 3621 coeno,
909 3585 1042 3618 articulos
1059 3595 1169 3622 tantum
1285 3604 1354 3632 nos,
1371 3599 1478 3635 r*quibus
1488 3609 1568 3636 aequo
1580 3610 1674 3645 ²³¹¹.¹¹¹.¹.0
1694 3602 1736 3645 vel
1748 3613 1859 3635 vmcam
1875 3615 1920 3645 te,
1942 3610 1986 3639 vel
2001 3612 2097 3644 vincar
2116 3615 2164 3646 abs
2178 3622 2216 3648 te.
2240 3619 2259 3649 i.
2273 3630 2298 3651 e.
2325 3623 2403 3654 Nita⁶
2428 3640 2430 3642 ·

0 3594 7 3623 l
46 3597 190 3638 molliunt,
203 3603 385 3644 calefaciunt,
404 3611 455 3639 Sto.
498 3612 528 3643 V.
551 3623 572 3643 H
582 3625 601 3644 A
611 3625 626 3644 P
635 3626 655 3645 H
665 3627 688 3646 E.
1082 3660 1083 3663 Ι
1286 3642 1348 3663 mur
1358 3636 1427 3665 alter
1442 3636 1559 3666 alterum
1575 3638 1673 3668 officiis
1681 3646 1803 3672 vincere.

0 3641 13 3673 [v
25 3661 27 3666 ,
69 3641 160 3668 eroma
172 3661 180 3675 ‚
205 3640 296 3672 Locus
307 3644 514 3684 ubipalaestritae
525 3653 709 3690 ungebantur.
750 3657 819 3687 Plin.
835 3658 884 3690 lib.
900 3669 944 3697 35.
959 3670 1020 3700 cap.
1030 3672 1057 3694 2.
1078 3664 1168 3697 iidem
1265 3670 1369 3702 Officio
1379 3675 1501 3711 priorem
1510 3683 1624 3705 certare.
1650 3677 1720 3715 Virg.
1733 3688 1755 3708 ι.
1773 3680 1834 3710 AEn.
1848 3690 1910 3719 532.

0 3716 8 3735 ι

0 3768 4 3777 =
1282 3786 1434 3823 praestitiffe
1444 3809 1453 3821 ‚
1475 3795 1560 3824 quum
1573 3789 1658 3826 poffis
1669 3792 1774 3827 majora
1783 3796 1917 3833 recipere.

0 3782 10 3815 l
65 3788 203 3820 emineum
215 3801 336 3826 ceroma.
375 3798 476 3834 Juven.
489 3805 515 3831 6.
532 3803 586 3834 Sat.
597 3814 661 3842 245.
685 3807 795 3838 Dicitur
807 3816 902 3841 autem
911 3811 1076 3853 femineum,
1087 3819 1165 3856 quod
1262 3823 1376 3853 Pietate.
1396 3824 1495 3854 Claud.
1508 3830 1533 3855 6.
1548 3826 1629 3857 Cons.
1641 3828 1715 3858 Hon.
1729 3839 1774 3865 99.
1864 3872 1869 3878 .
2105 3880 2111 3885 .

0 3830 15 3850 r.
62 3825 88 3854 ἆ
97 3828 227 3859 mulieres
233 3840 267 3860 eo
277 3854 285 3867 ,
306 3833 375 3864 ficut
389 3837 439 3866 viri
453 3861 461 3872 ‚
485 3850 656 3878 ungerentur
670 3846 822 3883 palaestram
831 3849 949 3882 initurae.
1260 3861 1389 3898 Pignore.
1411 3862 1483 3900 virg.
1498 3863 1590 3907 ³·.E⁰¹·
1605 3875 1616 3900 3
1627 3877 1647 3895 ι.
1754 3875 1830 3900 ·--tu
1841 3871 1888 3902 ἀιο
1896 3883 2009 3907 mecum
2018 3886 2074 3915 quo
2082 3889 2200 3918 pignore
2210 3890 2308 3915 certes.

0 3866 15 3890 t·
43 3858 282 3898 Lacedaemonium
291 3880 410 3904 ceroma.
433 3876 554 3908 Martial.
566 3880 614 3910 lib.
632 3893 674 3912 11.
690 3889 736 3919 48.
1261 3899 1365 3937 Sagitta
1378 3899 1472 3929 celeri·
1498 3900 1571 3939 Vlrg-
1587 3913 1610 3937 ς-
1623 3904 1766 3948 AE³²n485·
1873 3948 1877 3953 ,

0 3899 2 3911 ¹
15 3902 21 3905 ’
117 3902 396 3973 ξιιῇεὲεάεειηοῃίο
405 3912 515 3946 luteum.
528 3926 670 3952 ceromate
681 3931 784 3960 corpus
1355 3937 1484 3967 Protinus
1499 3939 1598 3970 AEneas
1609 3941 1694 3971 celeri
1706 3950 1812 3974 certare
1824 3945 1920 3985 sagitta

0 3939 4 3967 l
137 3950 166 3971 er
200 3952 216 3973 n
240 3945 279 3982 it,
297 3948 350 3977 &c-

1354 3974 1456 4005 invitat
1465 3977 1512 4014 qui
1521 3977 1592 4008 forte
1607 3978 1710 4011 velint:
1737 3984 1764 4013 ἃ
1773 3987 1886 4022 praemia
1893 3987 1985 4026 ponit.
2279 4033 2297 4065 S
2334 4035 2343 4064 l

2299 4043 2331 4065 ce
2345 4044 2392 4066 ere
