2600 4177
0 1770 2 1775 ,
44 1744 292 1780 CALAMr'rAs,
315 1745 601 1775 CALAmrrosus.

17 2213 19 2227 l

476 160 504 195 C
599 161 627 194 A
723 161 748 194 L

69 242 205 279 Nepetam
220 240 301 270 etiam
312 247 392 269 vocat
402 240 517 274 Plinius,
531 239 740 274 capra-liban.
756 248 837 275 quani
850 239 1054 275 Galenusnwy.
1068 237 1182 275 Simpli-

71 281 152 311 cium,
164 287 179 307 c
190 288 222 315 ip.
238 289 261 306 2.
277 278 467 307 Calaminthen
481 278 611 315 appellat.
636 277 725 311 Vulgo
738 279 816 304 Herba
827 286 947 307 catarum,
964 278 1066 306 Vffilin.
1082 287 1122 310 19·
1140 287 1179 305 ro.

18 337 19 352 .
36 318 222 348 CALAMNJ,
244 316 306 344 ielis.
327 315 479 350 [tymim]
501 316 655 343 Arundinesi
672 322 784 343 vocatur
801 325 865 343 acus
878 337 885 348 ,
907 315 1058 344 formandis
1077 313 1183 341 cincin-

71 355 113 383 nis
124 359 169 382 aut
179 352 340 381 velamentis
350 359 516 387 comparata,
538 353 616 385 cuius
628 352 716 381 vicem
727 351 845 388 implent
856 353 939 381 modo
950 363 1024 381 aereae
1033 351 1075 380 vel
1087 360 1182 387 argen-

72 390 249 420 teaeaciculaa
285 390 315 419 V.
338 390 401 419 Cael.
414 390 532 425 Rhodig.
548 390 593 418 lib.
611 395 651 422 18.
664 399 723 426 cap.
742 398 782 418 10.
820 389 849 419 V.
873 400 941 418 car.
952 400 969 418 A
981 398 1125 418 MISTER.

37 428 59 460 C
69 439 86 458 A
96 438 136 457 LA
148 439 165 455 Μ
180 438 208 456 is
219 449 225 461 ,
246 427 310 456 idis.
333 437 369 456 m.
393 427 552 463 [κοιλαμιε]
575 428 685 456 Nomen
695 427 813 456 statuarii
825 448 833 462 ,
854 428 901 464 qui
912 437 997 465 equos
1007 425 1146 456 absolutos
1159 425 1184 454 &

71 464 330 504 perfexftoseflinxit.
352 465 434 493 Ovid.
450 476 474 498 4·
493 464 567 493 Poat.
584 475 606 493 1.
622 474 664 499 33.

153 502 286 530 Vendicat
300 511 330 530 ut
346 502 462 531 Calamis
474 501 582 530 laudem
598 512 666 538 quos
682 501 747 530 fecit
766 511 910 538 equorum.

73 539 140 569 Plin.
156 539 201 568 lib.
216 549 258 574 34.
270 549 330 576 cap.
343 545 367 573 8.
392 542 417 569 &
432 540 549 575 Quintil.
567 540 615 568 lib.
631 550 670 568 12.
684 548 744 575 cap.
761 549 802 568 ιο.

38 578 110 609 CAr.
119 586 135 605 A
147 585 206 605 1113
215 587 226 605 s
236 584 253 605 u
262 587 274 606 s
283 599 290 610 ,
313 575 460 614 Oppidum
469 577 497 605 in
509 577 660 606 Locrorum
668 585 733 613 agro
745 598 752 610 ,
774 577 819 613 qui
832 577 1066 614 cognominantur
1078 574 1187 608 Ozolae,

46 650 49 652 ι
80 613 114 644 de
126 624 180 650 quo
193 614 258 643 Plin.
272 614 321 644 lib.
334 626 359 649 4.
377 624 437 652 cap.
452 623 475 650 3.

40 650 235 686 CAtAMrsrsa,
247 652 262 680 i.
277 662 312 681 m.
333 654 358 681 81
373 652 598 684 CALAMlsTRUM‚
614 651 631 680 i.
642 660 670 679 n.
681 651 819 686 [νωλαμὶῃ
833 647 984 684 zemamai]
996 649 1189 679 Calamistrum

73 689 110 718 est
119 698 182 718 acus
193 690 291 724 maior,
303 699 362 726 quae
373 689 502 718 calefacta
517 690 542 719 δι
553 689 635 717 fronti
652 688 774 717 adhibita
786 689 928 725 intorquet
938 688 1063 724 capillos,
1084 689 1121 716 ait
1130 688 1188 716 Ser-

73 727 133 756 vius
142 727 176 755 ad
190 727 497 761 12.}En.100.Varro,de
508 726 645 763 L.L.4.p.3
653 726 1054 762 2,.ed.tert.Sreph.Calamistri,
1064 725 1138 762 quod
1150 724 1191 752 his

74 763 194 793 calfac‘tis
204 765 230 792 in
242 766 334 794 cinere
345 786 353 799 ‚
375 764 492 801 capillus
505 770 625 793 ornatur.
657 763 714 792 Cic.
728 763 787 792 Post
802 764 858 792 red.
873 764 901 791 in
912 764 1003 792 Senat.
1018 773 1059 798 15.
1085 763 1149 792 Non
1163 768 1190 790 te

74 801 147 831 illius
163 811 367 835 unguentorum
380 803 451 830 odor
463 823 470 836 ,
492 812 548 830 non
566 802 622 830 vini
637 801 775 830 anhelitus
786 823 793 834 .
816 811 871 829 non
889 802 963 830 frons
982 800 1125 830 calamistri
1142 809 1192 828 no-

75 845 130 868 tata
143 840 262 876 vestigiis
272 862 279 873 ,
303 841 331 868 in
342 849 401 868 earn
410 840 600 876 cognitionem
611 839 768 867 adducebat
778 839 791 866 Ἴ

76 876 238 906 calamistris
248 879 357 906 inurere
370 899 377 912 ‚
400 887 448 914 per
460 877 659 914 metaphoram.
700 876 756 905 Cic.
770 876 805 904 de
816 875 886 905 Clar.
899 876 974 905 Orat.
988 879 1051 905 262.
1084 874 1124 904 De
1136 874 1194 903 Cae-

93 913 148 943 sare
157 914 291 944 dictatore
304 915 439 952 loquens,
463 916 549 951 Atque
557 915 640 943 etiam
650 914 868 942 commentarios
884 914 1016 950 quosdam
1036 913 1139 950 scripsit
1153 921 1193 940 re·

93 962 153 982 rum
165 951 272 982 suarum
286 975 293 987 ,
317 953 398 982 valde
418 952 548 989 quidem,
570 952 699 988 inquam,
722 951 897 988 probandos:
921 952 990 980 nudi
1013 952 1088 980 enim
1112 950 1192 983 sunt,

93 990 160 1019 recti
171 992 196 1019 ἃ
208 991 313 1019 venusti
326 1012 332 1024 ,
357 991 433 1019 omni
445 996 545 1019 ornatu
556 990 688 1018 orationis
698 1009 706 1023 ,
729 996 858 1025 tanquam
868 989 939 1018 veste
951 1011 958 1022 ,
980 989 1103 1018 detracto
1116 998 1121 1017 :
1147 987 1193 1016 sed

93 1028 160 1057 dum
172 1027 259 1056 voluit
270 1028 338 1057 alios
351 1028 450 1057 habere
461 1033 568 1065 parata,
595 1027 670 1056 unde
682 1026 829 1061 sumerent,
850 1027 895 1064 qui
910 1026 1015 1055 vellent
1028 1025 1143 1055 scribere
1154 1025 1195 1053 hi-

93 1065 219 1094 storiam:
243 1066 344 1102 ineptis
354 1072 459 1103 gratum
471 1065 578 1094 fortasse
588 1065 671 1098 fecit,
698 1064 744 1100 qui
760 1064 859 1093 volent
878 1064 924 1093 illa
934 1064 1091 1093 calamistris
1102 1064 1195 1092 inure—

93 1111 122 1132 re
133 1124 140 1137 ‚
162 1103 239 1131 sanos
257 1105 370 1140 quidem
383 1103 511 1132 homines
528 1113 543 1131 a
553 1102 699 1131 scribendo
711 1102 851 1131 deterruit.
890 1101 1054 1131 Cala-mistris
1067 1102 1192 1130 inurere:

94 1140 193 1170 volunt
204 1140 365 1177 illiquidem
377 1150 511 1170 exornare
523 1162 531 1175 ,
553 1140 600 1169 sed
617 1140 684 1168 dum
704 1146 829 1174 tentant,
853 1148 905 1168 nec
924 1139 1100 1176 assequuntur
1118 1137 1194 1175 quod

94 1178 210 1213 volunt,
232 1179 363 1207 videntur
375 1179 447 1216 quasi
461 1178 617 1207 calamistris
628 1178 737 1206 inurere
749 1199 756 1211 ,
778 1184 809 1206 ut
829 1177 957 1206 mulieres
976 1178 1046 1215 saepe
1058 1199 1065 1211 ,
1088 1177 1154 1205 dum
1168 1175 1194 1204 se

94 1215 193 1246 volunt
208 1226 340 1245 exornare
353 1238 360 1249 ,
386 1215 502 1254 capillos
517 1215 674 1245 calamistris
693 1215 816 1243 inurunt.
858 1215 986 1251 [Inepte.
1025 1214 1104 1244 Nihil
1119 1213 1194 1243 aliud

95 1255 170 1283 enim
179 1252 289 1283 Tullius
301 1254 353 1283 hac
371 1253 516 1283 locutione
535 1253 672 1283 declarare
689 1252 794 1287 voluit,
816 1262 897 1289 quam
918 1252 943 1278 πὶ
959 1249 1093 1288 κακόζηλον
1108 1253 1137 1281 in
1155 1251 1197 1279 su.

95 1293 225 1330 pervacui
239 1298 350 1320 ornatus
367 1291 550 1321 affectatione.
591 1290 744 1327 Quomodo
762 1292 788 1320 &
807 1291 939 1327 Augustus
961 1289 1048 1320 Caesar
1060 1289 1089 1318 id
1111 1297 1197 1327 genus

97 1329 232 1359 affectatae
241 1330 374 1358 orationis
383 1330 539 1366 μυςοξςεχᾶς
571 1329 603 1365 (i.
620 1338 643 1358 e.
668 1335 812 1365 unguento
825 1329 965 1365 madidos)
987 1328 1134 1357 cincinnos
1150 1336 1197 1364 ap—

94 1367 208 1405 pellavit
220 1390 226 1402 ,
248 1367 314 1396 teste
325 1368 400 1396 Suet.
417 1367 465 1396 vit.
479 1376 538 1404 cap.
550 1370 594 1399 86.

77 1404 250 1435 Calamistros
272 1405 420 1439 adhibere,
443 1405 526 1433 etiam
548 1404 619 1433 dixit
636 1403 693 1433 Cic.
707 1404 737 1433 in
749 1404 826 1433 Orat.
838 1409 882 1440 78.
905 1403 1006 1432 eodem
1027 1402 1122 1437 sensu,
1142 1411 1198 1438 quo

97 1442 262 1472 Calamistris
276 1444 392 1472 inurere.
405 1442 617 1478 [Calamistrum
625 1451 652 1470 n.
666 1452 691 1480 g.
706 1442 791 1471 habet
804 1442 957 1472 &Nonius.
978 1451 1019 1477 15.
1035 1450 1080 1477 27.
1103 1440 1150 1477 qui
1161 1440 1199 1468 vi·

98 1480 178 1510 detur
186 1490 250 1510 curn
270 1484 324 1510 Acu
337 1480 430 1509 crinali
439 1480 618 1509 confundere.

951 501 1041 537 Hujus
1058 499 1187 530 meminit

1 1556 3 1559 .
43 1517 299 1553 CALAms‘rRATuffi
320 1519 378 1554 Adj.
390 1520 406 1554 [
417 1513 589 1553 καλαμιᾶὶυπὲς
599 1518 614 1552 ]
624 1517 681 1546 Cic.
694 1517 754 1546 Post
767 1516 824 1545 red.
836 1517 864 1545 in
881 1516 1021 1545 Senat.12.
1032 1516 1087 1545 Cur
1101 1516 1129 1544 in
1142 1514 1200 1544 hel—

77 1556 246 1586 luationibus
256 1557 337 1592 hujus
347 1554 657 1585 calamistratisaltatoris
669 1562 723 1584 tam
737 1555 838 1584 eximia
849 1555 935 1584 virtus
944 1554 1050 1583 tamdiu
1063 1553 1174 1583 cessavit
1186 1553 1200 1582 *ἶ

80 1594 262 1625 calamistrata
272 1604 360 1623 coma.
397 1594 455 1623 Cic.
468 1603 516 1631 pro
526 1593 599 1622 Sext.
615 1598 656 1626 18.
681 1592 755 1622 Alter
773 1593 921 1629 unguentis
934 1592 1066 1627 affluens,
1090 1590 1202 1620 calami-

96 1633 176 1662 strata
185 1642 266 1662 coma
276 1655 283 1667 ,
304 1631 458 1669 despiciens
468 1631 592 1660 conscios
602 1631 758 1668 stuprorum
766 1652 774 1665 ,
795 1640 827 1659 ac
838 1636 943 1659 veteres
952 1636 1095 1660 vexatores
1108 1635 1202 1659 aetatu-

98 1670 131 1700 1ae
142 1670 195 1700 suae
207 1692 215 1706 ,
229 1671 279 1700 810.
302 1670 376 1699 conf.
399 1669 483 1698 Plaut.
497 1669 564 1698 Asin.
583 1678 606 1705 3.
621 1677 645 1704 3.
658 1677 701 1705 37.

214 1708 359 1745 Quisnam,
378 1707 446 1736 istuc
462 1707 589 1736 accredat
600 1706 649 1735 tibi
659 1728 667 1741 ,
690 1705 797 1735 cinaede
805 1705 1007 1734 calamistrate?

643 1744 673 1773 V.
699 1753 717 1773 c
727 1754 745 1772 A
754 1755 770 1771 L
781 1753 799 1771 A
809 1754 830 1772 M
840 1754 857 1772 u
868 1753 888 1772 s.

45 1783 69 1814 C
78 1793 121 1813 Ar.
130 1794 148 1813 A
158 1795 179 1813 M
190 1795 198 1812 1
208 1793 227 1812 T
236 1795 260 1812 ,ιε
271 1806 278 1818 ,
299 1782 487 1819 [adamim]
509 1783 592 1812 Ranae
612 1782 734 1811 minimae
747 1781 809 1810 sunt
821 1803 828 1815 ,
850 1783 876 1811 &
897 1780 1063 1810 viridissimae
1078 1801 1086 1815 ‚
1108 1789 1167 1817 quae
1185 1788 1202 1808 a

81 1821 246 1889 gl'ibustbam
258 1821 385 1859 Diopetae
397 1827 538 1851 vocantur.
577 1820 623 1849 Sic
635 1820 716 1849 dietae
726 1841 733 1855 ‚
756 1820 831 1856 quod
840 1820 911 1850 inter
923 1818 1043 1848 calamos
1051 1817 1199 1848 versentur.

115 1870 151 1889 in.
178 1870 184 1888 1
208 1883 213 1889 .
247 1869 269 1889 1.
285 1869 316 1889 ca
339 1880 344 1886 .
376 1882 382 1888 .

45 1897 95 1927 CA
104 1909 120 1926 1.
130 1907 148 1926 A
157 1869 248 1926 Mi*r3a
258 1907 270 1926 s
283 1919 291 1932 ‚
313 1868 428 1927 Sedima
439 1916 447 1931 ,
478 1905 493 1924 a
515 1895 627 1925 Calamo
651 1904 755 1924 nomen
772 1894 877 1924 habens
887 1916 895 1930 ,
917 1895 993 1932 quod
1014 1893 1108 1932 plures
1122 1891 1202 1922 simul

82 1936 184 1971 junctae
195 1935 378 1964 inveniantur.
404 1933 471 1963 Plin.
484 1934 532 1962 lib.
548 1943 589 1970 37.
605 1943 665 1970 cap.
682 1942 724 1962 10.

46 1972 364 2008 CALAMOCHNUS‚
388 1972 600 2008 [κωλαμρχνες]
631 1971 660 1999 V.
682 1978 851 1999 ADARCA.

44 2009 69 2041 C
77 2021 95 2040 A
104 2022 120 2039 L
131 2021 150 2039 A
159 2022 181 2039 M
189 2020 206 2039 ο
214 2021 236 2046 s,
249 2009 314 2040 Afiae
327 2010 465 2048 oppidum
474 2010 503 2037 in
514 2019 560 2038 ora
569 2009 690 2044 subjecta
698 2008 802 2038 Libano
813 2007 912 2037 monti.
924 2007 993 2037 Plin.
1002 2006 1051 2036 lib.
1062 2015 1201 2050 5.cap.230.

83 2049 117 2078 At
127 2048 155 2077 in
165 2058 213 2078 ora
225 2070 233 2083 ,
255 2049 362 2086 inquit,
390 2048 496 2077 Libano
510 2046 631 2083 subjecta
643 2069 650 2083 ,
672 2047 771 2076 fluvius
785 2046 910 2083 Magoras
923 2056 929 2075 :
952 2045 1066 2082 Berytus
1079 2045 1202 2079 colonia,

83 2096 142 2124 quae
155 2086 231 2115 Felix
241 2086 313 2121 Julia
327 2085 481 2124 appellatur
491 2107 499 2120 ‚
537 2084 658 2114 Leontos
671 2084 818 2122 oppidum,
839 2084 943 2113 flumen
957 2082 1044 2120 Lycos
1055 2105 1063 2118 ‚
1086 2082 1204 2118 Palaeby-

83 2123 153 2159 blos,
168 2124 273 2153 flumen
288 2124 401 2153 Adonis.
425 2123 540 2161 Oppida
549 2122 658 2160 Byblos,
674 2123 781 2159 Botrys,
793 2122 914 2158 Gigarta,
935 2121 1048 2155 Trieris,
1065 2119 1204 2150 Calamos.

0 2190 1 2196 .
16 2194 19 2212 Ι
48 2160 175 2193 CALAM
185 2172 203 2191 υ
213 2172 235 2196 s,
247 2162 264 2191 i.
278 2172 314 2191 m.
329 2159 490 2198 [whoch3
503 2156 596 2196 δῖιαξ]
619 2161 719 2190 Frutex
731 2161 888 2197 aquaticus:
912 2160 958 2196 qui
970 2160 996 2188 &
1006 2158 1118 2188 Arundo
1136 2157 1205 2186 dici-

85 2206 128 2229 tur
140 2210 147 2229 :
170 2200 293 2237 quamvis
304 2199 416 2228 Arundo
432 2199 543 2236 proprie
557 2199 588 2227 sit
610 2208 670 2235 quae
682 2198 792 2227 crafflor
805 2207 837 2226 ac
850 2197 959 2235 longior
970 2196 1007 2225 est
1022 2218 1029 2231 ,
1053 2196 1206 2232 seriturque

59 2258 62 2262 -
84 2237 120 2267 ad
134 2237 211 2267 usum
231 2238 371 2275 praecipue
390 2237 552 2271 vinearum
574 2236 721 2271 Calamus,
741 2235 850 2274 gracilis
866 2257 874 2271 ,
896 2234 1039 2271 tenuisque
1052 2256 1060 2269 ,
1082 2236 1107 2264 &
1129 2233 1206 2262 tibiis

83 2276 141 2305 fere
151 2285 183 2305 ac
192 2275 330 2313 scripturae
340 2280 431 2313 aptus.
472 2274 567 2303 Canna
580 2275 668 2310 major
680 2274 788 2303 calamo
801 2296 809 2308 ‚
831 2273 877 2302 sed
895 2274 987 2302 minor
1005 2272 1159 2301 arundine:
1180 2272 1206 2300 &

86 2313 193 2350 semper
201 2313 258 2342 fere
269 2313 314 2342 sua
323 2313 420 2350 sponte
428 2313 606 2350 proveniens.
648 2311 715 2341 Plin.
727 2311 776 2340 lib.
785 2315 830 2340 ‘16.
842 2321 902 2349 cap.
916 2314 957 2347 36.
981 2310 1151 2339 Nostratibus
1162 2318 1206 2338 ca-

85 2351 164 2381 lamis
177 2351 315 2389 fungosior
325 2350 415 2380 subest
431 2358 545 2385 natura,
568 2349 728 2387 cartilagine
739 2348 850 2383 bibula,
873 2359 932 2386 quae
949 2358 1016 2377 cavo
1037 2357 1153 2385 corpore
1166 2347 1209 2375 in-

86 2396 139 2424 tus,
152 2389 269 2427 superne
279 2390 357 2418 tenui
375 2388 502 2418 inarescit
518 2388 612 2425 ligno:
634 2387 720 2417 fiffilis
735 2409 743 2423 ‚
763 2394 901 2425 praeacuta
918 2386 1023 2424 semper
1034 2387 1093 2415 acie
1104 2407 1111 2420 ,
1133 2385 1208 2421 geni-

85 2427 183 2457 culata.
225 2427 323 2456 Cetero
344 2425 480 2464 gracilitas
491 2427 573 2455 nodis
584 2425 729 2460 distincta.
749 2425 804 2455 levi
815 2425 919 2462 fastigio
935 2430 1062 2453 tenuatur
1081 2424 1110 2452 in
1128 2431 1209 2451 cacu-

85 2465 160 2494 mina
170 2487 178 2500 ‚
200 2465 326 2494 crassiore
337 2464 493 2503 pannicula:
504 2472 584 2493 coma
595 2486 604 2499 ,
625 2473 716 2501 neque
725 2464 777 2492 hac
787 2463 954 2500 supervacua
965 2484 974 2496 ,
991 2464 1043 2492 &c.
1085 2460 1206 2490 Calamis

87 2503 209 2533 Orientis
218 2503 315 2541 populi
327 2502 399 2532 bella
415 2502 576 2532 conficiunt.
614 2501 693 2531 Plura
705 2501 809 2530 ibidem
822 2501 857 2529 de
869 2501 987 2530 Calamis
998 2522 1006 2535 ‚
1027 2505 1088 2529 toto
1105 2499 1204 2535 capite.

85 2540 217 2573 Fabulam
230 2541 335 2570 Calami
347 2563 355 2576 ,
377 2540 511 2570 Maeandri
522 2539 614 2574 fluvii,
635 2539 703 2575 filii,
730 2540 817 2577 quiin
827 2537 1003 2568 arundinales
1014 2539 1067 2568 sive
1076 2536 1208 2576 palustres

106 2578 226 2608 calamos
235 2579 325 2608 versus
337 2600 345 2614 ,
366 2579 476 2608 Servius
487 2578 569 2607 refert
579 2578 614 2607 ad
628 2578 699 2616 Virg.
712 2588 735 2613 5.
752 2577 810 2606 Ecl.
822 2582 868 2613 ⁴8·

87 2615 206 2654 Fragiles
213 2617 321 2646 calami.
345 2616 415 2654 Virg.
431 2627 452 2646 1.
475 2615 574 2653 Georg.
585 2620 629 2652 76.

88 2653 190 2684 Lentus
202 2655 230 2683 in
242 2654 394 2692 frangendo
407 2654 538 2683 calamus.
578 2653 611 2683 ln
638 2663 677 2682 LE
686 2660 708 2682 N
718 2662 738 2681 T
747 2662 794 2683 us.

87 2692 225 2723 Palustres.
249 2692 333 2722 Ovid.
349 2701 372 2722 1.
389 2692 460 2722 Met.
475 2695 538 2729 706.

89 2730 173 2760 Sibila
184 2729 361 2759 calamorum.
387 2730 496 2760 Lucret.
511 2729 559 2758 lib.
573 2738 597 2764 ς.
614 2734 694 2766 138¹-

90 2767 217 2798 Calamus
229 2778 332 2797 avenae.
368 2767 435 2797 Plin.
448 2768 494 2797 lib.
507 2771 532 2796 6.
549 2777 609 2804 cap.
623 2777 664 2802 30.
694 2766 755 2796 Pars
765 2766 849 2796 etiam
858 2774 905 2795 ore
918 2770 1050 2794 concreto
1060 2765 1086 2795 δε
1098 2760 1210 2794 naribus

108 2816 202 2836 carens
211 2828 219 2841 ,
240 2816 297 2835 uno
307 2812 418 2835 tantum
428 2806 564 2835 foramine
573 2805 672 2842 spirat,
694 2810 848 2843 potumque
861 2804 976 2834 calamis
991 2813 1086 2832 avenae
1097 2802 1189 2831 trahit.

89 2843 215 2911 Callamus
227 2853 320 2910 ‚Fplro
340 2843 439 2873 Fistula
455 2853 537 2881 quam
558 2843 679 2881 pastores
697 2852 733 2872 ex
755 2841 869 2872 calamis
890 2850 1060 2879 componere
1074 2840 1208 2870 solebant.

133 2891 155 2910 11
176 2905 181 2910 .
199 2892 222 2917 ς.
255 2891 279 2911 .c
293 2905 298 2910 .
311 2890 337 2910 2.

157 2892 212 2949 gTu
223 2919 343 2949 calamos
353 2917 449 2948 inflare
458 2917 533 2948 leves
541 2941 549 2954 ‚
571 2927 622 2955 ego
634 2918 727 2947 dicere
737 2917 836 2947 versus.
911 2917 970 2946 Alio
980 2916 1044 2945 loco
1055 2938 1063 2952 ‚
1079 2915 1210 2946 Tenuem

108 2966 224 2987 avenam
238 2957 440 2987 &arundinem
451 2963 540 2987 vocat.
581 2956 612 2986 V.
635 2966 687 2986 trs
698 2966 806 2986 TuLA.
828 2955 904 2985 conf.
926 2954 1047 2984 Barthol.
1067 2955 1102 2984 de
1120 2954 1211 2984 Tibiis

109 3002 163 3025 vet.
175 2995 192 3024 1.
208 3005 230 3024 1.
244 3005 267 3024 c.
281 3006 307 3031 4.
320 2995 374 3024 &t
388 3003 409 3028 ³.
423 3003 447 3024 c.
460 2998 486 3024 6.

90 3033 183 3070 Arguti
193 3032 300 3062 calami.
327 3032 375 3062 Sil.
388 3031 437 3061 lib.
450 3042 490 3068 13.

91 3070 211 3100 Curvum
221 3070 357 3100 calamum
367 3069 485 3108 legimus
494 3070 570 3108 apud
582 3068 669 3100 Catul.
680 3073 724 3099 61.
736 3077 781 3098 22.
811 3067 843 3098 Is.
856 3067 927 3097 Voss‘.
940 3067 976 3097 de
991 3066 1109 3096 Codone
1122 3065 1212 3105 expli-

109 3114 154 3138 cat
163 3108 271 3138 calamo
282 3108 373 3137 affixo.

91 3145 216 3184 Dispares
224 3146 323 3175 calami
331 3155 401 3175 cerae
409 3147 575 3184 compagine
586 3145 691 3175 interse
701 3144 802 3181 juncti.
826 3143 908 3174 Ovid.
923 3153 945 3172 1.
962 3142 1031 3172 Met.
1042 3151 1073 3179 71
1083 3152 1106 3172 1.

91 3184 207 3214 Hiantes
217 3184 338 3214 calamos
351 3183 428 3213 labro
439 3193 608 3221 percurrere.
631 3183 739 3213 Lucret.
755 3182 805 3211 lib.
818 3193 843 3217 4.
860 3190 921 3216 59²·

92 3221 193 3260 Impari
205 3228 296 3251 tauros
307 3222 413 3251 calamo
423 3223 536 3251 vocavit
555 3222 618 3251 Sen.
635 3220 750 3259 Hippol.
767 3229 789 3256 3.
804 3220 839 3248 de
850 3218 978 3256 Apolline
987 3218 1100 3255 pastore.
1123 3217 1214 3256 Impa-

112 3261 133 3289 ri
145 3260 251 3289 calamo
265 3282 273 3293 ‚
297 3259 452 3297 imparibus
463 3259 576 3289 calamis
587 3282 595 3295 ,
616 3259 642 3288 h.
663 3269 688 3288 e.
711 3258 815 3295 Dispari
826 3256 1002 3293 longitudine
1013 3257 1174 3294 compactis.

93 3296 270 3335 AEquiparare
279 3296 390 3327 calamis
400 3297 530 3334 aliquem.
543 3299 588 3326 i.e.
599 3296 749 3326 Fistulandi
758 3303 814 3325 arte
825 3303 920 3333 parem
931 3293 1212 3331 effe.Virg.5.Ecl.48.

94 3335 269 3373 Conjungere
279 3345 339 3364 cera
347 3335 476 3365 calamos.
499 3335 569 3372 Virg.
581 3345 606 3365 2.
619 3334 675 3364 Ecl.
687 3343 732 3370 32.

96 3372 198 3403 Terere
210 3373 315 3403 calamo
326 3372 467 3402 labellum.
490 3372 562 3410 Virg.
573 3383 598 3402 2.
613 3373 672 3402 Ecl.
686 3381 728 3406 34.

174 3412 234 3441 Nec
251 3418 279 3440 te
292 3411 427 3448 poeniteat
437 3410 543 3440 calamo
562 3410 662 3440 trivisse
672 3408 813 3439 labellum.

95 3448 223 3479 Calamus
232 3471 240 3484 ⁷
261 3449 450 3487 metaphorice
463 3458 514 3486 pro
523 3448 591 3477 Stilo
602 3449 724 3486 poetico.
747 3447 820 3483 Virg.
836 3454 858 3474 1.
870 3443 929 3474 Eel.
944 3452 988 3473 ιο.

174 3486 283 3516 laudere
295 3496 355 3523 quae
365 3486 465 3516 vellem
475 3486 582 3515 calamo
597 3486 718 3524 permisit
729 3484 833 3521 agresti.
911 3481 943 3511 V.
965 3482 1040 3510 Serv.
1057 3481 1091 3510 ad
1107 3479 1211 3512 locum.

97 3522 223 3554 Calamus
232 3547 239 3560 .,
262 3525 341 3561 Virga
351 3525 386 3554 ad
395 3525 577 3562 decipiendas
585 3534 648 3554 aves
658 3523 731 3553 visco
743 3521 814 3551 illini
823 3520 918 3556 solita,
939 3529 999 3557 quae
1011 3520 1038 3549 &
1048 3519 1160 3549 Arundo
1173 3520 1215 3549 di.

115 3563 158 3592 &a
168 3563 213 3591 est.
237 3562 356 3591 Martial.
368 3562 416 3591 lib.
430 3571 471 3597 13.
485 3566 529 3595 68.

174 3599 291 3629 Galbula
302 3600 440 3637 decipitur
448 3599 559 3629 calamis
567 3621 575 3634 ,
597 3600 623 3628 ἃ
633 3598 736 3629 retibus
750 3597 817 3627 ales.

96 3634 243 3667 Volucrem
253 3637 358 3667 calamo
368 3638 453 3675 sequi.
475 3638 523 3666 Sit.
536 3636 583 3665 lib.
596 3646 621 3673 7.
650 3637 691 3666 De
701 3636 808 3665 calamo
822 3633 933 3663 viscato-

97 3673 238 3709 Calamus,
259 3676 389 3704 Sur-culus
404 3676 450 3712 qui
460 3685 537 3705 ramo
549 3674 689 3704 inseritur:
712 3673 823 3703 Teffera
838 3672 923 3701 etiam
941 3669 1054 3699 dicitur.
1076 3668 1145 3699 Plin.
1162 3669 1212 3700 lib.

117 3721 232 3756 17.·cap.
246 3723 287 3748 ¹4·
309 3714 394 3750 Quod
411 3713 428 3742 si
445 3713 556 3756 longius
567 3712 716 3742 afferantur
727 3718 877 3750 pomorum
890 3707 1006 3744 calami,
1027 3717 1096 3746 rapo
1114 3708 1214 3738 infixos

94 3757 222 3823 c‘ii'ffif
232 3751 712 3826 {3²530i2‘13st0535351‘ss'3‘5?fatti...
737 3785 821 3816 ovid.
832 3790 857 3819 8.
869 3783 938 3814 Met.
954 3792 998 3821 30.

189 3826 325 3863 Impositis
333 3826 445 3856 calamis
455 3826 565 3863 patulos
580 3826 732 3855 sinuaverat
744 3833 832 3853 arcus.

113 3863 159 3893 Sic
167 3864 288 3892 Arundo.
313 3864 442 3894 Moschus
454 3866 482 3893 in
494 3865 592 3893 Amore
605 3864 732 3901 fugitivo.
755 3862 798 3896 (v,
813 3860 880 3895 21.)

174 3902 217 3927 Tui
230 3900 308 3937 magui
319 3903 431 3935 κάλαμρι
442 3924 450 3937 ,
462 3903 507 3929 τοῖς
520 3903 621 3928 manaim
636 3903 697 3937 κημὲ
707 3899 831 3934 mageima,
853 3897 888 3926 H.
901 3897 940 3926 St.

97 3937 225 3967 Calamus
237 3960 245 3971 ,
268 3948 282 3967 a
294 3939 455 3975 quibusdam
467 3940 551 3968 etiam
561 3940 695 3977 accipitur
704 3948 754 3975 pro
767 3935 877 3965 Monili.
900 3930 999 3964 Pollux
1010 3940 1084 3964 certe
1096 3933 1218 3963 Calami-

116 3976 164 4005 des
174 3975 315 4005 aCalamis
325 3977 429 4013 separat
437 3977 484 4007 lib.
499 3988 522 4011 ς.
540 3986 600 4014 cap.
614 3980 655 4005 16.
675 3976 723 4005 ubi
736 3973 902 4004 Gualrherus
917 3972 992 4009 prius
1007 3973 1090 4002 vertit
1102 3973 1190 4002 Acum
1203 3992 1212 4007 ‚

115 4012 231 4081 altpgum
241 4013 440 4081 palamisttum.
486 4013 603 4045 Caelium
623 4014 654 4045 V.
671 4014 752 4052 supra
770 4013 799 4042 in
821 4021 838 4041 c
847 4021 867 4041 A
874 4021 891 4040 L
900 4020 920 4040 A
927 4018 997 4042 >418-

195 4061 221 4082 1..
255 4073 263 4081 .

1246 1059 1525 1094 CALAMARms,
1547 1070 1579 1095 a,

1748 157 1776 190 C
1879 157 1901 191 Α
2000 159 2027 193 L
2325 172 2392 207 395

1275 236 1402 266 Calamus
1414 259 1420 269 .
1443 246 1493 274 pro
1507 236 1691 266 instrumento
1710 247 1765 274 quo
1779 238 1922 267 scribimus
1934 260 1940 272 ,
1963 239 2036 275 quo).
2058 250 2092 268 ez<
2109 240 2275 271 arundinum
2296 244 2395 273 culmis

1295 275 1352 303 fieri
1366 274 1476 303 (olebat.
1505 275 1619 304 Marini.
1633 275 1679 304 lib.
1694 285 1717 312 7.
1738 285 1777 304 10.

1369 313 1451 350 Copia
1465 322 1507 340 me
1520 313 1626 341 calamo
1643 335 1649 347 ,
1673 323 1811 349 manuque
1825 313 1912 342 nostra

1368 349 1521 378 Emendare
1543 360 1638 382 meos.
1662 351 1787 385 Pudens,
1811 351 1927 379 libellos.
1969 350 2026 379 Cic.
2041 353 2066 379 6.
2091 351 2179 385 Ares.
2210 353 2304 389 Quum
2325 354 2397 383 insti-

1296 387 1403 415 tuillem
1413 388 1446 415 ad
1461 394 1487 415 te
1503 387 1618 416 scribere
1631 410 1637 419 ,
1660 388 1851 425 calamumque
1864 387 2026 424 liiinplilleni
2039 410 2045 421 ,
2067 390 2117 417 &cz

1277 423 1578 460 Calamusscriptorius.
1602 425 1669 453 Cels.
1683 426 1728 454 lib.
1744 437 1764 454 c.
1779 436 1838 463 cap.
1854 431 1897 456 28-
1928 426 1966 453 De
1978 426 2081 455 iiiii-lis.
2095 429 2119 454 ἐξ·
2131 436 2222 454 earum
2238 428 2394 463 {usserii-ms.

1278 461 1365 490 Rudis
1376 461 1499 490 calamus
1512 461 1680 498 scriptorius.
1703 464 1771 492 Cels.
1782 464 1829 492 lib.
1841 473 1864 500 7.
1876 473 1936 500 cap.
1952 473 1994 492 11.
2017 468 2052 492 tic
2064 464 2169 492 Utcuxz.
2201 465 2229 493 ln
2243 467 2399 495 cine-..latis

1297 499 1380 527 codd.
1404 498 1624 534 humanit-gitur.

1277 535 1440 565 Transverso
1453 536 1560 563 calamo
1574 537 1680 571 iignum
1689 537 1811 567 allinere.
1852 537 1917 567 Hor.
1931 538 1959 566 in
1974 538 2035 566 Arte
2045 537 2119 567 Poct.
2134 542 2198 573 446.
2218 538 2398 575 Transverso,

1299 574 1316 601 i.
1331 583 1354 601 e.
1377 573 1406 601 ln
1418 573 1560 608 obliquum
1572 574 1665 602 ducto.

1279 610 1424 639 Culamum
1437 611 1581 643 intingere.
1612 611 1642 639 V.
1668 620 1779 640 rN'rrrxi
1792 623 1808 641 α
1819 623 1844 641 0.

1280 647 1406 676 Calamus
1416 647 1580 684 phragmires
1602 646 1753 683 [mimicam
1771 650 1938 685 oefflyfu‘vnc]
1960 650 2031 679 inter·
2049 649 2180 686 simplicia
2194 651 2398 681 medicamenta

1300 691 1459 728 numeratur
1472 695 1485 713 a
1496 685 1612 719 Caleno,
1636 686 1890 724 abstergentmnqiie
1903 687 2019 725 pollitiet
2032 689 2190 717 facultatem
2201 699 2255 718 non
2270 700 2399 727 paucam,

1299 732 1470 758 minimeque
1481 732 1579 750 acrem.
1623 723 1709 757 Hujus
1727 724 1793 754 folia
1811 726 1907 753 viridia
1927 726 2068 755 moderate
2085 727 2282 760 perfugerant:
2304 735 2400 756 cortex

1299 769 1364 788 vero
1380 759 1555 802 combullus,
1577 760 1726 796 digerentis
1740 762 1874 791 facultatis
1896 763 2031 798 eilicitur,
2053 765 2214 795 adiunctum
2231 766 2334 793 hah-:vs
2357 766 2404 793 aa·

1300 797 1454 826 stersorrum
1463 797 1612 833 quiddam,
1636 804 1665 825 ut
1681 799 1807 834 exiccet,
1830 801 1854 829 S.-
1869 800 2037 830 excalfziciut.
2079 801 2157 831 Plura
2175 802 2237 830 vide
2254 804 2328 840 apud
2349 806 2400 832 (ia-

1300 834 1410 863 len.lib.
1422 844 1447 869 7.
1469 833 1593 871 Simplic.
1608 844 1668 871 cap.
1685 844 1709 870 3.

1281 872 1409 902 Calamus
1422 872 1552 915 odoratus
1562 894 1569 905 ‚
1590 872 1744 907 [tami-⁶&
1757 871 1896 908 pcvgexlaawsse
1910 873 2088 910 Dioscoridi]
2111 877 2243 905 Arundini
2257 876 2350 907 similis
2361 879 2399 908 cst

1301 909 1426 947 aspectu,
1449 909 1544 951 multis
1554 909 1832 952 geniculatusnodis,
1854 912 1928 941 casiae
1941 911 2051 950 sapore,
2069 916 2141 943 tactu
2151 915 2257 949 mollis,
2280 918 2400 953 &quum

1301 948 1437 984 frangitur
1449 969 1456 981 ,
1479 947 1583 976 scillilis
1595 968 1602 981 ,
1625 954 1698 975 lntus
1711 948 1854 983 arenosus,
1877 949 1969 979 locum
1987 951 2015 978 in
2037 961 2092 987 quo
2110 951 2227 980 nascitur
2247 953 2401 982 liiuvillimo

1302 984 1413 1022 replens
1429 985 1524 1013 odore.
1547 985 1675 1027 Provenit
1688 986 1715 1013 in
1736 985 1847 1019 Arabia,
1874 987 1953 1016 lndia
1965 1010 1971 1020 .
1995 989 2019 1016 ἃ
2035 988 2062 1016 111
2079 989 2153 1025 Syria
2170 990 2246 1023 juxta
2266 992 2403 1021 Libanum

1303 1030 1439 1052 montem.
1473 1022 1501 1051 V.
1524 1021 1591 1051 Ptin.
1606 1022 1653 1051 lib.
1669 1032 1710 1052 12.
1731 1032 1790 1059 cap.
1807 1033 1849 1052 22.
1874 1024 1902 1053 In
1914 1025 2032 1054 officinis
2042 1026 2259 1062 appellationem
2272 1031 2381 1059 retinet.

1286 1099 1292 1104 ¹
1451 1099 1456 1103 .
1606 1070 1662 1103 um.
1684 1067 1729 1094 ut,
1759 1060 1861 1090 Thecae
1876 1062 2040 1104 calamariae.
2062 1064 2136 1093 Suet.
2160 1065 2258 1094 Claud.
2275 1076 2335 1105 cap.
2358 1077 2402 1104 35.

1285 1108 1303 1127 1.
1323 1108 1347 1127 e.
1372 1098 1401 1127 ln
1411 1098 1510 1134 quibus
1521 1097 1618 1127 calami
1629 1097 1768 1126 servantur
1784 1099 1819 1127 ad
1835 1098 2017 1129 scrlbendum.

1287 1135 1471 1165 Calamarium
1486 1134 1610 1164 absolute
1621 1136 1849 1165 Atramentarium
1862 1159 1869 1171 ,
1892 1138 1920 1165 in
1935 1148 1990 1173 quo
2001 1137 2115 1174 tingitur
2127 1138 2257 1169 calamus.

1247 1174 1270 1203 C
1282 1184 1300 1202 A
1311 1185 1326 1202 L
1338 1184 1355 1202 A
1366 1184 1385 1202 Μ
1394 1175 1406 1202 ἶ
1416 1183 1433 1201 Τ
1446 1183 1463 1202 A
1473 1183 1484 1202 s
1495 1195 1502 1208 ,
1523 1174 1583 1202 atis.
1606 1170 1743 1209 [συμφορθὶ
1752 1196 1760 1208 ,
1779 1174 1842 1206 λύμη
1854 1196 1861 1209 ,
1883 1175 1965 1210 ὀιζύς]
1987 1175 2178 1205 Calamitatem
2190 1179 2301 1214 proprie
2312 1180 2404 1210 rustici

1284 1211 1449 1248 grandinem
1465 1211 1579 1245 dicunt,
1601 1211 1676 1248 quod
1689 1211 1861 1241 comminuat
1869 1212 2006 1242 calamum
2018 1236 2025 1248 ,
2047 1213 2101 1241 hoc
2109 1214 2146 1242 est
2154 1215 2276 1244 culmum
2289 1226 2320 1245 ac
2331 1217 2407 1253 sege.

1283 1257 1350 1279 tem.
1377 1249 1476 1278 Donat.
1492 1249 1527 1278 ad
1541 1248 1611 1278 illud
1634 1248 1698 1278 Ter.
1717 1249 1786 1278 Eun.
1808 1259 1830 1279 1.
1850 1260 1872 1279 1.
1893 1259 1936 1285 34.
1972 1251 2031 1289 Ipsa
2047 1252 2204 1289 egreditur,
2226 1254 2308 1282 nostri
2324 1254 2408 1284 fundi

1285 1287 1435 1317 calamitas.
1458 1286 1570 1324 Proprie
1583 1286 1667 1316 Plaut.
1680 1286 1767 1316 Calin.
1785 1297 1808 1322 5.
1821 1296 1846 1316 2.
1863 1297 1905 1323 34.

1368 1324 1492 1354 Profecto
1505 1324 1597 1354 hercle
1609 1334 1665 1353 non
1675 1324 1727 1353 fuit
1739 1325 1886 1362 quicquam
1895 1324 2002 1354 olerum
2015 1335 2021 1354 ε

1367 1362 1423 1391 Nisi
1436 1363 1568 1400 quicquid
1580 1368 1637 1392 erat
1647 1384 1654 1396 ,
1671 1362 1811 1392 calamitas
1824 1362 1949 1400 profecto
1959 1364 2086 1400 attigerat
2094 1372 2246 1400 nunquam.
2306 1365 2406 1397 Trans-

1286 1400 1341 1429 late
1361 1399 1417 1429 Cic.
1431 1410 1453 1436 3.
1473 1400 1544 1429 Verr.
1556 1411 1601 1436 44.
1625 1400 1799 1437 Qlacunque
1814 1401 1866 1429 iter
1876 1400 1942 1429 fecit
1954 1422 1962 1435 ,
1983 1400 2118 1437 ejusmodi
2132 1401 2184 1431 fuit
2195 1425 2203 1436 ,
2225 1413 2281 1431 non
2293 1412 2323 1433 ut
2336 1405 2406 1440 lega.

1286 1445 1331 1468 tus
1341 1438 1588 1476 pop.R0mani,sed
1602 1444 1632 1467 ut
1639 1439 1765 1474 quaedam
1775 1438 1917 1467 calamitas
1926 1440 2075 1476 pervadere
2088 1440 2305 1470 videreturNon
2316 1441 2408 1479 potuit

1286 1476 1385 1505 Cicero
1396 1475 1681 1513 lignificanriusVerris
1692 1476 1814 1505 Praetoris
1825 1477 1897 1505 furta
1907 1486 1939 1505 ac
1951 1478 2059 1514 rapinas
2074 1479 2098 1506 Sc
2114 1477 2226 1510 iniurias
2242 1481 2406 1516 exprimere.

1286 1513 1435 1543 Calamitas
1456 1514 1600 1543 dicebatur
1619 1514 1704 1543 etiam
1719 1514 1748 1542 in
1765 1513 1879 1543 scenicis
1897 1513 1969 1543 ludis
1981 1536 1989 1549 ‚
2023 1515 2119 1551 Quum
2139 1514 2232 1546 fabula
2247 1518 2406 1554 exigebatur

1307 1552 1334 1581 ἃ
1344 1551 1557 1588 explodebatur.
1579 1551 1644 1581 Ter.
1656 1553 1685 1580 in
1700 1551 1770 1589 prol.
1781 1552 1850 1581 Hec.
1864 1561 1906 1588 30.

1381 1590 1517 1626 Hecyram
1528 1590 1561 1618 ad
1578 1599 1626 1619 vos
1640 1589 1742 1623 refero,
1764 1600 1845 1626 quam
1857 1589 1927 1618 mihi
1943 1599 1992 1627 per
2013 1589 2150 1619 silentium

1380 1627 1532 1664 Nunquam
1543 1636 1623 1664 agere
1634 1627 1742 1656 licitum
1753 1628 1790 1656 est
1803 1638 1809 1656 :
1831 1628 1869 1656 ita
1878 1637 1939 1656 eam
1948 1628 2083 1665 oppreffit
2093 1628 2241 1659 calamitas.

1383 1665 1449 1694 Eam
1460 1665 1645 1694 calamitatem
1658 1666 1742 1694 vestra
1754 1665 1938 1701 intelligentia

1384 1703 1506 1732 Sedabit.
1591 1705 1610 1732 A
1626 1702 1726 1732 Graecis
1739 1704 1854 1736 πἸαῗσμφ
1867 1703 1976 1732 dicitur.
2001 1703 2125 1733 Budaeus.

1289 1739 1437 1770 Calamitas
1449 1763 1456 1775 ‚
1480 1739 1592 1770 Miseria
1612 1742 1637 1770 &
1651 1750 1781 1769 aerumna.
1823 1741 1888 1770 Caes.
1902 1747 1926 1775 8.
1946 1740 2013 1770 Bell.
2030 1741 2099 1770 Gall.
2113 1751 2154 1776 19.
2188 1741 2283 1778 Quum
2298 1743 2411 1774 interint

1311 1778 1386 1807 nulla
1405 1778 1561 1808 calamitate
1578 1779 1665 1807 victus
1685 1778 1803 1807 Correus
1815 1800 1822 1812 ,
1853 1779 1990 1808 excedere
2009 1779 2122 1815 praelio,
2144 1779 2275 1817 silvasque
2293 1790 2388 1819 petere
2401 1804 2409 1818 ‚

1309 1822 1357 1845 aut
1370 1816 1549 1845 invitantibus
1561 1817 1658 1845 nostris
1668 1836 1675 1846 ‚
1696 1817 1731 1845 ad
1742 1817 1916 1845 deditionem
1926 1817 2017 1854 potuit
2027 1817 2139 1847 adduci.

1289 1854 1437 1884 Calamitas
1450 1855 1477 1883 in
1489 1864 1590 1883 amore.
1613 1854 1678 1883 Ter.
1692 1854 1791 1883 Heaut.
1804 1864 1829 1882 2.
1839 1866 1864 1889 4.
1880 1864 1921 1889 15.

1290 1891 1351 1922 Ictu
1363 1892 1456 1929 aliquo
1467 1892 1629 1922 calamitatis
1639 1891 1715 1929 pulsa
1728 1891 1796 1921 fides
1805 1892 1842 1921 de
1851 1892 1920 1921 foro.
1954 1891 1986 1921 V.
2009 1902 2018 1920 1
2029 1901 2048 1922 c
2056 1902 2082 1921 o.

1293 1931 1464 1959 Atrocillima
1479 1929 1627 1959 calamitas.
1651 1930 1753 1959 Patere.
1766 1929 1846 1959 lib.2.
1868 1940 1927 1965 ¹¹9·
1943 1940 1966 1959 1.

1292 1967 1458 1997 Communis
1472 1967 1620 1997 calamitas.
1662 1968 1694 1997 ln
1715 1977 1732 1997 c
1741 1977 1786 1996 om
1797 1978 1816 1996 M
1827 1976 1845 1996 u
1854 1977 1873 1996 N
1885 1977 1922 1997 rs.

1292 2004 1408 2042 Insignis
1429 2005 1572 2034 calamitas
1592 2006 1703 2035 accidit.
1726 2005 1824 2035 Paulus
1838 2005 1895 2034 inl.
1917 2005 1934 2034 si
1953 2005 1986 2034 ab
2002 2005 2113 2035 arbitro.
2132 2004 2167 2035 D.
2180 2003 2237 2043 Qui
2249 2005 2337 2037 satisd.
2351 2017 2413 2047 cog.

1294 2043 1388 2072 Abeise
1401 2044 1583 2073 calamitatem
1595 2043 1628 2073 ab
1638 2043 1739 2080 aliquo.
1761 2043 1820 2072 Cic.
1838 2053 1861 2072 1.
1880 2042 1915 2080 Q.
1929 2043 1988 2074 frat.
2005 2053 2029 2074 1.

1294 2082 1428 2111 Accidere
1437 2081 1630 2111 calamitatem.
1654 2081 1713 2111 Cic.
1724 2090 1750 2118 7.
1766 2081 1840 2112 Verr.
1857 2091 1919 2118 105.

1294 2120 1436 2156 Accipere.
1477 2119 1510 2148 ln
1541 2129 1561 2148 A
1570 2129 1587 2148 c
1597 2129 1614 2148 c
1625 2128 1656 2148 re
1665 2130 1674 2147 1
1685 2129 1711 2148 o.

1295 2157 1407 2186 Afferre.
1448 2156 1479 2186 In
1502 2166 1521 2186 A
1530 2167 1544 2185 r
1555 2168 1567 2185 r
1578 2167 1592 2186 a
1601 2167 1617 2185 a
1628 2167 1654 2186 0.

1295 2195 1410 2224 Afficere
1422 2194 1587 2224 calamitate.
1629 2195 1661 2225 111
1680 2205 1700 2224 A
1708 2205 1721 2223 F
1731 2205 1745 2223 r
1755 2205 1765 2223 1
1774 2203 1792 2223 c
1802 2205 1812 2223 1
1821 2204 1849 2224 o.

1295 2232 1400 2262 Afflixit
1409 2232 1485 2262 hunc
1500 2232 1650 2262 calamitas.
1691 2232 1723 2262 In
1745 2242 1764 2261 A
1774 2243 1788 2261 r
1797 2243 1810 2261 r
1820 2243 1836 2260 L
1845 2243 1854 2260 1
1864 2238 1917 2262 co.

1295 2270 1402 2308 Capere
1416 2270 1610 2301 calamitatem.
1652 2269 1684 2299 In
1715 2279 1732 2299 c
1742 2280 1759 2299 A
1769 2280 1784 2298 1’
1792 2281 1801 2298 1
1811 2280 1836 2299 o.

1296 2308 1446 2346 Depellere
1456 2308 1490 2337 ad
1502 2308 1687 2338 calamitatem
1696 2308 1825 2345 aliquem.
1848 2306 1907 2336 Cic.
1922 2307 2019 2345 Anteq.
2032 2307 2085 2337 iret
2096 2308 2126 2336 in
2135 2305 2200 2338 exil.
2217 2317 2259 2344 14.

1296 2346 1447 2375 Detrahere
1457 2346 1550 2375 alicui.
1574 2346 1631 2376 Cic.
1649 2346 1709 2375 Post
1718 2346 1798 2375 redit.
1812 2346 1847 2375 ad
1859 2345 1958 2381 Quirit.
1974 2350 2000 2374 6.
2014 2380 2016 2382 .

1295 2383 1377 2414 Ferre
1389 2384 1583 2414 calamitatem.
1626 2384 1721 2421 Nepos
1731 2394 1775 2413 20.
1790 2393 1813 2414 1.
1827 2394 1854 2419 4.
1878 2383 1970 2420 Quam
1983 2383 2168 2413 calamitatem
2176 2384 2215 2413 ita
2224 2382 2366 2415 moderate
2376 2393 2418 2416 tu-

1316 2422 1367 2457 lit,
1383 2423 1434 2452 &e
1473 2422 1491 2451 i.
1502 2431 1527 2451 e.
1547 2421 1716 2451 Caecitatem.

1297 2459 1423 2490 Haurire.
1447 2460 1505 2489 Cic.
1520 2469 1570 2497 pro
1583 2460 1689 2494 Domo,
1707 2468 1750 2495 30.

1297 2498 1451 2536 Importare
1462 2498 1648 2527 calamitatem
1657 2496 1896 2527 *conservatoribus
1905 2496 1969 2526 suis.
2011 2496 2045 2526 In
2066 2507 2077 2525 1
2085 2507 2108 2525 M
2117 2506 2131 2526 Ρ
2139 2507 2157 2526 o
2167 2507 2183 2527 R
2191 2506 2211 2526 'r
2218 2507 2247 2527 0.

1298 2536 1401 2566 Incidit
1411 2536 1499 2564 amori
1513 2536 1605 2564 nostro
1619 2535 1767 2565 calamitas.
1809 2535 1841 2564 In
1871 2546 1881 2563 1
1890 2545 1910 2564 N
1921 2545 1938 2564 c
1947 2545 1958 2563 1
1967 2544 1985 2563 1>
1994 2544 2021 2564 0.

1298 2572 1404 2604 inferre
1415 2573 1602 2602 calamitatem
1613 2574 1725 2602 civitati.
1768 2572 1800 2602 In
1821 2584 1829 2601 1
1839 2582 1859 2602 N
1869 2583 1882 2601 r
1891 2582 1905 2601 a
1914 2583 1930 2601 R
1941 2583 1966 2602 o.
2258 2586 2260 2589 ·

1296 2610 1423 2649 Insigniri
1434 2611 1636 2641 calamitatibus
1647 2611 1765 2649 publicis
1776 2618 1901 2648 tempora
1911 2611 2052 2640 dicuntur.
2075 2610 2150 2640 Suet.
2163 2610 2252 2649 Calig.
2265 2620 2326 2650 cap.
2338 2621 2381 2648 31.

1297 2649 1400 2679 Levare
1411 2649 1596 2678 calamitatem
1606 2649 1800 2678 innocentum.
1829 2649 1859 2678 ln
1882 2659 1898 2677 L
1908 2658 1922 2677 13
1933 2658 1949 2677 v
1958 2659 1967 2676 1
1977 2658 1997 2677 s.

1297 2687 1427 2717 Liberare
1438 2687 1601 2716 calamitate.
1643 2686 1701 2716 Cic.
1725 2687 1775 2716 His
1787 2686 1937 2724 aliquando
1948 2686 2151 2717 calamitatibus
2161 2686 2293 2717 liberetis.

1297 2726 1455 2756 Machinari
1468 2725 1664 2754 calamitatem.
1686 2725 1760 2754 Auct.
1770 2725 1805 2753 ad
1817 2724 1918 2754 Heren.
1934 2736 1961 2760 4.
1979 2734 2022 2760 13.

1299 2764 1475 2800 Progreditur
1486 2762 1635 2792 calamitas.
1658 2762 1714 2792 Cic.
1729 2765 1825 2799 Anteq.
1840 2763 1891 2791 iret
1907 2763 1936 2791 in
1947 2762 2011 2796 exii.
2028 2772 2070 2799 14.

1299 2801 1447 2831 Prohibere
1458 2801 1622 2830 calamitate.
1644 2800 1702 2830 Cic.
1716 2810 1766 2838 pro
1779 2800 1849 2837 Lege
1863 2800 1958 2829 Manil.
1975 2806 2016 2833 18·

1299 2840 1398 2877 Serpat
1408 2849 1443 2868 ne
1452 2839 1563 2873 longius
1573 2837 1721 2868 calamitas.
1746 2838 1803 2868 Cic.
1819 2840 1912 2875 Anteq.
1927 2839 1981 2867 iret
1990 2839 2020 2869 in
2030 2838 2094 2868 exil.
2110 2848 2152 2874 14.

1300 2878 1397 2907 Subire
1410 2877 1603 2906 calamitatem.
1629 2875 1687 2906 Cic.
1705 2876 1740 2905 ad
1752 2876 1826 2906 Brut.
1843 2884 1885 2905 12.

1301 2915 1455 2945 Tabescere
1467 2916 1495 2943 in
1507 2914 1670 2944 calamitate.
1692 2914 1750 2944 Cic.
1765 2923 1788 2950 3.
1810 2916 1918 2950 Att.25.

1302 2953 1434 2984 Tolerare
1445 2952 1640 2982 calamitatem.
1662 2952 1722 2981 Cic.
1733 2964 1758 2987 4.
1777 2952 1852 2982 Fam.
1864 2955 1890 2981 6.

1302 2992 1425 3021 Trahere
1437 2992 1465 3019 in
1477 2991 1671 3020 calamitatem.
1692 2990 1752 3021 Cic.
1767 3000 1816 3028 pro
1829 2990 1900 3027 Lege
1909 2989 2008 3019 Manil.
2024 2998 2064 3025 19.

1265 3030 1287 3059 C
1298 3040 1316 3059 A
1326 3041 1341 3058 L
1351 3040 1369 3058 A
1379 3041 1398 3058 M
1410 3040 1417 3056 1
1429 3033 1494 3057 τδε
1506 3038 1544 3058 us
1554 3051 1562 3064 ,
1584 3037 1599 3057 a
1609 3050 1616 3063 ,
1638 3037 1694 3057 um.
1718 3028 1779 3064 Adj.
1811 3027 1944 3064 [ὀιζυρὸς]
1976 3027 2060 3064 Quod
2078 3021 2233 3055 calamitate
2254 3024 2321 3056 laedi
2338 3024 2425 3058 solet.

1301 3068 1412 3105 Proprie
1422 3066 1497 3103 apud
1513 3066 1581 3096 Plin.
1593 3065 1642 3095 lib.
1660 3072 1700 3100 ¹8.
1714 3076 1775 3103 cap.
1789 3074 1815 3102 7.
1838 3066 1983 3095 Hordeum
2000 3075 2034 3094 ex
2054 3065 2131 3093 omni
2150 3064 2291 3093 frumento
2306 3066 2424 3095 minime

1301 3105 1493 3135 calamitosum
1508 3114 1514 3133 ι
1536 3105 1599 3141 quia
1609 3101 1715 3133 tollitur
1725 3111 1872 3141 antequam
1883 3104 2005 3132 triticum
2017 3108 2137 3138 occupet
2148 3102 2253 3138 rubigo.
2296 3103 2342 3132 Sic

1301 3143 1500 3172 Calamitosum
1511 3142 1619 3172 caelum.
1643 3141 1712 3171 Cato
1725 3152 1784 3180 cap.
1801 3152 1823 3171 1.
1838 3143 1863 3171 &
1875 3141 1946 3170 Loca
1959 3139 2117 3169 calamitosa
2127 3148 2185 3176 cap.
2200 3148 2243 3174 35.

1300 3180 1481 3210 Calamitosus
1492 3190 1554 3217 ager
1564 3180 1632 3209 caelo
1645 3181 1671 3209 &
1685 3180 1757 3209 loco.
1799 3180 1856 3209 Cic.
1871 3189 1895 3208 2.
1910 3180 1998 3215 Agrar.
2015 3183 2058 3211 80.
2092 3179 2125 3205 At
2136 3187 2201 3205 vero
2212 3177 2266 3206 hoc
2277 3177 2331 3213 agri
2342 3177 2423 3207 Cam-

1318 3220 1385 3257 pani
1395 3218 1511 3255 vectigal
1521 3240 1529 3253 ,
1551 3228 1616 3247 cum
1627 3217 1762 3253 ejusmodi
1774 3217 1811 3246 est
1821 3239 1828 3251 ,
1850 3224 1881 3247 ut
1892 3217 1968 3245 domi
1983 3216 2028 3250 fit,
2048 3216 2074 3244 &
2085 3214 2214 3244 omnibus
2230 3215 2359 3252 praelidiis
2371 3226 2422 3254 op.

1320 3257 1450 3295 pidorum
1469 3263 1591 3293 tegatur:
1621 3263 1681 3285 tum
1700 3265 1790 3292 neque
1811 3254 1890 3283 bellis
1908 3253 2050 3288 infestum,
2072 3262 2125 3281 nec
2141 3252 2273 3282 fructibus
2293 3253 2420 3290 varium,

1322 3305 1374 3324 nec
1386 3295 1453 3324 caelo
1465 3303 1497 3323 ac
1515 3293 1579 3323 loco
1591 3293 1781 3323 calamitosum
1796 3292 1848 3321 esse
1857 3291 1932 3320 solet.

1302 3331 1486 3362 Calamitosus
1504 3332 1538 3360 ad
1547 3331 1676 3369 personas
1685 3330 1776 3359 transl.
1799 3328 1976 3360 lErumnosus
1990 3327 2043 3362 est,
2062 3326 2144 3356 malis
2163 3326 2421 3365 calamitatibusque

1321 3376 1504 3409 praegravatus
1516 3391 1523 3405 ,
1546 3370 1638 3406 inquit
1648 3369 1764 3398 Nonius.
1805 3367 1863 3396 Cic.
1880 3377 1901 3395 1.
1916 3366 1989 3395 Verr.
2004 3374 2047 3401 70.
2071 3365 2192 3394 Honoris
2201 3366 2358 3403 ampliffimi
2371 3377 2422 3405 pu-

1321 3416 1352 3438 to
1365 3408 1418 3437 effe
1430 3430 1437 3444 ,
1459 3406 1752 3444 aecusareimprobos:
1773 3406 1800 3433 Sc
1811 3404 1937 3438 miseros,
1960 3403 2185 3440 calamitososque
2194 3402 2353 3434 defendere.

1303 3446 1502 3476 Calamitosum
1514 3468 1521 3479 .
1543 3446 1627 3474 etiam
1643 3444 1727 3480 Quod
1741 3442 1927 3471 calamitatem
1940 3440 2042 3475 infert3
2063 3448 2110 3477 ut,

1303 3484 1387 3514 Fama
1398 3482 1561 3513 calamitosa.
1583 3483 1642 3511 Cic.
1655 3491 1706 3518 pro
1720 3481 1830 3509 Cluent.

1302 3519 1377 3559 Fuga
1388 3520 1544 3550 calamitosa
1556 3521 1649 3557 patria:
1660 3541 1667 3554 ,
1690 3518 1770 3546 nobis
1785 3514 1909 3554 gloriosa.
1930 3516 2023 3545 Cic-1.
2037 3514 2072 3545 de
2084 3514 2179 3545 Divin.
2191 3526 2234 3553 59.

1304 3560 1380 3589 Hora
1390 3559 1580 3588 calamitosior.
1604 3557 1660 3586 Cic.
1678 3556 1712 3584 ad
1724 3556 1820 3584 Octava

1302 3598 1403 3628 Otium
1416 3595 1614 3626 calamitosum.
1637 3594 1694 3622 Cic.
1709 3603 1731 3627 ς,
1746 3593 1780 3621 de
1793 3592 1852 3621 Fin.
1866 3596 1909 3626 521..

1304 3636 1422 3665 Praetura
1435 3632 1591 3663 calamitosa
1606 3631 1700 3660 Verris.
1724 3630 1781 3659 Cic.
1795 3634 1819 3658 6.
1834 3629 1910 3657 Verr.
2113 3662 2115 3664 η
2164 3661 2166 3663 ‚

1304 3673 1466 3710 Tempestas
1491 3668 1655 3700 calamitosa.
1680 3668 1739 3697 Cic.
1752 3677 1775 3702 3.
1791 3667 1863 3696 Verr.
1878 3669 1922 3701 96.
1960 3665 2006 3694 Vis
2026 3664 2193 3696 calamitosae
2212 3668 2382 3706 'tempestatis
2401 3668 2422 3699 si

1324 3710 1483 3747 contigerit.
1502 3707 1564 3745 Ulp.
1582 3706 1639 3735 inl.
1654 3715 1688 3734 ex
1702 3705 1850 3734 conducto.
1874 3704 1905 3733 D.
1928 3702 2031 3732 Locati.

1267 3750 1291 3781 C
1301 3760 1321 3779 A
1331 3760 1346 3777 r.
1358 3759 1375 3777 A
1387 3759 1406 3776 M
1417 3749 1500 3774 tros
1510 3755 1523 3773 a
1534 3767 1541 3778 ,
1565 3744 1632 3773 Adv.
1655 3742 1800 3779 [ὀκξυεῖπ]
1823 3741 1931 3771 Misere.
1972 3741 2031 3770 Cic.
2047 3750 2071 3776 3.
2094 3741 2150 3771 Off.
2163 3751 2225 3777 105.
2257 3741 2424 3787 Nanicuod

1305 3788 1398 3818 aiunt,
1420 3783 1535 3811 minima
1545 3782 1580 3810 de
1590 3781 1686 3815 malis,
1708 3780 1737 3808 id
1750 3780 1805 3814 est,
1827 3787 1858 3809 ut
1877 3780 1993 3817 turpiter
2014 3780 2123 3817 potius,
2144 3790 2228 3818 quam
2245 3781 2423 3811 calamitose:

1306 3834 1341 3854 an
1353 3823 1391 3852 est
1402 3821 1490 3850 ullum
1503 3821 1590 3853 majus
1603 3818 1705 3847 malum
1718 3818 1892 3855 turpitudine
1903 3819 1916 3846 ἶ)

1269 3863 1291 3892 C
1304 3873 1322 3891 A
1333 3873 1348 3889 L
1358 3871 1376 3888 A
1385 3870 1405 3888 M
1415 3870 1423 3886 1
1434 3868 1453 3886 τ
1464 3868 1480 3886 o
1492 3880 1499 3891 ,
1520 3860 1574 3886 are.
1592 3855 1790 3885 Calamitosum
1805 3855 1930 3884 reddere.
1952 3854 2061 3884 Cathol.

1269 3901 1291 3930 C
1301 3910 1320 3928 A
1330 3908 1345 3926 n
1356 3908 1374 3926 A
1385 3897 1450 3924 Ντῑ
1460 3905 1476 3924 c
1485 3906 1502 3923 A
1516 3916 1523 3928 ,
1545 3904 1575 3924 ae.
1599 3894 1616 3922 f.
1639 3893 1759 3929 [mma]
1791 3893 1918 3930 Tegmen
1930 3892 2067 3922 muliebre
2077 3891 2153 3930 quod.
2165 3893 2249 3930 capiti
2262 3894 2421 3924 innectitur.

1305 3937 1362 3965 Cic.
1376 3935 1404 3962 in
1419 3933 1567 3966 Clodium,
1589 3931 1696 3964 Tune:
1713 3941 1799 3966 quum
1817 3932 1987 3960 vincirentur
2002 3931 2088 3967 pedes
2107 3930 2193 3959 fasciis
2205 3952 2212 3964 ,
2234 3940 2319 3967 quum
2337 3930 2428 3960 calan-

1304 3975 1388 4002 ticam
1405 3971 1488 4007 capiti
1501 3970 1747 3998 accommodares?
1780 3969 1888 3997 Nonius
1904 3981 1936 4003 14.
1960 3979 1983 3997 a.
2017 3968 2114 3996 Ausum.
2132 3966 2261 3997 Periocha
2275 3979 2298 4003 ς.
2328 3967 2424 4006 Odyss.

1305 4011 1375 4049 Quae
1384 4009 1548 4039 calanticam
1557 4008 1641 4046 capiti
1651 4006 1699 4036 suo
1708 4007 1832 4037 demtam
1830 4007 1948 4074 131εὲᾱὲῖί
1957 4006 2158 4039 accommodat.
2165 4005 2354 4035 ubiliomerv
2363 4015 2372 4044 3
2383 4017 2393 4040 ς
2404 4017 2424 4034 ι.

1939 4054 1957 4074 2
2375 4046 2430 4071 Θιὰ
