2600 4177
509 136 538 170 C
637 137 671 171 O
766 135 801 170 N

76 220 123 250 Co
135 230 154 249 N
163 231 183 249 N
193 230 207 255 iz
216 230 234 249 it
245 230 262 249 u
271 230 297 255 s.
321 230 345 254 a,
366 224 426 253 um.
446 217 543 247 Partic.
564 211 847 259 [wssmwaffwssfl'ssss
866 217 925 248 Cic.
937 226 963 247 2.
979 218 1015 248 de
1022 217 1085 248 Nat.
1098 218 1231 254 Deor.97.

112 258 181 288 Inde
192 258 260 286 sides
270 258 366 286 leviter
378 256 462 293 posita
474 276 481 288 ,
502 263 685 289 connexaque
696 255 813 282 videtur.

113 297 213 324 Amore
226 305 327 332 magno
339 302 483 323 connexus
492 292 586 320 alicui.
608 292 674 320 Stat.
689 301 710 320 i.
722 291 820 320 Achill.
837 301 898 329 174.

115 333 188 370 Apes
200 332 319 369 pedibus
330 339 473 361 connexae.
497 329 568 365 Virg.
581 340 608 362 4.
625 328 725 365 Georg.
743 337 807 364 ²57.

158 369 273 398 Autillae
285 369 403 407 pedibus
417 375 553 397 connexae
568 365 602 394 ad
615 366 712 394 limina
725 367 859 403 pendent.
943 365 996 397 Ubi
1009 368 1119 397 Servius
1131 391 1139 402 ,
1161 368 1236 398 Hinc

133 407 215 436 multi
227 408 315 436 dietas
323 415 389 443 apes
400 405 509 438 volunt,
520 405 594 440 quod
604 404 630 432 se
640 403 758 440 pedibus
768 405 888 434 invicem
897 410 1012 435 tenerit:
1035 406 1100 434 licet
1111 406 1236 436 crebrior

134 445 166 474 sit
180 445 227 473 illa
236 445 349 482 opinio,
371 442 445 479 quod
458 442 513 470 sine
524 441 643 479 pedibus
656 442 747 479 primo
761 440 815 471 esse
827 443 965 473 dicuntur.
987 450 1019 473 ut
1029 443 1099 473 ibid.
1114 452 1178 481 310.

209 482 322 511 Trunca
333 480 438 517 pedum
449 480 550 516 primo.

117 519 214 549 Crines
225 519 355 548 connexi.
377 517 491 554 Propert
510 516 558 546 lib.
571 525 597 547 2.
612 528 636 553 ς.
649 525 694 554 23.

115 557 202 586 Nodi.
225 556 308 586 Ovid.
323 565 365 584 12.
380 555 448 584 Met.
458 563 523 591 430.

116 593 205 624 Rami.
229 593 330 622 Lucan.
342 592 391 621 lib.
408 602 431 628 3.
446 603 492 628 4ο.

115 632 172 662 Res
183 631 316 661 subtiliter
325 640 473 661 connexae.
495 630 602 660 Lucret.
614 629 663 659 lib.
676 639 701 666 3.
713 638 777 666 741.

117 669 284 736 Εοηηεέζυη]
296 670 321 698 8(
332 675 437 707 aptum.
479 669 537 698 Cic.
551 669 580 697 in
592 668 684 698 Partit-
699 676 761 704 137.
783 667 830 697 Sic
839 668 910 698 inter
919 667 946 697 se
958 667 1021 698 sunt
1030 666 1161 706 pleraque
1171 677 1238 700 con-

135 716 206 736 nexa
251 716 266 735 a
287 712 322 736 ta.

79 739 159 774 CoN
171 716 297 773 Naxupm
309 766 317 778 ‚
338 745 355 773 i.
378 754 406 773 n.
439 743 642 779 [orsu-amma]
671 751 723 780 pro
744 741 879 772 Connexa
898 742 1087 773 conclusione.
1134 744 1192 774 Cic.
1209 756 1237 780 4.

117 782 201 811 Acad.
215 787 259 817 9⁶.
281 781 340 819 lpsa
349 783 424 811 enim
433 782 503 810 ratio
512 781 634 817 connexi
648 802 656 816 ,
678 789 762 816 quum
773 780 937 810 concesseris
951 781 1090 819 superius,
1112 783 1187 818 cogit
1198 783 1241 811 in.

115 820 201 886 gerii&
211 820 376 886 ploncedere.
398 826 447 855 ut,
469 818 496 848 Si
511 818 550 847 sol
560 818 635 848 lucet
644 839 652 854 ‚
673 818 734 846 dies
742 818 780 847 est
792 828 799 847 :
823 821 857 848 At
865 819 904 848 sol
913 818 1005 855 lucet3
1030 819 1179 857 diesigitut
1190 820 1237 850 est.

95 881 109 887 -
142 879 148 886 .
197 867 211 886 e
236 880 242 886 .
260 862 301 886 16.
315 863 340 892 8.

79 890 103 924 C
113 904 129 923 o
139 904 159 923 N
168 904 188 923 N
198 905 212 923 ir
221 905 240 924 x
252 905 286 924 io
301 917 309 930 ,
329 895 401 925 onis.
424 894 443 923 f.
465 893 628 930 [πίμπλέξις
637 914 645 927 η
665 892 780 927 σθἀΦῆ]

117 932 265 962 Connexio
276 955 284 967 ‚
306 942 358 971 pro
382 931 584 966 Conclusione,
605 931 680 969 apud
692 929 813 967 Quintil.
836 929 884 960 lib.
898 941 923 967 ς.
945 940 1008 970 cap.
1022 940 1067 969 14.
1089 931 1164 962 cons.
1186 932 1239 962 Au·

135 970 203 1007 gust.
216 971 251 1000 de
265 970 325 1000 Civ.
338 971 387 1000 Dei
400 992 407 1005 ,
420 979 446 999 2.
461 979 504 1005 31.

58 1032 68 1036 -
80 1006 103 1038 C
111 1017 128 1037 0
136 1017 157 1038 Ν
166 1018 186 1037 Ν
195 1018 209 1037 1³
217 1018 235 1037 x
245 1018 263 1037 u
271 1018 283 1037 s
292 1030 300 1044 ,
322 1010 363 1038 iis.
385 1018 422 1037 m.
445 1006 623 1043 [συμπλοκὴ]
644 1006 751 1036 Lucret.
765 1004 814 1035 lib.
831 1015 857 1036 2.
874 1015 939 1043 7²5·

367 1061 404 1066 —
416 1044 528 1074 differre
540 1043 647 1074 necesse
657 1044 696 1073 est

209 1081 357 1112 Intervalla
368 1105 376 1117 ‚
398 1083 456 1112 vias
465 1104 473 1117 ‚
495 1091 657 1115 connexus,
679 1079 821 1119 pondera,
843 1080 947 1119 plagas.

118 1119 257 1149 Connexu
269 1130 370 1158 corpus
381 1118 511 1150 adhaeret.
533 1119 640 1149 Lucret.
652 1119 699 1148 lib.
714 1128 737 1155 3.
754 1123 815 1154 55⁶-

79 1158 128 1188 Co
139 1168 157 1187 Ν
166 1167 209 1187 Ns
218 1168 234 1187 x
244 1162 256 1187 ἱ
265 1168 281 1187 ν
293 1168 308 1187 υ
320 1168 348 1193 s,
370 1158 431 1195 Adj.
463 1154 691 1194 [συμπλεκτικές]
722 1164 753 1185 ut
762 1175 770 1191 ,
799 1156 964 1187 Connexiva
978 1157 1159 1194 conjunetim
1188 1165 1241 1197 pro

77 1198 81 1199 ⁷
118 1196 285 1234 Copulativa
296 1218 304 1231 ,
325 1197 402 1234 apud
412 1196 482 1226 Gell.
494 1195 542 1224 lib.
555 1205 596 1224 10.
614 1204 674 1232 cap.
684 1204 728 1229 29.
738 1226 744 1237 Ι

80 1233 104 1264 C
112 1243 128 1263 o
139 1244 158 1263 Ν
168 1244 186 1263 Ν
194 1237 206 1263 i
215 1244 234 1262 τ
244 1244 261 1263 0
269 1244 286 1263 R
295 1256 302 1269 ,
324 1235 405 1264 nixus
414 1233 459 1263 vel
469 1233 542 1262 nisus
552 1232 622 1267 sum,
644 1232 830 1268 [wegyopcou]
847 1232 907 1262 niti.
929 1232 1018 1263 Simul
1031 1233 1074 1262 vel
1086 1233 1242 1263 Vehemen-

117 1278 161 1301 ter
175 1272 245 1306 niti,
268 1274 294 1302 St
308 1272 373 1301 dare
385 1280 506 1309 operam.
546 1270 604 1300 Cic.
619 1280 643 1304 ς.
665 1270 701 1299 de
714 1269 857 1305 Finib.42.
894 1271 992 1307 Quum
1012 1278 1107 1300 autem
1125 1271 1241 1309 paulum

116 1310 255 1377 Primitatis
266 1309 423 1345 accefferit,
445 1310 471 1339 &
489 1308 584 1338 animo
595 1313 711 1338 utuntur
722 1329 730 1343 ,
750 1309 776 1337 Sc
787 1307 907 1338 sensibus
919 1331 926 1345 ,
948 1310 1189 1348 connitunturque
1208 1315 1241 1340 ut

130 1357 143 1376 e
158 1357 173 1376 e
185 1349 223 1377 eri
245 1353 301 1377 ant.

116 1385 159 1415 Ad
169 1357 288 1423 aliqigiem
300 1380 530 1421 convincendum
541 1383 659 1413 conniti.
680 1382 772 1413 Tacit.
790 1393 831 1419 ις.
849 1384 919 1415 Ann.
933 1387 979 1415 66.

116 1423 258 1453 Cornibus
268 1422 386 1453 conniti.
409 1422 465 1451 Cic.
483 1432 506 1451 1.
520 1422 556 1451 de
571 1422 664 1451 Divin.
677 1432 724 1458 44.
755 1420 796 1450 De
807 1422 901 1451 ariete.

116 1461 258 1490 Omnibus
266 1461 357 1499 copiis
367 1460 506 1490 connixus
518 1461 609 1489 Ancus
620 1481 629 1495 ,
650 1460 710 1489 acie
722 1459 842 1496 primum
857 1460 952 1489 vincit.
974 1459 1034 1491 Liv.
1049 1469 1072 1490 1.
1085 1468 1130 1497 33.
1162 1495 1164 1497 .

117 1499 233 1529 Conniti
243 1500 344 1528 virtute
359 1498 389 1527 in
400 1497 521 1534 aliquem
531 1497 635 1527 locum.
676 1497 741 1527 Caes.
756 1508 778 1526 1.
803 1497 871 1526 Bell.
883 1497 964 1527 Civil.
975 1502 1020 1533 4⁶-
1052 1498 1106 1528 Etsi
1124 1498 1242 1535 dejestis

135 1543 219 1574 atque
231 1535 409 1565 inferioribus
423 1534 492 1565 locis
504 1536 680 1572 constiterat,
701 1542 796 1564 tamen
814 1536 844 1564 in
863 1535 1003 1566 summum
1021 1534 1119 1574 iugum
1141 1539 1243 1567 virtute

137 1574 300 1604 connititur.
342 1574 360 1603 i.
372 1583 396 1603 e.
419 1573 558 1603 Ascendit.

116 1612 234 1642 Conniti
253 1612 348 1641 animo
360 1633 369 1646 ,
390 1612 417 1641 &
434 1610 529 1640 labore
548 1611 730 1640 contendere.
771 1606 864 1646 Cic.3.
877 1610 934 1640 Off,
947 1614 972 1640 6.
995 1612 1090 1648 Quare
1107 1617 1244 1648 quantum

135 1650 245 1680 conniti
256 1651 351 1679 animo
362 1657 442 1687 potes
455 1671 463 1684 ,
483 1655 618 1686 quantum
628 1649 724 1678 labore
736 1648 920 1685 contendere,
940 1649 960 1679 si
972 1649 1098 1679 discendi
1107 1649 1185 1680 labor
1192 1650 1241 1687 est,

137 1689 233 1726 potius
244 1697 328 1725 quam
339 1687 484 1725 voluptas:
505 1693 615 1716 tantum
625 1687 669 1717 fac
680 1709 688 1723 ‚
711 1693 742 1717 ut
752 1686 855 1717 efficias
866 1708 874 1723 ,
886 1689 940 1717 διο.

116 1724 182 1756 Uno
195 1726 290 1756 animo
305 1726 420 1755 conniti.
442 1724 499 1754 Liv.
512 1735 537 1760 9.
552 1734 596 1761 31-

116 1764 222 1794 Dextra
230 1761 336 1793 sublata
348 1763 496 1793 connixus.
519 1763 592 1800 Virg.
607 1760 705 1797 5.·AEn.
720 1765 783 1799 642.
806 1761 860 1792 Ubi
871 1761 907 1792 de
917 1761 1064 1793 Cassandra
1071 1761 1204 1802 loquitur.

117 1800 172 1831 Vix
183 1802 305 1832 humeris
314 1802 430 1832 connixi
441 1800 568 1830 ferebant
578 1822 586 1836 ‚
601 1802 653 1831 ἃς.
680 1800 751 1838 Virg.
767 1811 791 1836 ς.
805 1801 867 1831 AEn.
877 1805 943 1837 264.

117 1839 195 1871 Toto
205 1850 326 1878 corpore
336 1839 483 1869 connixus.
506 1838 579 1876 Virg.
595 1848 634 1867 io.
649 1838 711 1869 AEn.
727 1848 787 1877 ,¹²7-

201 1878 262 1907 Fert
272 1879 371 1915 ingens
380 1885 440 1906 toto
451 1877 588 1906 connixus
599 1886 718 1915 corpore
727 1876 833 1907 saxum.

118 1914 151 1946 In
163 1916 276 1945 hastam.
298 1915 346 1945 Sil.
358 1915 407 1944 lib.
421 1925 463 1944 10.
478 1924 542 1949 252·

116 1953 242 1983 Adversis
253 1953 334 1983 hastis
343 1953 460 1982 connixi
470 1953 622 1982 incurrunt.
646 1949 717 1990 Virg.
735 1962 775 1982 11.
789 1949 850 1983 AEn.
863 1954 925 1987 61'3.

117 1990 252 2022 Manibus
261 1992 392 2020 connixis
404 2000 483 2028 agere
493 1999 539 2020 aut
550 2000 661 2020 movere
672 1991 786 2027 aliquid.
819 1990 918 2020 Claud.
929 1989 965 2021 de
972 1988 1040 2022 Bell.
1053 1988 1161 2028 Gigant.
1176 1994 1222 2031 67.

200 2029 253 2059 Hic
264 2030 327 2068 juga
339 2029 468 2058 connixis
480 2029 608 2058 manibus
617 2029 750 2058 Panclicea
762 2027 895 2059 coruscat.

118 2067 257 2097 Connisus
267 2067 367 2105 legitur
376 2067 451 2104 apud
464 2066 550 2096 Valet.
565 2066 652 2096 Flacc.
665 2076 689 2100 ς.
708 2068 808 2104 Argon.
826 2077 886 2104 ¹97·

212 2104 340 2135 Torserat
349 2105 396 2134 hic
408 2105 472 2134 totis
483 2105 613 2134 connisus
620 2105 724 2134 viribus
734 2103 846 2134 hastam.

118 2142 253 2178 Conniti,
275 2140 438 2179 [mxima-1,
453 2139 643 2179 ψτάνεθω]
663 2152 714 2180 pro
723 2143 943 2180 Eniti&parere.
963 2142 1036 2181 Virg.
1052 2152 1075 2173 1.
1089 2142 1149 2174 Ecl.
1165 2150 1209 2181 ις,

201 2181 335 2211 Hicinter
344 2180 442 2210 densas
453 2180 563 2216 corylos
572 2182 659 2209 modo
671 2190 791 2218 namque
802 2180 939 2217 gemellos

84 2254 87 2257 s
199 2220 285 2258 Spem
299 2219 400 2256 gregis,
426 2218 460 2247 ah
476 2218 548 2247 silice
560 2219 588 2246 in
602 2217 676 2247 nuda
687 2219 807 2248 connixa
821 2219 950 2253 reliquit..
1236 2253 1239 2255 ‚

82 2256 245 2292 CONNivao,
256 2257 315 2286 nivi
327 2258 352 2287 ἃ
363 2256 433 2291 nixi,
443 2256 560 2289 nictum.
572 2257 655 2292 [μύση
666 2259 793 2291 «serapnim.
806 2256 918 2292 ννῑοὶζω]
936 2259 990 2286 ἕπε.
1003 2256 1163 2286 Connivent
1171 2257 1246 2287 oculi

120 2297 232 2332 quando
242 2294 411 2324 clauduntur
419 2294 463 2323 vel
472 2295 644 2332 aperiuntur,
656 2295 769 2324 auc‘tore
780 2294 859 2323 Valla
871 2294 908 2322 lib
930 2305 955 2329 4.
968 2303 1076 2331 cap.52.
1089 2295 1160 2324 Nam
1173 2296 1246 2324 Con-

119 2334 226 2368 πίνετε,
237 2333 275 2362 est
291 2332 436 2370 Palpebras
448 2331 594 2361 oculorum
607 2330 763 2361 alternatim
775 2329 1246 2368 movere.[lmmoClaudere.]Plin.

120 2371 171 2400 lib.
188 2381 228 2400 ιο.
237 2381 299 2409 cap.
313 2380 337 2407 3.
361 2370 629 2399 Haliaeetustantum
640 2369 789 2407 implumes
800 2371 955 2399 etiamnum
967 2369 1058 2407 pullos
1076 2369 1137 2400 suos
1150 2381 1249 2408 percu-

120 2409 210 2443 tiens,
233 2409 351 2438 subinde
365 2408 442 2445 cogit
455 2407 582 2436 adversos
599 2408 700 2437 intueri
724 2407 786 2437 solis
806 2409 912 2437 radios:
934 2410 960 2437 &
986 2408 1003 2436 si
1024 2410 1224 2438 conniventem
1237 2429 1246 2445 ,

120 2447 388 2483 humetftantemque
400 2445 610 2480 animadvertit,
638 2445 792 2484 praecipitat
806 2456 820 2474 e
833 2446 901 2475 nido
923 2445 999 2474 velut
1008 2446 1198 2476 adulterinum
1209 2454 1250 2477 at*-

120 2494 176 2521 que
184 2486 362 2522 degenerem.
385 2483 442 2513 Cic.
456 2494 479 2513 1.
492 2482 573 2512 Tusc.
586 2495 595 2512 1
604 2494 646 2519 17.
669 2484 747 2520 Quid
760 2483 871 2518 melius,
893 2489 976 2521 quam
987 2484 1015 2512 in
1027 2484 1126 2514 mediis
1139 2481 1249 2514 vitaela-

120 2520 238 2552 boribus
248 2522 454 2551 obdormiscere
463 2543 471 2556 ,
493 2523 519 2551 Sc
536 2522 573 2550 ita
583 2522 785 2551 conniventem
796 2521 892 2550 somno
905 2521 1044 2559 consopiri
1055 2521 1247 2560 sempiterno?

122 2561 283 2590 Connivere
303 2560 417 2589 claustra
435 2560 537 2588 ventris
549 2561 574 2588 δι
586 2559 739 2593 stomachi,
764 2559 835 2588 dixit
847 2559 916 2588 Gell.
931 2558 979 2589 lib.
999 2569 1040 2596 17.
1055 2570 1114 2598 cap.
1133 2570 1172 2590 11.
1197 2571 1248 2598 pio

140 2599 260 2636 stipari,
283 2598 393 2632 claudi,
414 2597 587 2627 &contrahi.
632 2599 671 2627 De
680 2596 835 2635 epiglotide
846 2597 986 2634 loquitur,
1028 2608 1091 2627 uam
1103 2599 1172 2628 dicit
1182 2609 1250 2628 con-

141 2638 239 2666 nivere
250 2635 367 2665 viciffim
377 2637 402 2665 ἀ
414 2635 552 2672 resurgere
562 2657 570 2669 ‚
592 2645 678 2672 eaque
689 2636 791 2673 operiri
804 2638 828 2665 6<
842 2636 951 2673 protegi
962 2643 1018 2664 trac
1041 2637 1096 2665 iam
1104 2637 1229 2666 arteriam
1240 2660 1248 2672 ‚

104 2678 106 2680 '
143 2684 180 2704 ne
192 2675 258 2711 quid
269 2684 305 2703 ex
316 2673 377 2702 esca
394 2675 421 2703 ὁὶ
436 2680 504 2710 potu
523 2674 595 2702 inter
610 2674 754 2704 edendum
770 2674 795 2703 ἅ
813 2673 967 2703 bibendum
978 2694 986 2709 ‚
1008 2674 1116 2704 incidat
1131 2675 1161 2703 in
1178 2675 1250 2705 illud

143 2713 243 2742 animae
255 2712 455 2749 reciprocantis
466 2712 525 2740 iter.

123 2751 284 2780 Connivere
295 2750 324 2778 in
335 2759 363 2778 re
374 2748 464 2786 aliqua
472 2771 480 2784 ,
501 2759 550 2787 per
561 2748 772 2778 translationem
780 2771 788 2783 ,
809 2748 847 2777 est
857 2748 929 2786 quasi
941 2748 1006 2777 Non
1019 2749 1115 2779 videre
1125 2751 1201 2788 quod
1210 2752 1251 2781 vi-

144 2789 210 2818 deas
223 2810 231 2823 ‚
252 2788 298 2817 seu
310 2787 402 2816 Visum
411 2786 595 2821 dissimulare,
617 2787 725 2817 Oculos
746 2786 892 2821 claudere,
913 2787 1051 2816 Patienter
1069 2787 1148 2817 ferre.
1188 2790 1246 2819 Cic.

145 2836 196 2864 pro
207 2825 278 2855 Coel.
294 2835 337 2861 59.
357 2825 408 2854 Pro
419 2825 459 2854 dii
471 2823 659 2860 immortales,
681 2834 730 2854 cur
747 2824 888 2854 interdum
901 2824 931 2854 in
941 2825 1093 2857 hominum
1101 2825 1251 2858 sceleribu-s

144 2865 276 2894 maximis
289 2870 338 2892 aut
347 2863 506 2892 connivetis
516 2885 524 2898 ,
546 2864 599 2892 &a

125 2900 218 2937 Virtus
228 2902 363 2931 connivet
373 2900 460 2938 sopita
471 2896 679 2930 blandimentis.
702 2899 757 2929 Cic.
769 2910 820 2938 pro
831 2899 902 2931 Coel.
916 2910 962 2937 41.

124 2938 224 2970 Pacem
233 2940 382 2969 connivere
390 2939 479 2968 oculis
490 2938 599 2968 serenis.
621 2938 669 2967 Sil.
681 2937 729 2967 lib.
743 2948 767 2975 7.
780 2942 844 2973 461.

305 3010 307 3012 ,
319 2993 357 2997 -
366 2984 426 3006 tum
435 2983 550 3014 compta
561 2985 672 3006 comam
683 2998 692 3011 ,
712 2985 866 3014 pacemque
874 2975 976 3005 serenis

195 3048 198 3050 Ὗ
221 3015 383 3045 Connivens
404 3014 512 3050 oculis,
528 3014 601 3049 ibat,
621 3016 673 3044 &a
780 3014 896 3043 Videtur
910 3013 1078 3051 significare,
1099 3011 1200 3047 Pacem
1220 3017 1252 3047 si-

146 3052 255 3083 mulans
268 3052 343 3091 gestu
353 3048 508 3082 oculorum.
545 3052 599 3081 Sed
609 3052 643 3081 al.
657 3050 837 3080 Condiscens.
864 3052 892 3081 V.
914 3052 1056 3083 Drakenb.

89 3093 137 3124 Co
148 3101 168 3120 N
179 3101 215 3120 Ni
226 3101 242 3120 v
254 3101 268 3119 ii
279 3100 318 3120 Ns
329 3112 336 3125 ‚
358 3090 454 3120 Partic.
478 3088 628 3126 [ννςυὲξωι]
650 3089 708 3119 Cic.
722 3099 772 3126 pro
785 3089 886 3119 Milon.
900 3099 942 3125 32.
973 3090 1084 3127 Quibus
1099 3092 1116 3121 si
1130 3101 1188 3121 non
1206 3093 1253 3122 ad-

128 3129 287 3167 juvantibus
299 3150 306 3162 ,
328 3133 357 3157 at
380 3128 596 3157 conniventibus
618 3132 694 3157 certe
713 3124 842 3164 sperasset
855 3127 882 3156 se
904 3126 980 3165 posse
1001 3128 1102 3167 Remp.
1126 3130 1250 3162 eludere.

128 3165 361 3197 Conniventibus.
383 3166 401 3195 i.
418 3176 442 3195 e.
467 3166 630 3195 Patientiam
643 3164 851 3195 adhibentibus.
873 3164 999 3195 Budaeus.

127 3203 352 3235 conniventibus
361 3203 450 3233 oculis
463 3204 638 3233 credendum
647 3203 686 3232 est
695 3225 703 3238 ‚
725 3202 779 3233 suis
789 3204 909 3233 nummis
920 3213 985 3232 eum
997 3204 1183 3243 redemptum.
1205 3205 1254 3237 Ul.

127 3243 202 3282 pian.
222 3242 239 3271 l.
252 3253 276 3277 4.
290 3242 320 3270 in
331 3242 449 3279 princip.
468 3241 501 3271 D.
515 3241 550 3271 de
561 3239 719 3271 manumiss.
755 3242 772 3270 i.
785 3251 809 3270 e.
831 3240 1047 3271 Dissimulanter.

128 3280 215 3311 Oculi
228 3279 325 3309 somno
335 3280 527 3309 conniventes.
568 3279 625 3308 Cic.
637 3289 662 3308 2.
674 3280 709 3308 de
720 3278 782 3308 Nat.
798 3279 877 3308 Deor.
895 3288 954 3313 143.
977 3279 1066 3314 Huius
1082 3282 1253 3313 contrarium

146 3318 184 3356 est
196 3318 384 3348 lnconnivens
403 3311 649 3353 [ἀπαρῶἑμυκτ-Θ·
660 3327 668 3352 3
680 3317 695 3352 ]
717 3317 873 3354 diciturque
884 3338 891 3350 ,
915 3316 970 3353 Qui
985 3318 1076 3347 oculis
1087 3319 1125 3348 est
1137 3317 1253 3357 vigilan-

147 3356 242 3390 tibus,
266 3357 292 3385 &
306 3355 398 3392 aliqua
416 3355 444 3384 in
461 3365 490 3384 re
509 3355 570 3384 fixis
587 3355 643 3384 sine
663 3355 829 3384 mutatione.
870 3354 976 3384 Gellius
988 3365 1014 3385 2.
1031 3366 1054 3386 1.
1072 3357 1107 3386 de
1119 3359 1253 3394 Socrate,

148 3393 337 3424 lnconnivens
347 3414 355 3429 ,
376 3392 528 3422 immobilis
540 3393 569 3422 in
580 3392 685 3422 hisdem
694 3393 811 3430 vestigiis
823 3392 965 3429 perstabat.

92 3431 142 3464 Co
152 3443 170 3461 Ν
181 3442 199 3461 Ν
212 3442 246 3461 iv
256 3441 298 3460 EN
308 3441 327 3459 T
336 3442 345 3459 1
356 3440 374 3459 Α
389 3452 396 3465 ,
418 3441 448 3459 ae.
470 3428 489 3459 f.
525 3431 696 3466 [ννςαγμὸς]
716 3431 755 3460 est
774 3430 939 3460 Patientiam
958 3432 1251 3470 accommodandum,

131 3480 164 3500 ac
175 3470 272 3499 videre
284 3469 310 3497 se
321 3468 562 3498 dissimulantium.
585 3475 633 3503 ut,
656 3468 842 3498 Conniventia
858 3474 1070 3506 procuratorum
1096 3470 1231 3509 principis
1243 3493 1252 3507 ‚

131 3507 193 3537 inl.
207 3517 230 3537 1.
244 3507 279 3536 de
290 3506 394 3546 Fpndis
407 3508 432 3536 δι
444 3504 556 3535 saltibus
575 3507 613 3535 rei
632 3505 796 3540 dominicae⁷
818 3504 866 3534 lib.
883 3515 924 3535 11.
948 3505 970 3535 C
1007 3506 1092 3543 Quod
1111 3508 1127 3536 si
1146 3506 1253 3538 venalis

131 3552 342 3584 procuratorum
355 3544 536 3574 conniventia
546 3550 578 3573 ut
591 3545 620 3573 id
632 3544 765 3583 deinceps
775 3550 898 3574 tentetur
915 3543 1074 3580 admiserit,
1095 3555 1144 3576 eos
1157 3546 1256 3584 gravis-

133 3584 200 3612 simo
211 3582 340 3618 jubemus
355 3582 492 3620 supplicio
502 3581 653 3617 subjacere.
1062 3614 1065 3617 .

132 3621 320 3650 Conniventia
331 3622 357 3650 ἃ
369 3619 558 3651 dissimulatio,
577 3619 605 3648 in
626 3617 644 3648 l.
667 3618 736 3649 Usus
747 3628 824 3656 aqua:
839 3641 846 3654 ‚
869 3618 904 3648 de
917 3618 1021 3649 Fundis
1031 3619 1070 3649 rei
1080 3619 1204 3656 privatae,
1226 3623 1254 3654 ἃ

150 3657 263 3688 saltibus
279 3658 382 3687 divinae
393 3659 496 3687 domus
507 3680 515 3689 ,
536 3656 585 3686 lib.
604 3667 646 3686 11.
676 3657 707 3686 C.
734 3658 802 3687 Usus
817 3667 894 3694 aquae
909 3667 968 3694 quae
984 3657 1136 3686 fundorum
1151 3660 1254 3689 nostro-

152 3702 214 3725 rum
223 3695 387 3725 utilitatibus
396 3696 546 3730 serviebat,
568 3692 752 3732 plurimorum
763 3696 865 3724 dicitur
874 3694 1051 3732 usurpatione
1061 3694 1192 3732 sublatus,
1213 3697 1256 3727 id.

151 3743 205 3771 que
220 3740 427 3770 procuratorum
441 3734 621 3763 conniventia
639 3732 681 3762 vel
702 3732 919 3762 dissimulatione
936 3733 1109 3770 perfeetum,
1130 3741 1161 3764 ut
1177 3742 1256 3773 agro-

151 3779 212 3801 rum
222 3771 350 3802 fertilitas
361 3773 488 3801 destituta
500 3793 507 3806 ,
529 3769 619 3800 nullos
630 3770 735 3801 fruetus
749 3771 902 3801 cultoribus
915 3770 1031 3808 praestet.

95 3810 315 3845 GoNNixus,
337 3809 368 3838 V.
391 3819 511 3839 cONNi
525 3819 601 3838 roa.

95 3848 119 3878 C
128 3846 174 3877 o‘N
187 3857 204 3875 N
215 3856 232 3875 o
241 3868 249 3882 ‚
271 3848 448 3885 [eumenum]
468 3851 522 3877 are.
544 3845 633 3876 Simul
642 3855 727 3881 nare3
750 3847 862 3884 proprie
871 3845 909 3875 est
923 3844 1049 3883 piscium.

95 3885 321 3917 CoNNA'rim
341 3886 411 3914 onis.
434 3886 452 3914 f.
477 3885 561 3915 Plaut.
583 3884 768 3913 Connationis
792 3884 888 3914 nostrae
906 3883 1040 3913 conscius.
1083 3885 1101 3914 i.
1119 3893 1143 3914 e.
1167 3884 1255 3923 Quod

133 3923 253 3952 eandem
265 3922 403 3951 adiremus
415 3923 571 3952 mulierem.
595 3922 727 3951 Perottus.

96 3960 119 3993 C
127 3971 144 3991 0
153 3971 172 3991 Ν
183 3970 208 4031 ικῦ
214 3964 229 3989 Ᾰ
240 3970 256 3988 r
266 3970 282 3988 o
294 3981 301 3993 .
310 3961 339 4029 l[
346 3961 508 3999 rmn‘mm]
529 3964 583 3991 are.
607 3959 696 3992 Simul
709 3964 811 3991 natare.
853 3959 993 3991 connatat
1007 3958 1163 3998 nobiscum,
1184 3959 1257 3992 dixit

220 4008 270 4029 oi...
325 4018 332 4029 2

1664 114 1694 173 C
1792 139 1827 174 O
1926 141 1961 175 N
2384 157 2457 197 649

1334 216 1492 284 Plaftit.stper
1502 219 1731 256 translationem,
1754 230 1804 259 pro
1816 220 1920 252 Rivalis
1930 223 1976 253 est.
2017 226 2058 256 Ex
2069 228 2170 259 eodem
2185 230 2303 262 Perotto.
2341 235 2396 264 Sed
2415 234 2454 263 lo-

1334 265 1363 284 CZ!
1389 266 1417 284 ru
1443 266 1469 285 (a
1480 266 1593 294 qu'z'ssl'as.

1298 291 1375 336 CoN
1388 297 1483 337 Nijiio
1498 317 1506 330 ,
1528 296 1583 333 psi,
1605 303 1684 339 ptum
1698 317 1706 331 ,
1727 298 1877 333 [συνοικίαν]
1898 299 1951 328 ὅτε.
1981 300 2163 333 Matrimonio
2179 306 2265 341 jungi.
2299 309 2377 346 Apul.
2399 310 2455 341 Ne.

1335 330 1535 376 scientibusque
1552 335 1713 377 parentibus
1724 356 1732 369 ,
1754 335 1871 372 puellari
1885 343 1965 366 aetate
1979 341 2225 378 connupseramus.

1299 369 1346 400 Co
1357 377 1406 410 NN
1416 379 1433 397 u
1444 379 1533 413 nrum
1544 393 1551 406 ,
1573 381 1602 414 i..
1613 381 1641 400 n.
1663 373 1841 408 [foraminum
1865 374 2012 411 ἑπτραμίοι]
2031 378 2080 413 Jus
2092 378 2207 414 legitimi
2221 383 2389 412 matrimonii
2415 386 2456 414 in-

1336 412 1396 442 quit
1413 406 1534 437 Servius.
1571 409 1630 437 Cic.
1645 420 1667 438 1.
1691 408 1749 438 Off.
1766 421 1808 445 54.
1842 411 2001 448 Sequuntur
2019 418 2163 447 connubia
2188 419 2213 447 ἃ
2234 407 2401 456 affinitates:
2421 432 2458 453 ei<

1335 444 1436 486 quibus
1447 446 1530 474 etiam
1542 442 1635 489 plur-es
1648 448 1808 484 propinqui.
1849 449 1960 486 Uipian.
1971 460 2066 484 actem
2077 455 2120 485 tit.
2132 465 2155 492 5.
2191 456 2372 487 Connubium
2415 461 2457 489 in-

1335 486 1412 547 guit.
1433 482 1471 510 est
1488 482 1585 511 Uxoris
1599 494 1659 519 jure
1670 485 1806 514 ducenda:
1818 486 1942 517 facultas.
2386 481 2394 495 ’

1362 520 1485 548 onnubia
1495 542 1502 554 ‚
1525 521 1679 557 Hymenaei.
1703 522 1776 560 vii-g.
1790 535 1815 558 4.
1828 524 1889 554 AEn.
1905 529 1966 560 316.

1421 557 1468 600 Per
1481 559 1623 587 connubia
1641 559 1745 594 nostra,
1768 571 1816 597 per
1829 563 1970 601 incoeptos
1988 566 2163 602 Hymenaeos.

1336 591 1446 623 Fulsere
1461 597 1572 630 ignes&
1582 592 1707 625 conscius
1719 598 1803 627 aether
1837 600 1991 633 Connubii.
2015 604 2085 641 Virg.
2098 617 2124 640 4.
2134 607 2195 638 AEn.
2208 607 2326 643 168.Ubi
2337 608 2448 641 Servius

1358 629 1441 660 Varro
1453 633 1539 667 dicit,
1563 635 1637 669 Aqua
1648 635 1738 670 &igni
1751 637 1951 679 maritiuxores
1963 643 2147 685 accipiebant.
2190 645 2270 675 Unde
2291 648 2317 677 δι
2334 648 2419 677 hodie
2431 632 2459 679 S}

1353 668 1429 697 faces
1440 670 1606 707 praelucent,
1630 672 1654 700 St
1673 681 1743 708 aqua
1760 681 1848 710 petita
1863 685 1912 712 per
1932 678 2117 709 felicissimum
2140 692 2256 719 puerum
2275 684 2319 713 vel
2338 685 2460 722 aliquam

1356 707 1527 774 gggllljppride
1539 718 1610 746 puro
1622 709 1715 745 fonte,
1739 712 1985 752 interestnuptiis‚
2015 718 2051 747 de
2064 728 2118 755 qua
2135 721 2304 752 nubentibus
2315 722 2462 763 solentpe-

1335 779 1475 819 Particeps
1486 783 1621 812 connubii
1633 783 1738 817 Regina
1753 785 1838 821 Jiino.
1861 787 1920 818 Cic.
1934 789 2030 828 Anteq.
2042 792 2094 823 iret
2101 793 2131 823 >in
2145 794 2212 826 exi-l.
2225 804 2274 834 24.

1336 816 1485 849 Connubia
1496 828 1607 858 patrum
1619 823 1644 850 ἅ
1654 822 1753 857 plebis.
1777 824 1833 854 Liv.
1845 836 1871 861 4.
1888 836 1910 855 1.
1925 829 1951 856 δε
1960 828 2033 867 seqq.

1335 855 1409 886 Laeta
1419 859 1570 887 connubia.
1593 858 1791 897 Catul.Argon.
1804 867 1848 892 62.
1864 873 1925 898 141.

1336 893 1386 924 Par
1397 896 1582 926 connubium.
1603 896 1734 927 Catul.in
1746 899 1836 930 Carm.
1848 908 1928 940 nupt.
1945 905 1990 933 60.
2007 911 2051 942 57.

1335 932 1502 962 Promiscua.
1528 933 1585 963 Liv.
1600 945 1627 969 4.
1644 944 1670 964 2.

1332 970 1451 1000 Stabile.
1475 971 1547 1009 Virg.
1566 981 1589 1001 1.
1604 971 1666 1002 AEn.
1680 979 1725 1010 73.

1360 1045 1367 1051 ⁸
1408 1006 1570 1052 ‘Connubio
1585 1009 1702 1054 jungam
1722 1007 1828 1047 stabili,
1847 1013 1899 1042 &c.
2075 1013 2118 1048 De
2136 1018 2217 1050 firmo
2239 1027 2374 1061 certoque
2391 1034 2462 1056 con-

1354 1055 1434 1090 jugio
1446 1068 1454 1081 ,
1481 1057 1534 1076 nec
1561 1048 1683 1077 divortio
1699 1058 1821 1086 unquam
1839 1050 1997 1082 dirimendo
2017 1052 2126 1085 dicitur.
2168 1057 2225 1088 Cic.
2237 1069 2262 1089 2.
2280 1061 2387 1100 Philipp

1325 1110 1327 1113 .
1356 1083 1442 1113 Curio
1458 1090 1485 1114 te
1497 1086 1526 1114 in
1535 1085 1714 1115 matrimonio
1724 1086 1811 1116 stabili
1825 1097 1857 1118 ac
1869 1095 1945 1118 certo
1954 1089 2066 1122 locavit.
2106 1091 2255 1127 Turnebus
2265 1104 2357 1128 tamen
2372 1076 2464 1131 ita34:

1355 1121 1470 1159 pellaffe
1481 1130 1587 1152 veteres
1602 1124 1756 1160 existimat,
1779 1124 1856 1155 velut
1864 1127 1985 1164 quodam
1998 1130 2096 1160 omine
2107 1132 2282 1164 stabilitatem
2305 1138 2330 1166 &
2350 1113 2463 1170 firmig-

1353 1164 1415 1203 'tem
1431 1161 1610 1190 matrimonio
1621 1170 1787 1206 augurantes
1798 1185 1805 1198 ,
1828 1173 1913 1208 quum
1922 1165 2072 1203 praesertim
2086 1177 2172 1199 nemo
2184 1174 2294 1210 nuptias
2305 1178 2453 1207 contrahat

1356 1197 1405 1226 nisi
1417 1197 1463 1236 spe
1472 1198 1672 1236 permansionis
1681 1202 1707 1229 &
1720 1200 1920 1232 diuturnitatis.
2452 1199 2463 1214 ⁹

1334 1235 1486 1265 Connubia
1500 1246 1565 1265 cuni
1578 1236 1712 1267 finitimis.
1736 1238 1791 1268 Liv.
1807 1249 1830 1268 1.
1847 1250 1873 1275 9.
1892 1250 1934 1278 pr.

1335 1273 1520 1303 Connubium
1529 1274 1688 1312 adipiscitur
1699 1276 1781 1313 virgo.
1803 1276 1892 1308 Catul.
1910 1279 1939 1308 in
1949 1277 2039 1310 Carm.
2052 1286 2132 1320 nupt.
2145 1285 2189 1312 60.
2207 1293 2250 1322 57.

1431 1311 1528 1348 Quum
1540 1322 1589 1350 par
1599 1313 1773 1343 connubium
1786 1323 1894 1344 maturo
1907 1324 2034 1355 tempore
2050 1320 2152 1358 adepta
2164 1321 2202 1351 est

1335 1387 1338 1389 Β
1432 1350 1501 1380 Cara
1511 1351 1570 1379 viro
1581 1352 1677 1388 magis.
1771 1352 1813 1382 De
1822 1354 1930 1389 virgine
1941 1355 2074 1393 loquitur.

1335 1386 1485 1417 'Celebrare
1497 1389 1681 1418 connubium.
1704 1388 1802 1420 Claud.
1816 1391 1851 1421 de
1861 1392 1985 1431 Magnet.
1998 1402 2045 1432 27.

1335 1425 1525 1462 Coniungere.
1568 1426 1599 1455 V.
1622 1437 1639 1455 c
1649 1437 1665 1455 0
1677 1436 1718 1461 NJ
1730 1438 1748 1456 u
1756 1437 1776 1456 N
1784 1438 1803 1457 G
1811 1439 1836 1459 o.

1338 1463 1487 1501 Desponsa.
1510 1463 1600 1494 Catul.
1611 1465 1641 1493 in
1654 1464 1745 1495 Carm.
1756 1475 1836 1505 nupt.
1852 1470 1898 1497 60.
1916 1476 1963 1506 27.

1338 1501 1483 1531 Dirimere.
1503 1502 1562 1531 Liv.
1573 1513 1599 1539 4.

1338 1538 1450 1569 Donare
1460 1540 1624 1570 muneribus
1632 1540 1775 1571 connubia
1785 1541 1911 1580 alicujus.
1934 1544 2019 1575 Ovid.
2033 1554 2045 1575 1
2053 1556 2076 1576 ι.
2092 1545 2175 1586 Epist.
2187 1557 2234 1585 99.

1337 1575 1467 1607 Firmare.
1489 1578 1579 1608 Catul.
1591 1579 1620 1607 in
1630 1578 1721 1608 Carni.
1733 1587 1812 1618 nupt.
1826 1586 1870 1611 60.
1885 1591 1931 1616 27.

1420 1616 1476 1652 Qui
1487 1615 1540 1645 des
1556 1616 1621 1646 onsa
1631 1622 1678 1653 tua
1689 1617 1781 1647 firmes
1794 1620 1937 1650 connubia
1946 1620 2067 1652 flamma.

1338 1652 1454 1691 Fugere.
1477 1653 1531 1683 Ovi
1556 1677 1562 1683 .
1580 1665 1620 1689 14.
1636 1654 1704 1684 Met.
1714 1659 1759 1690 ⁶9-

1338 1690 1422 1721 Inire.
1447 1691 1532 1721 Ovid.
1545 1701 1572 1729 2.
1585 1693 1678 1722 Amor.
1690 1702 1715 1728 7.
1729 1703 1775 1723 21.

1339 1728 1460 1767 Jungere
1470 1730 1614 1759 connubio
1623 1730 1744 1770 aliquam
1754 1732 1846 1773 alicui.
1867 1730 1942 1771 Virg.
1957 1744 1979 1764 1.
1989 1734 2052 1765 AEn.
2066 1742 2112 1772 ¹73.
2194 1753 2232 1759 —
2243 1736 2411 1779 Deiopeiam

1422 1768 1574 1797 Connubio
1584 1769 1697 1805 jungam
1708 1770 1795 1799 stabili
1808 1792 1816 1806 ‚
1838 1773 2035 1810 propriamque
2052 1774 2163 1805 dicabo.

1338 1803 1372 1835 In
1388 1807 1533 1835 connubio
1543 1813 1614 1836 natae
1626 1806 1804 1845 thalamoque
1823 1815 1956 1840 moratur.
1978 1811 2052 1849 Virg.
2065 1821 2091 1849 7.
2107 1813 2170 1843 AEn.
2181 1823 2246 1852 253.
2287 1817 2467 1856 Cogitatione

1338 1880 1340 1883 r
1359 1853 1471 1881 nempe.

1338 1880 1498 1911 Connubiis
1510 1903 1518 1917 ‚
1539 1881 1663 1919 arvisque
1672 1883 1752 1913 novis
1761 1890 1874 1921 operata
1885 1886 2024 1921 iuventus.
2046 1887 2120 1925 Virg.
2134 1897 2158 1924 3.
2172 1889 2233 1919 [En.
2249 1896 2309 1927 136.
2332 1894 2349 1922 i.
2363 1904 2387 1924 e.
2409 1896 2470 1931 (ait

1358 1919 1493 1955 Servius)
1515 1919 1632 1949 Perfecit
1641 1920 1896 1960 sacrificia-propter
1906 1925 2046 1954 connubia
2056 1927 2082 1955 δι
2093 1936 2178 1956 novas
2194 1927 2273 1959 sedes
2284 1952 2292 1964 ,
2314 1933 2378 1968 quia
2390 1934 2468 1970 apud

1359 1964 1467 1987 veteres
1478 1967 1651 2003 neque'uxor
1662 1959 1738 2002 duci,
1750 1970 1841 2004 neque
1852 1971 1914 1999 ager
1923 1963 1991 1992 arari
2001 1962 2058 1994 sine
2071 1963 2210 1996 sacrificiis
2218 1970 2337 2005 peractis
2346 1977 2468 2008 poterat.

1338 1994 1435 2024 Petere
1451 1996 1592 2025 connubia
1606 1997 1731 2033 alicujus.
1755 1998 1826 2036 Virg.
1837 2010 1863 2034 4.
1879 2000 1940 2030 AEn.
1955 2009 2018 2037 534.

1338 2032 1467 2063 Permista
1478 2034 1621 2064 connubio
1637 2034 1819 2074 Troglodytis
1833 2037 1983 2075 AEthiopia.
2025 2038 2093 2068 Plin.
2106 2039 2154 2070 lib.
2169 2051 2209 2071 12.
2226 2051 2286 2082 cap.
2303 2054 2345 2081 ¹9·
2367 2046 2470 2077 Cinna-

1360 2081 1439 2101 mum
1450 2071 1569 2101 nascitur
1578 2073 1606 2101 in
1619 2073 1760 2110 AEtliiopia
1773 2074 1955 2113 Troglodytis
1969 2077 2114 2107 connubio
2123 2080 2262 2117 permista.

1339 2107 1487 2147 Repellere
1497 2110 1639 2139 connubia
1649 2110 1775 2147 alicujus.
1798 2112 1867 2150 Virg.
1880 2123 1907 2148 4.
1923 2113 1986 2144 AEn.
1997 2123 2062 2152 214.

1339 2147 1462 2177 Sancite.
1486 2147 1584 2190 Claud.
1600 2148 1720 2185 Epithal.
1737 2149 1838 2180 Pallad.
1854 2159 1915 2186 129.

1341 2185 1457 2215 Servare
1467 2185 1594 2221 alicuius.
1617 2186 1689 2224 Virg.
1702 2196 1727 2222 3.
1738 2187 1799 2217 AEn.
1813 2198 1877 2224 319-
1899 2189 1917 2218 i.
1929 2199 1953 2218 e.
1974 2188 2086 2220 Tenere
2096 2210 2109 2227 ,
2134 2191 2174 2222 ait
2183 2192 2302 2224 Servius.
2324 2203 2356 2226 ut
2366 2216 2377 2233 ,

1423 2223 1455 2252 Et
1465 2233 1540 2253 nunc
1550 2223 1636 2253 servat
1644 2223 1738 2254 honos
1748 2225 1842 2255 sedem
1858 2233 1920 2256 tuus
1931 2249 1938 2262 ‚
1959 2227 2071 2265 ossaque
2081 2239 2198 2261 nomen.

1339 2260 1456 2291 Sociare
1467 2261 1616 2291 connubiis
1627 2268 1730 2292 natam.
1754 2263 1826 2301 Virg.
1840 2273 1865 2300 7.
1879 2264 1939 2294 AEn.
1954 2269 2000 2300 96.

1424 2300 1467 2329 Ne
1479 2304 1543 2337 pete
1554 2300 1703 2329 connubiis
1713 2306 1809 2330 natam
1825 2302 1929 2331 sociare
1939 2302 2052 2334 Latinis.

1342 2337 1441 2367 Subire
1452 2337 1596 2367 connubia
1607 2337 1732 2368 barbara.
1754 2339 1852 2368 Claud.
1867 2340 1933 2370 Beli.
1945 2341 2019 2372 Gild.
2034 2352 2095 2377 191.
2117 2342 2230 2375 Nubere
2241 2343 2371 2377 barbaris.

1343 2375 1443 2404 Vitare.
1465 2375 1530 2404 Sen.
1545 2375 1661 2413 Hippol.
1673 2385 1699 2405 2.
1726 2377 1746 2406 i.
1760 2387 1784 2407 e.
1808 2378 1941 2408 Caelibem
1953 2379 2039 2409 vitam
2053 2390 2142 2418 agere.

1340 2412 1524 2443 Connubium
1536 2435 1545 2449 ,
1567 2423 1586 2442 N
1595 2423 1615 2442 υ
1633 2413 1767 2452 syllabam
1779 2421 1876 2445 natura
1885 2415 1999 2453 longam
2014 2417 2097 2447 habet
2111 2418 2146 2448 ab
2157 2428 2192 2449 eo
2203 2420 2279 2457 quod
2287 2421 2326 2451 est
2336 2422 2450 2454 Nubere
2458 2431 2471 2456 ζ

1360 2458 1394 2481 ut
1408 2451 1478 2488 Virg.
1492 2461 1519 2485 4.
1531 2451 1593 2481 AEn.
1606 2461 1671 2487 214.
1868 2455 2055 2485 —connubia
2065 2456 2156 2487 nostra

1423 2488 1567 2526 Reppulit.
1649 2489 1704 2518 Sed
1716 2489 1796 2519 metri
1807 2490 1885 2520 causa
1895 2493 2030 2530 corripuit
2039 2495 2066 2524 &
2079 2504 2104 2528 4.
2123 2495 2186 2525 ffin.
2203 2498 2265 2526 126.

1425 2526 1575 2556 Connubio
1583 2527 1697 2563 jungam
1708 2527 1804 2557 stabili.
1886 2529 1928 2559 Ex
1942 2530 2046 2562 Servio.
2074 2531 2151 2563 Hinc

1306 2564 1490 2595 ὈοΝΝῦΒι
1502 2575 1588 2594 ALls
1602 2587 1609 2600 ‚
1632 2564 1832 2602 [ἐπηαμικρς]
1853 2567 1914 2602 Adi.
1936 2575 1982 2604 ut,

1345 2603 1464 2632 Carmen
1475 2603 1646 2632 connubiale
1658 2625 1665 2638 ‚
1687 2602 1914 2640 Epithalamium.
1935 2605 2032 2637 Claud.
2045 2617 2072 2644 4.
2085 2607 2166 2638 Coris.
2180 2608 2286 2640 Honor.
2296 2613 2362 2648 649.

1345 2641 1444 2670 Vincla
1456 2640 1646 2671 connubialia.
1668 2641 1737 2671 Stat.
1751 2652 1774 2677 ς.
1788 2642 1880 2673 Theb.
1894 2653 1956 2674 112.

1307 2678 1330 2708 C
1340 2689 1357 2707 o
1367 2688 1387 2707 N
1397 2689 1416 2707 N
1427 2689 1444 2707 u
1456 2689 1471 2707 a
1481 2689 1490 2707 i
1501 2688 1539 2709 us
1550 2701 1557 2713 ,
1578 2689 1611 2723 a,
1632 2689 1690 2723 um:
1712 2679 1792 2716 Apul.
1809 2680 1880 2710 Met.
1892 2692 1917 2716 9.
1937 2692 1964 2720 p.
1977 2691 2041 2718 230.
2063 2681 2214 2714 Connubia
2223 2684 2284 2723 lege
2294 2685 2419 2719 sociatas.

1307 2717 1500 2746 CoNNfino
1512 2738 1520 2751 ,
1538 2717 1709 2753 ’[ὶοιυςωμνω]
1730 2720 1785 2747 εἶτε.
1808 2718 1877 2748 Plin.
1898 2719 1946 2749 lib.
1964 2726 2009 2754 ²8·
2034 2730 2095 2759 cap.
2114 2731 2139 2758 7.
2175 2722 2236 2758 Jam
2261 2725 2382 2760 primum
2400 2727 2475 2765 abigi

1343 2750 1497 2798 grandines
1504 2754 1681 2793 turbinesque
1690 2777 1699 2791 ,
1721 2763 1818 2786 contra
1829 2756 1937 2795 fulgura
1947 2758 2003 2797 ipsa
2012 2759 2042 2788 in
2051 2759 2145 2790 mense
2155 2762 2316 2793 connudata
2324 2784 2332 2796 ‚
2353 2764 2390 2794 sic
2400 2775 2476 2795 aver.

1347 2800 1368 2822 ti
1383 2792 1546 2822 Violentiam
1554 2792 1624 2823 caeli.

1309 2830 1508 2865 CONoioas
1521 2853 1528 2866 ‚
1557 2831 1587 2860 V.
1610 2840 1742 2861 coNus.

1307 2869 1533 2912 CoNoNiist
1543 2877 1596 2904 as,
1618 2866 1694 2907 apud
1717 2867 1785 2899 Plin.
1803 2869 1889 2906 lib.3.
1911 2881 1973 2911 cap.
1986 2883 2013 2909 4.
2046 2872 2142 2903 Galliae
2161 2873 2348 2907 Narbonensis
2374 2878 2476 2917 populi

1348 2906 1411 2936 sunt
1421 2929 1428 2941 ,
1450 2907 1602 2943 Aquitaniae
1614 2908 1792 2937 contermini.

1311 2944 1359 2975 Co
1372 2954 1391 2973 N
1403 2954 1420 2974 0
1431 2953 1451 2973 Ν
1462 2966 1470 2978 ,
1490 2945 1562 2974 onis.
1586 2954 1623 2974 m.
1646 2946 1766 2981 [Κόνων]
1787 2945 1851 2976 Dux
1867 2947 2038 2977 Atheniensis
2047 2970 2055 2983 ‚
2075 2955 2198 2987 acceptae
2210 2949 2321 2980 cladisa
2334 2951 2476 2989 Lysandro

1348 2982 1564 3012 Lacedaemonio
1574 2982 1673 3012 dolore
1684 3004 1693 3018 ,
1715 2982 1814 3021 sponte
1827 2984 1896 3014 abiit
1909 2986 1940 3014 in
1953 2985 2068 3016 exilium
2089 2987 2124 3015 ad
2144 2989 2322 3019 Artaxerxem
2335 2990 2476 3023 Persarum

1347 3030 1443 3064 regem
1455 3042 1463 3055 ‚
1485 3021 1514 3049 in
1535 3020 1574 3057 Cy
1597 3030 1667 3051 rum.
1689 3022 1771 3058 cujus
1790 3022 1896 3052 auxilio
1909 3023 2027 3053 libertati
2046 3025 2298 3062 patriamtestituit
2310 3049 2317 3062 ,
2339 3030 2382 3057 cui
2402 3030 2478 3066 prius

1346 3058 1509 3126 'sl'ewitutem
1521 3065 1578 3088 attu
1593 3065 1659 3089 erat.
1700 3059 1802 3089 Auster
1815 3058 1974 3091 Plutarchus
1985 3063 2010 3091 &
2024 3061 2223 3093 Demosthenes
2246 3065 2275 3093 iri
2294 3067 2420 3097 oratione
2437 3068 2477 3098 ad

1373 3103 1509 3134 eptinem.

1349 3130 1414 3165 Fuit
1428 3135 1454 3164 ἃ
1464 3133 1532 3164 alter
1543 3133 1666 3170 eiusdem
1677 3136 1800 3165 nominis
1811 3135 2026 3166 Mathematicus
2038 3159 2046 3172 ,
2067 3147 2150 3174 quem
2161 3138 2286 3169 Catullus
2297 3141 2325 3170 in
2341 3140 2428 3180 elegia
2437 3144 2478 3174 de

1369 3173 1458 3202 Coma
1467 3172 1616 3202 Berenices
1626 3183 1651 3202 v.
1665 3183 1690 3207 7.
1704 3174 1870 3203 introduxit.
1893 3174 1941 3204 ubi
1961 3172 1992 3204 Is:
2008 3174 2081 3204 Voss.
2095 3175 2125 3205 V.
2166 3176 2208 3206 De
2236 3178 2290 3208 hoc
2309 3179 2479 3212 intellexisse

1368 3210 1516 3247 Virgilium
1527 3212 1624 3240 auetor
1639 3211 1677 3240 est
1687 3211 1799 3241 Servius
1813 3221 1837 3247 ³-
1855 3212 1948 3249 Eclog.
1962 3223 2007 3247 40.

1429 3247 1460 3277 ln
1473 3249 1568 3277 medio
1578 3248 1635 3277 duo
1647 3249 1719 3286 figna
1730 3270 1739 3285 ,
1760 3250 1878 3278 Conon:
1902 3252 1927 3279 Sc
1940 3251 1998 3288 quis
2006 3251 2058 3280 fuit
2068 3251 2136 3281 alter
2145 3253 2159 3281 ἰ)
2289 3253 2412 3293 Propert.
2428 3256 2479 3289 lib.

1368 3296 1395 3322 4.
1410 3296 1432 3315 1.
1445 3295 1491 3322 79.
1574 3286 1675 3321 Horos,
1694 3288 1718 3316 ἂ
1731 3297 1744 3315 a
1756 3297 1858 3324 proavo
1870 3288 1954 3317 ducta
1967 3289 2084 3318 Conone
2095 3289 2206 3320 domus.

1313 3324 1362 3355 Co
1371 3334 1390 3353 N
1401 3327 1418 3354 ὅ
1427 3333 1441 3352 1³
1451 3334 1469 3352 A
1481 3333 1493 3353 s
1503 3345 1511 3359 ‚
1530 3325 1548 3360 '[
1558 3323 1706 3359 Κωνώπως]
1727 3323 1853 3354 Minimae
1870 3326 1976 3355 staturae
1996 3336 2084 3356 nanus
2098 3328 2151 3357 fuit
2163 3350 2171 3361 ,
2193 3329 2313 3360 duorum
2333 3331 2438 3368 pedum
2451 3334 2480 3362 dc

1372 3361 1597 3429 la'lmilabltitudine
1607 3384 1615 3397 ,
1640 3370 1723 3400 quein
1736 3362 1810 3398 Julia
1827 3363 1937 3400 Augusti
1958 3365 2050 3403 neptis
2074 3365 2104 3394 in
2126 3366 2235 3396 deliciis
2246 3368 2352 3399 habuit.
2377 3370 2480 3401 Auctor

1383 3410 1419 3429 in.
1447 3411 1453 3429 i
1477 3410 1521 3437 .7.
1539 3410 1600 3437 cap.
1616 3405 1657 3429 16.

1314 3437 1364 3468 Cf)
1375 3448 1394 3467 N
1406 3442 1423 3468 ὃ
1433 3448 1445 3466 a
1457 3448 1471 3467 iz
1482 3459 1490 3473 ‚
1511 3447 1549 3467 es.
1573 3436 1726 3473 [Karoia-n]
1747 3438 1909 3468 Acarnaniae
1923 3439 1986 3469 urbs
1995 3439 2043 3476 est,
2070 3441 2136 3472 teste
2146 3442 2278 3481 Stephan.
2291 3444 2369 3479 cujus
2377 3445 2482 3476 incolae

1352 3475 1487 3513 Conopaei
1498 3474 1630 3504 dicuntur
1638 3477 1664 3505 ἃ
1675 3476 1833 3513 Conopi'tae.

1316 3514 1392 3545 CoN
1402 3518 1419 3543 ὅ
1429 3517 1492 3543 piu
1502 3525 1522 3541 M
1535 3535 1542 3548 ‚
1563 3513 1581 3542 i.
1604 3523 1631 3542 n.
1654 3514 1830 3550 [ammaon]
1852 3513 2020 3545 Tentorium
2035 3515 2080 3545 seu
2090 3516 2200 3552 velum,
2222 3519 2249 3548 &
2266 3519 2374 3557 papilio
2391 3520 2438 3551 ille
2449 3522 2484 3551 li-

1353 3562 1432 3588 neus,
1444 3551 1488 3580 vel
1498 3550 1605 3593 laneus,
1620 3550 1665 3580 seu
1681 3551 1877 3588 bombycinus,
1890 3554 1937 3590 qui
1949 3553 2031 3582 thoro
2042 3555 2230 3585 circumdatur
2241 3557 2275 3585 ad
2286 3559 2422 3589 arcendos
2434 3570 2483 3589 cu-

1352 3590 1430 3621 lices.
1445 3595 1475 3617 ut
1489 3589 1528 3617 ait
1541 3588 1649 3617 Vallain
1662 3588 1855 3619 Raudensem:
1879 3600 1934 3626 quo
1945 3592 2067 3621 maxime
2078 3599 2195 3623 utuntur
2204 3593 2391 3632 Alexandrini,
2405 3598 2483 3635 quod

1354 3636 1389 3657 ex
1398 3626 1465 3657 Nilo
1477 3626 1582 3655 culices
1593 3627 1738 3655 confluant
1752 3648 1760 3661 ,
1784 3627 1950 3663 quosGraeci
1964 3628 2079 3657 animm-zu
2094 3631 2200 3661 dicunt.
2225 3632 2324 3668 Juven.
2334 3637 2359 3663 6.
2376 3636 2430 3664 Sat.
2445 3643 2484 3670 80

1434 3664 1470 3693 Ut
1479 3663 1637 3693 testudineo
1649 3665 1698 3693 tibi
1710 3664 1827 3694 Lentule
1836 3675 1978 3704 conopeo.
2060 3665 2242 3699 Testudineo.
2261 3671 2279 3700 i.
2288 3680 2313 3701 e.
2331 3672 2363 3701 In
2374 3683 2482 3704 morem

1354 3703 1500 3733 testudinis
1511 3723 1519 3735 ,
1542 3701 1587 3730 seu
1599 3710 1716 3731 camerae
1726 3703 1882 3740 incurvato.
1899 3705 1950 3740 fait
1963 3714 1993 3731 en
2003 3712 2092 3734 voute.
2117 3706 2212 3737 Versus
2221 3708 2259 3737 est
2271 3709 2447 3747 spondaicus.

1355 3740 1465 3771 Dicitur
1477 3741 1503 3768 ἅ
1515 3738 1594 3767 Cono
1615 3741 1682 3769 ‘eui-n
1695 3761 1702 3772 ‚
1725 3740 1766 3768 vel
1779 3740 1950 3778 Conopium.
1972 3742 2039 3771 Hor.
2051 3741 2142 3781 Epod.
2154 3755 2179 3781 9,
2195 3750 2238 3775 16.

1447 3776 1579 3813 Interque
1603 3787 1666 3814 igna
1677 3800 1683 3810 ,
1706 3784 1786 3815 turpe
1797 3799 1805 3812 ,
1827 3779 1957 3808 militaria

1552 3814 1599 3843 Sol
1609 3814 1886 3852 aspicirconopeum.
1983 3815 2102 3856 propert.
2113 3819 2162 3850 lib.
2177 3830 2199 3858 3.
2215 3832 2240 3858 9.
2253 3833 2299 3858 45.

1354 3888 1357 3890 -
1436 3848 1577 3888 Foedaque
1585 3852 1707 3889 Tarpeio
1715 3854 1835 3890 conopia
1845 3853 1961 3883 tendere
1971 3854 2046 3885 saxo.

1321 3890 1526 3921 ΟὸΝδΡιοΝ
1538 3911 1545 3923 ,
1568 3889 1732 3925 [Κωνώπιον]
1754 3890 1900 3929 Oppidum
1922 3892 1974 3921 suit
1999 3894 2033 3922 ad
2053 3893 2181 3925 Maeotim
2197 3919 2205 3931 ‚
2228 3897 2275 3927 ubi
2297 3897 2379 3927 lunos
2396 3898 2485 3936 pisces

1358 3929 1435 3957 aiunt
1445 3927 1543 3964 praedae
1556 3935 1632 3963 parte
1643 3928 1798 3957 conductos
1812 3951 1819 3964 ,
1842 3929 2010 3967 piscatorum
2023 3933 2091 3962 retia
2105 3934 2253 3965 asservare:
2275 3927 2405 3966 mer‘cede
2417 3946 2484 3966 vero

1357 3965 1497 3996 ftaudatos
1507 3985 1516 4002 5
1537 3966 1606 3995 retia
1615 3966 1640 3996 ἃ
1652 3966 1774 4004 praedam
1785 3967 1923 4006 populari.
1946 3969 2047 3999 Auctor
2056 3971 2189 4009 stephan.

1869 4005 1979 4037 Nnnn
2366 4010 2482 4041 Cauo-
