2604 4222
158 100 265 147 Μ’
614 94 642 130 Α
736 90 770 126 u
849 89 871 126 s

197 181 277 212 Mare
291 179 439 211 Ausonium
452 200 460 214 ,
480 187 542 217 pars
553 176 636 206 maris
651 172 806 209 Tyrrheni,
827 181 843 200 a
859 166 1012 206 Campania
1021 163 1146 196 Siciliam
1155 159 1255 192 versus.

198 218 305 256 Lingua
317 218 449 252 Ausonia,
471 217 488 245 i.
504 226 529 245 e.
550 215 653 244 Latina.
675 211 759 242 Ovid.
776 221 800 245 ς.
815 208 897 239 Trist.
911 216 936 244 7.
950 210 995 235 61.

199 257 295 286 Terra.
319 257 390 293 Virg.
401 267 427 291 4.
444 255 506 284 ffin.
521 263 583 288 349.

199 294 303 324 Tibris.
323 294 395 331 Virg.
407 304 430 327 ς.
448 293 509 322 AEn.
523 296 568 326 83.

164 331 185 362 Α
195 343 212 362 u
225 343 237 362 s
247 343 264 362 o
274 342 293 361 N
304 333 374 360 inffl
385 353 393 366 ,
412 333 500 359 ¹Erum.
524 338 561 357 m.
583 326 621 364 pl.
643 324 715 368 Virg.
731 332 773 352 10.
790 321 852 352 AEn.
868 322 930 357 563.

396 384 431 387 —
440 366 587 396 ditissimus
603 373 659 400 agri
670 384 678 396 ,
851 394 857 401 .
958 391 964 397 .

284 406 341 442 Qui
356 406 408 435 suit
419 404 595 433 Ausonidum.
677 399 728 428 Pro
739 397 872 427 Romanis
886 391 979 430 posuit
996 390 1098 420 Lucan.
1113 399 1138 425 9.
1149 397 1213 424 999.

202 442 354 482 Usurpatur
365 445 390 473 ἃ
405 441 545 484 Adjedtive
562 446 616 468 tam
629 437 663 466 de
676 436 767 465 Rebus
779 442 861 470 quam
872 431 907 460 de
917 428 1050 460 Personis.
1070 427 1118 459 Sil.
1130 427 1208 461 lib.9.
1221 429 1284 461 187.

297 475 869 551 ..soaffi‘i-‘sssssffizps‘ffffi3332‘8333?2.
887 505 953 550 12...
1114 540 1119 546 ,

169 557 190 589 Α
200 566 219 585 u
227 566 239 585 s
248 565 265 585 o
276 565 297 584 N
307 567 315 584 1
327 566 344 584 u
355 566 366 584 s
379 577 386 590 ‚
410 551 580 590 [Avo-bvacon]
599 549 727 587 Sophista
737 569 745 583 ‚
766 546 869 583 scripsit
879 543 1007 582 epistolas
1017 564 1026 578 ,
1048 542 1075 572 δι
1085 539 1138 570 aha
1152 537 1279 577 quaedam
1287 535 1323 567 ad

205 594 356 628 Nonnum,
380 600 411 621 ut
422 593 459 620 ait
468 590 574 620 Suidas.
599 625 606 631 .

206 630 269 662 Fuit
282 633 307 660 &
320 631 450 660 Decimus
467 627 530 661 (vel
540 627 605 656 Deci
1215 653 1220 657 Ι

227 669 319 702 lensis,
341 666 542 696 Grammaticus
552 664 656 693 Rhetor
666 663 691 692 &
703 669 786 699 poeta
795 657 956 688 clarissimus
966 679 974 691 ,
997 656 1087 692 Impp.
1099 653 1222 683 Gratiam
1237 652 1262 680 ἃ
1276 650 1326 679 Va-

225 706 369 736 lentiniani
380 703 495 740 junioris
510 710 680 739 praeceptor,
702 701 727 729 Sc
747 699 774 727 A.
790 697 821 726 V.
849 705 896 730 113
908 706 927 724 i.
948 694 1060 730 cqu.
1078 691 1196 729 Olybrio
1208 688 1261 719 cos
1279 698 1326 717 cu-

226 744 268 779 jus
277 749 371 772 extant
385 743 514 771 Poemata
523 762 531 775 ,
553 741 577 769 ἃ
588 739 717 775 Panegyr.
728 736 859 766 Gratiano
871 734 937 762 diet.

169 781 191 812 A
201 790 219 809 u
228 791 240 810 s
250 791 263 809 P
271 791 286 809 iz
295 790 311 809 x
322 802 330 816 ,
350 781 409 809 icis.
429 789 466 808 m.
479 773 655 813 [olavonia&‚
667 775 844 808 οιωησκόπςῷη,
854 767 1119 805 οἱωωμρένΖςᾞἙέὶυε
1131 767 1169 797 est
1180 765 1213 794 ab
1226 763 1326 794 Avibus

208 817 382 856 aspiciendis,
394 815 630 854 quemadmodum
638 815 663 843 δι
674 809 983 849 Aruspex.Transl.Dux
993 813 1150 845 coeptorum
1158 803 1203 834 vel
1216 803 1323 831 Auctor.

208 855 317 893 Auspex
327 855 403 892 legis.
426 854 483 882 Cic.
499 862 525 882 2.
546 853 600 881 Att.
613 861 638 887 7.
660 850 737 887 Quid
750 849 869 886 quaeris?
891 855 1017 876 acueram
1027 854 1071 874 nie
1082 844 1117 873 ad
1132 839 1327 883 exagitandam

228 893 301 923 hanc
310 894 368 928 ejus
378 892 564 928 legationem:
589 899 671 926 quani
687 888 703 916 si
716 887 763 916 ille
773 886 948 920 contemnit,
966 886 991 914 ἃ
1003 883 1020 912 si
1043 884 1095 917 (ut
1103 881 1197 909 scribis
1209 879 1221 914 )
1241 877 1328 906 bilem

227 931 256 974 id
266 936 442 965 commovet,
465 926 633 959 &latoribus
648 928 674 956 ἃ
685 924 843 963 auspicibus
852 923 920 961 legis
931 922 1048 952 Curiatae
1057 916 1244 958 spectaculum
1253 923 1329 952 egre-

244 977 310 998 ium.

206 979 337 1043 Aiispices
356 1005 533 1035 victoriarum
550 1002 621 1041 pulli
644 1000 798 1039 gallinacei.
840 998 910 1029 plin.
926 996 974 1027 lib.
989 1006 1031 1026 ιο.
1045 1005 1107 1033 cap.
1119 1003 1164 1024 21.
1193 990 1330 1022 Vidtoria·

226 1053 287 1073 rum
301 1043 427 1073 omnium
437 1049 500 1072 toto
511 1041 578 1071 orbe
592 1039 725 1077 auspices.

208 1081 288 1112 Musa
298 1081 424 1119 auspice:
447 1081 464 1109 i.
477 1090 500 1109 e.
522 1080 608 1109 Duce.
632 1077 698 1107 Hor.
714 1086 738 1105 1.
752 1075 834 1114 Epist.
848 1083 873 1111 3.
886 1082 929 1111 13.

207 1118 315 1149 Phoebo
325 1118 443 1156 auspice.
465 1119 532 1148 Stat.
547 1127 571 1146 2.
588 1115 661 1153 Sylv.
678 1125 703 1144 2.
718 1123 760 1150 39.

208 1157 342 1187 Providus
352 1156 462 1194 auspex.
481 1155 550 1185 Hor.
565 1164 589 1190 3.
604 1154 694 1184 Carni.
707 1161 751 1188 27.
764 1160 789 1180 2.

208 1194 338 1232 Auspices
350 1194 431 1224 etiam
441 1193 623 1226 dicebantur,
645 1189 764 1220 Pronubi
784 1189 800 1224 [
809 1184 999 1223 παρρίννμφοι]
1020 1184 1066 1221 qui
1083 1181 1253 1212 nubentibus
1263 1180 1329 1209 ade-

226 1239 296 1263 rant.
318 1242 381 1262 cum
393 1231 466 1261 consi
488 1238 597 1260 naretur
607 1231 658 1259 dos
669 1251 676 1263 ,
697 1229 722 1256 ἃ
734 1225 874 1264 nuptiales
885 1223 986 1253 tabulae
997 1221 1240 1260 perscriberentur.
1263 1218 1322 1247 Cic.

228 1280 280 1309 pro
291 1269 401 1300 Cluent.
415 1280 455 1305 14.
470 1241 567 1298 Iqubit
577 1276 679 1305 genero
700 1265 810 1297 socrus,
831 1262 916 1292 nullis
934 1260 1091 1298 auspicibus
1104 1281 1111 1292 ,
1133 1258 1217 1287 nullis
1234 1257 1329 1285 auclo-

228 1308 313 1338 ribus.
355 1307 440 1337 Plaut.
459 1306 516 1336 Cas.
534 1306 603 1344 prol.
616 1309 657 1337 86.
698 1301 1047 1338 Ultroibitnuptuni,non
1058 1297 1182 1326 manebit
1192 1294 1327 1332 auspices.

172 1348 463 1380 AuspicAiiitis,
484 1354 508 1374 e.
530 1343 631 1374 Arnob.
661 1343 687 1371 &

172 1386 195 1416 A
203 1395 223 1414 u
232 1394 243 1412 s
252 1394 282 1412 Px
292 1394 308 1413 c
317 1388 357 1413 Tu.
367 1394 376 1412 i
386 1393 398 1412 s
410 1405 418 1417 ,
440 1393 464 1412 e.
487 1377 707 1418 [οἰωνοσκονηκὲς]
728 1376 814 1414 Quod
832 1375 868 1405 ad
879 1374 1032 1412 auspicium
1046 1373 1175 1410 pertinet.
1203 1376 1252 1405 ut,
1278 1370 1330 1398 Au-

209 1421 320 1460 spic-aiis
333 1420 482 1460 pisciculus
493 1441 500 1455 ‚
522 1419 578 1456 Qui
588 1417 692 1455 aliquid
707 1414 869 1453 portendit,
890 1420 939 1443 aut
949 1411 1081 1449 significat
1094 1411 1226 1439 futurum.
1256 1407 1327 1437 Plin.

209 1460 259 1490 lib.
275 1469 317 1495 32.
331 1469 391 1497 cap.
406 1468 429 1488 1.
451 1458 592 1488 Tenuit&
604 1455 693 1485 nostra
701 1453 833 1483 memoria
849 1451 908 1481 Caii
918 1449 1053 1489 principis
1067 1448 1100 1477 ab
1112 1448 1202 1476 Astura
1216 1446 1329 1475 Antium

208 1497 370 1535 remigantis
381 1519 389 1533 ,
406 1502 438 1526 ut
446 1505 488 1525 res
496 1495 533 1524 est
540 1495 623 1524 etiam
634 1491 778 1530 auspicalis
789 1488 944 1528 pisciculus.
967 1487 1102 1525 siquidem
1115 1484 1260 1514 novissime
1269 1492 1330 1512 tum

210 1535 354 1602 insurliieni
372 1534 493 1564 reversus
515 1532 563 1563 ille
574 1532 727 1570 Imperator
736 1551 745 1566 ‚
766 1528 819 1559 suis
830 1527 893 1559 telis
903 1526 1043 1556 confossus
1056 1524 1102 1553 est.
1124 1522 1165 1552 De
1175 1521 1330 1551 echeneide

231 1583 284 1603 ice
305 1583 322 1603 ο
342 1574 425 1602 uitur.

174 1584 307 1642 Atisim
318 1583 354 1640 iqu
366 1621 404 1645 M,
426 1610 444 1638 i.
469 1619 496 1638 n.
518 1602 681 1644 [oi-ommia
700 1603 840 1639 olainoema]
861 1601 1054 1640 inquitFestus
1065 1622 1073 1634 ,
1094 1599 1129 1628 ab
1143 1599 1196 1627 Ave
1206 1596 1330 1634 specien-

211 1649 256 1679 da.
277 1659 340 1678 nam
349 1648 423 1686 quod
434 1657 484 1676 nos
494 1656 556 1676 cum
568 1644 761 1683 praepositiorie
773 1642 893 1671 dicimus
905 1640 1012 1677 Aspicio
1025 1661 1032 1673 ,
1052 1638 1127 1675 apud
1140 1642 1247 1665 veteres
1261 1636 1330 1672 Spe-

209 1687 255 1716 cio
267 1686 418 1716 dicebatur.
442 1684 515 1714 Valla
531 1684 578 1713 lib.
591 1687 618 1712 6.
642 1681 798 1720 Auspicium
813 1679 851 1709 est
868 1678 942 1708 vela
959 1677 1034 1707 Pastu
1052 1676 1163 1709 avium,
1181 1673 1226 1702 vel
1240 1672 1274 1702 ab
1286 1672 1330 1702 In-

207 1724 350 1763 spet‘tione
360 1726 462 1753 avium.
502 1721 558 1752 Sed
570 1721 633 1757 quia
643 1718 747 1749 Consul
761 1723 909 1754 antequam
918 1717 971 1745 iret
987 1716 1017 1743 in
1029 1713 1242 1751 expeditionem
1254 1733 1262 1745 ,
1284 1720 1329 1740 ca-

208 1762 305 1801 piebat
312 1761 462 1800 auspicium
472 1783 480 1795 ,
501 1760 567 1789 hinc
574 1759 677 1788 sactum
687 1757 725 1787 est
738 1762 769 1786 ut
778 1756 904 1785 dicamus
913 1753 1033 1791 auspicia
1043 1752 1147 1781 ducum
1162 1757 1244 1786 atque
1256 1749 1330 1786 prin-

208 1801 324 1838 cipum,
346 1810 405 1837 quae
420 1798 503 1828 asolo
521 1798 593 1826 duce
604 1796 759 1834 capiuntur.
799 1793 867 1823 Haec
886 1791 973 1821 Valla.
1003 1790 1061 1819 Cic.
1073 1799 1100 1819 2.
1124 1789 1159 1817 de
1175 1787 1269 1817 Divin.
1282 1791 1327 1824 78.

210 1838 291 1875 Quid
303 1838 341 1867 est
350 1837 425 1867 aliud
436 1835 509 1865 nolle
519 1835 627 1864 moneri
641 1833 751 1869 aJove,
772 1832 822 1861 nisi
835 1830 943 1860 efficere
955 1836 985 1859 ut
996 1835 1043 1858 aut
1063 1836 1098 1856 ne
1115 1826 1173 1855 sieri
1185 1824 1267 1863 possit
1281 1834 1329 1853 au-

209 1875 227 1905 s
242 1876 330 1905 icium
340 1897 348 1910 ,
370 1881 416 1904 aut
432 1874 449 1903 si
461 1874 523 1909 siat,
542 1872 653 1902 videri?
677 1871 809 1900 Ceterum
819 1877 883 1898 aves
892 1873 1009 1898 eventus
1021 1864 1172 1902 significant
1181 1868 1228 1891 aut
1236 1862 1332 1891 adver-

209 1886 271 1949 ἷξε,
297 1912 497 1943 autsecuridos.
518 1910 604 1941 Plaut.
617 1909 714 1947 Amph.
727 1918 752 1938 2.
762 1917 789 1938 2.
809 1913 852 1944 58.
874 1908 949 1935 Ante
959 1903 1115 1943 auspicium
1125 1906 1330 1932 commoratum

210 1952 271 1982 est‘?
292 1951 356 1981 Scil-
371 1949 523 1980 adversum.
546 1948 576 1978 V.
600 1947 658 1977 Cic.
678 1947 696 1976 1.
708 1946 772 1975 eod.

210 1989 371 2027 Auspicium
385 1989 412 2018 &
426 1988 574 2025 Augurium
592 1985 657 2023 quid
673 1984 804 2013 differant
829 1981 859 2012 V.
886 1982 916 2011 in
933 1991 955 2010 A
965 1990 984 2010 u
994 1990 1011 2009 G
1022 1989 1039 2009 u
1049 1988 1067 2007 a.
1076 1989 1086 2007 1
1096 1987 1115 2007 u
1126 1987 1156 2007 M.

210 2027 325 2057 Funeris
336 2026 498 2064 auspicium.
520 2025 587 2055 Stat.
601 2026 628 2053 6.
650 2022 739 2052 Theb.
750 2030 813 2051 222.

211 2065 379 2102 Nuptiarum
391 2063 518 2101 auspicia.
559 2062 617 2092 Cic.
634 2071 656 2090 1.
670 2061 705 2090 de
716 2060 811 2089 Divin.
825 2063 871 2093 28.
891 2056 979 2093 Quod
987 2055 1072 2086 etiam
1082 2062 1159 2083 nunc
1169 2052 1331 2091 nuptiarum

229 2102 359 2140 auspiciis
368 2101 519 2131 declarant.
554 2099 594 2129 Al.
617 2098 755 2136 Auspices.

210 2140 281 2171 Urbs
291 2140 418 2178 auspiciis
428 2139 551 2169 condita.
591 2137 650 2166 Cic.
660 2137 690 2165 in
698 2136 789 2165 Vatin.
802 2143 843 2169 14.
867 2132 925 2169 Qui
936 2137 1028 2161 tantus
1038 2131 1130 2165 furor,
1147 2136 1179 2159 ut
1192 2138 1278 2166 quum
1288 2128 1330 2157 in-

229 2179 324 2209 audita
337 2188 368 2207 ac
379 2177 482 2206 nefaria
490 2176 561 2206 sacra
571 2174 719 2212 susceperis
730 2196 737 2207 ,
748 2182 834 2210 quum
844 2172 996 2201 inferorum
1008 2170 1112 2198 animas
1124 2168 1235 2202 elicere,
1244 2176 1330 2203 quum

229 2226 382 2255 puerorum
392 2216 463 2244 extis
478 2215 545 2243 deos
554 2222 649 2242 manes
659 2213 778 2241 mactare
789 2209 875 2238 soleas
888 2218 894 2238 t
917 2207 1037 2245 auspicia
1048 2229 1056 2242 ,
1078 2206 1176 2244 quibus
1196 2205 1255 2234 haec
1267 2204 1330 2233 urbs

231 2254 346 2285 condita
353 2254 417 2289 est,q
423 2252 503 2282 uibus
511 2251 602 2280 omnis
609 2249 732 2287 Respub.
743 2256 826 2286 atque
834 2246 986 2283 imperium
994 2242 1331 2280 tenetur,contempseris‘?

212 2292 377 2323 Addicentia
396 2290 525 2328 auspicia.
564 2288 654 2318 Tacit.
668 2297 693 2317 2.
709 2290 778 2317 Ann.
794 2296 836 2320 14.
873 2285 975 2314 Auditus
991 2283 1087 2313 omine
1099 2304 1107 2318 ,
1136 2279 1332 2311 addicentibus

231 2330 359 2367 auspiciis
373 2327 638 2358 vocatconcionem.
684 2324 715 2354 V.
739 2335 758 2354 A
769 2334 786 2353 o
796 2332 888 2352 0160.

211 2368 322 2398 Bonum
332 2366 494 2404 auspicium.
517 2363 617 2394 Catull.
633 2372 678 2399 43.
696 2372 738 2398 19.

212 2406 292 2438 Bono
303 2404 354 2434 aus
372 2404 426 2433 icio
435 2402 608 2441 promulgare
616 2401 716 2438 legem.
757 2399 814 2429 Cic.
830 2408 853 2428 r.
872 2398 926 2427 Att.
944 2406 988 2426 14.
1017 2395 1107 2425 Lurco
1122 2401 1216 2424 autem
1231 2394 1333 2425 Tribu‹

231 2453 284 2473 rius
302 2443 347 2481 ple
370 2443 407 2477 is,
429 2442 475 2479 qui
494 2440 680 2477 magistratum
692 2437 770 2467 simul
789 2447 854 2467 cum
871 2436 931 2474 lege
943 2434 1014 2465 AElia
1025 2435 1107 2468 iniit,
1129 2432 1233 2462 solutus
1251 2433 1290 2462 est
1305 2434 1332 2462 ἃ.

231 2481 303 2513 JElia
313 2482 339 2510 &
348 2479 424 2510 Fufia
437 2501 444 2514 ,
465 2485 496 2508 ut
507 2478 598 2515 legem
608 2477 643 2506 de
654 2476 759 2506 ambitu
768 2475 860 2511 ferret,
877 2483 960 2511 quarn
971 2472 1018 2501 ille
1031 2472 1106 2501 bono
1116 2470 1239 2509 auspicio
1258 2471 1334 2500 clau-

234 2519 287 2548 dus
296 2519 381 2548 honio
391 2516 583 2554 promulgavit.

214 2556 327 2588 Caduca
337 2554 563 2623 apspkicilabdicunt
572 2575 581 2590 ,
599 2552 697 2590 Quum
707 2549 812 2588 aliquid
826 2547 975 2587 intemplo
987 2547 1109 2577 excidit:
1131 2546 1217 2576 veluti
1225 2547 1300 2584 virga
1316 2555 1333 2575 e

233 2604 326 2624 manu.
371 2603 386 2623 e
412 2617 417 2623 .
445 2604 452 2622 1
475 2616 481 2623 .
515 2615 521 2622 .

214 2631 366 2663 Consulare
379 2601 540 2669 auspiciu3m.
579 2627 638 2658 Cic.
651 2636 703 2666 pro
715 2626 825 2656 Muren.
840 2636 863 2655 i.
891 2623 978 2661 Quod
990 2623 1007 2652 si
1017 2622 1064 2652 illa
1075 2621 1195 2652 solennis
1207 2622 1336 2651 comitio-

232 2679 293 2701 rum
303 2670 424 2707 precatio
435 2691 443 2704 ,
464 2665 659 2698 Consularibus
671 2664 800 2702 auspiciis
811 2663 977 2695 consecrata,
990 2668 1096 2690 tantam
1107 2659 1190 2689 habet
1199 2660 1227 2688 in
1238 2660 1264 2689 se
1275 2661 1334 2688 vim

234 2710 261 2739 &
273 2707 437 2745 religionem
451 2728 460 2742 ,
481 2711 613 2743 quantam
632 2703 714 2740 Reip.
736 2703 857 2739 dignitas
878 2699 1017 2738 postulat,
1037 2699 1115 2728 idem
1134 2707 1186 2735 ego
1205 2705 1335 2735 precatus

232 2746 291 2776 sum
300 2768 309 2781 ,
330 2751 360 2775 ut
370 2745 403 2774 iis
418 2753 528 2782 quoque
539 2741 701 2772 hominibus
711 2740 810 2777 quibus
823 2739 869 2768 hic
882 2737 1047 2767 Consulatus
1060 2746 1106 2767 me
1121 2742 1235 2774 rogante
1253 2735 1337 2766 datus

236 2784 318 2819 esset,
340 2793 373 2812 ea
381 2792 424 2812 res
434 2781 518 2811 fauste
529 2803 536 2816 ,
557 2779 674 2809 feliciter
686 2777 871 2816 prospereque
887 2775 1018 2805 eveniret.

216 2822 338 2857 Favens,
359 2821 376 2849 i.
393 2829 417 2849 e.
441 2819 611 2857 prosperum.
631 2816 715 2846 Ovid.
729 2825 753 2853 3.
766 2815 801 2845 de
809 2815 888 2845 Porit.
903 2823 926 2843 1.
942 2816 1002 2843 i60.

216 2859 320 2890 Ferale.
341 2857 440 2888 Claud.
455 2867 481 2887 2.
500 2857 529 2885 iri
543 2855 656 2892 Eutrop.
670 2863 734 2890 232.

216 2897 367 2928 Frivolum.
385 2896 499 2925 Sueton.
515 2893 619 2923 Neron.
636 2901 682 2928 41.

218 2935 338 2966 Grande.
360 2933 446 2963 Ovid.
460 2943 486 2962 2.
500 2931 581 2961 Trist.
598 2939 659 2966 174.

217 2973 328 3003 Infelix.
351 2972 419 3001 Stat.
434 2981 474 3000 11.
489 2968 580 2999 Theb.
593 2977 657 3004 340.

218 3011 296 3048 Juge.
316 3009 408 3041 Festus
419 3031 427 3045 ,
448 3008 518 3045 Juge
533 3006 686 3043 auspicium
696 3003 733 3034 est
743 3026 750 3039 ,
775 3003 871 3040 Quum
879 3002 1007 3039 iunctum
1018 3001 1176 3038 jumentum
1187 2999 1290 3029 stercus
1300 2997 1340 3029 fe-

238 3049 284 3078 cit.
324 3048 383 3077 Cic.
394 3057 411 3076 2
429 3046 465 3076 de
475 3046 567 3076 Divin.
579 3054 624 3082 77.
646 3043 720 3073 Huic
729 3041 814 3071 simile
822 3041 861 3070 est
873 3041 948 3077 quod
961 3049 1012 3068 nos
1022 3048 1138 3076 augures
1150 3038 1339 3076 praecipimus,

240 3096 276 3116 ne
289 3087 352 3123 iuge
360 3085 514 3122 auspicium
525 3082 656 3113 obveniat
667 3103 675 3116 ,
697 3086 727 3110 ut
736 3080 860 3116 jumenta
870 3078 985 3114 jubeant
998 3077 1166 3114 disjungere.

220 3123 370 3165 Liquidum
379 3145 386 3157 ,
409 3122 479 3152 Cum
490 3122 585 3152 sereno
597 3119 670 3150 coelo
678 3124 784 3148 certum
794 3116 862 3155 quid
871 3115 1031 3146 ostenditur.
1048 3114 1133 3144 Plaut.
1146 3113 1339 3152 Epid.1r.2.1.

221 3161 338 3192 Malum.
359 3161 445 3191 Plaut.
464 3159 554 3190 Aulul.
570 3168 594 3195 3.
609 3168 634 3187 2.
647 3167 690 3193 33.

223 3198 342 3229 Meliore
350 3198 401 3228 aus
417 3199 481 3228 icio.
502 3198 586 3227 Plaut.
599 3196 675 3226 Men.
692 3205 715 3230 5.
727 3203 752 3228 9.
763 3198 807 3227 88.

224 3236 352 3267 Militare.
393 3209 450 3265 Cic.
466 3246 491 3265 2.
504 3237 540 3265 de
551 3235 643 3264 Divin.
654 3241 699 3270 77.
725 3231 797 3260 Nam
808 3239 843 3259 ex
856 3228 1032 3259 acuminibus
1050 3227 1164 3264 quidem
1176 3248 1184 3262 ,
1206 3226 1281 3264 quod
1299 3231 1344 3255 to-

243 3280 303 3303 tum
314 3273 465 3311 auspicium
474 3274 594 3303 militare
607 3272 662 3306 est,
683 3271 738 3306 jam
749 3269 788 3298 M.
802 3266 951 3298 Marcellus
963 3265 1010 3295 ille
1026 3266 1174 3303 quinquies
1186 3263 1289 3294 Consul
1301 3271 1344 3293 to-

245 3318 303 3340 tum
315 3313 404 3340 omisit
415 3335 421 3341 .
449 3312 523 3341 idem
535 3311 688 3348 Imperator
697 3330 706 3342 ,
727 3308 802 3336 idem
813 3307 903 3342 Augur
913 3304 1047 3342 optimus.

228 3348 336 3378 Mollia.
361 3349 457 3378 Claud.
475 3360 496 3378 1.
515 3350 543 3378 in
555 3348 668 3385 Eutrop.
681 3356 746 3381 494-

226 3386 384 3423 Optimum.
408 3387 465 3416 Cic.
478 3397 502 3415 2.
520 3387 555 3416 de
565 3386 714 3419 Divin.43.
737 3382 854 3412 Fulmen
869 3379 1020 3413 sinistrum,
1040 3376 1194 3416 auspicium
1204 3376 1344 3414 optimum

246 3424 379 3452 habemus
388 3425 421 3452 ad
432 3435 528 3454 omnes
540 3435 581 3453 res
592 3446 599 3459 ,
620 3429 804 3460 praeterquam
814 3420 849 3448 ad
861 3418 982 3447 comitia.

229 3460 352 3497 Optimis
361 3462 493 3496 auspiciis.
536 3462 594 3491 Cic.
606 3462 640 3489 de
650 3461 759 3490 Senet‘t.
773 3468 783 3487 1
792 3467 814 3486 1.
838 3458 983 3493 Augurque
991 3462 1075 3491 quum
1085 3451 1152 3481 esset
1165 3474 1173 3486 ,
1188 3451 1287 3479 ‘dicere
1298 3460 1346 3479 au-

247 3498 291 3527 sus
302 3499 339 3527 est
349 3521 356 3530 .
379 3501 490 3532 optimis
499 3499 627 3537 auspiciis
639 3508 671 3527 ea
683 3498 738 3534 geri
757 3505 816 3532 qure
827 3504 878 3532 pro
893 3493 976 3530 Reip.
991 3492 1078 3521 salute
1086 3496 1263 3528 gererentur:
1285 3497 1346 3526 quae

251 3542 345 3564 contra
353 3535 450 3574 Remp.
461 3537 558 3566 fierent
567 3559 574 3571 ,
597 3544 694 3565 contra
704 3534 824 3571 auspicia
835 3532 902 3561 sieri.

231 3572 371 3607 Perenne,
393 3574 462 3603 Cum
474 3576 533 3612 quis
550 3584 662 3603 amnem
682 3581 729 3602 aut
747 3581 845 3608 aquam
857 3592 865 3605 ,
885 3578 947 3606 quae
966 3566 1082 3597 exsacro
1101 3565 1187 3594 oritur
1205 3563 1347 3602 auspicato

251 3610 351 3639 transit.
390 3610 490 3641 Festus.
530 3612 560 3641 V.
584 3611 680 3647 Scalig.
692 3611 726 3640 ad
740 3609 758 3638 1.

232 3646 390 3690 Pestiferum
401 3671 409 3681 ,
429 3649 500 3678 Cum
510 3649 592 3677 corin
603 3650 672 3677 extis
685 3671 692 3681 ,
714 3655 760 3676 aut
769 3654 853 3684 caput
864 3645 892 3674 in
903 3643 1025 3680 jecinore
1035 3651 1093 3670 non
1105 3639 1203 3669 fuisset.
1224 3638 1326 3668 Festus.

233 3684 372 3714 Plsszculsre
383 3707 390 3718 .
411 3685 495 3719 Quod
512 3686 727 3715 sacrificantibus
737 3686 818 3713 tristia
834 3682 1035 3721 portendebat3
1057 3686 1105 3711 ut,
1129 3678 1200 3707 Cum
1214 3677 1300 3705 hostia
1314 3675 1349 3704 ab

252 3732 297 3751 aru
307 3723 467 3764 profugisset
478 3746 485 3757 ,
504 3732 552 3751 aur
562 3724 680 3760 percussi
692 3724 828 3756 mimicum
835 3719 969 3755 dedisset,
985 3717 1069 3748 autin
1081 3715 1165 3745 aliam
1174 3722 1280 3751 partem
1290 3723 1349 3743 cor-

252 3770 344 3801 Ρυϊὶῆ»
366 3769 592 3796 qu-imoporteret
606 3782 613 3792 ,
635 3761 785 3789 decidisset.
826 3758 926 3788 Festus.
966 3756 997 3786 V.
1019 3755 1092 3793 Virg.
1103 3763 1129 3784 2.
1151 3752 1213 3784 JEn.
1225 3760 1290 3789 223„

234 3795 355 3832 Regalia.
397 3797 584 3827 010101110ιί
598 3798 671 3826 Hon.
689 3809 712 3830 4·
733 3809 754 3826 1.

234 3834 369 3863 Secunda.
395 3835 458 3862 lior.
472 3849 495 3869 4·
514 3837 592 3864 Carni
623 3846 661 3869 ¹4-
680 3838 720 3863 16,

234 3871 322 3914 Salvis
333 3870 468 3914 auspi-ciis.
510 3874 567 3901 Cic.
581 3873 615 3900 dc
629 3872 752 3900 provinc.
764 3870 844 3899 Cons.
855 3881 900 3905 4<-
921 3869 1015 3899 Iidem
1023 3867 1102 3897 illam
1117 3864 1350 3904 proscriptionem

254 3910 642 3950 capitismeicontrasalutem
665 3910 741 3945 l(reip.
760 3908 806 3936 sed
820 3909 896 3936 (ulvis
912 3907 1039 3945 auspiciis
1057 3914 1183 3943 rogatam
1204 3902 1259 3935 esse
1277 3902 1353 3932 dice·

255 3945 330 3975 bant.
351 3956 369 3975 i.
382 3956 406 3976 e.
429 3947 494 3976 Non
508 3955 603 3976 contra
614 3946 741 3984 auspicia.
783 3944 909 3975 Budaeus.

609 625 661 661 us)
678 623 799 660 Magnus
812 619 944 650 Ausonius
958 641 965 654 ,
983 617 1070 657 patria
1080 615 1174 645 Gallus
1185 613 1324 649 Burdega-

1810 73 1838 107 A
1935 70 1967 106 U
2064 70 2085 107 S

1405 153 1547 184 Solennia.
1569 152 1666 184 Claud.
1679 162 1705 183 2.
1718 154 1746 183 in
1761 163 1783 183 r.
1801 153 1881 184 Cons.
1890 153 1948 183 Stil.
1963 156 2026 189 364.

1406 192 1561 222 Sinistrum.
1593 191 1624 221 V.
1648 192 1804 229 Auspicium
1819 192 1965 230 optimum.

1407 230 1491 259 Utile.
1514 229 1596 259 Ovid.
1615 239 1637 258 1.
1658 229 1724 260 fast.
1738 240 1800 265 ²¹9·

1409 267 1587 309 Auspicium,
1610 277 1659 304 pro
1671 267 1760 296 Due-“tu
1772 275 1853 303 atque
1865 265 2050 302 dispositione.
2072 263 2146 300 Virg.
2156 272 2180 298 4.
2193 260 2256 292 AEn.
2270 269 2332 298 340.

1489 305 1541 335 Me
1553 306 1570 333 ii
1581 304 1637 333 fata
1648 305 1716 334 meis
1729 311 1889 342 paterentur
1900 304 2003 333 ducere
2015 303 2100 331 vitam

1491 342 1625 380 Auspiciis
1636 364 1644 377 ,
1665 344 1690 371 ἃ
1702 342 1798 379 sponte
1809 352 1870 371 mea
1882 350 2050 379 componere
2060 348 2147 368 curas.
2242 335 2296 365 Ubi
2306 333 2430 370 Servius,
2451 334 2518 367 Meis

1428 380 1556 418 auspiciis
1569 401 1576 413 ,
1596 388 1791 417 argumentum
1804 390 1819 409 a
1832 378 1999 409 necessitate.
2041 377 2074 406 Et
2084 375 2211 413 auspiciis
2223 374 2306 405 ideo,
2328 373 2391 410 quia
2408 373 2518 408 majores

1430 428 1525 447 omnia
1542 416 1680 454 auspicato
1693 418 1832 461 gerebant.
1872 417 1942 454 Ergo
1962 414 2116 452 Auspiciis,
2139 410 2374 449 Dispositionibus.
2405 409 2520 441 Liv.De-

1431 456 1483 485 cad
1508 455 1592 491 3.lib.
1605 461 1629 488 8.
1654 454 1707 484 Vos
1717 455 1869 493 auspicium
1883 454 2088 492 imperiumque
2099 451 2133 480 ad
2145 450 2280 480 Calenum
2290 448 2432 478 detulistis.
2454 447 2518 479 Plin.
2546 454 2547 459 ¹
2585 456 2594 479 A

1431 494 1480 522 lib.
1490 503 1515 530 7.
1534 503 1594 530 cap.
1607 502 1652 527 43.

1413 531 1536 568 Imperio
1548 538 1630 567 atque
1638 529 1762 568 auspicio
1771 529 1888 566 alicujus
1898 528 2004 565 aliquid
2013 536 2100 564 agere.
2123 525 2206 556 Plaut.
2216 524 2315 561 Amph.
2327 533 2350 552 1.
2365 533 2388 552 r.
2402 531 2444 559 37.

1416 570 1525 603 Ductu,
1547 569 1683 605 imperi0,
1703 568 1833 604 auspicio.
1877 567 1962 596 Plaut.
1981 565 2080 602 Amph.
2098 576 2120 594 i.
2140 574 2163 594 1.
2180 573 2226 600 41.
2252 562 2291 592 Ut
2305 561 2412 600 gesserit
2426 561 2520 602 Remp.

1434 607 1536 640 (iustu,
1557 606 1694 644 imperio.
1715 606 1836 643 auspicio
1846 605 1903 634 suo.

1415 645 1522 687 Virtute
1537 649 1619 680 atque
1627 643 1751 681 auspicio
1767 644 1894 678 alicujus.
1917 641 2001 671 Plaut.
2014 640 2095 678 Epiri.
2112 648 2136 676 3.
2153 648 2178 668 2.
2189 649 2236 674 45.

1416 682 1574 725 Auspicium
1586 703 1594 715 ,
1615 691 1666 718 pro
1685 681 1816 711 potestate
1827 682 1911 710 etiam
1920 679 2035 709 summa.
2058 678 2116 707 Liv.
2138 676 2186 706 lib.
2196 682 2240 711 ²8-
2253 685 2314 714 cap.
2327 685 2353 710 9.
2389 674 2524 711 Quoniam

1436 730 1464 748 in
1476 720 1621 757 provincia
1632 719 1672 748 M.
1687 719 1756 748 Livii
1772 730 1814 749 res
1822 719 1893 755 gesta
1908 717 1985 751 esset,
2008 718 2033 746 &c
2045 726 2079 746 eo
2094 716 2140 744 die
2150 725 2205 752 quo
2216 719 2370 752 pugnatum
2380 713 2457 747 soret,
2470 713 2526 750 eius

1436 757 1507 786 forte
1517 757 1670 794 auspicium
1680 757 1779 787 suisset.
1818 756 1853 786 Et
1867 755 1933 785 alibi
1944 754 2052 784 itidem.
2092 753 2218 783 Budaeus.
2240 752 2314 789 Virg.
2326 762 2352 787 4.
2368 751 2493 782 AEn.102.
2549 778 2550 788 ¹

1497 794 1685 861 {einim-tinem
1696 795 1771 823 hunc
1781 804 1846 832 ergo
1858 793 1996 832 populum
2008 814 2016 826 ,
2037 791 2204 830 paribusque
2216 799 2341 827 regamus

1521 843 1537 861 U
1552 842 1640 870 plens·

1437 908 1537 945 quibus
1546 908 1645 937 iisdem
1656 908 1781 946 auspiciis
1790 909 1891 943 creati,
1904 907 1971 936 licet
1983 904 2061 935 simul
2072 915 2130 934 nori
2141 910 2298 934 crearentur
2306 924 2314 938 ,
2335 911 2429 940 parem
2439 907 2529 932 tamen

1438 946 1579 975 habebant
1594 946 1730 975 honorem
1744 953 1857 984 propter
1871 945 1970 975 eadem
1983 943 2118 988 auspicia.
2149 942 2225 972 unde
2241 943 2267 971 δι
2282 939 2431 975 Consules,
2453 949 2528 977 pareo
2550 964 2551 969 ,

1437 983 1515 1012 sunt:
1539 994 1626 1021 quum
1634 984 1741 1013 necesse
1750 983 1816 1013 esset
1826 991 1856 1012 ut
1866 993 1937 1013 unus
1948 992 2023 1020 prior
2035 987 2182 1010 crearetur.

1417 1021 1547 1065 Auspicia
1558 1022 1661 1057 majora
1671 1044 1678 1056 ,
1702 1021 1822 1057 Majores
1831 1021 1951 1050 honores
1962 1022 1988 1050 Sc
2000 1019 2170 1055 magistratus
2180 1016 2341 1056 significant.
2356 1014 2449 1044 nullus
2458 1015 2528 1047 enin

1438 1059 1787 1097 magistratusinauspicato
1802 1060 1954 1089 creabatur.
1995 1058 2122 1087 Budaeus.

1417 1097 1490 1127 Dare
1501 1097 1662 1135 auspicium.
1684 1097 1731 1127 Sil.
1744 1097 1793 1127 lib.
1810 1107 1850 1133 13.

1417 1135 1490 1166 Dare
1504 1135 1611 1172 signum
1621 1137 1646 1165 ἃ
1654 1135 1806 1173 auspicium
1817 1135 1909 1165 alicui.
1931 1134 1980 1164 Sil.
1993 1132 2043 1163 lib.
2055 1141 2081 1170 7.

1418 1173 1556 1215 Diri-mere
1567 1172 1699 1211 auspicia.
1722 1173 1791 1202 Plin.
1809 1173 1857 1203 lib.
1871 1183 1897 1210 7.
1911 1182 1971 1210 cap.
1987 1181 2030 1208 57.

1418 1210 1582 1255 Dissolvere.
1624 1211 1682 1241 Cic.
1695 1211 1723 1240 in
1734 1211 1828 1240 Vatin.
1846 1221 1887 1241 11.
1919 1212 1961 1240 An
1978 1210 2042 1247 quia
2058 1215 2087 1238 tu
2107 1207 2213 1245 semper
2235 1206 2271 1237 sic
2285 1203 2396 1244 egisses,
2417 1204 2528 1243 auspicia

1437 1250 1523 1278 fueris
1535 1258 1621 1286 augur
1631 1248 1817 1278 dissoluturus.

1418 1287 1562 1317 Enientiri.
1579 1325 1585 1330 ¹
1604 1286 1662 1316 Cic.
1675 1296 1696 1316 1.
1713 1287 1748 1316 de
1760 1287 1851 1317 Divin.
1863 1296 1907 1322 29.
1929 1285 2033 1323 Appius
2043 1283 2150 1321 collega
2166 1289 2230 1312 tuus
2243 1304 2252 1318 ,
2273 1282 2364 1311 bonus
2379 1290 2478 1318 augur,
2499 1287 2529 1313 ut

1438 1334 1475 1354 ex
1484 1333 1511 1354 te
1521 1324 1618 1354 audire
1629 1324 1703 1354 soleo
1714 1346 1722 1360 ,
1747 1334 1804 1353 non
1820 1324 1882 1355 satis
1898 1324 2015 1353 scienter
2033 1324 2124 1353 virum
2139 1321 2246 1350 bonum
2256 1322 2282 1350 &
2293 1321 2383 1349 civem
2394 1319 2529 1357 egregium

1439 1362 1535 1392 censor
1546 1362 1577 1392 C.
1591 1363 1696 1392 Ateium
1706 1364 1814 1392 notavit
1823 1385 1831 1398 ,
1853 1363 1929 1401 quod
1939 1361 2106 1391 ementitum
2116 1359 2237 1396 auspicia
2250 1357 2443 1395 subscripserit.

1420 1401 1580 1444 Evenerunt
1589 1400 1709 1438 auspicia
1723 1399 1853 1431 secunda.
1892 1400 1950 1429 Cic.
1967 1409 1990 1429 1.
2010 1399 2045 1428 de
2062 1398 2154 1427 Divin.
2166 1406 2211 1433 27.
2246 1396 2331 1430 Cuius
2348 1395 2460 1432 quidem
2478 1394 2530 1426 hoe

1439 1438 1674 1483 praeclarissimum
1686 1439 1724 1467 est
1733 1460 1741 1473 ‚
1763 1439 1837 1476 quod
1847 1439 2025 1477 posteaquam
2037 1447 2052 1466 a
2062 1435 2166 1466 Caesare
2176 1434 2316 1464 tetrachiae
2331 1442 2415 1470 regno
2423 1455 2431 1468 ,
2451 1442 2529 1469 pecu-¹

1440 1486 1543 1514 niaque
1553 1476 1703 1505 muletatus
1711 1476 1749 1505 est
1760 1499 1767 1512 ,
1790 1483 1873 1515 negat
1888 1476 1915 1506 se
1926 1482 2021 1505 tamen
2032 1483 2129 1504 eorum
2140 1471 2326 1510 auspiciorum
2335 1493 2344 1507 ,
2365 1480 2425 1508 quae
2441 1470 2489 1500 sibi
2497 1470 2532 1501 ad
2555 1489 2558 1494 ·

1440 1514 1605 1553 Pompeium
1614 1513 1798 1551 proficiscenti
1809 1537 1817 1551 ‚
1839 1514 1960 1544 secunda
1968 1513 2112 1542 evenerint
2123 1533 2131 1546 ,
2154 1511 2301 1549 poenitere.

1420 1552 1522 1583 Facere
1532 1552 1695 1590 auspicium.
1733 1551 1790 1583 Liv.
1803 1563 1827 1583 1.
1856 1552 1936 1582 Circa
1953 1551 2093 1581 summum
2109 1549 2223 1579 culmen
2244 1547 2366 1578 hominis
2382 1545 2532 1585 auspicium
2558 1567 2559 1570 =

1440 1590 1541 1620 fecisse.

1419 1628 1522 1672 Facere
1533 1634 1621 1658 ratum
1633 1627 1793 1666 auspicium.
1835 1627 1893 1658 Cic.
1906 1636 1932 1657 2.
1945 1627 1981 1657 de
1989 1626 2084 1656 Divin.
2098 1631 2144 1659 80-
2165 1624 2220 1654 Cur
2230 1629 2322 1654 autem
2333 1622 2393 1653 aliis
2402 1632 2418 1652 a
2428 1622 2530 1659 derina,

1440 1666 1500 1710 aliis
1510 1666 1578 1695 laeva
1593 1667 1687 1695 datum
1697 1667 1735 1696 est
1745 1666 1839 1696 avibus
1851 1688 1859 1702 ,
1880 1672 1912 1695 ut
1923 1672 2012 1695 ratum
2019 1664 2172 1702 auspicium
2180 1663 2271 1692 facere
2279 1661 2405 1699 possint?

1420 1703 1535 1734 Mittere
1549 1704 1677 1747 auspicia.
1713 1705 1769 1733 Liv.
1783 1709 1854 1737 1.18.
1865 1710 1934 1733 extr.
1955 1703 2029 1732 Tum
2041 1702 2148 1740 peregit
2157 1700 2248 1730 verbis
2258 1699 2381 1737 auspicia
2395 1707 2454 1735 quae
2462 1698 2532 1728 mitti

1440 1742 1542 1772 vellet:
1566 1742 1664 1779 quibus
1673 1742 1757 1772 missis
1766 1742 1858 1771 Numa
1866 1751 1914 1771 rex
1925 1740 2080 1771 declaratus
2091 1740 2125 1769 de
2134 1738 2241 1773 templo
2251 1737 2404 1767 descendit.

1419 1779 1592 1810 Praemonere
1604 1779 1768 1818 auspicium.
1811 1779 1870 1809 Cic.
1881 1789 1907 1810 2.
1918 1779 1953 1808 de
1962 1778 2057 1814 Legib.
2072 1787 2117 1808 21.
2141 1777 2255 1814 Quique
2265 1780 2349 1814 agent
2359 1784 2417 1805 rem
2430 1772 2532 1810 duelli,
2562 1763 2563 1766 Ἰ

1439 1819 1543 1855 quique
1579 1817 1723 1855 opularem
1734 1840 1741 1852 ,
1765 1817 1919 1855 auspicium
1930 1822 2133 1855 praemonento.

1420 1855 1502 1885 Vetat
1518 1866 1552 1885 au
1565 1856 1679 1893 picium.
1716 1855 1835 1900 Ovid.6.
1851 1856 1917 1885 Fast.
1933 1865 1994 1891 174.

1384 1895 1406 1924 A
1418 1904 1434 1923 υ
1445 1904 1456 1923 s
1467 1895 1498 1922 Ρῑ
1507 1903 1523 1922 6
1532 1903 1549 1922 0
1558 1903 1574 1922 a
1583 1915 1590 1929 ,
1624 1893 1789 1928 [οἱωνοσκοπω
1798 1913 1805 1925 ,
1824 1891 2001 1929 rammam]
2020 1892 2068 1921 ari.
2091 1890 2250 1927 Auspicium
2258 1898 2366 1928 capere.
2386 1887 2446 1917 Cic.
2459 1896 2484 1917 2.
2501 1885 2536 1916 de
2562 1915 2565 1923 .

1422 1932 1517 1976 Divisi.
1530 1935 1574 1968 76.
1588 1969 1594 1974 ·
1614 1931 1657 1961 Illi
1668 1938 1761 1961 autem
1773 1931 1861 1968 quiin
1871 1930 2025 1969 auspicium
2041 1929 2189 1960 adhibetur
2205 1949 2214 1964 ,
2236 1937 2322 1965 quum
2343 1928 2380 1956 ita
2396 1924 2536 1963 imperavit

1422 1980 1445 1999 is
1457 1979 1505 2006 qui
1519 1969 1674 2006 auspicatur
1686 1991 1694 2004 ,
1716 1969 1812 1998 dicito,

1385 2007 1525 2045 Auspicari
1539 2007 1673 2044 tripudio.
1715 2006 1774 2036 Cic.
1788 2017 1811 2037 1.
1825 2007 1859 2036 de
1871 2006 1965 2036 Divin.
1979 2014 2022 2043 77.
2059 2005 2089 2035 C.
2102 2004 2255 2035 Flaminius
2262 2011 2349 2040 quum
2360 2000 2482 2039 tripudio
2493 2009 2535 2030 au-

1442 2045 1593 2089 spicaretur
1604 2067 1612 2079 ,
1634 2044 1767 2088 pullarius
1781 2045 1856 2074 diem
1867 2044 1953 2082 praelii
1966 2043 2161 2073 committendi
2174 2041 2328 2071 differebat.

1423 2083 1581 2126 Auspicari‚
1602 2082 1736 2126 Incipere·
1760 2082 1827 2112 Plin.
1843 2083 1891 2112 lib.
1902 2093 1927 2119 7.
1940 2083 1967 2111 in
1979 2091 2096 2119 prooem.
2127 2080 2221 2117 Itaque
2235 2078 2353 2109 feliciter
2361 2082 2440 2107 natus
2449 2076 2534 2111 jacet,

1442 2120 1571 2164 manibus
1582 2121 1756 2158 pedibusque
1767 2121 1904 2150 devinc‘tis
1913 2142 1922 2156 ‚
1935 2120 2005 2149 flens
2015 2141 2023 2155 ,
2046 2118 2148 2149 animal
2160 2118 2258 2147 ceteris
2268 2117 2475 2154 imperaturum,
2486 2114 2511 2143 ἃ
2519 2122 2534 2143 a

1442 2158 1584 2196 suppliciis
1594 2159 1681 2188 vitam
1690 2158 1846 2196 auspicatur
1857 2181 1865 2194 ,
1886 2168 1971 2188 unam
1983 2163 2091 2187 tantum
2103 2156 2139 2185 ob
2151 2155 2262 2193 culpam
2274 2177 2282 2190 ,
2304 2154 2367 2191 quia
2383 2160 2477 2181 natum
2490 2150 2532 2179 est.

1385 2198 1407 2228 A
1418 2207 1457 2226 us
1469 2207 1482 2225 P
1494 2208 1502 2225 1
1512 2206 1555 2225 co
1568 2218 1576 2231 ,
1598 2197 1783 2232 [οιωνοσκοπῦ]
1802 2200 1856 2226 are.
1878 2195 2085 2226 UtiturPlautus
2095 2195 2261 2232 frequenter.
2280 2191 2348 2222 Pers.
2359 2202 2385 2227 4.
2401 2193 2427 2220 6.
2440 2199 2466 2227 7.
2483 2187 2536 2226 Ego
2563 2190 2565 2211 ’ἶ

1424 2235 1563 2271 auspicavi
1575 2235 1604 2263 in
1619 2234 1694 2263 hunc
1706 2234 1791 2263 diem.

1424 2273 1572 2311 Auspicare
1582 2282 1663 2302 avem
1674 2294 1682 2306 ,
1703 2278 1750 2301 aut
1759 2271 1834 2302 aliud
1844 2271 1961 2309 quodvis
1972 2270 2083 2301 animal.
2107 2268 2192 2299 Plaut.
2203 2268 2291 2298 Stich.
2300 2276 2326 2298 2.
2343 2275 2368 2303 ζ.
2383 2267 2430 2303 46.

1506 2310 1618 2339 Certum
1631 2313 1669 2339 elt
1680 2309 1801 2340 mustelae
1832 2310 1924 2339 osthac
1935 2318 2078 2346 nunquam
2088 2307 2218 2337 credere:

1504 2348 1763 2378 Namincertiorem
1775 2358 1812 2377 nu
1827 2349 1881 2377 lam
1895 2348 1960 2377 novi
1974 2347 2102 2376 bestiam:

1505 2386 1583 2430 Quin
1593 2385 1684 2424 &ipsa
1694 2386 1787 2415 decies
1797 2386 1826 2414 iri
1839 2386 1885 2415 die
1896 2392 1985 2414 mutat
1995 2384 2106 2414 locum:

1506 2424 1572 2453 Eam
1581 2424 1719 2461 auspicavi
1728 2434 1780 2461 ego
1790 2424 1818 2452 in
1829 2433 1857 2453 re
1867 2423 1979 2461 capitali
1988 2432 2058 2452 mea.

1426 2461 1573 2500 Auspicare
1580 2462 1661 2491 alicui
1672 2463 1719 2491 rei.
1751 2461 1834 2491 Plaut.
1845 2461 1916 2490 Rud.
1927 2470 1950 2496 3.
1963 2472 1989 2498 4.
2006 2470 2048 2490 12.
2079 2459 2145 2489 Non
2158 2456 2244 2488 hodie
2254 2456 2295 2487 isti
2307 2454 2443 2493 auspicavi
2452 2453 2497 2490 rei,
2509 2457 2537 2483 ut

1447 2510 1512 2529 cum
1531 2500 1660 2529 furcifero
1673 2499 1791 2529 fabuler.
1813 2499 1887 2529 conf.
1903 2499 1978 2529 Non.
1992 2508 2016 2526 7.
2032 2509 2055 2530 ς.
2069 2497 2140 2527 Gell.
2153 2505 2177 2532 3.
2190 2505 2217 2525 2.
2240 2494 2462 2532 Auspicaverunt.

1391 2538 1569 2568 Auspice-iius
1578 2560 1586 2572 ‚
1616 2538 1764 2574 [αἰσιωθέις]
1782 2538 1876 2567 Partic.
1888 2535 1958 2566 Boni
1969 2536 2092 2574 auspicii,
2106 2534 2233 2573 Auspicio
2245 2540 2353 2571 captus,
2363 2531 2537 2560 consecratur.

1428 2576 1552 2613 Impetus
1562 2586 1618 2604 non
1628 2576 1789 2613 auspicatus.
1812 2575 1878 2604 Hor.
1894 2584 1919 2609 3.
1935 2575 2024 2604 Carni.
2039 2578 2064 2603 6.
2081 2583 2123 2602 10.

1426 2614 1588 2651 Auspicatus
1599 2613 1685 2644 locus.
1726 2613 1784 2643 Cic.
1794 2623 1845 2651 pro
1853 2612 1883 2642 C.
1896 2612 1987 2642 Rabir.
2002 2622 2043 2641 11.
2066 2609 2256 2645 Quamobrem
2274 2613 2335 2638 uter
2351 2605 2469 2635 nostrum
2482 2609 2538 2633 tan-

1446 2652 1512 2681 dem
1524 2651 1643 2681 Labiene
1652 2651 1794 2695 popularis
1805 2651 1861 2680 est‘?
1882 2657 1958 2684 tune,
1980 2651 2026 2687 qui
2039 2649 2146 2678 civibus
2156 2647 2287 2676 Romanis
2298 2647 2327 2674 in
2339 2644 2476 2674 concione
2487 2639 2539 2679 ipsa

1445 2689 1604 2719 carnificem
1617 2711 1626 2724 ,
1649 2688 1797 2725 quivincla
1807 2688 1930 2718 adhiberi
1943 2695 2022 2726 putas
2031 2686 2186 2725 oportere‘?
2210 2685 2257 2722 qui
2274 2684 2304 2712 in
2324 2691 2423 2718 campo
2443 2678 2538 2710 Martio
2568 2686 2569 2689 ’

1444 2728 1565 2757 comitiis
1577 2727 1756 2760 centuriatis,
1778 2726 1955 2764 auspicatoin
1967 2726 2031 2756 loco
2044 2747 2053 2761 ,
2075 2733 2187 2754 crucem
2206 2722 2240 2752 ad
2258 2721 2360 2751 civium
2380 2717 2540 2757 supplicium

1447 2765 1530 2802 defigi
1543 2767 1567 2795 ὁὶ
1581 2766 1708 2794 constitui
1719 2764 1818 2800 jubes?
1839 2774 1872 2793 an
1891 2774 1942 2801 ego
1955 2786 1963 2799 ,
1981 2765 2032 2793 διε.

1427 2803 1599 2837 Exordium,
1622 2803 1740 2839 Quintil.
1754 2802 1801 2832 lib.
1818 2812 1859 2831 io.
1878 2812 1937 2840 cap.
1952 2812 1974 2830 1.
2002 2801 2098 2837 Itaque
2118 2805 2150 2829 ut
2163 2797 2237 2836 apud
2256 2796 2319 2826 illos
2335 2793 2487 2827 Homerus,
2506 2789 2540 2820 sie

1446 2841 1522 2878 apud
1533 2851 1584 2870 nos
1597 2840 1725 2878 Virgilius
1734 2840 1976 2878 auspicatissimum
1985 2839 2096 2868 dederit
2105 2837 2252 2866 exordium
2266 2844 2272 2863 :
2286 2830 2542 2863 h.e.Felicissunum·

1427 2879 1515 2909 Arbor
1527 2901 1534 2913 ,
1565 2878 1634 2908 Plin.
1646 2879 1694 2907 lib.
1712 2887 1753 2915 13.
1769 2888 1830 2916 cap.
1844 2886 1889 2907 22.
1911 2877 1972 2907 Nec
1981 2875 2144 2914 auspicatior
2156 2875 2186 2904 in
2197 2872 2286 2903 Lesbo
2300 2870 2388 2900 insula
2399 2869 2476 2899 arbor
2486 2873 2541 2904 qua

1447 2923 1561 2945 vocatur
1573 2926 1737 2953 evonymos.

1427 2954 1522 2984 Venus
1533 2976 1542 2990 ,
1563 2953 1662 2984 Catull.
1675 2963 1718 2991 43.
1731 2957 1777 2983 26.
1906 2952 1976 2988 Quis
1992 2950 2064 2981 ullos
2077 2950 2206 2979 homines
2218 2947 2358 2977 beatiores

1904 2990 2000 3018 Vidit?
2022 2989 2081 3025 quis
2092 2988 2228 3016 Venerem
2238 2980 2468 3022 auspicatiorem?

1392 3033 1414 3062 A
1423 3042 1440 3061 u
1449 3041 1461 3061 s
1470 3041 1485 3060 P
1495 3042 1503 3059 1
1513 3040 1558 3060 CA
1566 3039 1586 3059 T
1594 3040 1611 3060 o
1619 3051 1627 3065 ,
1649 3029 1716 3059 Adv.
1740 3027 1912 3065 [γῐωωμέιως]
1929 3028 1945 3056 i.
1959 3038 1982 3056 e.
2000 3026 2128 3062 Auspicio
2138 3031 2227 3062 capt0.
2241 3023 2298 3052 Cic.
2310 3031 2338 3051 2.
2347 3021 2382 3050 de
2392 3019 2454 3049 Nat.
2464 3016 2540 3046 Deor.
2570 3027 2573 3058 ζ

1433 3079 1476 3099 11.
1494 3069 1571 3098 Itane
1582 3077 1646 3097 vero
1659 3077 1710 3104 ego
1722 3076 1780 3095 non
1793 3066 1884 3100 iustus,
1896 3066 1942 3102 qui
1953 3066 1978 3095 Sc
1987 3063 2202 3099 Consulrogans,
2216 3062 2241 3091 δι
2252 3069 2346 3097 augur,
2358 3060 2382 3088 &
2394 3052 2542 3094 auspicato?
2572 3081 2573 3090 ¹

2101 3100 2233 3138 Auspiciis
2252 3107 2309 3127 non
2324 3091 2542 3160 160030αηῖἰὶἓῖῗί
2572 3101 2573 3138 }

1430 3106 1576 3145 Auspieato
1589 3128 1596 3141 ‚
1619 3105 1746 3134 Feliciter
1766 3105 1777 3139 (
1790 3099 1821 3133 ut
1832 3104 1870 3132 ait
1884 3102 1983 3137 Valla)
2006 3101 2077 3138 quasi

1450 3145 1515 3175 Ter.
1532 3143 1600 3173 And.
1617 3153 1643 3177 4.
1656 3154 1679 3177 ς.
1693 3153 1733 3172 12.
1759 3141 1841 3171 Haud
1850 3140 1989 3178 auspicato
1998 3140 2052 3168 huc
2067 3149 2110 3168 me
2123 3137 2227 3175 appuli.
2250 3136 2302 3165 Ubi
2315 3135 2447 3164 Donatus.

1450 3182 1589 3220 auspicato
1600 3203 1607 3215 ,
1630 3180 1659 3209 id
1667 3180 1915 3217 estinauspicatus,
1937 3177 2013 3215 quod
2026 3186 2081 3205 non
2093 3176 2158 3205 esset
2168 3174 2333 3211 auspicatus.
2374 3171 2408 3200 Et
2424 3169 2543 3198 usitatum
2572 3183 2573 3189 .

1449 3219 1589 3250 veteribus
1599 3218 1634 3247 sic
1648 3218 1756 3249 dicere.
1779 3216 1866 3253 siquid
1880 3215 2030 3253 aliquando
2042 3214 2119 3243 aliter
2130 3212 2261 3242 evenisset
2275 3219 2357 3247 quam
2367 3207 2476 3237 vellent.
2488 3203 2541 3234 Cic.

1451 3268 1477 3288 ι.
1491 3258 1525 3287 de
1537 3257 1628 3286 Divin.
1641 3259 1684 3292 76.
1709 3255 1841 3285 Bellicam
1850 3263 1908 3283 rem
1920 3252 2102 3283 administrari
2114 3252 2231 3287 majores
2241 3248 2323 3278 nostri
2336 3269 2344 3283 ,
2365 3245 2412 3275 nisi
2430 3242 2543 3281 auspica-
2573 3249 2575 3256 ⁵

1451 3302 1482 3325 to
1494 3296 1654 3324 noluerunt.

1432 3333 1578 3371 Auspicato
1588 3332 1746 3361 renuntiare
1756 3329 1913 3359 Consulem.
1936 3328 1994 3357 Cic.
2009 3337 2059 3364 pro
2069 3326 2178 3356 Μαι-60.
2192 3335 2210 3354 1.
2222 3325 2292 3361 Quae
2300 3323 2463 3358 deprecatus
2473 3315 2542 3347 adiit
2573 3314 2575 3348 ζ

1452 3369 1656 3400 immortalibus
1666 3369 1722 3398 sum
1732 3390 1738 3402 ,
1755 3367 1868 3403 Judices
1877 3388 1884 3399 .
1904 3375 1981 3394 more
1992 3365 2172 3401 institutoque
2184 3363 2319 3398 majorum
2331 3360 2379 3389 illo
2387 3359 2431 3387 die
2440 3365 2491 3394 quo
2499 3362 2542 3383 au·

1453 3409 1558 3446 spicato
1569 3407 1690 3436 comitiis
1700 3406 1860 3435 centuriatis
1876 3399 1904 3433 L.
1916 3403 2062 3432 Murenam
2078 3400 2227 3431 Consulem
2239 3397 2412 3428 renuntiavi:
2434 3402 2476 3429 ut,
2496 3392 2542 3422 &c-
2574 3399 2577 3426 ᾗ

2594 1664 2595 1671 ᾼ
2586 1630 2596 1656 ,Α
2590 1554 2595 1598 ᾼΑᾺ
2583 1443 2595 1541 *ΑΔ-

1723 832 1775 861 Ubi
1786 833 1896 862 Servius
1908 853 1915 864 .
1938 830 2047 859 Paribus
2056 829 2198 865 auspiciis,
2220 826 2327 864 AEquali
2336 825 2476 864 potestate.
2494 826 2526 857 Et

1437 870 1471 899 ab
1485 879 1518 900 eo
1536 871 1611 907 quod
1626 871 1772 908 praecedit.¹
1793 871 1824 899 id
1843 869 1918 907 quod
1935 868 2064 905 sequitur.
2099 867 2132 896 Et
2145 866 2252 895 dirftum
2267 865 2304 894 est
2319 875 2334 893 a
2345 864 2482 898 comitiis,
2497 864 2527 894 iu
2550 886 2551 893 .

2582 837 2592 1051 —*<—ss—,—
2586 778 2589 782 .

1396 3448 1419 3478 A
1428 3458 1446 3477 υ
1456 3458 1467 3476 S
1478 3457 1492 3474 R
1506 3456 1523 3474 Α
1534 3456 1551 3474 V
1562 3457 1571 3474 1
1581 3455 1599 3474 A
1612 3467 1619 3479 ‚
1643 3444 1687 3474 vel
1705 3445 1724 3473 A
1735 3454 1752 3472 υ
1763 3453 1775 3472 s
1784 3453 1803 3471 ‘r
1813 3453 1826 3471 R
1839 3453 1856 3470 A
1865 3451 1880 3470 v
1891 3453 1898 3469 i
1910 3451 1928 3469 A
1938 3463 1945 3473 ,
1967 3440 2056 3470 Insula
2070 3439 2176 3468 Oceani
2189 3433 2418 3474 Septentrionalis
2428 3455 2435 3467 ,
2459 3441 2474 3460 a
2488 3429 2544 3459 Bar·
2575 3441 2577 3447 ·
2598 3440 2599 3445 ¹

1436 3485 1506 3514 baris
1526 3484 1560 3512 sic
1582 3482 1737 3520 appellata:
1759 3491 1774 3510 a
1790 3479 1921 3509 Romanis

1438 3571 1480 3597 37.
1493 3569 1551 3596 cap.
1565 3568 1588 3593 3.
1630 3557 1708 3586 Idem
1719 3563 1814 3586 tamen
1834 3555 1903 3584 Plin.
1919 3553 1965 3583 lib.
1979 3566 2004 3589 4.
2018 3563 2080 3591 cap.
2095 3562 2136 3588 13.
2156 3552 2229 3580 hanc
2239 3556 2321 3580 vocat
2332 3545 2508 3577 Austraniam:
2520 3540 2544 3571 ἃ

1437 3599 1474 3628 ita
1486 3597 1553 3634 legit
1563 3595 1735 3625 Hermolaus.

1399 3636 1520 3666 Ausriz
1532 3645 1546 3662 a
1563 3656 1570 3668 ,
1593 3634 1635 3662 tri.
1658 3631 1793 3668 [ΝὸτΘι]
1815 3629 1917 3659 Ventus
1939 3627 2130 3657 Meridionalis
2141 3649 2148 3660 ,
2172 3626 2205 3655 ab
2224 3624 2346 3658 Haurio3
2368 3631 2431 3651 nam
2447 3622 2545 3648 veter&

1435 3674 1503 3703 huic
1513 3672 1575 3700 voci
1584 3670 1739 3708 aspirabant
1748 3691 1756 3702 ,
1775 3667 1924 3697 scribentes
1936 3666 2058 3699 Hauster,
2072 3665 2146 3701 quod
2156 3663 2223 3693 MSS
2235 3662 2324 3692 Codd.
2339 3660 2473 3690 testantur.
2485 3654 2544 3698 Haef

1437 3710 1602 3747 Erythraeus.
1633 3708 1724 3736 Auster
1743 3707 1836 3736 Graece
1846 3707 1933 3733 Νότὶῑῡμ
1944 3704 2045 3732 dicitur
2056 3703 2090 3731 ab
2104 3703 2218 3732 humore
2231 3702 2257 3730 Sc
2275 3698 2376 3728 nebula
2386 3719 2394 3731 ,
2414 3693 2485 3732 quod
2494 3699 2544 3718 ΨΜ

1438 3749 1552 3779 Graece,
1576 3746 1681 3775 Humor
1698 3744 1797 3773 Latina
1817 3742 2044 3779 interpretatione
2061 3741 2186 3773 dicatur,
2213 3748 2245 3768 ae
2264 3737 2293 3766 sit
2315 3737 2337 3766 is
2357 3741 2454 3765 ventus
2474 3728 2545 3759 sudo·
2579 3762 2580 3765 Ἴ

1438 3786 1475 3814 ris
1484 3784 1607 3814 effector.
1647 3783 1765 3812 Nonius.
1788 3779 1852 3810 Caes.
1871 3778 1985 3816 3.Be11.
2005 3778 2086 3808 Civil.
2105 3782 2150 3808 26.
2173 3776 2256 3807 Nacti
2266 3774 2391 3805 Austrum
2405 3763 2545 3813 031163161-

1439 3829 1526 3890 Aiisltsi
1538 3858 1637 3888 sibilus.
1661 3858 1733 3900 Virg.
1749 3868 1770 3893 ς.
1781 3854 1838 3885 Ecl.
1852 3859 1897 3888 8²·

1439 3898 1539 3931 Austris
1550 3906 1608 3926 non
1619 3895 1737 3927 adversis
1749 3900 1857 3925 aetatem
1865 3892 1975 3922 ducere.
1996 3890 2065 3922 Hor.
2075 3899 2101 3922 2.
2115 3889 2199 3928 Epist.
2211 3897 2237 3925 2·
2249 3896 2314 3919 202.
2484 3915 2546 3948 Noa

1942 3488 2007 3508 vero
2027 3477 2175 3510 Glelsaria,
2197 3486 2212 3504 a
2227 3473 2317 3504 Gleil'o
2334 3474 2351 3502 i.
2367 3482 2390 3501 e.
2411 3468 2542 3500 Succino,
2576 3473 2577 3486 ¹

1436 3532 1500 3552 cum
1512 3521 1616 3550 scilicet
1628 3519 1808 3548 Germanicus
1819 3516 1904 3546 Caesar
1918 3516 1954 3544 ibi
1966 3526 2008 3545 res
2016 3515 2142 3544 classibus
2153 3519 2266 3551 gereret.
2306 3511 2405 3540 AuClor
2420 3507 2485 3537 Plin.
2498 3503 2540 3534 lib.
2576 3522 2577 3527 ,
