<?xml version="1.0" encoding="UTF-8"?>
<!DOCTYPE html PUBLIC "-//W3C//DTD XHTML 1.0 Transitional//EN"
    "http://www.w3.org/TR/xhtml1/DTD/xhtml1-transitional.dtd">
<html xmlns="http://www.w3.org/1999/xhtml" xml:lang="en" lang="en">
 <head>
  <title>
</title>
<meta http-equiv="Content-Type" content="text/html;charset=utf-8" />
  <meta name='ocr-system' content='tesseract 3.04.00' />
  <meta name='ocr-capabilities' content='ocr_page ocr_carea ocr_par ocr_line ocrx_word'/>
</head>
<body>
  <div class='ocr_page' id='page_1' title='image "./robertistephanil01esti_0485.png"; bbox 0 0 2600 4177; ppageno 0'>
   <div class='ocr_carea' id='block_1_1' title="bbox 0 1359 3 1380">
    <p class='ocr_par' dir='ltr' id='par_1_1' title="bbox 0 1359 3 1380">
     <span class='ocr_line' id='line_1_1' title="bbox 0 1359 3 1380; baseline 0 0"><span class='ocrx_word' id='word_1_1' title='bbox 0 1359 3 1380; x_wconf 72' lang='lat' dir='ltr'>i</span> 
     </span>
    </p>
   </div>
   <div class='ocr_carea' id='block_1_2' title="bbox 0 1385 363 1422">
    <p class='ocr_par' dir='ltr' id='par_1_2' title="bbox 0 1385 363 1422">
     <span class='ocr_line' id='line_1_2' title="bbox 0 1385 363 1422; baseline 0.006 -6"><span class='ocrx_word' id='word_1_2' title='bbox 0 1402 3 1412; x_wconf 64' lang='grc' dir='ltr'>ι</span> <span class='ocrx_word' id='word_1_3' title='bbox 36 1385 270 1422; x_wconf 75' lang='lat' dir='ltr'>CANAcHus.</span> <span class='ocrx_word' id='word_1_4' title='bbox 293 1389 308 1417; x_wconf 93' lang='lat' dir='ltr'>i.</span> <span class='ocrx_word' id='word_1_5' title='bbox 327 1397 363 1418; x_wconf 88' lang='lat' dir='ltr'>m.</span> 
     </span>
    </p>
   </div>
   <div class='ocr_carea' id='block_1_3' title="bbox 444 145 727 182">
    <p class='ocr_par' dir='ltr' id='par_1_3' title="bbox 444 145 727 182">
     <span class='ocr_line' id='line_1_3' title="bbox 444 145 727 182; baseline 0.004 -1"><span class='ocrx_word' id='word_1_6' title='bbox 444 145 472 181; x_wconf 92' lang='lat' dir='ltr'>C</span> <span class='ocrx_word' id='word_1_7' title='bbox 570 147 596 182; x_wconf 84' lang='lat' dir='ltr'>A</span> <span class='ocrx_word' id='word_1_8' title='bbox 692 146 727 182; x_wconf 87' lang='lat' dir='ltr'>N</span> 
     </span>
    </p>
   </div>
   <div class='ocr_carea' id='block_1_4' title="bbox 87 226 1196 331">
    <p class='ocr_par' dir='ltr' id='par_1_4' title="bbox 87 226 1196 331">
     <span class='ocr_line' id='line_1_4' title="bbox 88 226 1196 268; baseline 0.003 -14"><span class='ocrx_word' id='word_1_9' title='bbox 88 226 167 261; x_wconf 87' lang='lat' dir='ltr'>quius</span> <span class='ocrx_word' id='word_1_10' title='bbox 186 232 245 262; x_wconf 73' lang='lat'>378.</span> <span class='ocrx_word' id='word_1_11' title='bbox 262 227 289 255; x_wconf 91' lang='lat' dir='ltr'>in</span> <span class='ocrx_word' id='word_1_12' title='bbox 302 227 446 256; x_wconf 75' lang='lat' dir='ltr'>Horatium</span> <span class='ocrx_word' id='word_1_13' title='bbox 457 227 568 257; x_wconf 78' lang='lat' dir='ltr'>exRob.</span> <span class='ocrx_word' id='word_1_14' title='bbox 581 228 720 258; x_wconf 74' lang='lat' dir='ltr'>Constant.</span> <span class='ocrx_word' id='word_1_15' title='bbox 752 230 832 268; x_wconf 87' lang='lat' dir='ltr'>Apud</span> <span class='ocrx_word' id='word_1_16' title='bbox 847 230 942 259; x_wconf 82' lang='lat' dir='ltr'>Horat.</span> <span class='ocrx_word' id='word_1_17' title='bbox 964 226 1196 265; x_wconf 73' lang='lat' dir='ltr'>(Serni.r.6.39.)</span> 
     </span>
     <span class='ocr_line' id='line_1_5' title="bbox 88 264 1194 305; baseline 0.004 -14"><span class='ocrx_word' id='word_1_18' title='bbox 88 264 124 291; x_wconf 87' lang='lat' dir='ltr'>ita</span> <span class='ocrx_word' id='word_1_19' title='bbox 141 265 252 298; x_wconf 71' lang='lat' dir='ltr'>quidam</span> <span class='ocrx_word' id='word_1_20' title='bbox 273 264 393 293; x_wconf 62' lang='lat' dir='ltr'>Tradere</span> <span class='ocrx_word' id='word_1_21' title='bbox 412 274 508 301; x_wconf 86' lang='lat' dir='ltr'>camo,</span> <span class='ocrx_word' id='word_1_22' title='bbox 529 275 579 302; x_wconf 87' lang='lat' dir='ltr'>pro</span> <span class='ocrx_word' id='word_1_23' title='bbox 599 267 714 296; x_wconf 87' lang='lat' dir='ltr'>Cadmo.</span> <span class='ocrx_word' id='word_1_24' title='bbox 737 268 772 297; x_wconf 90' lang='grc' dir='ltr'>Η.</span> <span class='ocrx_word' id='word_1_25' title='bbox 785 270 823 297; x_wconf 82' lang='lat' dir='ltr'>St.</span> <span class='ocrx_word' id='word_1_26' title='bbox 855 268 884 297; x_wconf 95' lang='lat' dir='ltr'>V.</span> <span class='ocrx_word' id='word_1_27' title='bbox 908 268 996 305; x_wconf 88' lang='lat' dir='ltr'>ipsurn</span> <span class='ocrx_word' id='word_1_28' title='bbox 1016 269 1046 296; x_wconf 87' lang='lat' dir='ltr'>in</span> <span class='ocrx_word' id='word_1_29' title='bbox 1066 267 1194 305; x_wconf 84' lang='lat' dir='ltr'>Append.</span> 
     </span>
     <span class='ocr_line' id='line_1_6' title="bbox 87 300 464 331; baseline 0.005 -2"><span class='ocrx_word' id='word_1_30' title='bbox 87 300 167 330; x_wconf 86' lang='lat' dir='ltr'>Thes.</span> <span class='ocrx_word' id='word_1_31' title='bbox 187 302 273 330; x_wconf 62' lang='lat' dir='ltr'>Graeci</span> <span class='ocrx_word' id='word_1_32' title='bbox 286 302 313 330; x_wconf 91' lang='lat' dir='ltr'>in</span> <span class='ocrx_word' id='word_1_33' title='bbox 326 302 377 331; x_wconf 84' lang='lat' dir='ltr'>hac</span> <span class='ocrx_word' id='word_1_34' title='bbox 388 311 464 331; x_wconf 90' lang='lat' dir='ltr'>voce.</span> 
     </span>
    </p>
   </div>
   <div class='ocr_carea' id='block_1_5' title="bbox 479 362 762 401">
    <p class='ocr_par' dir='ltr' id='par_1_5' title="bbox 479 362 762 401">
     <span class='ocr_line' id='line_1_7' title="bbox 479 362 762 401; baseline 0.011 -3"><span class='ocrx_word' id='word_1_35' title='bbox 479 362 508 398; x_wconf 90' lang='lat' dir='ltr'>C</span> <span class='ocrx_word' id='word_1_36' title='bbox 605 365 630 400; x_wconf 88' lang='lat' dir='ltr'>A</span> <span class='ocrx_word' id='word_1_37' title='bbox 728 366 762 401; x_wconf 89' lang='lat' dir='ltr'>N</span> 
     </span>
    </p>
   </div>
   <div class='ocr_carea' id='block_1_6' title="bbox 41 410 1196 1540">
    <p class='ocr_par' dir='ltr' id='par_1_6' title="bbox 50 410 1196 524">
     <span class='ocr_line' id='line_1_8' title="bbox 50 410 1195 450; baseline 0.002 -11"><span class='ocrx_word' id='word_1_38' title='bbox 50 410 72 440; x_wconf 93' lang='lat' dir='ltr'>C</span> <span class='ocrx_word' id='word_1_39' title='bbox 81 420 99 439; x_wconf 98' lang='lat' dir='ltr'>A</span> <span class='ocrx_word' id='word_1_40' title='bbox 110 419 130 439; x_wconf 94' lang='lat' dir='ltr'>N</span> <span class='ocrx_word' id='word_1_41' title='bbox 139 420 156 439; x_wconf 97' lang='lat' dir='ltr'>A</span> <span class='ocrx_word' id='word_1_42' title='bbox 169 433 177 444; x_wconf 94' lang='lat'>,</span> <span class='ocrx_word' id='word_1_43' title='bbox 198 411 324 440; x_wconf 82' lang='lat' dir='ltr'>Straboni</span> <span class='ocrx_word' id='word_1_44' title='bbox 335 411 379 440; x_wconf 83' lang='lat' dir='ltr'>lib.</span> <span class='ocrx_word' id='word_1_45' title='bbox 392 420 432 448; x_wconf 87' lang='lat'>13.</span> <span class='ocrx_word' id='word_1_46' title='bbox 456 412 677 442; x_wconf 79' lang='lat' dir='ltr'>promontorium</span> <span class='ocrx_word' id='word_1_47' title='bbox 694 413 768 449; x_wconf 86' lang='lat' dir='ltr'>quod</span> <span class='ocrx_word' id='word_1_48' title='bbox 783 421 879 445; x_wconf 88' lang='lat' dir='ltr'>contra</span> <span class='ocrx_word' id='word_1_49' title='bbox 892 414 1005 445; x_wconf 64' lang='lat' dir='ltr'>Led&#39;tum</span> <span class='ocrx_word' id='word_1_50' title='bbox 1017 413 1195 450; x_wconf 73' lang='lat' dir='ltr'><strong>consurgens,</strong></span> 
     </span>
     <span class='ocr_line' id='line_1_9' title="bbox 88 448 1196 487; baseline 0.003 -11"><span class='ocrx_word' id='word_1_51' title='bbox 88 448 310 485; x_wconf 87' lang='lat' dir='ltr'>Adramyttenum</span> <span class='ocrx_word' id='word_1_52' title='bbox 323 449 408 478; x_wconf 88' lang='lat' dir='ltr'>sinum</span> <span class='ocrx_word' id='word_1_53' title='bbox 420 449 504 478; x_wconf 81' lang='lat' dir='ltr'>efficit</span> <span class='ocrx_word' id='word_1_54' title='bbox 516 471 523 484; x_wconf 89' lang='lat'>,</span> <span class='ocrx_word' id='word_1_55' title='bbox 545 451 623 482; x_wconf 83' lang='lat' dir='ltr'>cuius</span> <span class='ocrx_word' id='word_1_56' title='bbox 642 460 702 487; x_wconf 81' lang='lat' dir='ltr'>pars</span> <span class='ocrx_word' id='word_1_57' title='bbox 714 452 752 479; x_wconf 88' lang='lat' dir='ltr'>est</span> <span class='ocrx_word' id='word_1_58' title='bbox 765 451 900 482; x_wconf 81' lang='lat' dir='ltr'>Elaiticus.</span> <span class='ocrx_word' id='word_1_59' title='bbox 942 454 1012 482; x_wconf 89' lang='lat' dir='ltr'>Sunt</span> <span class='ocrx_word' id='word_1_60' title='bbox 1025 454 1050 482; x_wconf 75' lang='grc'>8(</span> <span class='ocrx_word' id='word_1_61' title='bbox 1066 453 1147 480; x_wconf 79' lang='lat' dir='ltr'>Came</span> <span class='ocrx_word' id='word_1_62' title='bbox 1160 451 1196 480; x_wconf 88' lang='lat' dir='ltr'>ei-</span> 
     </span>
     <span class='ocr_line' id='line_1_10' title="bbox 86 485 880 524; baseline 0.006 -11"><span class='ocrx_word' id='word_1_63' title='bbox 86 485 167 520; x_wconf 84' lang='lat' dir='ltr'>dem,</span> <span class='ocrx_word' id='word_1_64' title='bbox 189 485 336 515; x_wconf 81' lang='lat' dir='ltr'>Locrorum</span> <span class='ocrx_word' id='word_1_65' title='bbox 347 488 513 524; x_wconf 70' lang='lat' dir='ltr'>oppidulum</span> <span class='ocrx_word' id='word_1_66' title='bbox 527 509 534 522; x_wconf 94' lang='lat'>,</span> <span class='ocrx_word' id='word_1_67' title='bbox 557 488 634 516; x_wconf 82' lang='lat' dir='ltr'>litum</span> <span class='ocrx_word' id='word_1_68' title='bbox 651 489 679 516; x_wconf 90' lang='lat' dir='ltr'>in</span> <span class='ocrx_word' id='word_1_69' title='bbox 692 498 756 523; x_wconf 74' lang='lat' dir='ltr'>agro</span> <span class='ocrx_word' id='word_1_70' title='bbox 771 489 880 519; x_wconf 65' lang='lat' dir='ltr'>Canaeo.</span> 
     </span>
    </p>

    <p class='ocr_par' dir='ltr' id='par_1_7' title="bbox 50 522 1196 591">
     <span class='ocr_line' id='line_1_11' title="bbox 50 522 1196 565; baseline 0.002 -13"><span class='ocrx_word' id='word_1_71' title='bbox 50 522 72 552; x_wconf 93' lang='lat' dir='ltr'>C</span> <span class='ocrx_word' id='word_1_72' title='bbox 82 533 98 551; x_wconf 90' lang='lat' dir='ltr'>A</span> <span class='ocrx_word' id='word_1_73' title='bbox 109 532 128 551; x_wconf 98' lang='lat' dir='ltr'>N</span> <span class='ocrx_word' id='word_1_74' title='bbox 139 533 156 550; x_wconf 87' lang='lat' dir='ltr'>A</span> <span class='ocrx_word' id='word_1_75' title='bbox 167 545 175 557; x_wconf 85' lang='lat'>,</span> <span class='ocrx_word' id='word_1_76' title='bbox 196 524 301 558; x_wconf 47' lang='lat' dir='ltr'>[aare]</span> <span class='ocrx_word' id='word_1_77' title='bbox 322 525 418 552; x_wconf 88' lang='lat' dir='ltr'>dicunt</span> <span class='ocrx_word' id='word_1_78' title='bbox 429 525 515 553; x_wconf 66' lang='lat' dir='ltr'>Graeci</span> <span class='ocrx_word' id='word_1_79' title='bbox 526 547 533 559; x_wconf 96' lang='lat'>,</span> <span class='ocrx_word' id='word_1_80' title='bbox 556 535 605 554; x_wconf 92' lang='lat' dir='ltr'>nos</span> <span class='ocrx_word' id='word_1_81' title='bbox 620 525 741 554; x_wconf 78' lang='lat' dir='ltr'>Caniltra</span> <span class='ocrx_word' id='word_1_82' title='bbox 754 548 761 560; x_wconf 97' lang='lat'>,</span> <span class='ocrx_word' id='word_1_83' title='bbox 783 530 808 556; x_wconf 68' lang='lat' dir='ltr'>ot</span> <span class='ocrx_word' id='word_1_84' title='bbox 823 537 871 565; x_wconf 83' lang='lat' dir='ltr'>per</span> <span class='ocrx_word' id='word_1_85' title='bbox 888 527 1104 557; x_wconf 78' lang='lat' dir='ltr'>diminutionem</span> <span class='ocrx_word' id='word_1_86' title='bbox 1114 525 1196 555; x_wconf 89' lang='lat' dir='ltr'>Cani-</span> 
     </span>
     <span class='ocr_line' id='line_1_12' title="bbox 85 559 492 591; baseline 0.007 -3"><span class='ocrx_word' id='word_1_87' title='bbox 85 559 166 589; x_wconf 86' lang='lat' dir='ltr'>stella.</span> <span class='ocrx_word' id='word_1_88' title='bbox 200 561 300 590; x_wconf 83' lang='lat' dir='ltr'>Festus.</span> <span class='ocrx_word' id='word_1_89' title='bbox 344 561 373 590; x_wconf 89' lang='lat' dir='ltr'>V.</span> <span class='ocrx_word' id='word_1_90' title='bbox 399 562 492 591; x_wconf 87' lang='lat' dir='ltr'>Dacer.</span> 
     </span>
    </p>

    <p class='ocr_par' dir='ltr' id='par_1_8' title="bbox 49 597 1196 862">
     <span class='ocr_line' id='line_1_13' title="bbox 49 597 1195 637; baseline 0.001 -10"><span class='ocrx_word' id='word_1_91' title='bbox 49 597 71 627; x_wconf 90' lang='lat' dir='ltr'>C</span> <span class='ocrx_word' id='word_1_92' title='bbox 82 607 97 625; x_wconf 90' lang='lat' dir='ltr'>A</span> <span class='ocrx_word' id='word_1_93' title='bbox 108 607 127 625; x_wconf 86' lang='lat' dir='ltr'>N</span> <span class='ocrx_word' id='word_1_94' title='bbox 138 608 178 626; x_wconf 72' lang='lat' dir='ltr'>Aa</span> <span class='ocrx_word' id='word_1_95' title='bbox 188 608 225 626; x_wconf 70' lang='lat' dir='ltr'>ar.</span> <span class='ocrx_word' id='word_1_96' title='bbox 235 620 242 632; x_wconf 95' lang='lat'>,</span> <span class='ocrx_word' id='word_1_97' title='bbox 265 598 308 627; x_wconf 91' lang='lat' dir='ltr'>vel</span> <span class='ocrx_word' id='word_1_98' title='bbox 326 600 347 627; x_wconf 79' lang='lat' dir='ltr'>C</span> <span class='ocrx_word' id='word_1_99' title='bbox 359 609 376 627; x_wconf 95' lang='lat' dir='ltr'>A</span> <span class='ocrx_word' id='word_1_100' title='bbox 388 609 407 627; x_wconf 89' lang='lat' dir='ltr'>N</span> <span class='ocrx_word' id='word_1_101' title='bbox 418 610 437 628; x_wconf 88' lang='lat' dir='ltr'>A</span> <span class='ocrx_word' id='word_1_102' title='bbox 448 611 478 627; x_wconf 73' lang='lat' dir='ltr'>si</span> <span class='ocrx_word' id='word_1_103' title='bbox 492 611 506 628; x_wconf 85' lang='lat' dir='ltr'>L</span> <span class='ocrx_word' id='word_1_104' title='bbox 519 620 525 630; x_wconf 82' lang='lat'>‚</span> <span class='ocrx_word' id='word_1_105' title='bbox 546 600 687 637; x_wconf 85' lang='lat' dir='ltr'>Serapioni</span> <span class='ocrx_word' id='word_1_106' title='bbox 709 601 819 630; x_wconf 88' lang='lat' dir='ltr'>medico</span> <span class='ocrx_word' id='word_1_107' title='bbox 838 601 922 631; x_wconf 84' lang='lat' dir='ltr'>Terra</span> <span class='ocrx_word' id='word_1_108' title='bbox 935 602 972 631; x_wconf 88' lang='lat' dir='ltr'>est</span> <span class='ocrx_word' id='word_1_109' title='bbox 983 601 1140 630; x_wconf 76' lang='lat' dir='ltr'>tenuislimo</span> <span class='ocrx_word' id='word_1_110' title='bbox 1157 599 1195 628; x_wconf 88' lang='lat' dir='ltr'>sa-</span> 
     </span>
     <span class='ocr_line' id='line_1_14' title="bbox 85 633 1194 675; baseline 0.002 -12"><span class='ocrx_word' id='word_1_111' title='bbox 85 633 151 664; x_wconf 86' lang='lat' dir='ltr'>bulo</span> <span class='ocrx_word' id='word_1_112' title='bbox 162 635 321 672; x_wconf 80' lang='lat' dir='ltr'>persimilis,</span> <span class='ocrx_word' id='word_1_113' title='bbox 343 646 401 672; x_wconf 75' lang='lat' dir='ltr'>quae</span> <span class='ocrx_word' id='word_1_114' title='bbox 411 659 418 670; x_wconf 80' lang='lat'>,</span> <span class='ocrx_word' id='word_1_115' title='bbox 440 645 469 666; x_wconf 87' lang='lat' dir='ltr'>ut</span> <span class='ocrx_word' id='word_1_116' title='bbox 480 637 535 675; x_wconf 86' lang='lat' dir='ltr'>ipse</span> <span class='ocrx_word' id='word_1_117' title='bbox 544 638 581 666; x_wconf 89' lang='lat' dir='ltr'>ait</span> <span class='ocrx_word' id='word_1_118' title='bbox 593 659 600 672; x_wconf 86' lang='lat'>,</span> <span class='ocrx_word' id='word_1_119' title='bbox 622 647 676 666; x_wconf 87' lang='lat' dir='ltr'>una</span> <span class='ocrx_word' id='word_1_120' title='bbox 687 647 750 666; x_wconf 89' lang='lat' dir='ltr'>cum</span> <span class='ocrx_word' id='word_1_121' title='bbox 762 638 856 675; x_wconf 85' lang='lat' dir='ltr'>pluvia</span> <span class='ocrx_word' id='word_1_122' title='bbox 870 650 886 668; x_wconf 88' lang='lat' dir='ltr'>e</span> <span class='ocrx_word' id='word_1_123' title='bbox 899 639 965 669; x_wconf 71' lang='lat' dir='ltr'>ezelo</span> <span class='ocrx_word' id='word_1_124' title='bbox 979 639 1094 673; x_wconf 83' lang='lat' dir='ltr'>decidit,</span> <span class='ocrx_word' id='word_1_125' title='bbox 1115 639 1194 672; x_wconf 77' lang='lat' dir='ltr'>cujus</span> 
     </span>
     <span class='ocr_line' id='line_1_15' title="bbox 85 673 1194 711; baseline 0.003 -11"><span class='ocrx_word' id='word_1_126' title='bbox 85 682 141 701; x_wconf 88' lang='lat' dir='ltr'>non</span> <span class='ocrx_word' id='word_1_127' title='bbox 155 673 239 701; x_wconf 89' lang='lat' dir='ltr'>modo</span> <span class='ocrx_word' id='word_1_128' title='bbox 258 674 330 711; x_wconf 85' lang='lat' dir='ltr'>apud</span> <span class='ocrx_word' id='word_1_129' title='bbox 347 674 445 703; x_wconf 83' lang='lat' dir='ltr'>Arabes</span> <span class='ocrx_word' id='word_1_130' title='bbox 456 675 489 703; x_wconf 84' lang='lat' dir='ltr'>ad</span> <span class='ocrx_word' id='word_1_131' title='bbox 505 675 710 704; x_wconf 70' lang='lat' dir='ltr'>interaneorum</span> <span class='ocrx_word' id='word_1_132' title='bbox 727 676 814 705; x_wconf 87' lang='lat' dir='ltr'>tineas</span> <span class='ocrx_word' id='word_1_133' title='bbox 831 678 969 706; x_wconf 77' lang='lat' dir='ltr'>necandas</span> <span class='ocrx_word' id='word_1_134' title='bbox 983 698 990 710; x_wconf 86' lang='lat'>‚</span> <span class='ocrx_word' id='word_1_135' title='bbox 1012 686 1108 705; x_wconf 84' lang='lat' dir='ltr'>verum</span> <span class='ocrx_word' id='word_1_136' title='bbox 1122 678 1147 705; x_wconf 71' lang='grc' dir='ltr'>διε</span> <span class='ocrx_word' id='word_1_137' title='bbox 1159 675 1194 703; x_wconf 84' lang='lat' dir='ltr'>ad</span> 
     </span>
     <span class='ocr_line' id='line_1_16' title="bbox 85 709 1196 747; baseline 0.002 -9"><span class='ocrx_word' id='word_1_138' title='bbox 85 709 178 739; x_wconf 71' lang='lat' dir='ltr'>fictilia</span> <span class='ocrx_word' id='word_1_139' title='bbox 191 711 273 739; x_wconf 65' lang='lat' dir='ltr'>fracta</span> <span class='ocrx_word' id='word_1_140' title='bbox 285 712 501 747; x_wconf 70' lang='lat' dir='ltr'>conglutinanda</span> <span class='ocrx_word' id='word_1_141' title='bbox 512 712 648 741; x_wconf 84' lang='lat' dir='ltr'>increbuit</span> <span class='ocrx_word' id='word_1_142' title='bbox 658 713 728 742; x_wconf 87' lang='lat' dir='ltr'>usus.</span> <span class='ocrx_word' id='word_1_143' title='bbox 770 713 886 743; x_wconf 87' lang='lat' dir='ltr'>Proinde</span> <span class='ocrx_word' id='word_1_144' title='bbox 901 715 973 743; x_wconf 82' lang='lat' dir='ltr'>haud</span> <span class='ocrx_word' id='word_1_145' title='bbox 985 714 1068 743; x_wconf 91' lang='lat' dir='ltr'>dubie</span> <span class='ocrx_word' id='word_1_146' title='bbox 1081 713 1196 742; x_wconf 85' lang='lat' dir='ltr'>halluci-</span> 
     </span>
     <span class='ocr_line' id='line_1_17' title="bbox 83 748 1196 788; baseline 0.003 -12"><span class='ocrx_word' id='word_1_147' title='bbox 83 748 140 776; x_wconf 84' lang='lat' dir='ltr'>nari</span> <span class='ocrx_word' id='word_1_148' title='bbox 151 748 415 786; x_wconf 80' lang='lat' dir='ltr'>deprehenduntur,</span> <span class='ocrx_word' id='word_1_149' title='bbox 437 751 483 786; x_wconf 90' lang='lat' dir='ltr'>qui</span> <span class='ocrx_word' id='word_1_150' title='bbox 498 750 618 780; x_wconf 80' lang='lat' dir='ltr'>Canabel</span> <span class='ocrx_word' id='word_1_151' title='bbox 635 751 793 787; x_wconf 79' lang='lat' dir='ltr'>Serapionis</span> <span class='ocrx_word' id='word_1_152' title='bbox 805 752 905 781; x_wconf 88' lang='lat' dir='ltr'>Semen</span> <span class='ocrx_word' id='word_1_153' title='bbox 920 749 1042 781; x_wconf 65' lang='lat' dir='ltr'>sanctum</span> <span class='ocrx_word' id='word_1_154' title='bbox 1062 753 1196 788; x_wconf 79' lang='lat' dir='ltr'>interpre-</span> 
     </span>
     <span class='ocr_line' id='line_1_18' title="bbox 83 786 1195 823; baseline 0.003 -10"><span class='ocrx_word' id='word_1_155' title='bbox 83 792 191 819; x_wconf 79' lang='lat' dir='ltr'>tantur,</span> <span class='ocrx_word' id='word_1_156' title='bbox 214 796 297 822; x_wconf 78' lang='lat' dir='ltr'>quum</span> <span class='ocrx_word' id='word_1_157' title='bbox 310 786 392 823; x_wconf 79' lang='lat' dir='ltr'>longe</span> <span class='ocrx_word' id='word_1_158' title='bbox 403 787 554 816; x_wconf 85' lang='lat' dir='ltr'>admodum</span> <span class='ocrx_word' id='word_1_159' title='bbox 573 788 631 816; x_wconf 64' lang='lat' dir='ltr'>haec</span> <span class='ocrx_word' id='word_1_160' title='bbox 645 789 716 816; x_wconf 85' lang='lat' dir='ltr'>inter</span> <span class='ocrx_word' id='word_1_161' title='bbox 728 787 753 816; x_wconf 84' lang='lat' dir='ltr'>se</span> <span class='ocrx_word' id='word_1_162' title='bbox 773 788 909 818; x_wconf 78' lang='lat' dir='ltr'>differant.</span> <span class='ocrx_word' id='word_1_163' title='bbox 953 789 981 818; x_wconf 95' lang='lat' dir='ltr'>V.</span> <span class='ocrx_word' id='word_1_164' title='bbox 1004 789 1143 818; x_wconf 76' lang='lat' dir='ltr'>matthiol.</span> <span class='ocrx_word' id='word_1_165' title='bbox 1165 789 1195 816; x_wconf 91' lang='lat' dir='ltr'>in</span> 
     </span>
     <span class='ocr_line' id='line_1_19' title="bbox 83 823 1064 862; baseline 0.004 -10"><span class='ocrx_word' id='word_1_166' title='bbox 83 823 235 852; x_wconf 88' lang='lat' dir='ltr'>Dioscorid.</span> <span class='ocrx_word' id='word_1_167' title='bbox 251 824 298 853; x_wconf 89' lang='lat' dir='ltr'>lib.</span> <span class='ocrx_word' id='word_1_168' title='bbox 311 833 333 860; x_wconf 65' lang='grc' dir='ltr'>ζ.</span> <span class='ocrx_word' id='word_1_169' title='bbox 347 834 408 861; x_wconf 77' lang='lat' dir='ltr'>cap.</span> <span class='ocrx_word' id='word_1_170' title='bbox 421 835 465 860; x_wconf 76' lang='lat'>24.</span> <span class='ocrx_word' id='word_1_171' title='bbox 503 824 626 862; x_wconf 78' lang='lat' dir='ltr'>Plerique</span> <span class='ocrx_word' id='word_1_172' title='bbox 637 826 767 854; x_wconf 78' lang='lat' dir='ltr'>Eretriam</span> <span class='ocrx_word' id='word_1_173' title='bbox 779 835 879 855; x_wconf 85' lang='lat' dir='ltr'>terram</span> <span class='ocrx_word' id='word_1_174' title='bbox 891 826 944 856; x_wconf 71' lang='lat' dir='ltr'>esse</span> <span class='ocrx_word' id='word_1_175' title='bbox 958 827 1064 856; x_wconf 88' lang='lat' dir='ltr'>dicunt.</span> 
     </span>
    </p>

    <p class='ocr_par' dir='ltr' id='par_1_9' title="bbox 47 860 1191 937">
     <span class='ocr_line' id='line_1_20' title="bbox 47 860 1191 901; baseline 0.002 -11"><span class='ocrx_word' id='word_1_176' title='bbox 47 860 94 890; x_wconf 88' lang='lat' dir='ltr'>CA</span> <span class='ocrx_word' id='word_1_177' title='bbox 104 870 123 889; x_wconf 86' lang='lat' dir='ltr'>N</span> <span class='ocrx_word' id='word_1_178' title='bbox 133 871 152 890; x_wconf 93' lang='lat' dir='ltr'>A</span> <span class='ocrx_word' id='word_1_179' title='bbox 162 870 177 888; x_wconf 74' lang='grc' dir='ltr'>Β</span> <span class='ocrx_word' id='word_1_180' title='bbox 187 870 223 889; x_wconf 85' lang='lat' dir='ltr'>rA</span> <span class='ocrx_word' id='word_1_181' title='bbox 238 883 245 896; x_wconf 84' lang='lat'>,</span> <span class='ocrx_word' id='word_1_182' title='bbox 281 863 429 897; x_wconf 59' lang='grc' dir='ltr'>[νιφνκξια]</span> <span class='ocrx_word' id='word_1_183' title='bbox 451 862 613 891; x_wconf 77' lang='lat' dir='ltr'>Calceorum</span> <span class='ocrx_word' id='word_1_184' title='bbox 636 863 815 892; x_wconf 84' lang='lat' dir='ltr'>muliebrium</span> <span class='ocrx_word' id='word_1_185' title='bbox 834 864 938 901; x_wconf 87' lang='lat' dir='ltr'>species</span> <span class='ocrx_word' id='word_1_186' title='bbox 958 864 1064 894; x_wconf 83' lang='lat' dir='ltr'>Polluci</span> <span class='ocrx_word' id='word_1_187' title='bbox 1082 864 1153 894; x_wconf 90' lang='lat' dir='ltr'>libro</span> <span class='ocrx_word' id='word_1_188' title='bbox 1164 874 1191 901; x_wconf 79' lang='lat'>7.</span> 
     </span>
     <span class='ocr_line' id='line_1_21' title="bbox 82 899 830 937; baseline 0.004 -10"><span class='ocrx_word' id='word_1_189' title='bbox 82 906 141 935; x_wconf 83' lang='lat' dir='ltr'>cap.</span> <span class='ocrx_word' id='word_1_190' title='bbox 153 907 198 928; x_wconf 78' lang='lat'>22.</span> <span class='ocrx_word' id='word_1_191' title='bbox 238 899 372 928; x_wconf 82' lang='lat' dir='ltr'>Scribitur</span> <span class='ocrx_word' id='word_1_192' title='bbox 386 901 411 929; x_wconf 72' lang='grc' dir='ltr'>ἂ</span> <span class='ocrx_word' id='word_1_193' title='bbox 423 902 560 937; x_wconf 77' lang='lat' dir='ltr'>geminata</span> <span class='ocrx_word' id='word_1_194' title='bbox 574 900 663 929; x_wconf 87' lang='lat' dir='ltr'>littera</span> <span class='ocrx_word' id='word_1_195' title='bbox 678 900 830 931; x_wconf 86' lang='lat' dir='ltr'>Cannabia.</span> 
     </span>
    </p>

    <p class='ocr_par' dir='ltr' id='par_1_10' title="bbox 46 936 1194 976">
     <span class='ocr_line' id='line_1_22' title="bbox 46 936 1194 976; baseline 0.004 -12"><span class='ocrx_word' id='word_1_196' title='bbox 46 936 251 965; x_wconf 60' lang='lat' dir='ltr'>CANAM‘JLA</span> <span class='ocrx_word' id='word_1_197' title='bbox 265 959 272 971; x_wconf 91' lang='lat'>,</span> <span class='ocrx_word' id='word_1_198' title='bbox 294 947 384 966; x_wconf 88' lang='lat' dir='ltr'>orum.</span> <span class='ocrx_word' id='word_1_199' title='bbox 404 947 430 967; x_wconf 91' lang='lat' dir='ltr'>n.</span> <span class='ocrx_word' id='word_1_200' title='bbox 453 940 479 967; x_wconf 73' lang='grc' dir='ltr'>δι</span> <span class='ocrx_word' id='word_1_201' title='bbox 500 938 630 966; x_wconf 78' lang='lat' dir='ltr'>CANAs</span> <span class='ocrx_word' id='word_1_202' title='bbox 642 948 731 972; x_wconf 61' lang='lat' dir='ltr'>unffi,</span> <span class='ocrx_word' id='word_1_203' title='bbox 753 949 839 968; x_wconf 90' lang='lat' dir='ltr'>arum.</span> <span class='ocrx_word' id='word_1_204' title='bbox 862 938 879 968; x_wconf 82' lang='lat' dir='ltr'>f.</span> <span class='ocrx_word' id='word_1_205' title='bbox 903 938 941 976; x_wconf 87' lang='lat' dir='ltr'>pl.</span> <span class='ocrx_word' id='word_1_206' title='bbox 965 938 1035 969; x_wconf 88' lang='lat' dir='ltr'>Loca</span> <span class='ocrx_word' id='word_1_207' title='bbox 1048 938 1153 968; x_wconf 85' lang='lat' dir='ltr'>inculta</span> <span class='ocrx_word' id='word_1_208' title='bbox 1167 940 1194 969; x_wconf 77' lang='lat' dir='ltr'>Sc</span> 
     </span>
    </p>

    <p class='ocr_par' dir='ltr' id='par_1_11' title="bbox 61 973 1192 1089">
     <span class='ocr_line' id='line_1_23' title="bbox 61 973 1192 1014; baseline 0.003 -12"><span class='ocrx_word' id='word_1_209' title='bbox 61 991 72 994; x_wconf 60' lang='lat'>&gt;</span> <span class='ocrx_word' id='word_1_210' title='bbox 81 973 171 1010; x_wconf 82' lang='lat' dir='ltr'>aspera</span> <span class='ocrx_word' id='word_1_211' title='bbox 181 995 188 1008; x_wconf 96' lang='lat'>,</span> <span class='ocrx_word' id='word_1_212' title='bbox 209 984 268 1009; x_wconf 66' lang='lat' dir='ltr'>quac</span> <span class='ocrx_word' id='word_1_213' title='bbox 280 976 305 1003; x_wconf 56' lang='grc' dir='ltr'><em>ἃ</em></span> <span class='ocrx_word' id='word_1_214' title='bbox 318 975 449 1004; x_wconf 77' lang='lat' dir='ltr'>Novercae</span> <span class='ocrx_word' id='word_1_215' title='bbox 459 976 597 1005; x_wconf 90' lang='lat' dir='ltr'>dicuntur.</span> <span class='ocrx_word' id='word_1_216' title='bbox 638 976 669 1004; x_wconf 91' lang='lat' dir='ltr'>V.</span> <span class='ocrx_word' id='word_1_217' title='bbox 692 985 726 1005; x_wconf 77' lang='lat' dir='ltr'>ex</span> <span class='ocrx_word' id='word_1_218' title='bbox 738 976 868 1005; x_wconf 82' lang='lat' dir='ltr'>Frontino</span> <span class='ocrx_word' id='word_1_219' title='bbox 880 979 904 1006; x_wconf 67' lang='grc' dir='ltr'>ἃ</span> <span class='ocrx_word' id='word_1_220' title='bbox 915 977 977 1005; x_wconf 83' lang='lat' dir='ltr'>aliis</span> <span class='ocrx_word' id='word_1_221' title='bbox 988 977 1096 1014; x_wconf 83' lang='lat' dir='ltr'>Rigaltii</span> <span class='ocrx_word' id='word_1_222' title='bbox 1108 976 1192 1006; x_wconf 71' lang='lat' dir='ltr'>Gloss‘.</span> 
     </span>
     <span class='ocr_line' id='line_1_24' title="bbox 82 1012 1191 1052; baseline 0.004 -12"><span class='ocrx_word' id='word_1_223' title='bbox 82 1012 230 1048; x_wconf 78' lang='lat' dir='ltr'>Agrimens.</span> <span class='ocrx_word' id='word_1_224' title='bbox 247 1022 269 1041; x_wconf 86' lang='lat' dir='ltr'>a.</span> <span class='ocrx_word' id='word_1_225' title='bbox 285 1013 375 1041; x_wconf 72' lang='lat' dir='ltr'>(imsio</span> <span class='ocrx_word' id='word_1_226' title='bbox 397 1014 464 1042; x_wconf 72' lang='lat' dir='ltr'>edit.</span> <span class='ocrx_word' id='word_1_227' title='bbox 483 1024 510 1051; x_wconf 88' lang='lat' dir='ltr'>p.</span> <span class='ocrx_word' id='word_1_228' title='bbox 523 1023 586 1048; x_wconf 81' lang='lat'>294.</span> <span class='ocrx_word' id='word_1_229' title='bbox 607 1015 633 1042; x_wconf 68' lang='grc' dir='ltr'>ἃ</span> <span class='ocrx_word' id='word_1_230' title='bbox 655 1012 715 1048; x_wconf 90' lang='lat' dir='ltr'>Jan.</span> <span class='ocrx_word' id='word_1_231' title='bbox 735 1013 808 1043; x_wconf 86' lang='lat' dir='ltr'>Guil.</span> <span class='ocrx_word' id='word_1_232' title='bbox 833 1015 974 1044; x_wconf 87' lang='lat' dir='ltr'>Lauremb.</span> <span class='ocrx_word' id='word_1_233' title='bbox 998 1015 1087 1052; x_wconf 89' lang='lat' dir='ltr'>Antiq.</span> <span class='ocrx_word' id='word_1_234' title='bbox 1106 1024 1134 1052; x_wconf 92' lang='lat' dir='ltr'>p.</span> <span class='ocrx_word' id='word_1_235' title='bbox 1147 1018 1191 1049; x_wconf 79' lang='lat'>65.</span> 
     </span>
     <span class='ocr_line' id='line_1_25' title="bbox 81 1049 1047 1089; baseline 0.004 -12"><span class='ocrx_word' id='word_1_236' title='bbox 81 1049 251 1085; x_wconf 81' lang='lat' dir='ltr'>[Quantum</span> <span class='ocrx_word' id='word_1_237' title='bbox 264 1059 297 1077; x_wconf 77' lang='lat' dir='ltr'>ex</span> <span class='ocrx_word' id='word_1_238' title='bbox 308 1050 348 1079; x_wconf 87' lang='lat' dir='ltr'>his</span> <span class='ocrx_word' id='word_1_239' title='bbox 359 1049 470 1087; x_wconf 77' lang='lat' dir='ltr'>colligas</span> <span class='ocrx_word' id='word_1_240' title='bbox 480 1073 488 1085; x_wconf 96' lang='lat'>,</span> <span class='ocrx_word' id='word_1_241' title='bbox 508 1050 618 1080; x_wconf 89' lang='lat' dir='ltr'>videtur</span> <span class='ocrx_word' id='word_1_242' title='bbox 630 1051 814 1081; x_wconf 88' lang='lat' dir='ltr'>Limitationis</span> <span class='ocrx_word' id='word_1_243' title='bbox 825 1062 912 1089; x_wconf 83' lang='lat' dir='ltr'>genus</span> <span class='ocrx_word' id='word_1_244' title='bbox 921 1051 1047 1088; x_wconf 83' lang='lat' dir='ltr'>intelligi.</span> 
     </span>
    </p>

    <p class='ocr_par' dir='ltr' id='par_1_12' title="bbox 45 1086 1194 1278">
     <span class='ocr_line' id='line_1_26' title="bbox 45 1086 1194 1129; baseline 0.003 -13"><span class='ocrx_word' id='word_1_245' title='bbox 45 1086 94 1116; x_wconf 88' lang='lat' dir='ltr'>CA</span> <span class='ocrx_word' id='word_1_246' title='bbox 104 1095 174 1115; x_wconf 76' lang='lat' dir='ltr'>NAB</span> <span class='ocrx_word' id='word_1_247' title='bbox 185 1097 202 1115; x_wconf 88' lang='lat' dir='ltr'>u</span> <span class='ocrx_word' id='word_1_248' title='bbox 213 1097 224 1116; x_wconf 90' lang='lat' dir='ltr'>s</span> <span class='ocrx_word' id='word_1_249' title='bbox 235 1109 241 1121; x_wconf 93' lang='lat'><strong>‚</strong></span> <span class='ocrx_word' id='word_1_250' title='bbox 259 1089 278 1123; x_wconf 61' lang='grc' dir='ltr'>ζ</span> <span class='ocrx_word' id='word_1_251' title='bbox 289 1086 428 1122; x_wconf 50' lang='grc' dir='ltr'>νρέναέὢυ]</span> <span class='ocrx_word' id='word_1_252' title='bbox 450 1089 467 1117; x_wconf 93' lang='lat' dir='ltr'>i.</span> <span class='ocrx_word' id='word_1_253' title='bbox 484 1098 521 1117; x_wconf 91' lang='lat' dir='ltr'>m.</span> <span class='ocrx_word' id='word_1_254' title='bbox 544 1087 622 1117; x_wconf 76' lang='lat' dir='ltr'>Exile</span> <span class='ocrx_word' id='word_1_255' title='bbox 642 1089 747 1126; x_wconf 85' lang='lat' dir='ltr'>lignum</span> <span class='ocrx_word' id='word_1_256' title='bbox 764 1089 819 1124; x_wconf 88' lang='lat' dir='ltr'>est,</span> <span class='ocrx_word' id='word_1_257' title='bbox 849 1090 985 1129; x_wconf 76' lang='lat' dir='ltr'>pileorum</span> <span class='ocrx_word' id='word_1_258' title='bbox 1006 1091 1131 1120; x_wconf 82' lang='lat' dir='ltr'>textrinae</span> <span class='ocrx_word' id='word_1_259' title='bbox 1149 1099 1194 1120; x_wconf 79' lang='lat' dir='ltr'>ac-</span> 
     </span>
     <span class='ocr_line' id='line_1_27' title="bbox 81 1125 1194 1164; baseline 0.004 -12"><span class='ocrx_word' id='word_1_260' title='bbox 81 1125 279 1153; x_wconf 85' lang='lat' dir='ltr'>commodum:</span> <span class='ocrx_word' id='word_1_261' title='bbox 302 1126 377 1154; x_wconf 82' lang='lat' dir='ltr'>unde</span> <span class='ocrx_word' id='word_1_262' title='bbox 394 1128 419 1155; x_wconf 69' lang='lat' dir='ltr'>Sc</span> <span class='ocrx_word' id='word_1_263' title='bbox 435 1125 554 1162; x_wconf 87' lang='lat' dir='ltr'>quisunt</span> <span class='ocrx_word' id='word_1_264' title='bbox 565 1127 653 1155; x_wconf 86' lang='lat' dir='ltr'>macie</span> <span class='ocrx_word' id='word_1_265' title='bbox 667 1133 823 1164; x_wconf 83' lang='lat' dir='ltr'>praetenues</span> <span class='ocrx_word' id='word_1_266' title='bbox 838 1127 941 1156; x_wconf 82' lang='lat' dir='ltr'>Canabi</span> <span class='ocrx_word' id='word_1_267' title='bbox 954 1138 968 1156; x_wconf 89' lang='lat' dir='ltr'>a</span> <span class='ocrx_word' id='word_1_268' title='bbox 980 1128 1081 1157; x_wconf 72' lang='lat' dir='ltr'>Graecis</span> <span class='ocrx_word' id='word_1_269' title='bbox 1094 1136 1194 1156; x_wconf 83' lang='lat' dir='ltr'>vocan-</span> 
     </span>
     <span class='ocr_line' id='line_1_28' title="bbox 79 1162 1193 1201; baseline 0.004 -11"><span class='ocrx_word' id='word_1_270' title='bbox 79 1167 122 1191; x_wconf 81' lang='lat' dir='ltr'>tur</span> <span class='ocrx_word' id='word_1_271' title='bbox 132 1183 140 1196; x_wconf 90' lang='lat'>,</span> <span class='ocrx_word' id='word_1_272' title='bbox 162 1169 190 1191; x_wconf 90' lang='lat' dir='ltr'>ut</span> <span class='ocrx_word' id='word_1_273' title='bbox 199 1162 291 1191; x_wconf 81' lang='lat' dir='ltr'>scribit</span> <span class='ocrx_word' id='word_1_274' title='bbox 306 1163 416 1192; x_wconf 80' lang='lat' dir='ltr'>Pollux:</span> <span class='ocrx_word' id='word_1_275' title='bbox 439 1165 464 1192; x_wconf 67' lang='lat' dir='ltr'>Sc</span> <span class='ocrx_word' id='word_1_276' title='bbox 476 1171 559 1201; x_wconf 83' lang='lat' dir='ltr'>pocta</span> <span class='ocrx_word' id='word_1_277' title='bbox 567 1164 720 1201; x_wconf 87' lang='lat' dir='ltr'>Sannyrion</span> <span class='ocrx_word' id='word_1_278' title='bbox 732 1186 739 1199; x_wconf 93' lang='lat'>,</span> <span class='ocrx_word' id='word_1_279' title='bbox 761 1165 836 1201; x_wconf 89' lang='lat' dir='ltr'>quod</span> <span class='ocrx_word' id='word_1_280' title='bbox 846 1166 935 1194; x_wconf 80' lang='lat' dir='ltr'>macie</span> <span class='ocrx_word' id='word_1_281' title='bbox 947 1165 1012 1194; x_wconf 79' lang='lat' dir='ltr'>effet</span> <span class='ocrx_word' id='word_1_282' title='bbox 1024 1171 1193 1200; x_wconf 86' lang='lat' dir='ltr'>attenuatus,</span> 
     </span>
     <span class='ocr_line' id='line_1_29' title="bbox 79 1199 1192 1240; baseline 0.004 -12"><span class='ocrx_word' id='word_1_283' title='bbox 79 1199 117 1228; x_wconf 85' lang='lat' dir='ltr'>ita</span> <span class='ocrx_word' id='word_1_284' title='bbox 125 1201 338 1236; x_wconf 79' lang='lat' dir='ltr'>cognominatus</span> <span class='ocrx_word' id='word_1_285' title='bbox 350 1201 396 1235; x_wconf 88' lang='lat' dir='ltr'>est,</span> <span class='ocrx_word' id='word_1_286' title='bbox 417 1201 484 1230; x_wconf 88' lang='lat' dir='ltr'>teste</span> <span class='ocrx_word' id='word_1_287' title='bbox 494 1201 558 1230; x_wconf 74' lang='lat' dir='ltr'>Caei.</span> <span class='ocrx_word' id='word_1_288' title='bbox 573 1201 664 1231; x_wconf 88' lang='lat' dir='ltr'>Rhod.</span> <span class='ocrx_word' id='word_1_289' title='bbox 680 1202 728 1231; x_wconf 92' lang='lat' dir='ltr'>lib.</span> <span class='ocrx_word' id='word_1_290' title='bbox 743 1207 768 1235; x_wconf 78' lang='lat'>8.</span> <span class='ocrx_word' id='word_1_291' title='bbox 780 1212 841 1240; x_wconf 85' lang='lat' dir='ltr'>cap.</span> <span class='ocrx_word' id='word_1_292' title='bbox 855 1202 904 1231; x_wconf 86' lang='lat' dir='ltr'>ult.</span> <span class='ocrx_word' id='word_1_293' title='bbox 927 1203 983 1238; x_wconf 85' lang='lat' dir='ltr'>[Ex</span> <span class='ocrx_word' id='word_1_294' title='bbox 994 1202 1099 1232; x_wconf 87' lang='lat' dir='ltr'>Polluc.</span> <span class='ocrx_word' id='word_1_295' title='bbox 1112 1203 1192 1240; x_wconf 86' lang='lat' dir='ltr'>lib.7.</span> 
     </span>
     <span class='ocr_line' id='line_1_30' title="bbox 78 1237 928 1278; baseline 0.004 -12"><span class='ocrx_word' id='word_1_296' title='bbox 78 1237 167 1274; x_wconf 85' lang='lat' dir='ltr'>Segin.</span> <span class='ocrx_word' id='word_1_297' title='bbox 185 1242 244 1273; x_wconf 85' lang='lat'>164.</span> <span class='ocrx_word' id='word_1_298' title='bbox 259 1240 284 1267; x_wconf 74' lang='grc' dir='ltr'>δι</span> <span class='ocrx_word' id='word_1_299' title='bbox 298 1248 339 1267; x_wconf 90' lang='grc' dir='ltr'>ιο.</span> <span class='ocrx_word' id='word_1_300' title='bbox 355 1244 414 1273; x_wconf 81' lang='lat'>¹89·</span> <span class='ocrx_word' id='word_1_301' title='bbox 437 1248 494 1267; x_wconf 90' lang='lat' dir='ltr'>non</span> <span class='ocrx_word' id='word_1_302' title='bbox 505 1239 655 1268; x_wconf 68' lang='lat' dir='ltr'>intellecto.</span> <span class='ocrx_word' id='word_1_303' title='bbox 677 1240 725 1269; x_wconf 91' lang='lat' dir='ltr'>ubi</span> <span class='ocrx_word' id='word_1_304' title='bbox 756 1239 785 1268; x_wconf 93' lang='lat' dir='ltr'>V.</span> <span class='ocrx_word' id='word_1_305' title='bbox 808 1241 928 1278; x_wconf 82' lang='lat' dir='ltr'>interpp.</span> 
     </span>
    </p>

    <p class='ocr_par' dir='ltr' id='par_1_13' title="bbox 41 1271 1194 1342">
     <span class='ocr_line' id='line_1_31' title="bbox 41 1271 1194 1342; baseline 0.003 -38"><span class='ocrx_word' id='word_1_306' title='bbox 41 1271 66 1304; x_wconf 84' lang='lat' dir='ltr'>C</span> <span class='ocrx_word' id='word_1_307' title='bbox 73 1283 96 1341; x_wconf 51' lang='lat' dir='ltr'>A)</span> <span class='ocrx_word' id='word_1_308' title='bbox 100 1277 211 1341; x_wconf 65' lang='lat' dir='ltr'>NAcsE,</span> <span class='ocrx_word' id='word_1_309' title='bbox 232 1282 270 1342; x_wconf 57' lang='grc' dir='ltr'>είξ.</span> <span class='ocrx_word' id='word_1_310' title='bbox 292 1276 310 1305; x_wconf 92' lang='lat' dir='ltr'>f.</span> <span class='ocrx_word' id='word_1_311' title='bbox 332 1276 474 1312; x_wconf 64' lang='grc' dir='ltr'>[κανάκη]</span> <span class='ocrx_word' id='word_1_312' title='bbox 497 1277 615 1306; x_wconf 80' lang='lat' dir='ltr'>Macarei</span> <span class='ocrx_word' id='word_1_313' title='bbox 628 1277 720 1312; x_wconf 86' lang='lat' dir='ltr'>soror,</span> <span class='ocrx_word' id='word_1_314' title='bbox 740 1277 812 1308; x_wconf 84' lang='lat' dir='ltr'>AEoli</span> <span class='ocrx_word' id='word_1_315' title='bbox 826 1277 898 1307; x_wconf 75' lang='lat' dir='ltr'>filia:</span> <span class='ocrx_word' id='word_1_316' title='bbox 920 1277 956 1308; x_wconf 86' lang='lat' dir='ltr'>de</span> <span class='ocrx_word' id='word_1_317' title='bbox 971 1286 1024 1315; x_wconf 87' lang='lat' dir='ltr'>qua</span> <span class='ocrx_word' id='word_1_318' title='bbox 1036 1277 1194 1308; x_wconf 87' lang='lat' dir='ltr'>Ovid.scri-</span> 
     </span>
    </p>

    <p class='ocr_par' dir='ltr' id='par_1_14' title="bbox 78 1319 973 1396">
     <span class='ocr_line' id='line_1_32' title="bbox 100 1319 269 1342; baseline 0.006 -1"><span class='ocrx_word' id='word_1_319' title='bbox 100 1319 120 1341; x_wconf 90' lang='lat' dir='ltr'>it</span> <span class='ocrx_word' id='word_1_320' title='bbox 134 1322 174 1341; x_wconf 85' lang='grc' dir='ltr'>ιι.</span> <span class='ocrx_word' id='word_1_321' title='bbox 230 1323 237 1341; x_wconf 88' lang='grc' dir='ltr'>ι</span> <span class='ocrx_word' id='word_1_322' title='bbox 263 1336 269 1342; x_wconf 90' lang='grc'><em>.</em></span> 
     </span>
     <span class='ocr_line' id='line_1_33' title="bbox 78 1323 973 1396; baseline 0.002 -16"><span class='ocrx_word' id='word_1_323' title='bbox 78 1350 145 1380; x_wconf 90' lang='lat' dir='ltr'>Item</span> <span class='ocrx_word' id='word_1_324' title='bbox 156 1372 164 1385; x_wconf 86' lang='lat'>,</span> <span class='ocrx_word' id='word_1_325' title='bbox 187 1323 270 1380; x_wconf 64' lang='lat' dir='ltr'>Ciinis</span> <span class='ocrx_word' id='word_1_326' title='bbox 282 1360 385 1380; x_wconf 89' lang='lat' dir='ltr'>nomen</span> <span class='ocrx_word' id='word_1_327' title='bbox 397 1361 411 1380; x_wconf 87' lang='lat' dir='ltr'>a</span> <span class='ocrx_word' id='word_1_328' title='bbox 424 1349 516 1387; x_wconf 68' lang='grc' dir='ltr'>κοιναχιέ</span> <span class='ocrx_word' id='word_1_329' title='bbox 528 1351 664 1389; x_wconf 85' lang='lat' dir='ltr'>strepitus.</span> <span class='ocrx_word' id='word_1_330' title='bbox 688 1352 773 1381; x_wconf 89' lang='lat' dir='ltr'>Ovid.</span> <span class='ocrx_word' id='word_1_331' title='bbox 788 1361 811 1388; x_wconf 86' lang='lat'>3.</span> <span class='ocrx_word' id='word_1_332' title='bbox 829 1352 897 1382; x_wconf 83' lang='lat' dir='ltr'>Met.</span> <span class='ocrx_word' id='word_1_333' title='bbox 909 1362 973 1396; x_wconf 74' lang='lat'>²¹7·</span> 
     </span>
    </p>

    <p class='ocr_par' dir='ltr' id='par_1_15' title="bbox 386 1388 1192 1428">
     <span class='ocr_line' id='line_1_34' title="bbox 386 1388 1192 1428; baseline 0.005 -11"><span class='ocrx_word' id='word_1_334' title='bbox 386 1389 531 1426; x_wconf 63' lang='grc' dir='ltr'><strong><em>[Καναχὲς]</em></strong></span> <span class='ocrx_word' id='word_1_335' title='bbox 551 1389 664 1427; x_wconf 79' lang='lat' dir='ltr'>Insignis</span> <span class='ocrx_word' id='word_1_336' title='bbox 674 1389 815 1419; x_wconf 87' lang='lat' dir='ltr'>statuarius</span> <span class='ocrx_word' id='word_1_337' title='bbox 824 1391 876 1419; x_wconf 85' lang='lat' dir='ltr'>fuit</span> <span class='ocrx_word' id='word_1_338' title='bbox 885 1413 892 1426; x_wconf 85' lang='lat'>‚</span> <span class='ocrx_word' id='word_1_339' title='bbox 915 1400 960 1428; x_wconf 88' lang='lat' dir='ltr'>qui</span> <span class='ocrx_word' id='word_1_340' title='bbox 973 1388 1129 1428; x_wconf 82' lang='lat' dir='ltr'>Apollinem</span> <span class='ocrx_word' id='word_1_341' title='bbox 1140 1398 1192 1421; x_wconf 86' lang='lat' dir='ltr'>nu-</span> 
     </span>
    </p>

    <p class='ocr_par' dir='ltr' id='par_1_16' title="bbox 79 1425 1192 1467">
     <span class='ocr_line' id='line_1_35' title="bbox 79 1425 1192 1467; baseline 0.004 -13"><span class='ocrx_word' id='word_1_342' title='bbox 79 1425 153 1454; x_wconf 91' lang='lat' dir='ltr'>dum.</span> <span class='ocrx_word' id='word_1_343' title='bbox 195 1426 338 1455; x_wconf 81' lang='lat' dir='ltr'>Philesium</span> <span class='ocrx_word' id='word_1_344' title='bbox 354 1428 583 1464; x_wconf 86' lang='lat' dir='ltr'>cognominatum</span> <span class='ocrx_word' id='word_1_345' title='bbox 594 1427 622 1456; x_wconf 90' lang='lat' dir='ltr'>in</span> <span class='ocrx_word' id='word_1_346' title='bbox 634 1427 779 1464; x_wconf 84' lang='lat' dir='ltr'>Didymaeo</span> <span class='ocrx_word' id='word_1_347' title='bbox 789 1449 797 1463; x_wconf 82' lang='lat'>,</span> <span class='ocrx_word' id='word_1_348' title='bbox 820 1429 974 1465; x_wconf 77' lang='lat' dir='ltr'>ffiginetica</span> <span class='ocrx_word' id='word_1_349' title='bbox 985 1430 1043 1458; x_wconf 77' lang='lat' dir='ltr'>aeris</span> <span class='ocrx_word' id='word_1_350' title='bbox 1055 1435 1192 1467; x_wconf 87' lang='lat' dir='ltr'>tempera-</span> 
     </span>
    </p>

    <p class='ocr_par' dir='ltr' id='par_1_17' title="bbox 77 1463 1192 1540">
     <span class='ocr_line' id='line_1_36' title="bbox 77 1463 1192 1505; baseline 0.004 -13"><span class='ocrx_word' id='word_1_351' title='bbox 77 1470 135 1492; x_wconf 83' lang='lat' dir='ltr'>tura</span> <span class='ocrx_word' id='word_1_352' title='bbox 147 1463 267 1492; x_wconf 74' lang='lat' dir='ltr'>effinxit:</span> <span class='ocrx_word' id='word_1_353' title='bbox 289 1473 454 1501; x_wconf 86' lang='lat' dir='ltr'>cervumque</span> <span class='ocrx_word' id='word_1_354' title='bbox 473 1475 528 1494; x_wconf 92' lang='lat' dir='ltr'>una</span> <span class='ocrx_word' id='word_1_355' title='bbox 542 1465 580 1494; x_wconf 83' lang='lat' dir='ltr'>ita</span> <span class='ocrx_word' id='word_1_356' title='bbox 590 1465 709 1502; x_wconf 84' lang='lat' dir='ltr'>vestigiis</span> <span class='ocrx_word' id='word_1_357' title='bbox 722 1465 879 1503; x_wconf 77' lang='lat' dir='ltr'>suspendit,</span> <span class='ocrx_word' id='word_1_358' title='bbox 901 1473 932 1495; x_wconf 91' lang='lat' dir='ltr'>ut</span> <span class='ocrx_word' id='word_1_359' title='bbox 942 1466 1030 1495; x_wconf 88' lang='lat' dir='ltr'>linum</span> <span class='ocrx_word' id='word_1_360' title='bbox 1043 1466 1133 1496; x_wconf 84' lang='lat' dir='ltr'>subter</span> <span class='ocrx_word' id='word_1_361' title='bbox 1144 1477 1192 1505; x_wconf 89' lang='lat' dir='ltr'>pe-</span> 
     </span>
     <span class='ocr_line' id='line_1_37' title="bbox 77 1501 1190 1540; baseline 0.002 -11"><span class='ocrx_word' id='word_1_362' title='bbox 77 1501 126 1530; x_wconf 83' lang='lat' dir='ltr'>des</span> <span class='ocrx_word' id='word_1_363' title='bbox 136 1502 258 1531; x_wconf 81' lang='lat' dir='ltr'>trahatur</span> <span class='ocrx_word' id='word_1_364' title='bbox 268 1524 276 1536; x_wconf 93' lang='lat'>,</span> <span class='ocrx_word' id='word_1_365' title='bbox 297 1502 403 1531; x_wconf 88' lang='lat' dir='ltr'>alterno</span> <span class='ocrx_word' id='word_1_366' title='bbox 417 1502 507 1532; x_wconf 90' lang='lat' dir='ltr'>morsu</span> <span class='ocrx_word' id='word_1_367' title='bbox 519 1503 611 1539; x_wconf 85' lang='lat' dir='ltr'>digitis</span> <span class='ocrx_word' id='word_1_368' title='bbox 621 1503 752 1540; x_wconf 81' lang='lat' dir='ltr'>calceque</span> <span class='ocrx_word' id='word_1_369' title='bbox 764 1504 947 1533; x_wconf 89' lang='lat' dir='ltr'>retinentibus</span> <span class='ocrx_word' id='word_1_370' title='bbox 954 1504 1041 1533; x_wconf 89' lang='lat' dir='ltr'>solum</span> <span class='ocrx_word' id='word_1_371' title='bbox 1051 1527 1060 1539; x_wconf 93' lang='lat'>,</span> <span class='ocrx_word' id='word_1_372' title='bbox 1083 1505 1120 1534; x_wconf 88' lang='lat' dir='ltr'>ita</span> <span class='ocrx_word' id='word_1_373' title='bbox 1132 1515 1190 1534; x_wconf 86' lang='lat' dir='ltr'>ver.</span> 
     </span>
    </p>
   </div>
   <div class='ocr_carea' id='block_1_7' title="bbox 4 1538 1188 1579">
    <p class='ocr_par' dir='ltr' id='par_1_18' title="bbox 4 1538 1188 1579">
     <span class='ocr_line' id='line_1_38' title="bbox 4 1538 1188 1579; baseline 0.004 -13"><span class='ocrx_word' id='word_1_374' title='bbox 4 1559 5 1564; x_wconf 58' lang='grc'>,</span> <span class='ocrx_word' id='word_1_375' title='bbox 36 1570 37 1573; x_wconf 16' lang='lat'>¹</span> <span class='ocrx_word' id='word_1_376' title='bbox 75 1538 180 1568; x_wconf 86' lang='lat' dir='ltr'>tebrato</span> <span class='ocrx_word' id='word_1_377' title='bbox 191 1539 275 1568; x_wconf 85' lang='lat' dir='ltr'>dente</span> <span class='ocrx_word' id='word_1_378' title='bbox 286 1539 404 1577; x_wconf 87' lang='lat' dir='ltr'>utrisque</span> <span class='ocrx_word' id='word_1_379' title='bbox 417 1541 446 1569; x_wconf 91' lang='lat' dir='ltr'>in</span> <span class='ocrx_word' id='word_1_380' title='bbox 458 1540 600 1578; x_wconf 86' lang='lat' dir='ltr'>partibus,</span> <span class='ocrx_word' id='word_1_381' title='bbox 621 1547 652 1570; x_wconf 90' lang='lat' dir='ltr'>ut</span> <span class='ocrx_word' id='word_1_382' title='bbox 667 1550 682 1569; x_wconf 92' lang='lat' dir='ltr'>a</span> <span class='ocrx_word' id='word_1_383' title='bbox 695 1540 804 1578; x_wconf 89' lang='lat' dir='ltr'>repulsu</span> <span class='ocrx_word' id='word_1_384' title='bbox 823 1550 874 1579; x_wconf 91' lang='lat' dir='ltr'>per</span> <span class='ocrx_word' id='word_1_385' title='bbox 893 1543 968 1572; x_wconf 89' lang='lat' dir='ltr'>vices</span> <span class='ocrx_word' id='word_1_386' title='bbox 989 1541 1096 1572; x_wconf 82' lang='lat' dir='ltr'>resiliat.</span> <span class='ocrx_word' id='word_1_387' title='bbox 1118 1542 1188 1572; x_wconf 88' lang='lat' dir='ltr'>Plin.</span> 
     </span>
    </p>
   </div>
   <div class='ocr_carea' id='block_1_8' title="bbox 76 1576 296 1621">
    <p class='ocr_par' dir='ltr' id='par_1_19' title="bbox 76 1576 296 1621">
     <span class='ocr_line' id='line_1_39' title="bbox 76 1576 296 1621; baseline 0.009 -16"><span class='ocrx_word' id='word_1_388' title='bbox 76 1576 121 1606; x_wconf 91' lang='lat' dir='ltr'>lib.</span> <span class='ocrx_word' id='word_1_389' title='bbox 137 1585 179 1612; x_wconf 79' lang='lat'>³4-</span> <span class='ocrx_word' id='word_1_390' title='bbox 197 1586 256 1621; x_wconf 62' lang='lat' dir='ltr'>cap5</span> <span class='ocrx_word' id='word_1_391' title='bbox 271 1583 296 1611; x_wconf 86' lang='lat'>8.</span> 
     </span>
    </p>
   </div>
   <div class='ocr_carea' id='block_1_9' title="bbox 41 1612 1190 1655">
    <p class='ocr_par' dir='ltr' id='par_1_20' title="bbox 0 1599 1190 1658">
     <span class='ocr_line' id='line_1_40' title="bbox 41 1612 1190 1655; baseline 0.004 -12.828"><span class='ocrx_word' id='word_1_392' title='bbox 41 1612 88 1643; x_wconf 87' lang='lat' dir='ltr'>CA</span> <span class='ocrx_word' id='word_1_393' title='bbox 100 1617 226 1650; x_wconf 75' lang='grc' dir='ltr'>ΝᾸιιε,</span> <span class='ocrx_word' id='word_1_394' title='bbox 247 1624 278 1644; x_wconf 90' lang='lat' dir='ltr'>is.</span> <span class='ocrx_word' id='word_1_395' title='bbox 302 1624 339 1644; x_wconf 88' lang='lat' dir='ltr'>m.</span> <span class='ocrx_word' id='word_1_396' title='bbox 361 1616 387 1645; x_wconf 67' lang='grc' dir='ltr'>ἃ</span> <span class='ocrx_word' id='word_1_397' title='bbox 406 1615 425 1644; x_wconf 92' lang='lat' dir='ltr'>f.</span> <span class='ocrx_word' id='word_1_398' title='bbox 447 1615 568 1651; x_wconf 59' lang='lat' dir='ltr'>[maha]</span> <span class='ocrx_word' id='word_1_399' title='bbox 588 1614 698 1652; x_wconf 87' lang='lat' dir='ltr'>Festus,</span> <span class='ocrx_word' id='word_1_400' title='bbox 720 1614 836 1646; x_wconf 83' lang='lat' dir='ltr'>Canales</span> <span class='ocrx_word' id='word_1_401' title='bbox 854 1626 904 1655; x_wconf 89' lang='lat' dir='ltr'>per</span> <span class='ocrx_word' id='word_1_402' title='bbox 914 1625 982 1654; x_wconf 90' lang='lat' dir='ltr'>quos</span> <span class='ocrx_word' id='word_1_403' title='bbox 993 1626 1063 1655; x_wconf 84' lang='lat' dir='ltr'>aqua</span> <span class='ocrx_word' id='word_1_404' title='bbox 1071 1617 1190 1647; x_wconf 81' lang='lat' dir='ltr'>confluit</span> 
     </span>
    </p>
   </div>
   <div class='ocr_carea' id='block_1_10' title="bbox 7 2407 546 2441">
    <p class='ocr_par' dir='ltr' id='par_1_21' title="bbox 7 2407 546 2441">
     <span class='ocr_line' id='line_1_41' title="bbox 7 2407 546 2441; baseline 0 -5"><span class='ocrx_word' id='word_1_405' title='bbox 7 2407 329 2441; x_wconf 65' lang='lat' dir='ltr'>.CANAi.1cuzus,</span> <span class='ocrx_word' id='word_1_406' title='bbox 349 2417 368 2436; x_wconf 92' lang='lat' dir='ltr'>i.</span> <span class='ocrx_word' id='word_1_407' title='bbox 389 2416 426 2437; x_wconf 92' lang='lat' dir='ltr'>m.</span> <span class='ocrx_word' id='word_1_408' title='bbox 449 2407 546 2436; x_wconf 88' lang='lat' dir='ltr'>dimin.</span> 
     </span>
    </p>
   </div>
   <div class='ocr_carea' id='block_1_11' title="bbox 2 3131 7 3149">
    <p class='ocr_par' dir='ltr' id='par_1_22' title="bbox 2 3131 7 3149">
     <span class='ocr_line' id='line_1_42' title="bbox 2 3131 7 3149; baseline 0 0"><span class='ocrx_word' id='word_1_409' title='bbox 2 3131 7 3149; x_wconf 85' lang='lat' dir='ltr'>l</span> 
     </span>
    </p>
   </div>
   <div class='ocr_carea' id='block_1_12' title="bbox 34 1652 1191 4017">
    <p class='ocr_par' dir='ltr' id='par_1_23' title="bbox 79 1652 379 1690">
     <span class='ocr_line' id='line_1_43' title="bbox 79 1652 379 1690; baseline 0.007 -11"><span class='ocrx_word' id='word_1_410' title='bbox 79 1652 108 1680; x_wconf 92' lang='lat' dir='ltr'>in</span> <span class='ocrx_word' id='word_1_411' title='bbox 120 1652 169 1681; x_wconf 89' lang='lat' dir='ltr'>viis</span> <span class='ocrx_word' id='word_1_412' title='bbox 179 1652 273 1690; x_wconf 86' lang='lat' dir='ltr'>lapide</span> <span class='ocrx_word' id='word_1_413' title='bbox 284 1653 379 1682; x_wconf 84' lang='lat' dir='ltr'>stratis.</span> 
     </span>
    </p>

    <p class='ocr_par' dir='ltr' id='par_1_24' title="bbox 75 1689 1191 1840">
     <span class='ocr_line' id='line_1_44' title="bbox 75 1689 1191 1728; baseline 0.004 -10"><span class='ocrx_word' id='word_1_414' title='bbox 75 1689 183 1719; x_wconf 80' lang='lat' dir='ltr'>Canalis</span> <span class='ocrx_word' id='word_1_415' title='bbox 195 1712 202 1725; x_wconf 91' lang='lat'>,</span> <span class='ocrx_word' id='word_1_416' title='bbox 223 1700 239 1719; x_wconf 91' lang='lat' dir='ltr'>a</span> <span class='ocrx_word' id='word_1_417' title='bbox 250 1692 345 1719; x_wconf 79' lang='lat' dir='ltr'>Canna</span> <span class='ocrx_word' id='word_1_418' title='bbox 356 1690 386 1719; x_wconf 86' lang='lat' dir='ltr'>fit</span> <span class='ocrx_word' id='word_1_419' title='bbox 396 1712 403 1726; x_wconf 95' lang='lat'>,</span> <span class='ocrx_word' id='word_1_420' title='bbox 426 1700 482 1719; x_wconf 90' lang='lat' dir='ltr'>una</span> <span class='ocrx_word' id='word_1_421' title='bbox 494 1690 615 1720; x_wconf 70' lang='lat' dir='ltr'>detrad’ta</span> <span class='ocrx_word' id='word_1_422' title='bbox 626 1691 705 1721; x_wconf 88' lang='lat' dir='ltr'>litera</span> <span class='ocrx_word' id='word_1_423' title='bbox 717 1713 724 1727; x_wconf 86' lang='lat'>‚</span> <span class='ocrx_word' id='word_1_424' title='bbox 746 1690 864 1728; x_wconf 87' lang='lat' dir='ltr'>Lignum</span> <span class='ocrx_word' id='word_1_425' title='bbox 875 1692 908 1721; x_wconf 84' lang='lat' dir='ltr'>ad</span> <span class='ocrx_word' id='word_1_426' title='bbox 923 1702 1019 1722; x_wconf 85' lang='lat' dir='ltr'>cannae</span> <span class='ocrx_word' id='word_1_427' title='bbox 1035 1692 1191 1723; x_wconf 87' lang='lat' dir='ltr'>similitudi-</span> 
     </span>
     <span class='ocr_line' id='line_1_45' title="bbox 94 1728 1188 1769; baseline 0.005 -13"><span class='ocrx_word' id='word_1_428' title='bbox 94 1737 159 1757; x_wconf 86' lang='lat' dir='ltr'>nem</span> <span class='ocrx_word' id='word_1_429' title='bbox 174 1735 300 1757; x_wconf 88' lang='lat' dir='ltr'>cavatum</span> <span class='ocrx_word' id='word_1_430' title='bbox 312 1751 319 1762; x_wconf 86' lang='lat'>,</span> <span class='ocrx_word' id='word_1_431' title='bbox 342 1738 391 1764; x_wconf 88' lang='lat' dir='ltr'>per</span> <span class='ocrx_word' id='word_1_432' title='bbox 407 1728 482 1765; x_wconf 89' lang='lat' dir='ltr'>quod</span> <span class='ocrx_word' id='word_1_433' title='bbox 501 1738 570 1765; x_wconf 89' lang='lat' dir='ltr'>aqua</span> <span class='ocrx_word' id='word_1_434' title='bbox 587 1729 743 1758; x_wconf 86' lang='lat' dir='ltr'>deducitur.</span> <span class='ocrx_word' id='word_1_435' title='bbox 786 1728 925 1759; x_wconf 89' lang='lat' dir='ltr'>Columel.</span> <span class='ocrx_word' id='word_1_436' title='bbox 943 1730 991 1759; x_wconf 91' lang='lat' dir='ltr'>lib.</span> <span class='ocrx_word' id='word_1_437' title='bbox 1006 1740 1048 1760; x_wconf 89' lang='lat'>12.</span> <span class='ocrx_word' id='word_1_438' title='bbox 1068 1740 1128 1769; x_wconf 87' lang='lat' dir='ltr'>cap.</span> <span class='ocrx_word' id='word_1_439' title='bbox 1144 1741 1188 1766; x_wconf 73' lang='lat'>50.</span> 
     </span>
     <span class='ocr_line' id='line_1_46' title="bbox 93 1765 1191 1807; baseline 0.005 -13"><span class='ocrx_word' id='word_1_440' title='bbox 93 1765 166 1795; x_wconf 90' lang='lat' dir='ltr'>Oleo</span> <span class='ocrx_word' id='word_1_441' title='bbox 177 1772 269 1794; x_wconf 90' lang='lat' dir='ltr'>autem</span> <span class='ocrx_word' id='word_1_442' title='bbox 280 1766 458 1795; x_wconf 76' lang='lat' dir='ltr'>conficiendo</span> <span class='ocrx_word' id='word_1_443' title='bbox 469 1766 551 1795; x_wconf 84' lang='lat' dir='ltr'>molae</span> <span class='ocrx_word' id='word_1_444' title='bbox 572 1766 697 1797; x_wconf 85' lang='lat' dir='ltr'>utiliores</span> <span class='ocrx_word' id='word_1_445' title='bbox 717 1767 794 1803; x_wconf 90' lang='lat' dir='ltr'>sunt,</span> <span class='ocrx_word' id='word_1_446' title='bbox 816 1777 899 1804; x_wconf 82' lang='lat' dir='ltr'>quam</span> <span class='ocrx_word' id='word_1_447' title='bbox 918 1774 1057 1806; x_wconf 80' lang='lat' dir='ltr'>trapetum</span> <span class='ocrx_word' id='word_1_448' title='bbox 1070 1778 1077 1798; x_wconf 90' lang='lat'>:</span> <span class='ocrx_word' id='word_1_449' title='bbox 1100 1774 1191 1807; x_wconf 71' lang='lat' dir='ltr'>trape-</span> 
     </span>
     <span class='ocr_line' id='line_1_47' title="bbox 93 1803 516 1840; baseline 0 -8"><span class='ocrx_word' id='word_1_450' title='bbox 93 1809 153 1832; x_wconf 90' lang='lat' dir='ltr'>tum</span> <span class='ocrx_word' id='word_1_451' title='bbox 163 1825 171 1838; x_wconf 86' lang='lat'>,</span> <span class='ocrx_word' id='word_1_452' title='bbox 194 1813 274 1840; x_wconf 86' lang='lat' dir='ltr'>quam</span> <span class='ocrx_word' id='word_1_453' title='bbox 288 1804 389 1833; x_wconf 88' lang='lat' dir='ltr'>canalis</span> <span class='ocrx_word' id='word_1_454' title='bbox 399 1806 425 1833; x_wconf 69' lang='lat' dir='ltr'>Sc</span> <span class='ocrx_word' id='word_1_455' title='bbox 436 1803 516 1833; x_wconf 90' lang='lat' dir='ltr'>solea.</span> 
     </span>
    </p>

    <p class='ocr_par' dir='ltr' id='par_1_25' title="bbox 74 1841 554 1879">
     <span class='ocr_line' id='line_1_48' title="bbox 74 1841 554 1879; baseline 0.002 -10"><span class='ocrx_word' id='word_1_456' title='bbox 74 1841 235 1870; x_wconf 83' lang='lat' dir='ltr'>Arundinei.</span> <span class='ocrx_word' id='word_1_457' title='bbox 257 1841 327 1879; x_wconf 80' lang='lat' dir='ltr'>Virg.</span> <span class='ocrx_word' id='word_1_458' title='bbox 342 1853 368 1877; x_wconf 91' lang='lat'>4.</span> <span class='ocrx_word' id='word_1_459' title='bbox 380 1841 478 1878; x_wconf 87' lang='lat' dir='ltr'>Georg.</span> <span class='ocrx_word' id='word_1_460' title='bbox 490 1845 554 1876; x_wconf 65' lang='grc' dir='ltr'>πός.</span> 
     </span>
    </p>

    <p class='ocr_par' dir='ltr' id='par_1_26' title="bbox 168 1876 823 1915">
     <span class='ocr_line' id='line_1_49' title="bbox 168 1876 823 1915; baseline 0.005 -8"><span class='ocrx_word' id='word_1_461' title='bbox 168 1878 309 1915; x_wconf 78' lang='lat' dir='ltr'>Mellaque</span> <span class='ocrx_word' id='word_1_462' title='bbox 318 1879 477 1909; x_wconf 83' lang='lat' dir='ltr'>arundineis</span> <span class='ocrx_word' id='word_1_463' title='bbox 487 1879 587 1908; x_wconf 83' lang='lat' dir='ltr'>inferre</span> <span class='ocrx_word' id='word_1_464' title='bbox 596 1876 738 1910; x_wconf 88' lang='lat' dir='ltr'>canalibus</span> <span class='ocrx_word' id='word_1_465' title='bbox 750 1879 823 1910; x_wconf 89' lang='lat' dir='ltr'>ultro</span> 
     </span>
    </p>

    <p class='ocr_par' dir='ltr' id='par_1_27' title="bbox 74 1915 547 1951">
     <span class='ocr_line' id='line_1_50' title="bbox 74 1915 547 1951; baseline 0.004 -7"><span class='ocrx_word' id='word_1_466' title='bbox 74 1915 229 1945; x_wconf 90' lang='lat' dir='ltr'>Demersus.</span> <span class='ocrx_word' id='word_1_467' title='bbox 252 1917 318 1946; x_wconf 82' lang='lat' dir='ltr'>Stat.</span> <span class='ocrx_word' id='word_1_468' title='bbox 333 1927 353 1946; x_wconf 88' lang='lat'>1.</span> <span class='ocrx_word' id='word_1_469' title='bbox 367 1917 431 1946; x_wconf 89' lang='lat' dir='ltr'>Silv.</span> <span class='ocrx_word' id='word_1_470' title='bbox 443 1926 468 1946; x_wconf 93' lang='lat'>2.</span> <span class='ocrx_word' id='word_1_471' title='bbox 483 1927 547 1951; x_wconf 75' lang='lat'>205-</span> 
     </span>
    </p>

    <p class='ocr_par' dir='ltr' id='par_1_28' title="bbox 74 1953 1054 1994">
     <span class='ocr_line' id='line_1_51' title="bbox 74 1953 1054 1994; baseline 0.003 -11"><span class='ocrx_word' id='word_1_472' title='bbox 74 1953 164 1990; x_wconf 79' lang='lat' dir='ltr'>lligni.</span> <span class='ocrx_word' id='word_1_473' title='bbox 190 1954 259 1991; x_wconf 87' lang='lat' dir='ltr'>Virg.</span> <span class='ocrx_word' id='word_1_474' title='bbox 272 1964 294 1990; x_wconf 83' lang='lat'>3.</span> <span class='ocrx_word' id='word_1_475' title='bbox 312 1955 409 1991; x_wconf 85' lang='lat' dir='ltr'>Georg.</span> <span class='ocrx_word' id='word_1_476' title='bbox 425 1963 485 1990; x_wconf 73' lang='lat'>330.</span> <span class='ocrx_word' id='word_1_477' title='bbox 515 1955 532 1984; x_wconf 94' lang='lat' dir='ltr'>i.</span> <span class='ocrx_word' id='word_1_478' title='bbox 550 1965 574 1984; x_wconf 89' lang='lat' dir='ltr'>e.</span> <span class='ocrx_word' id='word_1_479' title='bbox 596 1954 672 1985; x_wconf 69' lang='lat' dir='ltr'>Faeti</span> <span class='ocrx_word' id='word_1_480' title='bbox 681 1964 716 1984; x_wconf 85' lang='lat' dir='ltr'>ex</span> <span class='ocrx_word' id='word_1_481' title='bbox 725 1953 808 1991; x_wconf 91' lang='lat' dir='ltr'>ilice,</span> <span class='ocrx_word' id='word_1_482' title='bbox 828 1955 920 1994; x_wconf 88' lang='lat' dir='ltr'>inquit</span> <span class='ocrx_word' id='word_1_483' title='bbox 936 1956 1054 1986; x_wconf 88' lang='lat' dir='ltr'>Servius.</span> 
     </span>
    </p>

    <p class='ocr_par' dir='ltr' id='par_1_29' title="bbox 73 1991 1189 2145">
     <span class='ocr_line' id='line_1_52' title="bbox 73 1991 1188 2031; baseline 0.003 -10"><span class='ocrx_word' id='word_1_484' title='bbox 73 1991 216 2021; x_wconf 70' lang='lat' dir='ltr'>Strud‘tiles</span> <span class='ocrx_word' id='word_1_485' title='bbox 231 1991 356 2027; x_wconf 72' lang='lat' dir='ltr'>canales,</span> <span class='ocrx_word' id='word_1_486' title='bbox 375 1994 514 2021; x_wconf 67' lang='lat' dir='ltr'>Struc‘tura</span> <span class='ocrx_word' id='word_1_487' title='bbox 528 1994 554 2022; x_wconf 87' lang='lat'>&amp;</span> <span class='ocrx_word' id='word_1_488' title='bbox 570 1993 674 2022; x_wconf 88' lang='lat' dir='ltr'>fabrica</span> <span class='ocrx_word' id='word_1_489' title='bbox 690 1993 848 2023; x_wconf 88' lang='lat' dir='ltr'>constantes</span> <span class='ocrx_word' id='word_1_490' title='bbox 858 2016 866 2028; x_wconf 89' lang='lat'>,</span> <span class='ocrx_word' id='word_1_491' title='bbox 888 1994 981 2031; x_wconf 90' lang='lat' dir='ltr'>quales</span> <span class='ocrx_word' id='word_1_492' title='bbox 992 1995 1076 2024; x_wconf 86' lang='lat' dir='ltr'>hodie</span> <span class='ocrx_word' id='word_1_493' title='bbox 1091 1994 1188 2025; x_wconf 81' lang='lat' dir='ltr'>Romae</span> 
     </span>
     <span class='ocr_line' id='line_1_53' title="bbox 90 2028 1189 2071; baseline 0.005 -14"><span class='ocrx_word' id='word_1_494' title='bbox 90 2028 212 2058; x_wconf 81' lang='lat' dir='ltr'>semiruti</span> <span class='ocrx_word' id='word_1_495' title='bbox 222 2030 354 2059; x_wconf 86' lang='lat' dir='ltr'>visuntur.</span> <span class='ocrx_word' id='word_1_496' title='bbox 393 2029 494 2059; x_wconf 86' lang='lat' dir='ltr'>Vitruv.</span> <span class='ocrx_word' id='word_1_497' title='bbox 508 2030 555 2071; x_wconf 80' lang='lat' dir='ltr'>lib.</span> <span class='ocrx_word' id='word_1_498' title='bbox 564 2036 589 2064; x_wconf 85' lang='lat'>8.</span> <span class='ocrx_word' id='word_1_499' title='bbox 604 2041 664 2067; x_wconf 84' lang='lat' dir='ltr'>eap-</span> <span class='ocrx_word' id='word_1_500' title='bbox 675 2038 700 2067; x_wconf 89' lang='lat'>7.</span> <span class='ocrx_word' id='word_1_501' title='bbox 723 2030 828 2061; x_wconf 65' lang='lat' dir='ltr'>Duetus</span> <span class='ocrx_word' id='word_1_502' title='bbox 839 2037 930 2061; x_wconf 81' lang='lat' dir='ltr'>autem</span> <span class='ocrx_word' id='word_1_503' title='bbox 942 2042 1016 2069; x_wconf 81' lang='lat' dir='ltr'>aquae</span> <span class='ocrx_word' id='word_1_504' title='bbox 1026 2032 1096 2061; x_wconf 88' lang='lat' dir='ltr'>fiunt</span> <span class='ocrx_word' id='word_1_505' title='bbox 1104 2042 1189 2070; x_wconf 86' lang='lat' dir='ltr'>gene-</span> 
     </span>
     <span class='ocr_line' id='line_1_54' title="bbox 91 2067 1188 2106; baseline 0.004 -11"><span class='ocrx_word' id='word_1_506' title='bbox 91 2067 166 2096; x_wconf 87' lang='lat' dir='ltr'>ribus</span> <span class='ocrx_word' id='word_1_507' title='bbox 177 2068 263 2096; x_wconf 68' lang='lat' dir='ltr'>‘ribus</span> <span class='ocrx_word' id='word_1_508' title='bbox 275 2089 283 2102; x_wconf 92' lang='lat'>,</span> <span class='ocrx_word' id='word_1_509' title='bbox 304 2068 370 2097; x_wconf 88' lang='lat' dir='ltr'>rivis</span> <span class='ocrx_word' id='word_1_510' title='bbox 379 2077 428 2105; x_wconf 91' lang='lat' dir='ltr'>per</span> <span class='ocrx_word' id='word_1_511' title='bbox 437 2067 545 2097; x_wconf 80' lang='lat' dir='ltr'>canales</span> <span class='ocrx_word' id='word_1_512' title='bbox 557 2067 689 2098; x_wconf 69' lang='lat' dir='ltr'>structiles</span> <span class='ocrx_word' id='word_1_513' title='bbox 700 2090 709 2103; x_wconf 80' lang='lat'>‚</span> <span class='ocrx_word' id='word_1_514' title='bbox 729 2076 777 2098; x_wconf 82' lang='lat' dir='ltr'>aut</span> <span class='ocrx_word' id='word_1_515' title='bbox 788 2069 881 2098; x_wconf 87' lang='lat' dir='ltr'>fistulis</span> <span class='ocrx_word' id='word_1_516' title='bbox 891 2069 1029 2106; x_wconf 84' lang='lat' dir='ltr'>plumbeis</span> <span class='ocrx_word' id='word_1_517' title='bbox 1050 2069 1094 2099; x_wconf 90' lang='lat' dir='ltr'>seu</span> <span class='ocrx_word' id='word_1_518' title='bbox 1107 2070 1188 2100; x_wconf 85' lang='lat' dir='ltr'>tubu-</span> 
     </span>
     <span class='ocr_line' id='line_1_55' title="bbox 90 2104 1185 2145; baseline 0.004 -12"><span class='ocrx_word' id='word_1_519' title='bbox 90 2105 124 2134; x_wconf 89' lang='lat' dir='ltr'>lis</span> <span class='ocrx_word' id='word_1_520' title='bbox 134 2104 274 2134; x_wconf 75' lang='lat' dir='ltr'>fic&#39;tilibus.</span> <span class='ocrx_word' id='word_1_521' title='bbox 288 2107 470 2142; x_wconf 66' lang='lat' dir='ltr'>AquaeduCtus</span> <span class='ocrx_word' id='word_1_522' title='bbox 481 2106 617 2135; x_wconf 84' lang='lat' dir='ltr'>vocabant</span> <span class='ocrx_word' id='word_1_523' title='bbox 626 2106 752 2141; x_wconf 86' lang='lat' dir='ltr'>Romani,</span> <span class='ocrx_word' id='word_1_524' title='bbox 762 2107 827 2136; x_wconf 91' lang='lat' dir='ltr'>hinc</span> <span class='ocrx_word' id='word_1_525' title='bbox 836 2107 953 2136; x_wconf 65' lang='lat' dir='ltr'>Praefecti</span> <span class='ocrx_word' id='word_1_526' title='bbox 963 2108 1185 2145; x_wconf 64' lang='lat' dir='ltr'>aquaeductuum.</span> 
     </span>
    </p>

    <p class='ocr_par' dir='ltr' id='par_1_30' title="bbox 73 2142 1190 2249">
     <span class='ocr_line' id='line_1_56' title="bbox 73 2142 1189 2183; baseline 0.002 -11"><span class='ocrx_word' id='word_1_527' title='bbox 73 2142 192 2177; x_wconf 84' lang='lat' dir='ltr'>Canalis,</span> <span class='ocrx_word' id='word_1_528' title='bbox 214 2143 279 2178; x_wconf 85' lang='lat' dir='ltr'>Quo</span> <span class='ocrx_word' id='word_1_529' title='bbox 291 2153 368 2172; x_wconf 90' lang='lat' dir='ltr'>crura</span> <span class='ocrx_word' id='word_1_530' title='bbox 378 2145 403 2172; x_wconf 76' lang='lat' dir='ltr'>Sc</span> <span class='ocrx_word' id='word_1_531' title='bbox 412 2143 516 2173; x_wconf 80' lang='lat' dir='ltr'>femora</span> <span class='ocrx_word' id='word_1_532' title='bbox 528 2144 710 2174; x_wconf 86' lang='lat' dir='ltr'>continentur</span> <span class='ocrx_word' id='word_1_533' title='bbox 719 2143 811 2174; x_wconf 67' lang='lat' dir='ltr'>frac‘ta.</span> <span class='ocrx_word' id='word_1_534' title='bbox 850 2144 915 2181; x_wconf 78' lang='lat' dir='ltr'>Quo</span> <span class='ocrx_word' id='word_1_535' title='bbox 927 2147 1008 2183; x_wconf 72' lang='lat' dir='ltr'>pac&#39;to</span> <span class='ocrx_word' id='word_1_536' title='bbox 1019 2152 1112 2175; x_wconf 86' lang='lat' dir='ltr'>autern</span> <span class='ocrx_word' id='word_1_537' title='bbox 1122 2155 1189 2175; x_wconf 84' lang='lat' dir='ltr'>con-</span> 
     </span>
     <span class='ocr_line' id='line_1_57' title="bbox 91 2180 1190 2224; baseline 0.005 -16"><span class='ocrx_word' id='word_1_538' title='bbox 91 2180 214 2209; x_wconf 80' lang='lat' dir='ltr'>stituatur</span> <span class='ocrx_word' id='word_1_539' title='bbox 224 2181 288 2224; x_wconf 74' lang='lat' dir='ltr'>vide</span> <span class='ocrx_word' id='word_1_540' title='bbox 299 2181 375 2219; x_wconf 86' lang='lat' dir='ltr'>apud</span> <span class='ocrx_word' id='word_1_541' title='bbox 387 2180 454 2211; x_wconf 84' lang='lat' dir='ltr'>Cels.</span> <span class='ocrx_word' id='word_1_542' title='bbox 467 2181 514 2210; x_wconf 85' lang='lat' dir='ltr'>lib.</span> <span class='ocrx_word' id='word_1_543' title='bbox 527 2187 552 2216; x_wconf 90' lang='lat'>8.</span> <span class='ocrx_word' id='word_1_544' title='bbox 567 2191 628 2220; x_wconf 80' lang='lat' dir='ltr'>cap.</span> <span class='ocrx_word' id='word_1_545' title='bbox 646 2192 687 2211; x_wconf 84' lang='lat'>10.</span> <span class='ocrx_word' id='word_1_546' title='bbox 699 2182 790 2219; x_wconf 84' lang='lat' dir='ltr'>Segni.</span> <span class='ocrx_word' id='word_1_547' title='bbox 804 2193 827 2219; x_wconf 84' lang='grc' dir='ltr'>ς.</span> <span class='ocrx_word' id='word_1_548' title='bbox 839 2192 880 2220; x_wconf 91' lang='lat' dir='ltr'>pr.</span> <span class='ocrx_word' id='word_1_549' title='bbox 893 2183 929 2212; x_wconf 88' lang='lat' dir='ltr'>de</span> <span class='ocrx_word' id='word_1_550' title='bbox 939 2183 1055 2213; x_wconf 88' lang='lat' dir='ltr'>Crurum</span> <span class='ocrx_word' id='word_1_551' title='bbox 1068 2183 1190 2213; x_wconf 82' lang='lat' dir='ltr'>&amp;femo-</span> 
     </span>
     <span class='ocr_line' id='line_1_58' title="bbox 92 2225 318 2249; baseline 0.013 -3"><span class='ocrx_word' id='word_1_552' title='bbox 92 2227 153 2246; x_wconf 87' lang='lat' dir='ltr'>rum</span> <span class='ocrx_word' id='word_1_553' title='bbox 165 2225 318 2249; x_wconf 71' lang='lat' dir='ltr'>curatione.</span> 
     </span>
    </p>

    <p class='ocr_par' dir='ltr' id='par_1_31' title="bbox 39 2256 1190 2407">
     <span class='ocr_line' id='line_1_59' title="bbox 39 2256 1189 2293; baseline 0.003 -9"><span class='ocrx_word' id='word_1_554' title='bbox 39 2256 298 2290; x_wconf 65' lang='lat' dir='ltr'>CANAcrcius,</span> <span class='ocrx_word' id='word_1_555' title='bbox 320 2266 355 2292; x_wconf 87' lang='lat' dir='ltr'>a,</span> <span class='ocrx_word' id='word_1_556' title='bbox 377 2266 433 2286; x_wconf 89' lang='lat' dir='ltr'>um.</span> <span class='ocrx_word' id='word_1_557' title='bbox 456 2257 483 2286; x_wconf 71' lang='grc' dir='ltr'>δε</span> <span class='ocrx_word' id='word_1_558' title='bbox 506 2256 797 2290; x_wconf 73' lang='lat' dir='ltr'>CANALnthrs,</span> <span class='ocrx_word' id='word_1_559' title='bbox 817 2267 841 2286; x_wconf 90' lang='lat' dir='ltr'>e.</span> <span class='ocrx_word' id='word_1_560' title='bbox 863 2258 923 2293; x_wconf 86' lang='lat' dir='ltr'>Adj.</span> <span class='ocrx_word' id='word_1_561' title='bbox 946 2263 994 2293; x_wconf 89' lang='lat' dir='ltr'>ut,</span> <span class='ocrx_word' id='word_1_562' title='bbox 1014 2258 1189 2288; x_wconf 86' lang='lat' dir='ltr'>Canalicium</span> 
     </span>
     <span class='ocr_line' id='line_1_60' title="bbox 72 2294 1188 2331; baseline 0.001 -8"><span class='ocrx_word' id='word_1_563' title='bbox 72 2303 177 2323; x_wconf 90' lang='lat' dir='ltr'>aurum.</span> <span class='ocrx_word' id='word_1_564' title='bbox 215 2294 283 2323; x_wconf 87' lang='lat' dir='ltr'>Plin.</span> <span class='ocrx_word' id='word_1_565' title='bbox 294 2294 341 2323; x_wconf 88' lang='lat' dir='ltr'>lib.</span> <span class='ocrx_word' id='word_1_566' title='bbox 357 2303 399 2330; x_wconf 84' lang='lat'>33.</span> <span class='ocrx_word' id='word_1_567' title='bbox 413 2304 473 2331; x_wconf 85' lang='lat' dir='ltr'>cap.</span> <span class='ocrx_word' id='word_1_568' title='bbox 486 2305 511 2328; x_wconf 87' lang='lat'>4.</span> <span class='ocrx_word' id='word_1_569' title='bbox 536 2294 622 2331; x_wconf 85' lang='lat' dir='ltr'>Quod</span> <span class='ocrx_word' id='word_1_570' title='bbox 638 2296 728 2331; x_wconf 86' lang='lat' dir='ltr'>puteis</span> <span class='ocrx_word' id='word_1_571' title='bbox 740 2294 859 2331; x_wconf 75' lang='lat' dir='ltr'>foditur,</span> <span class='ocrx_word' id='word_1_572' title='bbox 886 2294 1051 2326; x_wconf 83' lang='lat' dir='ltr'>canalicium</span> <span class='ocrx_word' id='word_1_573' title='bbox 1065 2304 1188 2326; x_wconf 87' lang='lat' dir='ltr'>vocant:</span> 
     </span>
     <span class='ocr_line' id='line_1_61' title="bbox 72 2331 1190 2371; baseline 0.004 -11"><span class='ocrx_word' id='word_1_574' title='bbox 72 2331 117 2361; x_wconf 87' lang='lat' dir='ltr'>alii</span> <span class='ocrx_word' id='word_1_575' title='bbox 128 2331 281 2360; x_wconf 78' lang='lat' dir='ltr'>canaliense</span> <span class='ocrx_word' id='word_1_576' title='bbox 291 2354 298 2367; x_wconf 93' lang='lat'>,</span> <span class='ocrx_word' id='word_1_577' title='bbox 319 2333 462 2361; x_wconf 82' lang='lat' dir='ltr'>marmoris</span> <span class='ocrx_word' id='word_1_578' title='bbox 472 2332 569 2369; x_wconf 58' lang='lat' dir='ltr'>glareae</span> <span class='ocrx_word' id='word_1_579' title='bbox 580 2331 725 2362; x_wconf 64' lang='lat' dir='ltr'>inhaerens.</span> <span class='ocrx_word' id='word_1_580' title='bbox 748 2334 773 2362; x_wconf 72' lang='lat' dir='ltr'>Sc</span> <span class='ocrx_word' id='word_1_581' title='bbox 786 2343 811 2369; x_wconf 88' lang='lat' dir='ltr'>p.</span> <span class='ocrx_word' id='word_1_582' title='bbox 825 2343 853 2371; x_wconf 87' lang='lat' dir='ltr'>p.</span> <span class='ocrx_word' id='word_1_583' title='bbox 871 2333 1009 2371; x_wconf 87' lang='lat' dir='ltr'>Vagantur</span> <span class='ocrx_word' id='word_1_584' title='bbox 1019 2334 1047 2363; x_wconf 93' lang='lat' dir='ltr'>hi</span> <span class='ocrx_word' id='word_1_585' title='bbox 1057 2344 1190 2365; x_wconf 84' lang='lat' dir='ltr'>venatum</span> 
     </span>
     <span class='ocr_line' id='line_1_62' title="bbox 74 2368 1094 2407; baseline 0.004 -10"><span class='ocrx_word' id='word_1_586' title='bbox 74 2368 181 2398; x_wconf 81' lang='lat' dir='ltr'>canales</span> <span class='ocrx_word' id='word_1_587' title='bbox 202 2378 251 2406; x_wconf 90' lang='lat' dir='ltr'>per</span> <span class='ocrx_word' id='word_1_588' title='bbox 264 2369 350 2398; x_wconf 82' lang='lat' dir='ltr'>latera</span> <span class='ocrx_word' id='word_1_589' title='bbox 362 2376 511 2407; x_wconf 86' lang='lat' dir='ltr'>puteorum</span> <span class='ocrx_word' id='word_1_590' title='bbox 526 2370 581 2399; x_wconf 88' lang='lat' dir='ltr'>huc</span> <span class='ocrx_word' id='word_1_591' title='bbox 600 2371 626 2399; x_wconf 72' lang='lat' dir='ltr'>Sc</span> <span class='ocrx_word' id='word_1_592' title='bbox 641 2370 707 2399; x_wconf 91' lang='lat' dir='ltr'>illuc</span> <span class='ocrx_word' id='word_1_593' title='bbox 716 2392 723 2404; x_wconf 87' lang='lat'>,</span> <span class='ocrx_word' id='word_1_594' title='bbox 747 2371 813 2400; x_wconf 89' lang='lat' dir='ltr'>inde</span> <span class='ocrx_word' id='word_1_595' title='bbox 834 2372 949 2401; x_wconf 89' lang='lat' dir='ltr'>nomine</span> <span class='ocrx_word' id='word_1_596' title='bbox 969 2373 1094 2401; x_wconf 88' lang='lat' dir='ltr'>invento.</span> 
     </span>
    </p>

    <p class='ocr_par' dir='ltr' id='par_1_32' title="bbox 72 2407 1189 2596">
     <span class='ocr_line' id='line_1_63' title="bbox 351 2407 1187 2445; baseline 0.005 -10"><span class='ocrx_word' id='word_1_597' title='bbox 351 2407 357 2413; x_wconf 82' lang='lat'>&#39;</span> <span class='ocrx_word' id='word_1_598' title='bbox 568 2408 760 2443; x_wconf 42' lang='lat' dir='ltr'>[ammiane-1,</span> <span class='ocrx_word' id='word_1_599' title='bbox 778 2409 938 2444; x_wconf 59' lang='grc' dir='ltr'>σωληνοέῶῑον]</span> <span class='ocrx_word' id='word_1_600' title='bbox 959 2409 1095 2439; x_wconf 87' lang='lat' dir='ltr'>Columel.</span> <span class='ocrx_word' id='word_1_601' title='bbox 1107 2410 1187 2445; x_wconf 85' lang='lat' dir='ltr'>lib.8.</span> 
     </span>
     <span class='ocr_line' id='line_1_64' title="bbox 72 2444 1189 2483; baseline 0.003 -9"><span class='ocrx_word' id='word_1_602' title='bbox 72 2453 132 2482; x_wconf 83' lang='lat' dir='ltr'>cap.</span> <span class='ocrx_word' id='word_1_603' title='bbox 151 2454 192 2473; x_wconf 87' lang='lat'>10.</span> <span class='ocrx_word' id='word_1_604' title='bbox 215 2444 286 2474; x_wconf 89' lang='lat' dir='ltr'>Nam</span> <span class='ocrx_word' id='word_1_605' title='bbox 298 2445 413 2482; x_wconf 80' lang='lat' dir='ltr'>largiore</span> <span class='ocrx_word' id='word_1_606' title='bbox 422 2445 488 2474; x_wconf 87' lang='lat' dir='ltr'>cibo</span> <span class='ocrx_word' id='word_1_607' title='bbox 497 2445 613 2474; x_wconf 88' lang='lat' dir='ltr'>celerius</span> <span class='ocrx_word' id='word_1_608' title='bbox 623 2445 794 2483; x_wconf 87' lang='lat' dir='ltr'>pinguescit,</span> <span class='ocrx_word' id='word_1_609' title='bbox 816 2446 924 2483; x_wconf 86' lang='lat' dir='ltr'>semper</span> <span class='ocrx_word' id='word_1_610' title='bbox 937 2455 1031 2476; x_wconf 85' lang='lat' dir='ltr'>tamen</span> <span class='ocrx_word' id='word_1_611' title='bbox 1048 2449 1132 2477; x_wconf 80' lang='lat' dir='ltr'>etiam</span> <span class='ocrx_word' id='word_1_612' title='bbox 1145 2458 1189 2477; x_wconf 89' lang='lat' dir='ltr'>ca-</span> 
     </span>
     <span class='ocr_line' id='line_1_65' title="bbox 72 2481 1189 2550; baseline 0.004 -39"><span class='ocrx_word' id='word_1_613' title='bbox 72 2481 184 2550; x_wconf 48' lang='lat' dir='ltr'>rfialilpuli</span> <span class='ocrx_word' id='word_1_614' title='bbox 196 2482 274 2511; x_wconf 88' lang='lat' dir='ltr'>milio</span> <span class='ocrx_word' id='word_1_615' title='bbox 283 2483 380 2520; x_wconf 84' lang='lat' dir='ltr'>repleti</span> <span class='ocrx_word' id='word_1_616' title='bbox 391 2490 580 2521; x_wconf 87' lang='lat' dir='ltr'>apponuntur,</span> <span class='ocrx_word' id='word_1_617' title='bbox 601 2493 661 2520; x_wconf 85' lang='lat' dir='ltr'>quae</span> <span class='ocrx_word' id='word_1_618' title='bbox 672 2483 710 2512; x_wconf 85' lang='lat' dir='ltr'>est</span> <span class='ocrx_word' id='word_1_619' title='bbox 721 2483 871 2514; x_wconf 74' lang='lat' dir='ltr'>firmissima</span> <span class='ocrx_word' id='word_1_620' title='bbox 881 2484 949 2514; x_wconf 84' lang='lat' dir='ltr'>esea.</span> <span class='ocrx_word' id='word_1_621' title='bbox 971 2485 1046 2515; x_wconf 89' lang='lat' dir='ltr'>conf.</span> <span class='ocrx_word' id='word_1_622' title='bbox 1069 2485 1141 2515; x_wconf 80' lang='lat' dir='ltr'>Varr.</span> <span class='ocrx_word' id='word_1_623' title='bbox 1153 2486 1189 2516; x_wconf 86' lang='lat' dir='ltr'>de</span> 
     </span>
     <span class='ocr_line' id='line_1_66' title="bbox 73 2557 656 2596; baseline 0 -8"><span class='ocrx_word' id='word_1_624' title='bbox 73 2557 248 2588; x_wconf 67' lang='lat' dir='ltr'>canaliculus</span> <span class='ocrx_word' id='word_1_625' title='bbox 259 2557 339 2587; x_wconf 84' lang='lat' dir='ltr'>Celso</span> <span class='ocrx_word' id='word_1_626' title='bbox 350 2557 396 2588; x_wconf 91' lang='lat' dir='ltr'>lib.</span> <span class='ocrx_word' id='word_1_627' title='bbox 409 2564 435 2592; x_wconf 84' lang='lat'>8.</span> <span class='ocrx_word' id='word_1_628' title='bbox 451 2568 512 2596; x_wconf 86' lang='lat' dir='ltr'>cap.</span> <span class='ocrx_word' id='word_1_629' title='bbox 525 2568 570 2588; x_wconf 90' lang='lat'>20.</span> <span class='ocrx_word' id='word_1_630' title='bbox 586 2567 656 2588; x_wconf 79' lang='lat' dir='ltr'>extr.</span> 
     </span>
    </p>

    <p class='ocr_par' dir='ltr' id='par_1_33' title="bbox 90 2595 634 2631">
     <span class='ocr_line' id='line_1_67' title="bbox 90 2595 634 2631; baseline 0 -6"><span class='ocrx_word' id='word_1_631' title='bbox 90 2602 122 2625; x_wconf 90' lang='lat' dir='ltr'>ut</span> <span class='ocrx_word' id='word_1_632' title='bbox 132 2595 240 2624; x_wconf 82' lang='lat' dir='ltr'>Canalis</span> <span class='ocrx_word' id='word_1_633' title='bbox 249 2596 276 2624; x_wconf 93' lang='lat' dir='ltr'>in</span> <span class='ocrx_word' id='word_1_634' title='bbox 289 2597 392 2631; x_wconf 82' lang='lat' dir='ltr'>majore</span> <span class='ocrx_word' id='word_1_635' title='bbox 405 2598 530 2625; x_wconf 87' lang='lat' dir='ltr'>membro</span> <span class='ocrx_word' id='word_1_636' title='bbox 539 2596 634 2625; x_wconf 69' lang='lat' dir='ltr'>fracto.</span> 
     </span>
    </p>

    <p class='ocr_par' dir='ltr' id='par_1_34' title="bbox 73 2633 1189 2740">
     <span class='ocr_line' id='line_1_68' title="bbox 73 2633 1189 2672; baseline 0.003 -9"><span class='ocrx_word' id='word_1_637' title='bbox 73 2633 116 2663; x_wconf 83' lang='lat' dir='ltr'>Est</span> <span class='ocrx_word' id='word_1_638' title='bbox 126 2634 209 2662; x_wconf 84' lang='lat' dir='ltr'>etiarn</span> <span class='ocrx_word' id='word_1_639' title='bbox 219 2633 396 2663; x_wconf 78' lang='lat' dir='ltr'>Canalieulus</span> <span class='ocrx_word' id='word_1_640' title='bbox 409 2655 416 2668; x_wconf 86' lang='lat'>,</span> <span class='ocrx_word' id='word_1_641' title='bbox 438 2634 547 2663; x_wconf 83' lang='lat' dir='ltr'>Cavitas</span> <span class='ocrx_word' id='word_1_642' title='bbox 560 2634 681 2663; x_wconf 75' lang='lat' dir='ltr'>exterior</span> <span class='ocrx_word' id='word_1_643' title='bbox 692 2635 720 2663; x_wconf 89' lang='lat' dir='ltr'>in</span> <span class='ocrx_word' id='word_1_644' title='bbox 732 2633 879 2664; x_wconf 89' lang='lat' dir='ltr'>columnis.</span> <span class='ocrx_word' id='word_1_645' title='bbox 898 2634 1003 2664; x_wconf 86' lang='lat' dir='ltr'>Vitruv.</span> <span class='ocrx_word' id='word_1_646' title='bbox 1020 2646 1047 2671; x_wconf 92' lang='lat'>4.</span> <span class='ocrx_word' id='word_1_647' title='bbox 1061 2644 1086 2672; x_wconf 84' lang='lat'>3.</span> <span class='ocrx_word' id='word_1_648' title='bbox 1108 2636 1189 2672; x_wconf 83' lang='lat' dir='ltr'>[Stri-</span> 
     </span>
     <span class='ocr_line' id='line_1_69' title="bbox 92 2672 1188 2714; baseline 0.004 -14"><span class='ocrx_word' id='word_1_649' title='bbox 92 2681 138 2714; x_wconf 69' lang='lat' dir='ltr'>ges</span> <span class='ocrx_word' id='word_1_650' title='bbox 156 2672 239 2700; x_wconf 78' lang='lat' dir='ltr'>etiam</span> <span class='ocrx_word' id='word_1_651' title='bbox 252 2694 259 2706; x_wconf 89' lang='lat'>,</span> <span class='ocrx_word' id='word_1_652' title='bbox 284 2674 309 2701; x_wconf 68' lang='grc' dir='ltr'>δι</span> <span class='ocrx_word' id='word_1_653' title='bbox 328 2672 459 2709; x_wconf 70' lang='lat' dir='ltr'>Strigium</span> <span class='ocrx_word' id='word_1_654' title='bbox 471 2682 538 2702; x_wconf 89' lang='lat' dir='ltr'>cava</span> <span class='ocrx_word' id='word_1_655' title='bbox 548 2681 608 2709; x_wconf 87' lang='lat' dir='ltr'>cap.</span> <span class='ocrx_word' id='word_1_656' title='bbox 622 2683 649 2707; x_wconf 87' lang='lat'>4.</span> <span class='ocrx_word' id='word_1_657' title='bbox 662 2672 750 2707; x_wconf 80' lang='lat' dir='ltr'>ejusd.</span> <span class='ocrx_word' id='word_1_658' title='bbox 770 2672 832 2701; x_wconf 90' lang='lat' dir='ltr'>libri</span> <span class='ocrx_word' id='word_1_659' title='bbox 845 2680 943 2707; x_wconf 89' lang='lat' dir='ltr'>vocat,</span> <span class='ocrx_word' id='word_1_660' title='bbox 965 2673 1065 2710; x_wconf 88' lang='lat' dir='ltr'>quibus</span> <span class='ocrx_word' id='word_1_661' title='bbox 1081 2673 1188 2704; x_wconf 83' lang='lat' dir='ltr'>Striatae</span> 
     </span>
     <span class='ocr_line' id='line_1_70' title="bbox 93 2709 1067 2740; baseline 0.003 -3"><span class='ocrx_word' id='word_1_662' title='bbox 93 2710 162 2738; x_wconf 84' lang='lat' dir='ltr'>hunt</span> <span class='ocrx_word' id='word_1_663' title='bbox 172 2709 321 2738; x_wconf 66' lang='lat' dir='ltr'>columnae.</span> <span class='ocrx_word' id='word_1_664' title='bbox 361 2709 433 2739; x_wconf 85' lang='lat' dir='ltr'>Nam</span> <span class='ocrx_word' id='word_1_665' title='bbox 444 2710 520 2739; x_wconf 65' lang='lat' dir='ltr'>Sti-iaz</span> <span class='ocrx_word' id='word_1_666' title='bbox 529 2710 688 2738; x_wconf 76' lang='lat' dir='ltr'>eminentia:</span> <span class='ocrx_word' id='word_1_667' title='bbox 698 2710 769 2739; x_wconf 89' lang='lat' dir='ltr'>inter</span> <span class='ocrx_word' id='word_1_668' title='bbox 780 2709 838 2739; x_wconf 69' lang='lat' dir='ltr'>haec</span> <span class='ocrx_word' id='word_1_669' title='bbox 847 2720 913 2739; x_wconf 82' lang='lat' dir='ltr'>cava</span> <span class='ocrx_word' id='word_1_670' title='bbox 924 2717 1067 2740; x_wconf 86' lang='lat' dir='ltr'>vocantur.</span> 
     </span>
    </p>

    <p class='ocr_par' dir='ltr' id='par_1_35' title="bbox 38 2742 1189 2898">
     <span class='ocr_line' id='line_1_71' title="bbox 38 2742 1189 2785; baseline 0.003 -9"><span class='ocrx_word' id='word_1_671' title='bbox 38 2742 60 2776; x_wconf 81' lang='lat' dir='ltr'>C</span> <span class='ocrx_word' id='word_1_672' title='bbox 71 2757 87 2775; x_wconf 96' lang='lat' dir='ltr'>A</span> <span class='ocrx_word' id='word_1_673' title='bbox 98 2755 117 2775; x_wconf 90' lang='lat' dir='ltr'>N</span> <span class='ocrx_word' id='word_1_674' title='bbox 127 2756 187 2775; x_wconf 79' lang='lat' dir='ltr'>AL1</span> <span class='ocrx_word' id='word_1_675' title='bbox 198 2750 240 2775; x_wconf 81' lang='lat' dir='ltr'>cii</span> <span class='ocrx_word' id='word_1_676' title='bbox 253 2758 267 2775; x_wconf 76' lang='lat' dir='ltr'>L</span> <span class='ocrx_word' id='word_1_677' title='bbox 277 2757 293 2775; x_wconf 83' lang='lat' dir='ltr'>A</span> <span class='ocrx_word' id='word_1_678' title='bbox 303 2769 311 2779; x_wconf 83' lang='lat'>,</span> <span class='ocrx_word' id='word_1_679' title='bbox 334 2757 363 2776; x_wconf 75' lang='lat' dir='ltr'>te.</span> <span class='ocrx_word' id='word_1_680' title='bbox 385 2747 404 2776; x_wconf 89' lang='lat' dir='ltr'>f.</span> <span class='ocrx_word' id='word_1_681' title='bbox 427 2747 514 2777; x_wconf 84' lang='lat' dir='ltr'>Idem.</span> <span class='ocrx_word' id='word_1_682' title='bbox 535 2747 605 2776; x_wconf 90' lang='lat' dir='ltr'>Gell.</span> <span class='ocrx_word' id='word_1_683' title='bbox 622 2748 670 2777; x_wconf 88' lang='lat' dir='ltr'>lib.</span> <span class='ocrx_word' id='word_1_684' title='bbox 683 2757 724 2783; x_wconf 87' lang='lat'>17.</span> <span class='ocrx_word' id='word_1_685' title='bbox 739 2757 799 2784; x_wconf 86' lang='lat' dir='ltr'>cap.</span> <span class='ocrx_word' id='word_1_686' title='bbox 815 2759 824 2776; x_wconf 89' lang='lat'>1</span> <span class='ocrx_word' id='word_1_687' title='bbox 834 2757 856 2777; x_wconf 89' lang='lat'>1.</span> <span class='ocrx_word' id='word_1_688' title='bbox 881 2747 972 2785; x_wconf 89' lang='lat' dir='ltr'>Ipsum</span> <span class='ocrx_word' id='word_1_689' title='bbox 992 2755 1085 2778; x_wconf 87' lang='lat' dir='ltr'>autem</span> <span class='ocrx_word' id='word_1_690' title='bbox 1104 2749 1189 2778; x_wconf 83' lang='lat' dir='ltr'>Erali-</span> 
     </span>
     <span class='ocr_line' id='line_1_72' title="bbox 73 2784 1186 2824; baseline 0.003 -11"><span class='ocrx_word' id='word_1_691' title='bbox 73 2785 182 2814; x_wconf 86' lang='lat' dir='ltr'>stratum</span> <span class='ocrx_word' id='word_1_692' title='bbox 193 2785 284 2813; x_wconf 82' lang='lat' dir='ltr'>dicere</span> <span class='ocrx_word' id='word_1_693' title='bbox 295 2784 362 2814; x_wconf 90' lang='lat' dir='ltr'>duas</span> <span class='ocrx_word' id='word_1_694' title='bbox 369 2784 422 2813; x_wconf 78' lang='lat' dir='ltr'>esse</span> <span class='ocrx_word' id='word_1_695' title='bbox 432 2785 503 2821; x_wconf 85' lang='lat' dir='ltr'>quasi</span> <span class='ocrx_word' id='word_1_696' title='bbox 515 2785 681 2814; x_wconf 85' lang='lat' dir='ltr'>canaliculas</span> <span class='ocrx_word' id='word_1_697' title='bbox 691 2785 821 2822; x_wconf 87' lang='lat' dir='ltr'>quasdam</span> <span class='ocrx_word' id='word_1_698' title='bbox 837 2784 883 2814; x_wconf 89' lang='lat' dir='ltr'>vel</span> <span class='ocrx_word' id='word_1_699' title='bbox 899 2785 999 2815; x_wconf 85' lang='lat' dir='ltr'>fistulas</span> <span class='ocrx_word' id='word_1_700' title='bbox 1009 2808 1016 2821; x_wconf 96' lang='lat'>,</span> <span class='ocrx_word' id='word_1_701' title='bbox 1038 2786 1135 2824; x_wconf 86' lang='lat' dir='ltr'>easque</span> <span class='ocrx_word' id='word_1_702' title='bbox 1151 2787 1186 2816; x_wconf 88' lang='lat' dir='ltr'>ab</span> 
     </span>
     <span class='ocr_line' id='line_1_73' title="bbox 72 2822 1187 2864; baseline 0.004 -14"><span class='ocrx_word' id='word_1_703' title='bbox 72 2822 126 2851; x_wconf 90' lang='lat' dir='ltr'>oris</span> <span class='ocrx_word' id='word_1_704' title='bbox 138 2822 263 2851; x_wconf 87' lang='lat' dir='ltr'>faucibus</span> <span class='ocrx_word' id='word_1_705' title='bbox 272 2822 406 2860; x_wconf 79' lang='lat' dir='ltr'>proficisci</span> <span class='ocrx_word' id='word_1_706' title='bbox 416 2822 542 2852; x_wconf 84' lang='lat' dir='ltr'>deorsum</span> <span class='ocrx_word' id='word_1_707' title='bbox 551 2845 559 2855; x_wconf 91' lang='lat'>,</span> <span class='ocrx_word' id='word_1_708' title='bbox 582 2832 630 2860; x_wconf 86' lang='lat' dir='ltr'>per</span> <span class='ocrx_word' id='word_1_709' title='bbox 641 2832 790 2860; x_wconf 88' lang='lat' dir='ltr'>carumque</span> <span class='ocrx_word' id='word_1_710' title='bbox 803 2822 916 2864; x_wconf 72' lang='lat' dir='ltr'>alteram</span> <span class='ocrx_word' id='word_1_711' title='bbox 926 2823 1028 2853; x_wconf 87' lang='lat' dir='ltr'>deduci</span> <span class='ocrx_word' id='word_1_712' title='bbox 1039 2824 1187 2862; x_wconf 85' lang='lat' dir='ltr'>delabique</span> 
     </span>
     <span class='ocr_line' id='line_1_74' title="bbox 73 2858 1186 2898; baseline 0.004 -10"><span class='ocrx_word' id='word_1_713' title='bbox 73 2858 102 2889; x_wconf 85' lang='lat' dir='ltr'>in</span> <span class='ocrx_word' id='word_1_714' title='bbox 109 2859 280 2889; x_wconf 76' lang='lat' dir='ltr'>stomachum</span> <span class='ocrx_word' id='word_1_715' title='bbox 292 2859 431 2890; x_wconf 86' lang='lat' dir='ltr'>esculenta</span> <span class='ocrx_word' id='word_1_716' title='bbox 441 2861 535 2890; x_wconf 86' lang='lat' dir='ltr'>onmia</span> <span class='ocrx_word' id='word_1_717' title='bbox 547 2862 572 2890; x_wconf 68' lang='grc' dir='ltr'>ἅ</span> <span class='ocrx_word' id='word_1_718' title='bbox 582 2860 739 2898; x_wconf 82' lang='lat' dir='ltr'>poculenta.</span> <span class='ocrx_word' id='word_1_719' title='bbox 761 2860 834 2889; x_wconf 84' lang='lat' dir='ltr'>conf.</span> <span class='ocrx_word' id='word_1_720' title='bbox 847 2860 933 2890; x_wconf 71' lang='lat' dir='ltr'>Lucil.</span> <span class='ocrx_word' id='word_1_721' title='bbox 945 2862 1020 2898; x_wconf 85' lang='lat' dir='ltr'>apud</span> <span class='ocrx_word' id='word_1_722' title='bbox 1031 2862 1186 2897; x_wconf 79' lang='lat' dir='ltr'>Non.3.5o.</span> 
     </span>
    </p>

    <p class='ocr_par' dir='ltr' id='par_1_36' title="bbox 39 2894 1187 3042">
     <span class='ocr_line' id='line_1_75' title="bbox 39 2894 1187 2934; baseline 0.003 -7"><span class='ocrx_word' id='word_1_723' title='bbox 39 2896 87 2927; x_wconf 87' lang='lat' dir='ltr'>CA</span> <span class='ocrx_word' id='word_1_724' title='bbox 96 2907 115 2925; x_wconf 88' lang='lat' dir='ltr'>N</span> <span class='ocrx_word' id='word_1_725' title='bbox 125 2906 185 2926; x_wconf 66' lang='lat' dir='ltr'>Ati</span> <span class='ocrx_word' id='word_1_726' title='bbox 194 2907 239 2926; x_wconf 84' lang='lat' dir='ltr'>cu</span> <span class='ocrx_word' id='word_1_727' title='bbox 248 2909 264 2926; x_wconf 82' lang='lat' dir='ltr'>L</span> <span class='ocrx_word' id='word_1_728' title='bbox 275 2901 291 2926; x_wconf 76' lang='lat' dir='ltr'>A</span> <span class='ocrx_word' id='word_1_729' title='bbox 300 2907 319 2926; x_wconf 85' lang='lat' dir='ltr'>T</span> <span class='ocrx_word' id='word_1_730' title='bbox 330 2908 367 2926; x_wconf 87' lang='lat' dir='ltr'>us</span> <span class='ocrx_word' id='word_1_731' title='bbox 376 2919 384 2932; x_wconf 90' lang='lat'>,</span> <span class='ocrx_word' id='word_1_732' title='bbox 405 2908 421 2927; x_wconf 89' lang='lat' dir='ltr'>a</span> <span class='ocrx_word' id='word_1_733' title='bbox 432 2919 440 2932; x_wconf 83' lang='lat'>,</span> <span class='ocrx_word' id='word_1_734' title='bbox 462 2908 518 2927; x_wconf 81' lang='lat' dir='ltr'>uni.</span> <span class='ocrx_word' id='word_1_735' title='bbox 541 2894 732 2934; x_wconf 42' lang='lat' dir='ltr'>[ammonivit]</span> <span class='ocrx_word' id='word_1_736' title='bbox 762 2898 822 2933; x_wconf 83' lang='lat' dir='ltr'>Adi.</span> <span class='ocrx_word' id='word_1_737' title='bbox 842 2898 874 2928; x_wconf 92' lang='lat' dir='ltr'>In</span> <span class='ocrx_word' id='word_1_738' title='bbox 894 2898 1009 2928; x_wconf 83' lang='lat' dir='ltr'>modum</span> <span class='ocrx_word' id='word_1_739' title='bbox 1025 2900 1128 2929; x_wconf 86' lang='lat' dir='ltr'>canalis</span> <span class='ocrx_word' id='word_1_740' title='bbox 1149 2900 1187 2930; x_wconf 69' lang='lat' dir='ltr'>fia-</span> 
     </span>
     <span class='ocr_line' id='line_1_76' title="bbox 73 2934 1184 2972; baseline 0.003 -8"><span class='ocrx_word' id='word_1_741' title='bbox 73 2935 146 2964; x_wconf 71' lang='lat' dir='ltr'>c‘tus:</span> <span class='ocrx_word' id='word_1_742' title='bbox 168 2934 212 2963; x_wconf 88' lang='lat' dir='ltr'>vel</span> <span class='ocrx_word' id='word_1_743' title='bbox 224 2935 278 2972; x_wconf 88' lang='lat' dir='ltr'>Qui</span> <span class='ocrx_word' id='word_1_744' title='bbox 292 2935 394 2965; x_wconf 78' lang='lat' dir='ltr'>canalis</span> <span class='ocrx_word' id='word_1_745' title='bbox 404 2936 520 2964; x_wconf 84' lang='lat' dir='ltr'>formam</span> <span class='ocrx_word' id='word_1_746' title='bbox 532 2936 623 2965; x_wconf 80' lang='lat' dir='ltr'>habet.</span> <span class='ocrx_word' id='word_1_747' title='bbox 646 2941 692 2969; x_wconf 85' lang='lat' dir='ltr'>ut,</span> <span class='ocrx_word' id='word_1_748' title='bbox 714 2935 825 2964; x_wconf 80' lang='lat' dir='ltr'>Semina</span> <span class='ocrx_word' id='word_1_749' title='bbox 841 2935 1029 2966; x_wconf 82' lang='lat' dir='ltr'>canaliculata.</span> <span class='ocrx_word' id='word_1_750' title='bbox 1053 2936 1123 2966; x_wconf 90' lang='lat' dir='ltr'>Plin.</span> <span class='ocrx_word' id='word_1_751' title='bbox 1134 2937 1184 2967; x_wconf 91' lang='lat' dir='ltr'>lib.</span> 
     </span>
     <span class='ocr_line' id='line_1_77' title="bbox 72 2972 1184 3038; baseline 0.004 -37"><span class='ocrx_word' id='word_1_752' title='bbox 72 2981 115 3008; x_wconf 81' lang='lat'>27.</span> <span class='ocrx_word' id='word_1_753' title='bbox 132 2980 191 3038; x_wconf 70' lang='lat' dir='ltr'>cap.</span> <span class='ocrx_word' id='word_1_754' title='bbox 204 2982 228 3007; x_wconf 87' lang='lat'>9.</span> <span class='ocrx_word' id='word_1_755' title='bbox 252 2972 294 3002; x_wconf 85' lang='lat' dir='ltr'>Est</span> <span class='ocrx_word' id='word_1_756' title='bbox 305 2980 397 3002; x_wconf 85' lang='lat' dir='ltr'>autem</span> <span class='ocrx_word' id='word_1_757' title='bbox 409 2973 548 3010; x_wconf 82' lang='lat' dir='ltr'>singularis</span> <span class='ocrx_word' id='word_1_758' title='bbox 559 2981 641 3009; x_wconf 82' lang='lat' dir='ltr'>atque</span> <span class='ocrx_word' id='word_1_759' title='bbox 653 2983 709 3001; x_wconf 91' lang='lat' dir='ltr'>non</span> <span class='ocrx_word' id='word_1_760' title='bbox 721 2972 849 3002; x_wconf 88' lang='lat' dir='ltr'>fruticosa</span> <span class='ocrx_word' id='word_1_761' title='bbox 860 2995 868 3008; x_wconf 93' lang='lat'>,</span> <span class='ocrx_word' id='word_1_762' title='bbox 890 2973 998 3003; x_wconf 82' lang='lat' dir='ltr'>brevior</span> <span class='ocrx_word' id='word_1_763' title='bbox 1007 2974 1184 3013; x_wconf 84' lang='lat' dir='ltr'>molliorque,</span> 
     </span>
     <span class='ocr_line' id='line_1_78' title="bbox 74 3010 1005 3042; baseline 0.001 -3"><span class='ocrx_word' id='word_1_764' title='bbox 74 3011 98 3039; x_wconf 68' lang='grc' dir='ltr'>ἃ</span> <span class='ocrx_word' id='word_1_765' title='bbox 107 3010 160 3039; x_wconf 89' lang='lat' dir='ltr'>den</span> <span class='ocrx_word' id='word_1_766' title='bbox 173 3010 230 3042; x_wconf 83' lang='lat' dir='ltr'>ior.</span> <span class='ocrx_word' id='word_1_767' title='bbox 254 3010 327 3039; x_wconf 89' lang='lat' dir='ltr'>foliis</span> <span class='ocrx_word' id='word_1_768' title='bbox 335 3011 370 3040; x_wconf 89' lang='lat' dir='ltr'>ad</span> <span class='ocrx_word' id='word_1_769' title='bbox 380 3011 500 3040; x_wconf 84' lang='lat' dir='ltr'>radicem</span> <span class='ocrx_word' id='word_1_770' title='bbox 510 3011 702 3040; x_wconf 82' lang='lat' dir='ltr'>canaliculata.</span> <span class='ocrx_word' id='word_1_771' title='bbox 744 3011 786 3040; x_wconf 87' lang='lat' dir='ltr'>De</span> <span class='ocrx_word' id='word_1_772' title='bbox 798 3011 882 3040; x_wconf 83' lang='lat' dir='ltr'>Filice</span> <span class='ocrx_word' id='word_1_773' title='bbox 892 3011 1005 3041; x_wconf 86' lang='lat' dir='ltr'>femina.</span> 
     </span>
    </p>

    <p class='ocr_par' dir='ltr' id='par_1_37' title="bbox 37 3045 1186 3275">
     <span class='ocr_line' id='line_1_79' title="bbox 37 3045 1186 3084; baseline 0.002 -7"><span class='ocrx_word' id='word_1_774' title='bbox 37 3045 84 3077; x_wconf 85' lang='lat' dir='ltr'>CA</span> <span class='ocrx_word' id='word_1_775' title='bbox 93 3058 112 3076; x_wconf 95' lang='grc' dir='ltr'>Ν</span> <span class='ocrx_word' id='word_1_776' title='bbox 121 3058 141 3076; x_wconf 85' lang='lat' dir='ltr'>A</span> <span class='ocrx_word' id='word_1_777' title='bbox 151 3059 183 3076; x_wconf 75' lang='grc' dir='ltr'>ω</span> <span class='ocrx_word' id='word_1_778' title='bbox 192 3057 208 3076; x_wconf 89' lang='lat' dir='ltr'>c</span> <span class='ocrx_word' id='word_1_779' title='bbox 217 3049 234 3077; x_wconf 82' lang='grc' dir='ltr'><em>ὃ</em></span> <span class='ocrx_word' id='word_1_780' title='bbox 244 3059 260 3076; x_wconf 78' lang='lat' dir='ltr'>L</span> <span class='ocrx_word' id='word_1_781' title='bbox 271 3058 288 3076; x_wconf 90' lang='lat' dir='ltr'>A</span> <span class='ocrx_word' id='word_1_782' title='bbox 300 3069 308 3082; x_wconf 82' lang='lat'>‚</span> <span class='ocrx_word' id='word_1_783' title='bbox 329 3058 360 3077; x_wconf 84' lang='lat' dir='ltr'>ae.</span> <span class='ocrx_word' id='word_1_784' title='bbox 383 3058 406 3077; x_wconf 88' lang='lat' dir='ltr'>c.</span> <span class='ocrx_word' id='word_1_785' title='bbox 429 3049 598 3084; x_wconf 47' lang='lat' dir='ltr'>[damnasse]</span> <span class='ocrx_word' id='word_1_786' title='bbox 620 3049 714 3077; x_wconf 82' lang='lat' dir='ltr'>Homo</span> <span class='ocrx_word' id='word_1_787' title='bbox 723 3049 813 3078; x_wconf 91' lang='lat' dir='ltr'>nauci.</span> <span class='ocrx_word' id='word_1_788' title='bbox 834 3049 925 3078; x_wconf 83' lang='lat' dir='ltr'>Festus</span> <span class='ocrx_word' id='word_1_789' title='bbox 939 3058 945 3078; x_wconf 72' lang='grc' dir='ltr'><em>τ</em></span> <span class='ocrx_word' id='word_1_790' title='bbox 967 3049 1136 3078; x_wconf 88' lang='lat' dir='ltr'>Canalicolae</span> <span class='ocrx_word' id='word_1_791' title='bbox 1145 3050 1186 3079; x_wconf 86' lang='lat' dir='ltr'>fo-</span> 
     </span>
     <span class='ocr_line' id='line_1_80' title="bbox 71 3084 1183 3123; baseline 0.003 -9"><span class='ocrx_word' id='word_1_792' title='bbox 71 3085 176 3120; x_wconf 86' lang='lat' dir='ltr'>renses,</span> <span class='ocrx_word' id='word_1_793' title='bbox 199 3086 334 3115; x_wconf 85' lang='lat' dir='ltr'>Homines</span> <span class='ocrx_word' id='word_1_794' title='bbox 348 3096 484 3123; x_wconf 81' lang='lat' dir='ltr'>pauperes</span> <span class='ocrx_word' id='word_1_795' title='bbox 500 3087 567 3115; x_wconf 69' lang='lat' dir='ltr'>disti</span> <span class='ocrx_word' id='word_1_796' title='bbox 579 3108 587 3120; x_wconf 78' lang='grc'>,</span> <span class='ocrx_word' id='word_1_797' title='bbox 609 3086 684 3123; x_wconf 89' lang='lat' dir='ltr'>quod</span> <span class='ocrx_word' id='word_1_798' title='bbox 695 3084 767 3115; x_wconf 89' lang='lat' dir='ltr'>circa</span> <span class='ocrx_word' id='word_1_799' title='bbox 781 3086 907 3115; x_wconf 82' lang='lat' dir='ltr'>canalem</span> <span class='ocrx_word' id='word_1_800' title='bbox 927 3087 979 3116; x_wconf 85' lang='lat' dir='ltr'>fori</span> <span class='ocrx_word' id='word_1_801' title='bbox 997 3087 1183 3117; x_wconf 81' lang='lat' dir='ltr'>confisterent.</span> 
     </span>
     <span class='ocr_line' id='line_1_81' title="bbox 71 3122 1186 3161; baseline -0.001 -9"><span class='ocrx_word' id='word_1_802' title='bbox 71 3122 104 3152; x_wconf 84' lang='lat' dir='ltr'>Et</span> <span class='ocrx_word' id='word_1_803' title='bbox 113 3122 182 3152; x_wconf 88' lang='lat' dir='ltr'>Gell.</span> <span class='ocrx_word' id='word_1_804' title='bbox 194 3133 220 3159; x_wconf 88' lang='lat'>4.</span> <span class='ocrx_word' id='word_1_805' title='bbox 235 3133 278 3152; x_wconf 89' lang='lat'>20.</span> <span class='ocrx_word' id='word_1_806' title='bbox 303 3123 360 3160; x_wconf 86' lang='lat' dir='ltr'>Qui</span> <span class='ocrx_word' id='word_1_807' title='bbox 372 3124 495 3159; x_wconf 81' lang='lat' dir='ltr'>jurabat,</span> <span class='ocrx_word' id='word_1_808' title='bbox 517 3124 658 3153; x_wconf 80' lang='lat' dir='ltr'>cavillator</span> <span class='ocrx_word' id='word_1_809' title='bbox 670 3124 784 3161; x_wconf 84' lang='lat' dir='ltr'>quidem</span> <span class='ocrx_word' id='word_1_810' title='bbox 803 3125 830 3154; x_wconf 69' lang='lat' dir='ltr'>&amp;c</span> <span class='ocrx_word' id='word_1_811' title='bbox 842 3124 994 3153; x_wconf 90' lang='lat' dir='ltr'>canalicola</span> <span class='ocrx_word' id='word_1_812' title='bbox 1010 3126 1036 3154; x_wconf 72' lang='lat' dir='ltr'>Sc</span> <span class='ocrx_word' id='word_1_813' title='bbox 1055 3125 1186 3154; x_wconf 73' lang='lat' dir='ltr'>ridicula».</span> 
     </span>
     <span class='ocr_line' id='line_1_82' title="bbox 69 3160 1185 3197; baseline 0.003 -8"><span class='ocrx_word' id='word_1_814' title='bbox 69 3160 190 3190; x_wconf 79' lang='lat' dir='ltr'>tiusfuit.</span> <span class='ocrx_word' id='word_1_815' title='bbox 229 3161 286 3190; x_wconf 85' lang='lat' dir='ltr'>Hos</span> <span class='ocrx_word' id='word_1_816' title='bbox 296 3161 426 3190; x_wconf 79' lang='lat' dir='ltr'>describit</span> <span class='ocrx_word' id='word_1_817' title='bbox 437 3161 546 3191; x_wconf 88' lang='lat' dir='ltr'>Plautus</span> <span class='ocrx_word' id='word_1_818' title='bbox 567 3161 647 3190; x_wconf 90' lang='lat' dir='ltr'>Cure.</span> <span class='ocrx_word' id='word_1_819' title='bbox 659 3172 685 3197; x_wconf 89' lang='lat'>4.</span> <span class='ocrx_word' id='word_1_820' title='bbox 699 3171 722 3190; x_wconf 92' lang='lat'>1.</span> <span class='ocrx_word' id='word_1_821' title='bbox 740 3171 780 3196; x_wconf 84' lang='lat'>14·</span> <span class='ocrx_word' id='word_1_822' title='bbox 803 3161 834 3191; x_wconf 90' lang='lat' dir='ltr'>In</span> <span class='ocrx_word' id='word_1_823' title='bbox 845 3162 904 3190; x_wconf 82' lang='lat' dir='ltr'>foro</span> <span class='ocrx_word' id='word_1_824' title='bbox 915 3161 1011 3191; x_wconf 86' lang='lat' dir='ltr'>infimo</span> <span class='ocrx_word' id='word_1_825' title='bbox 1022 3163 1088 3191; x_wconf 91' lang='lat' dir='ltr'>boni</span> <span class='ocrx_word' id='word_1_826' title='bbox 1096 3163 1185 3192; x_wconf 92' lang='lat' dir='ltr'>homi-</span> 
     </span>
     <span class='ocr_line' id='line_1_83' title="bbox 70 3198 1185 3237; baseline 0.002 -9"><span class='ocrx_word' id='word_1_827' title='bbox 70 3207 118 3228; x_wconf 87' lang='lat' dir='ltr'>nes</span> <span class='ocrx_word' id='word_1_828' title='bbox 132 3204 215 3235; x_wconf 84' lang='lat' dir='ltr'>atque</span> <span class='ocrx_word' id='word_1_829' title='bbox 226 3198 297 3227; x_wconf 87' lang='lat' dir='ltr'>dites</span> <span class='ocrx_word' id='word_1_830' title='bbox 306 3199 449 3228; x_wconf 82' lang='lat' dir='ltr'>ambulant</span> <span class='ocrx_word' id='word_1_831' title='bbox 459 3222 466 3234; x_wconf 96' lang='lat'>,</span> <span class='ocrx_word' id='word_1_832' title='bbox 488 3200 516 3228; x_wconf 85' lang='lat' dir='ltr'>in</span> <span class='ocrx_word' id='word_1_833' title='bbox 528 3198 622 3228; x_wconf 86' lang='lat' dir='ltr'>medio</span> <span class='ocrx_word' id='word_1_834' title='bbox 632 3206 745 3237; x_wconf 82' lang='lat' dir='ltr'>propter</span> <span class='ocrx_word' id='word_1_835' title='bbox 754 3199 879 3228; x_wconf 82' lang='lat' dir='ltr'>canalem</span> <span class='ocrx_word' id='word_1_836' title='bbox 889 3199 929 3228; x_wconf 90' lang='lat' dir='ltr'>ibi</span> <span class='ocrx_word' id='word_1_837' title='bbox 941 3199 1120 3230; x_wconf 87' lang='lat' dir='ltr'>ostentatores</span> <span class='ocrx_word' id='word_1_838' title='bbox 1128 3210 1185 3230; x_wconf 88' lang='lat' dir='ltr'>me-</span> 
     </span>
     <span class='ocr_line' id='line_1_84' title="bbox 70 3235 852 3275; baseline 0.001 -11"><span class='ocrx_word' id='word_1_839' title='bbox 70 3236 102 3265; x_wconf 85' lang='lat' dir='ltr'>ri.</span> <span class='ocrx_word' id='word_1_840' title='bbox 142 3235 171 3265; x_wconf 91' lang='lat' dir='ltr'>V.</span> <span class='ocrx_word' id='word_1_841' title='bbox 193 3237 275 3265; x_wconf 80' lang='lat' dir='ltr'>etiarn</span> <span class='ocrx_word' id='word_1_842' title='bbox 287 3236 397 3266; x_wconf 78' lang='lat' dir='ltr'>Salmas.</span> <span class='ocrx_word' id='word_1_843' title='bbox 409 3236 445 3266; x_wconf 88' lang='lat' dir='ltr'>ad</span> <span class='ocrx_word' id='word_1_844' title='bbox 456 3236 563 3275; x_wconf 90' lang='lat' dir='ltr'>Vopisc.</span> <span class='ocrx_word' id='word_1_845' title='bbox 585 3236 726 3266; x_wconf 83' lang='lat' dir='ltr'>Carinum.</span> <span class='ocrx_word' id='word_1_846' title='bbox 749 3247 776 3274; x_wconf 93' lang='lat' dir='ltr'>p.</span> <span class='ocrx_word' id='word_1_847' title='bbox 788 3242 852 3272; x_wconf 76' lang='lat'>48³·</span> 
     </span>
    </p>

    <p class='ocr_par' dir='ltr' id='par_1_38' title="bbox 34 3272 1185 3423">
     <span class='ocr_line' id='line_1_85' title="bbox 34 3272 1185 3312; baseline 0.003 -10"><span class='ocrx_word' id='word_1_848' title='bbox 34 3272 109 3302; x_wconf 87' lang='lat' dir='ltr'>CAN</span> <span class='ocrx_word' id='word_1_849' title='bbox 120 3283 177 3308; x_wconf 86' lang='lat' dir='ltr'>AN,</span> <span class='ocrx_word' id='word_1_850' title='bbox 197 3274 272 3302; x_wconf 64' lang='lat' dir='ltr'>dieta</span> <span class='ocrx_word' id='word_1_851' title='bbox 283 3274 320 3302; x_wconf 83' lang='lat' dir='ltr'>est</span> <span class='ocrx_word' id='word_1_852' title='bbox 335 3274 448 3309; x_wconf 86' lang='lat' dir='ltr'>Arabia,</span> <span class='ocrx_word' id='word_1_853' title='bbox 470 3284 485 3304; x_wconf 83' lang='lat' dir='ltr'>a</span> <span class='ocrx_word' id='word_1_854' title='bbox 497 3275 608 3304; x_wconf 85' lang='lat' dir='ltr'>Canaan</span> <span class='ocrx_word' id='word_1_855' title='bbox 619 3274 656 3303; x_wconf 90' lang='lat' dir='ltr'>fil.</span> <span class='ocrx_word' id='word_1_856' title='bbox 669 3274 737 3304; x_wconf 89' lang='lat' dir='ltr'>Cam</span> <span class='ocrx_word' id='word_1_857' title='bbox 747 3296 754 3308; x_wconf 86' lang='lat'>‚</span> <span class='ocrx_word' id='word_1_858' title='bbox 775 3275 821 3310; x_wconf 94' lang='lat' dir='ltr'>qui</span> <span class='ocrx_word' id='word_1_859' title='bbox 843 3275 872 3302; x_wconf 90' lang='lat' dir='ltr'>in</span> <span class='ocrx_word' id='word_1_860' title='bbox 892 3280 923 3303; x_wconf 89' lang='lat' dir='ltr'>ea</span> <span class='ocrx_word' id='word_1_861' title='bbox 937 3274 1080 3310; x_wconf 74' lang='lat' dir='ltr'>consedit,</span> <span class='ocrx_word' id='word_1_862' title='bbox 1101 3285 1116 3305; x_wconf 88' lang='lat' dir='ltr'>a</span> <span class='ocrx_word' id='word_1_863' title='bbox 1130 3284 1185 3312; x_wconf 88' lang='lat' dir='ltr'>qua</span> 
     </span>
     <span class='ocr_line' id='line_1_86' title="bbox 68 3310 1185 3350; baseline 0.002 -10"><span class='ocrx_word' id='word_1_864' title='bbox 68 3310 204 3340; x_wconf 77' lang='lat' dir='ltr'>Cananaei.</span> <span class='ocrx_word' id='word_1_865' title='bbox 219 3311 285 3340; x_wconf 77' lang='lat' dir='ltr'>Haec</span> <span class='ocrx_word' id='word_1_866' title='bbox 296 3311 349 3340; x_wconf 86' lang='lat' dir='ltr'>fuit</span> <span class='ocrx_word' id='word_1_867' title='bbox 359 3312 446 3349; x_wconf 86' lang='lat' dir='ltr'>prima</span> <span class='ocrx_word' id='word_1_868' title='bbox 454 3322 520 3350; x_wconf 85' lang='lat' dir='ltr'>gens</span> <span class='ocrx_word' id='word_1_869' title='bbox 530 3321 590 3348; x_wconf 84' lang='lat' dir='ltr'>quae</span> <span class='ocrx_word' id='word_1_870' title='bbox 605 3311 693 3341; x_wconf 82' lang='lat' dir='ltr'>Deum</span> <span class='ocrx_word' id='word_1_871' title='bbox 704 3312 857 3349; x_wconf 82' lang='lat' dir='ltr'>ignoravit:</span> <span class='ocrx_word' id='word_1_872' title='bbox 880 3311 943 3349; x_wconf 82' lang='lat' dir='ltr'>quia</span> <span class='ocrx_word' id='word_1_873' title='bbox 954 3313 1083 3350; x_wconf 89' lang='lat' dir='ltr'>princeps</span> <span class='ocrx_word' id='word_1_874' title='bbox 1091 3314 1148 3348; x_wconf 88' lang='lat' dir='ltr'>ejus</span> <span class='ocrx_word' id='word_1_875' title='bbox 1158 3315 1185 3343; x_wconf 73' lang='grc' dir='ltr'>δε</span> 
     </span>
     <span class='ocr_line' id='line_1_87' title="bbox 69 3349 1182 3387; baseline 0.004 -10"><span class='ocrx_word' id='word_1_876' title='bbox 69 3349 198 3378; x_wconf 83' lang='lat' dir='ltr'>conditor</span> <span class='ocrx_word' id='word_1_877' title='bbox 208 3349 314 3378; x_wconf 85' lang='lat' dir='ltr'>cultum</span> <span class='ocrx_word' id='word_1_878' title='bbox 327 3359 342 3378; x_wconf 88' lang='lat' dir='ltr'>a</span> <span class='ocrx_word' id='word_1_879' title='bbox 354 3356 430 3387; x_wconf 84' lang='lat' dir='ltr'>patre</span> <span class='ocrx_word' id='word_1_880' title='bbox 449 3349 493 3379; x_wconf 89' lang='lat' dir='ltr'>vel</span> <span class='ocrx_word' id='word_1_881' title='bbox 503 3359 554 3379; x_wconf 88' lang='lat' dir='ltr'>avo</span> <span class='ocrx_word' id='word_1_882' title='bbox 564 3350 658 3387; x_wconf 88' lang='lat' dir='ltr'>potius</span> <span class='ocrx_word' id='word_1_883' title='bbox 667 3372 675 3384; x_wconf 87' lang='lat'>,</span> <span class='ocrx_word' id='word_1_884' title='bbox 697 3357 755 3378; x_wconf 90' lang='lat' dir='ltr'>non</span> <span class='ocrx_word' id='word_1_885' title='bbox 772 3350 896 3387; x_wconf 84' lang='lat' dir='ltr'>accepit,</span> <span class='ocrx_word' id='word_1_886' title='bbox 917 3349 1081 3380; x_wconf 77' lang='lat' dir='ltr'>maledi6tus</span> <span class='ocrx_word' id='word_1_887' title='bbox 1092 3351 1125 3380; x_wconf 86' lang='lat' dir='ltr'>ab</span> <span class='ocrx_word' id='word_1_888' title='bbox 1138 3361 1182 3381; x_wconf 88' lang='lat' dir='ltr'>e0.</span> 
     </span>
     <span class='ocr_line' id='line_1_88' title="bbox 71 3385 823 3423; baseline 0.001 -8"><span class='ocrx_word' id='word_1_889' title='bbox 71 3385 165 3423; x_wconf 86' lang='lat' dir='ltr'>Itaque</span> <span class='ocrx_word' id='word_1_890' title='bbox 176 3386 360 3423; x_wconf 85' lang='lat' dir='ltr'>ignorantiam</span> <span class='ocrx_word' id='word_1_891' title='bbox 371 3387 524 3416; x_wconf 86' lang='lat' dir='ltr'>divinitatis</span> <span class='ocrx_word' id='word_1_892' title='bbox 536 3387 691 3416; x_wconf 89' lang='lat' dir='ltr'>minoribus</span> <span class='ocrx_word' id='word_1_893' title='bbox 702 3385 823 3423; x_wconf 88' lang='lat' dir='ltr'>reliquit.</span> 
     </span>
    </p>

    <p class='ocr_par' dir='ltr' id='par_1_39' title="bbox 38 3422 1186 3537">
     <span class='ocr_line' id='line_1_89' title="bbox 38 3422 1185 3462; baseline 0.003 -10"><span class='ocrx_word' id='word_1_894' title='bbox 38 3422 229 3453; x_wconf 71' lang='lat' dir='ltr'>CANANAEA</span> <span class='ocrx_word' id='word_1_895' title='bbox 241 3446 249 3459; x_wconf 92' lang='lat'>,</span> <span class='ocrx_word' id='word_1_896' title='bbox 271 3434 301 3453; x_wconf 81' lang='lat' dir='ltr'>ae.</span> <span class='ocrx_word' id='word_1_897' title='bbox 322 3424 341 3453; x_wconf 88' lang='lat' dir='ltr'>f.</span> <span class='ocrx_word' id='word_1_898' title='bbox 365 3425 534 3460; x_wconf 52' lang='grc' dir='ltr'>[κοινωνοῦσι]</span> <span class='ocrx_word' id='word_1_899' title='bbox 556 3425 638 3462; x_wconf 86' lang='lat' dir='ltr'>Syriae</span> <span class='ocrx_word' id='word_1_900' title='bbox 658 3426 735 3462; x_wconf 86' lang='lat' dir='ltr'>regio</span> <span class='ocrx_word' id='word_1_901' title='bbox 747 3446 755 3458; x_wconf 92' lang='lat'>,</span> <span class='ocrx_word' id='word_1_902' title='bbox 787 3434 802 3453; x_wconf 90' lang='lat' dir='ltr'>a</span> <span class='ocrx_word' id='word_1_903' title='bbox 818 3424 929 3453; x_wconf 88' lang='lat' dir='ltr'>Canaan</span> <span class='ocrx_word' id='word_1_904' title='bbox 952 3424 1009 3453; x_wconf 86' lang='lat' dir='ltr'>filio</span> <span class='ocrx_word' id='word_1_905' title='bbox 1030 3424 1116 3460; x_wconf 91' lang='lat' dir='ltr'>Cam,</span> <span class='ocrx_word' id='word_1_906' title='bbox 1138 3426 1185 3462; x_wconf 90' lang='lat' dir='ltr'>qui</span> 
     </span>
     <span class='ocr_line' id='line_1_90' title="bbox 72 3461 1186 3501; baseline 0.004 -12"><span class='ocrx_word' id='word_1_907' title='bbox 72 3469 130 3490; x_wconf 87' lang='lat' dir='ltr'>eam</span> <span class='ocrx_word' id='word_1_908' title='bbox 141 3462 284 3498; x_wconf 84' lang='lat' dir='ltr'>regionem</span> <span class='ocrx_word' id='word_1_909' title='bbox 297 3483 304 3495; x_wconf 79' lang='lat'>,</span> <span class='ocrx_word' id='word_1_910' title='bbox 326 3471 386 3499; x_wconf 82' lang='lat' dir='ltr'>quae</span> <span class='ocrx_word' id='word_1_911' title='bbox 397 3472 472 3492; x_wconf 89' lang='lat' dir='ltr'>nunc</span> <span class='ocrx_word' id='word_1_912' title='bbox 489 3462 586 3498; x_wconf 79' lang='lat' dir='ltr'>Jiidaea</span> <span class='ocrx_word' id='word_1_913' title='bbox 603 3470 781 3501; x_wconf 85' lang='lat' dir='ltr'>nuncupatur</span> <span class='ocrx_word' id='word_1_914' title='bbox 793 3483 800 3497; x_wconf 83' lang='lat'>‚</span> <span class='ocrx_word' id='word_1_915' title='bbox 822 3461 997 3498; x_wconf 86' lang='lat' dir='ltr'>inhabitans,</span> <span class='ocrx_word' id='word_1_916' title='bbox 1018 3471 1033 3491; x_wconf 87' lang='lat' dir='ltr'>a</span> <span class='ocrx_word' id='word_1_917' title='bbox 1055 3462 1081 3492; x_wconf 90' lang='lat' dir='ltr'>se</span> <span class='ocrx_word' id='word_1_918' title='bbox 1099 3463 1186 3493; x_wconf 85' lang='lat' dir='ltr'>Cana-</span> 
     </span>
     <span class='ocr_line' id='line_1_91' title="bbox 72 3500 351 3537; baseline -0.004 -10"><span class='ocrx_word' id='word_1_919' title='bbox 72 3508 158 3528; x_wconf 75' lang='lat' dir='ltr'>naeam</span> <span class='ocrx_word' id='word_1_920' title='bbox 171 3500 351 3537; x_wconf 75' lang='lat' dir='ltr'>nuncupavit.</span> 
     </span>
    </p>

    <p class='ocr_par' dir='ltr' id='par_1_40' title="bbox 37 3533 1186 3611">
     <span class='ocr_line' id='line_1_92' title="bbox 37 3533 1186 3574; baseline -0.001 -9"><span class='ocrx_word' id='word_1_921' title='bbox 37 3534 85 3565; x_wconf 87' lang='lat' dir='ltr'>CA</span> <span class='ocrx_word' id='word_1_922' title='bbox 94 3545 112 3564; x_wconf 84' lang='lat' dir='ltr'>N</span> <span class='ocrx_word' id='word_1_923' title='bbox 120 3547 139 3565; x_wconf 89' lang='lat' dir='ltr'>A</span> <span class='ocrx_word' id='word_1_924' title='bbox 147 3546 165 3565; x_wconf 88' lang='lat' dir='ltr'>N</span> <span class='ocrx_word' id='word_1_925' title='bbox 175 3547 183 3564; x_wconf 90' lang='grc' dir='ltr'>ι</span> <span class='ocrx_word' id='word_1_926' title='bbox 193 3546 212 3564; x_wconf 70' lang='grc' dir='ltr'>ἰ</span> <span class='ocrx_word' id='word_1_927' title='bbox 223 3547 252 3565; x_wconf 84' lang='lat' dir='ltr'>is</span> <span class='ocrx_word' id='word_1_928' title='bbox 262 3559 269 3571; x_wconf 91' lang='lat'>,</span> <span class='ocrx_word' id='word_1_929' title='bbox 289 3537 353 3566; x_wconf 70' lang='lat' dir='ltr'>mis.</span> <span class='ocrx_word' id='word_1_930' title='bbox 375 3536 394 3566; x_wconf 88' lang='lat' dir='ltr'>f.</span> <span class='ocrx_word' id='word_1_931' title='bbox 417 3533 591 3573; x_wconf 59' lang='lat' dir='ltr'>[itamari-12¹5]</span> <span class='ocrx_word' id='word_1_932' title='bbox 612 3536 718 3574; x_wconf 73' lang='lat' dir='ltr'>possess.</span> <span class='ocrx_word' id='word_1_933' title='bbox 738 3537 776 3566; x_wconf 89' lang='lat' dir='ltr'>est</span> <span class='ocrx_word' id='word_1_934' title='bbox 786 3537 970 3574; x_wconf 85' lang='lat' dir='ltr'>patronymici</span> <span class='ocrx_word' id='word_1_935' title='bbox 986 3536 1116 3566; x_wconf 88' lang='lat' dir='ltr'>feminini</span> <span class='ocrx_word' id='word_1_936' title='bbox 1130 3537 1186 3567; x_wconf 84' lang='lat' dir='ltr'>for.</span> 
     </span>
     <span class='ocr_line' id='line_1_93' title="bbox 71 3574 900 3611; baseline 0 -9"><span class='ocrx_word' id='word_1_937' title='bbox 71 3582 115 3602; x_wconf 84' lang='lat' dir='ltr'>ma</span> <span class='ocrx_word' id='word_1_938' title='bbox 124 3595 132 3608; x_wconf 90' lang='lat'>,</span> <span class='ocrx_word' id='word_1_939' title='bbox 153 3574 305 3603; x_wconf 72' lang='lat' dir='ltr'>deductum</span> <span class='ocrx_word' id='word_1_940' title='bbox 315 3584 330 3603; x_wconf 88' lang='lat' dir='ltr'>a</span> <span class='ocrx_word' id='word_1_941' title='bbox 341 3575 454 3603; x_wconf 88' lang='lat' dir='ltr'>nomine</span> <span class='ocrx_word' id='word_1_942' title='bbox 464 3574 575 3603; x_wconf 88' lang='lat' dir='ltr'>Canaan</span> <span class='ocrx_word' id='word_1_943' title='bbox 586 3597 593 3609; x_wconf 93' lang='lat'>,</span> <span class='ocrx_word' id='word_1_944' title='bbox 614 3583 645 3604; x_wconf 92' lang='lat' dir='ltr'>ut</span> <span class='ocrx_word' id='word_1_945' title='bbox 653 3574 740 3611; x_wconf 85' lang='lat' dir='ltr'>Regio</span> <span class='ocrx_word' id='word_1_946' title='bbox 749 3574 900 3603; x_wconf 78' lang='lat' dir='ltr'>Cananitis.</span> 
     </span>
    </p>

    <p class='ocr_par' dir='ltr' id='par_1_41' title="bbox 66 3610 1187 3648">
     <span class='ocr_line' id='line_1_94' title="bbox 66 3610 1187 3648; baseline 0.004 -9"><span class='ocrx_word' id='word_1_947' title='bbox 66 3620 84 3639; x_wconf 97' lang='lat' dir='ltr'>A</span> <span class='ocrx_word' id='word_1_948' title='bbox 92 3620 113 3642; x_wconf 83' lang='lat' dir='ltr'>N</span> <span class='ocrx_word' id='word_1_949' title='bbox 124 3621 166 3640; x_wconf 74' lang='lat' dir='ltr'>Aa</span> <span class='ocrx_word' id='word_1_950' title='bbox 175 3622 184 3640; x_wconf 86' lang='lat'>1</span> <span class='ocrx_word' id='word_1_951' title='bbox 193 3622 213 3640; x_wconf 91' lang='lat' dir='ltr'>A</span> <span class='ocrx_word' id='word_1_952' title='bbox 223 3633 230 3645; x_wconf 78' lang='lat'>,</span> <span class='ocrx_word' id='word_1_953' title='bbox 253 3622 283 3641; x_wconf 60' lang='grc' dir='ltr'>εκ.</span> <span class='ocrx_word' id='word_1_954' title='bbox 305 3612 324 3641; x_wconf 85' lang='lat' dir='ltr'>f.</span> <span class='ocrx_word' id='word_1_955' title='bbox 349 3610 518 3648; x_wconf 52' lang='grc' dir='ltr'>[Κοικόα]</span> <span class='ocrx_word' id='word_1_956' title='bbox 541 3612 601 3641; x_wconf 91' lang='lat' dir='ltr'>Una</span> <span class='ocrx_word' id='word_1_957' title='bbox 609 3622 643 3641; x_wconf 82' lang='lat' dir='ltr'>ex</span> <span class='ocrx_word' id='word_1_958' title='bbox 651 3612 745 3642; x_wconf 89' lang='lat' dir='ltr'>insulis</span> <span class='ocrx_word' id='word_1_959' title='bbox 756 3612 911 3644; x_wconf 87' lang='lat' dir='ltr'>fortunatis,</span> <span class='ocrx_word' id='word_1_960' title='bbox 930 3610 969 3640; x_wconf 82' lang='lat' dir='ltr'>ita</span> <span class='ocrx_word' id='word_1_961' title='bbox 977 3611 1097 3642; x_wconf 87' lang='lat' dir='ltr'>vocitata</span> <span class='ocrx_word' id='word_1_962' title='bbox 1105 3622 1120 3641; x_wconf 90' lang='lat' dir='ltr'>a</span> <span class='ocrx_word' id='word_1_963' title='bbox 1134 3612 1187 3643; x_wconf 73' lang='lat' dir='ltr'>Ca-</span> 
     </span>
    </p>

    <p class='ocr_par' dir='ltr' id='par_1_42' title="bbox 72 3649 1188 3687">
     <span class='ocr_line' id='line_1_95' title="bbox 72 3649 1188 3687; baseline 0.003 -10"><span class='ocrx_word' id='word_1_964' title='bbox 72 3657 137 3677; x_wconf 88' lang='lat' dir='ltr'>num</span> <span class='ocrx_word' id='word_1_965' title='bbox 148 3649 326 3679; x_wconf 80' lang='lat' dir='ltr'>multitudine</span> <span class='ocrx_word' id='word_1_966' title='bbox 337 3650 456 3687; x_wconf 87' lang='lat' dir='ltr'>ingentis</span> <span class='ocrx_word' id='word_1_967' title='bbox 470 3650 680 3687; x_wconf 84' lang='lat' dir='ltr'>magnitudinis.</span> <span class='ocrx_word' id='word_1_968' title='bbox 722 3649 789 3679; x_wconf 88' lang='lat' dir='ltr'>Plin.</span> <span class='ocrx_word' id='word_1_969' title='bbox 807 3649 855 3678; x_wconf 83' lang='lat' dir='ltr'>lib.</span> <span class='ocrx_word' id='word_1_970' title='bbox 868 3651 893 3678; x_wconf 90' lang='lat'>6.</span> <span class='ocrx_word' id='word_1_971' title='bbox 906 3657 967 3686; x_wconf 81' lang='lat' dir='ltr'>cap.</span> <span class='ocrx_word' id='word_1_972' title='bbox 984 3656 1026 3685; x_wconf 85' lang='lat'>32.</span> <span class='ocrx_word' id='word_1_973' title='bbox 1049 3649 1102 3678; x_wconf 91' lang='lat' dir='ltr'>Alii</span> <span class='ocrx_word' id='word_1_974' title='bbox 1114 3650 1188 3680; x_wconf 88' lang='lat' dir='ltr'>Can-</span> 
     </span>
    </p>

    <p class='ocr_par' dir='ltr' id='par_1_43' title="bbox 72 3686 762 3716">
     <span class='ocr_line' id='line_1_96' title="bbox 72 3686 762 3716; baseline 0.001 -2"><span class='ocrx_word' id='word_1_975' title='bbox 72 3686 173 3715; x_wconf 85' lang='lat' dir='ltr'>nariam</span> <span class='ocrx_word' id='word_1_976' title='bbox 182 3694 290 3716; x_wconf 77' lang='lat' dir='ltr'>vocant.</span> <span class='ocrx_word' id='word_1_977' title='bbox 333 3687 363 3715; x_wconf 91' lang='lat' dir='ltr'>V.</span> <span class='ocrx_word' id='word_1_978' title='bbox 399 3698 412 3715; x_wconf 70' lang='grc' dir='ltr'>ιτ</span> <span class='ocrx_word' id='word_1_979' title='bbox 421 3697 438 3716; x_wconf 94' lang='lat' dir='ltr'>o</span> <span class='ocrx_word' id='word_1_980' title='bbox 446 3697 462 3715; x_wconf 80' lang='lat' dir='ltr'>R</span> <span class='ocrx_word' id='word_1_981' title='bbox 470 3697 489 3715; x_wconf 61' lang='lat' dir='ltr'>*r</span> <span class='ocrx_word' id='word_1_982' title='bbox 500 3697 516 3716; x_wconf 92' lang='grc' dir='ltr'>υ</span> <span class='ocrx_word' id='word_1_983' title='bbox 525 3696 546 3716; x_wconf 86' lang='lat' dir='ltr'>N</span> <span class='ocrx_word' id='word_1_984' title='bbox 557 3697 575 3715; x_wconf 95' lang='lat' dir='ltr'>A</span> <span class='ocrx_word' id='word_1_985' title='bbox 584 3697 604 3715; x_wconf 83' lang='lat' dir='ltr'>T</span> <span class='ocrx_word' id='word_1_986' title='bbox 613 3698 636 3716; x_wconf 71' lang='lat' dir='ltr'>ia</span> <span class='ocrx_word' id='word_1_987' title='bbox 657 3686 762 3716; x_wconf 86' lang='lat' dir='ltr'>[nsulae.</span> 
     </span>
    </p>

    <p class='ocr_par' dir='ltr' id='par_1_44' title="bbox 38 3721 1187 3875">
     <span class='ocr_line' id='line_1_97' title="bbox 38 3721 1186 3761; baseline 0.002 -9"><span class='ocrx_word' id='word_1_988' title='bbox 38 3721 59 3752; x_wconf 89' lang='lat' dir='ltr'>C</span> <span class='ocrx_word' id='word_1_989' title='bbox 67 3733 114 3761; x_wconf 72' lang='lat' dir='ltr'>AN</span> <span class='ocrx_word' id='word_1_990' title='bbox 124 3733 143 3752; x_wconf 90' lang='lat' dir='ltr'>A</span> <span class='ocrx_word' id='word_1_991' title='bbox 151 3733 167 3752; x_wconf 80' lang='lat' dir='ltr'>R</span> <span class='ocrx_word' id='word_1_992' title='bbox 175 3735 184 3752; x_wconf 98' lang='grc' dir='ltr'>ι</span> <span class='ocrx_word' id='word_1_993' title='bbox 193 3734 211 3753; x_wconf 89' lang='lat' dir='ltr'>A</span> <span class='ocrx_word' id='word_1_994' title='bbox 223 3746 230 3760; x_wconf 93' lang='lat'>,</span> <span class='ocrx_word' id='word_1_995' title='bbox 252 3734 282 3753; x_wconf 61' lang='grc' dir='ltr'>ιε.</span> <span class='ocrx_word' id='word_1_996' title='bbox 305 3724 324 3753; x_wconf 89' lang='lat' dir='ltr'>f.</span> <span class='ocrx_word' id='word_1_997' title='bbox 346 3722 439 3754; x_wconf 87' lang='lat' dir='ltr'>Herba</span> <span class='ocrx_word' id='word_1_998' title='bbox 448 3724 486 3754; x_wconf 88' lang='lat' dir='ltr'>est</span> <span class='ocrx_word' id='word_1_999' title='bbox 496 3747 503 3757; x_wconf 92' lang='lat'>,</span> <span class='ocrx_word' id='word_1_1000' title='bbox 524 3734 606 3761; x_wconf 90' lang='lat' dir='ltr'>quam</span> <span class='ocrx_word' id='word_1_1001' title='bbox 614 3724 762 3754; x_wconf 89' lang='lat' dir='ltr'>vernacula</span> <span class='ocrx_word' id='word_1_1002' title='bbox 770 3723 863 3760; x_wconf 82' lang='lat' dir='ltr'>lingua</span> <span class='ocrx_word' id='word_1_1003' title='bbox 878 3723 961 3751; x_wconf 85' lang='lat' dir='ltr'>etiam</span> <span class='ocrx_word' id='word_1_1004' title='bbox 977 3723 1100 3753; x_wconf 88' lang='lat' dir='ltr'>Herbam</span> <span class='ocrx_word' id='word_1_1005' title='bbox 1109 3725 1186 3755; x_wconf 78' lang='lat' dir='ltr'>canis</span> 
     </span>
     <span class='ocr_line' id='line_1_98' title="bbox 67 3759 1184 3803; baseline 0.002 -13"><span class='ocrx_word' id='word_1_1006' title='bbox 67 3769 201 3790; x_wconf 77' lang='lat' dir='ltr'>vocamus</span> <span class='ocrx_word' id='word_1_1007' title='bbox 211 3783 219 3796; x_wconf 75' lang='lat'>,</span> <span class='ocrx_word' id='word_1_1008' title='bbox 241 3762 316 3798; x_wconf 76' lang='lat' dir='ltr'>quod</span> <span class='ocrx_word' id='word_1_1009' title='bbox 329 3772 411 3791; x_wconf 89' lang='lat' dir='ltr'>canes</span> <span class='ocrx_word' id='word_1_1010' title='bbox 428 3762 521 3799; x_wconf 85' lang='lat' dir='ltr'>aegroti</span> <span class='ocrx_word' id='word_1_1011' title='bbox 537 3772 569 3791; x_wconf 90' lang='lat' dir='ltr'>ea</span> <span class='ocrx_word' id='word_1_1012' title='bbox 583 3762 746 3799; x_wconf 78' lang='lat' dir='ltr'>praesentem</span> <span class='ocrx_word' id='word_1_1013' title='bbox 761 3762 898 3803; x_wconf 85' lang='lat' dir='ltr'>vomitum</span> <span class='ocrx_word' id='word_1_1014' title='bbox 912 3759 1034 3790; x_wconf 89' lang='lat' dir='ltr'>eliciant.</span> <span class='ocrx_word' id='word_1_1015' title='bbox 1056 3761 1124 3791; x_wconf 87' lang='lat' dir='ltr'>Plin.</span> <span class='ocrx_word' id='word_1_1016' title='bbox 1135 3762 1184 3792; x_wconf 90' lang='lat' dir='ltr'>lib.</span> 
     </span>
     <span class='ocr_line' id='line_1_99' title="bbox 72 3796 1187 3836; baseline 0.002 -9"><span class='ocrx_word' id='word_1_1017' title='bbox 72 3807 116 3833; x_wconf 82' lang='lat'>25.</span> <span class='ocrx_word' id='word_1_1018' title='bbox 129 3808 189 3836; x_wconf 86' lang='lat' dir='ltr'>cap.</span> <span class='ocrx_word' id='word_1_1019' title='bbox 201 3805 225 3833; x_wconf 85' lang='lat'>8.</span> <span class='ocrx_word' id='word_1_1020' title='bbox 246 3800 418 3828; x_wconf 81' lang='lat' dir='ltr'>Invenerunt</span> <span class='ocrx_word' id='word_1_1021' title='bbox 430 3801 456 3829; x_wconf 67' lang='grc' dir='ltr'><strong>ἃ</strong></span> <span class='ocrx_word' id='word_1_1022' title='bbox 470 3809 552 3829; x_wconf 79' lang='lat' dir='ltr'>canes</span> <span class='ocrx_word' id='word_1_1023' title='bbox 564 3801 712 3833; x_wconf 86' lang='lat' dir='ltr'>canariam,</span> <span class='ocrx_word' id='word_1_1024' title='bbox 733 3809 786 3836; x_wconf 89' lang='lat' dir='ltr'>qua</span> <span class='ocrx_word' id='word_1_1025' title='bbox 797 3798 938 3826; x_wconf 83' lang='lat' dir='ltr'>fastidium</span> <span class='ocrx_word' id='word_1_1026' title='bbox 947 3796 1100 3834; x_wconf 83' lang='lat' dir='ltr'>deducunt,</span> <span class='ocrx_word' id='word_1_1027' title='bbox 1112 3806 1187 3829; x_wconf 83' lang='lat' dir='ltr'>ea&#39;m-</span> 
     </span>
     <span class='ocr_line' id='line_1_100' title="bbox 72 3835 1186 3875; baseline 0.002 -11"><span class='ocrx_word' id='word_1_1028' title='bbox 72 3845 125 3873; x_wconf 87' lang='lat' dir='ltr'>que</span> <span class='ocrx_word' id='word_1_1029' title='bbox 138 3837 168 3864; x_wconf 89' lang='lat' dir='ltr'>in</span> <span class='ocrx_word' id='word_1_1030' title='bbox 180 3837 270 3865; x_wconf 83' lang='lat' dir='ltr'>nostro</span> <span class='ocrx_word' id='word_1_1031' title='bbox 282 3837 432 3875; x_wconf 69' lang='lat' dir='ltr'>conspectu</span> <span class='ocrx_word' id='word_1_1032' title='bbox 442 3838 597 3866; x_wconf 85' lang='lat' dir='ltr'>mandunt:</span> <span class='ocrx_word' id='word_1_1033' title='bbox 619 3837 712 3866; x_wconf 87' lang='lat' dir='ltr'>sedita</span> <span class='ocrx_word' id='word_1_1034' title='bbox 728 3859 735 3872; x_wconf 96' lang='lat'>,</span> <span class='ocrx_word' id='word_1_1035' title='bbox 757 3844 787 3865; x_wconf 87' lang='lat' dir='ltr'>ut</span> <span class='ocrx_word' id='word_1_1036' title='bbox 798 3843 941 3872; x_wconf 88' lang='lat' dir='ltr'>nunquam</span> <span class='ocrx_word' id='word_1_1037' title='bbox 951 3835 1186 3874; x_wconf 51' lang='lat' dir='ltr'>intelligaturque:</span> 
     </span>
    </p>

    <p class='ocr_par' dir='ltr' id='par_1_45' title="bbox 53 3872 1188 4015">
     <span class='ocr_line' id='line_1_101' title="bbox 53 3872 1185 3916; baseline 0.001 -14"><span class='ocrx_word' id='word_1_1038' title='bbox 53 3880 54 3883; x_wconf 76' lang='grc'>’</span> <span class='ocrx_word' id='word_1_1039' title='bbox 72 3873 110 3902; x_wconf 86' lang='lat' dir='ltr'>fit.</span> <span class='ocrx_word' id='word_1_1040' title='bbox 131 3873 234 3902; x_wconf 88' lang='lat' dir='ltr'>etenim</span> <span class='ocrx_word' id='word_1_1041' title='bbox 245 3874 354 3911; x_wconf 85' lang='lat' dir='ltr'>depasta</span> <span class='ocrx_word' id='word_1_1042' title='bbox 366 3875 495 3904; x_wconf 88' lang='lat' dir='ltr'>cernitur.</span> <span class='ocrx_word' id='word_1_1043' title='bbox 537 3874 663 3904; x_wconf 89' lang='lat' dir='ltr'>Ruellius</span> <span class='ocrx_word' id='word_1_1044' title='bbox 675 3873 809 3903; x_wconf 90' lang='lat' dir='ltr'>humilem</span> <span class='ocrx_word' id='word_1_1045' title='bbox 828 3873 882 3916; x_wconf 77' lang='lat' dir='ltr'>effe</span> <span class='ocrx_word' id='word_1_1046' title='bbox 894 3872 1036 3916; x_wconf 73' lang='lat' dir='ltr'>herbulam</span> <span class='ocrx_word' id='word_1_1047' title='bbox 1048 3874 1185 3910; x_wconf 83' lang='lat' dir='ltr'>ostendit,</span> 
     </span>
     <span class='ocr_line' id='line_1_102' title="bbox 73 3909 1187 3953; baseline 0.002 -15"><span class='ocrx_word' id='word_1_1048' title='bbox 73 3910 146 3939; x_wconf 86' lang='lat' dir='ltr'>foliis</span> <span class='ocrx_word' id='word_1_1049' title='bbox 154 3911 238 3939; x_wconf 85' lang='lat' dir='ltr'>tritici</span> <span class='ocrx_word' id='word_1_1050' title='bbox 249 3911 523 3949; x_wconf 62' lang='lat' dir='ltr'>multqgninoribus,</span> <span class='ocrx_word' id='word_1_1051' title='bbox 545 3912 682 3941; x_wconf 86' lang='lat' dir='ltr'>calamulo</span> <span class='ocrx_word' id='word_1_1052' title='bbox 698 3912 794 3944; x_wconf 81' lang='lat' dir='ltr'>tenui,</span> <span class='ocrx_word' id='word_1_1053' title='bbox 815 3909 952 3953; x_wconf 72' lang='lat' dir='ltr'>geniculis</span> <span class='ocrx_word' id='word_1_1054' title='bbox 963 3911 1128 3953; x_wconf 33' lang='lat' dir='ltr'>*pyxidatim</span> <span class='ocrx_word' id='word_1_1055' title='bbox 1140 3922 1187 3941; x_wconf 90' lang='lat' dir='ltr'>co-</span> 
     </span>
     <span class='ocr_line' id='line_1_103' title="bbox 71 3946 1188 4015; baseline 0.001 -37"><span class='ocrx_word' id='word_1_1056' title='bbox 71 3946 238 4015; x_wconf 46' lang='lat' dir='ltr'>haergntibu&#39;s</span> <span class='ocrx_word' id='word_1_1057' title='bbox 253 3949 415 3986; x_wconf 81' lang='lat' dir='ltr'>articulato,</span> <span class='ocrx_word' id='word_1_1058' title='bbox 436 3950 600 3980; x_wconf 78' lang='lat' dir='ltr'>internodiis</span> <span class='ocrx_word' id='word_1_1059' title='bbox 619 3950 750 3979; x_wconf 78' lang='lat' dir='ltr'>tibIatum</span> <span class='ocrx_word' id='word_1_1060' title='bbox 764 3949 851 3978; x_wconf 85' lang='lat' dir='ltr'>modo</span> <span class='ocrx_word' id='word_1_1061' title='bbox 868 3957 899 3980; x_wconf 77' lang='lat' dir='ltr'>m</span> <span class='ocrx_word' id='word_1_1062' title='bbox 916 3947 943 3977; x_wconf 82' lang='lat' dir='ltr'>se</span> <span class='ocrx_word' id='word_1_1063' title='bbox 961 3950 1085 3979; x_wconf 56' lang='lat' dir='ltr'>inieritis</span> <span class='ocrx_word' id='word_1_1064' title='bbox 1098 3971 1106 3985; x_wconf 89' lang='lat'>,</span> <span class='ocrx_word' id='word_1_1065' title='bbox 1127 3958 1188 3987; x_wconf 72' lang='lat' dir='ltr'>quae</span> 
     </span>
    </p>

    <p class='ocr_par' dir='ltr' id='par_1_46' title="bbox 81 3987 270 4017">
     <span class='ocr_line' id='line_1_104' title="bbox 81 3987 270 4017; baseline 0.005 -3"><span class='ocrx_word' id='word_1_1066' title='bbox 81 3998 86 4003; x_wconf 88' lang='lat'><em>·</em></span> <span class='ocrx_word' id='word_1_1067' title='bbox 157 3995 173 4015; x_wconf 88' lang='lat' dir='ltr'>o</span> <span class='ocrx_word' id='word_1_1068' title='bbox 184 3996 208 4015; x_wconf 80' lang='lat' dir='ltr'>r..</span> <span class='ocrx_word' id='word_1_1069' title='bbox 249 3987 270 4017; x_wconf 79' lang='lat' dir='ltr'>l.</span> 
     </span>
    </p>
   </div>
   <div class='ocr_carea' id='block_1_13' title="bbox 933 1880 1109 1913">
    <p class='ocr_par' dir='ltr' id='par_1_47' title="bbox 933 1880 1109 1913">
     <span class='ocr_line' id='line_1_105' title="bbox 933 1880 1109 1913; baseline 0.017 -3"><span class='ocrx_word' id='word_1_1070' title='bbox 933 1880 1109 1913; x_wconf 85' lang='lat' dir='ltr'>Hortantem.</span> 
     </span>
    </p>
   </div>
   <div class='ocr_carea' id='block_1_14' title="bbox 678 2557 1187 2597">
    <p class='ocr_par' dir='ltr' id='par_1_48' title="bbox 678 2557 1187 2597">
     <span class='ocr_line' id='line_1_106' title="bbox 678 2557 1187 2597; baseline 0.006 -10"><span class='ocrx_word' id='word_1_1071' title='bbox 678 2558 743 2596; x_wconf 79' lang='lat' dir='ltr'>Quo</span> <span class='ocrx_word' id='word_1_1072' title='bbox 757 2557 888 2588; x_wconf 86' lang='lat' dir='ltr'>articulus</span> <span class='ocrx_word' id='word_1_1073' title='bbox 897 2559 999 2589; x_wconf 70' lang='lat' dir='ltr'>fractus</span> <span class='ocrx_word' id='word_1_1074' title='bbox 1007 2561 1168 2590; x_wconf 83' lang='lat' dir='ltr'>continetur</span> <span class='ocrx_word' id='word_1_1075' title='bbox 1178 2581 1187 2597; x_wconf 82' lang='lat'><strong>‚</strong></span> 
     </span>
    </p>
   </div>
   <div class='ocr_carea' id='block_1_15' title="bbox 30 3565 38 4127">
    <p class='ocr_par' dir='ltr' id='par_1_49' title="bbox 30 3565 38 4127">
     <span class='ocr_line' id='line_1_107' title="bbox 30 3565 38 4127; baseline 0 0"><span class='ocrx_word' id='word_1_1076' title='bbox 30 3565 38 4127; x_wconf 95' lang='lat' dir='ltr'> </span> 
     </span>
    </p>
   </div>
   <div class='ocr_carea' id='block_1_16' title="bbox 1650 150 2396 200">
    <p class='ocr_par' dir='ltr' id='par_1_50' title="bbox 1650 150 2396 200">
     <span class='ocr_line' id='line_1_108' title="bbox 1650 150 2396 200; baseline 0.013 -16"><span class='ocrx_word' id='word_1_1077' title='bbox 1650 151 1678 185; x_wconf 91' lang='lat' dir='ltr'>C</span> <span class='ocrx_word' id='word_1_1078' title='bbox 1778 152 1803 185; x_wconf 80' lang='lat' dir='ltr'>A</span> <span class='ocrx_word' id='word_1_1079' title='bbox 1905 150 1936 184; x_wconf 73' lang='lat' dir='ltr'>N</span> <span class='ocrx_word' id='word_1_1080' title='bbox 2329 167 2396 200; x_wconf 82' lang='lat'>41¹</span> 
     </span>
    </p>
   </div>
   <div class='ocr_carea' id='block_1_17' title="bbox 1236 229 2430 4022">
    <p class='ocr_par' dir='ltr' id='par_1_51' title="bbox 1286 229 2401 305">
     <span class='ocr_line' id='line_1_109' title="bbox 1286 229 2401 270; baseline 0.006 -11"><span class='ocrx_word' id='word_1_1081' title='bbox 1286 232 1371 260; x_wconf 56' lang='lat' dir='ltr'>tracta</span> <span class='ocrx_word' id='word_1_1082' title='bbox 1387 229 1438 260; x_wconf 85' lang='lat' dir='ltr'>suis</span> <span class='ocrx_word' id='word_1_1083' title='bbox 1449 241 1482 260; x_wconf 69' lang='lat' dir='ltr'>ex</span> <span class='ocrx_word' id='word_1_1084' title='bbox 1492 231 1627 267; x_wconf 72' lang='lat' dir='ltr'>vaginulis</span> <span class='ocrx_word' id='word_1_1085' title='bbox 1638 238 1787 261; x_wconf 79' lang='lat' dir='ltr'>exeruntur</span> <span class='ocrx_word' id='word_1_1086' title='bbox 1798 253 1804 263; x_wconf 80' lang='lat'>.</span> <span class='ocrx_word' id='word_1_1087' title='bbox 1826 232 1971 260; x_wconf 76' lang='lat' dir='ltr'>evanidam</span> <span class='ocrx_word' id='word_1_1088' title='bbox 1985 231 2064 268; x_wconf 78' lang='lat' dir='ltr'>spicae</span> <span class='ocrx_word' id='word_1_1089' title='bbox 2080 231 2143 261; x_wconf 86' lang='lat' dir='ltr'>loco</span> <span class='ocrx_word' id='word_1_1090' title='bbox 2162 235 2338 270; x_wconf 72' lang='lat' dir='ltr'>panniculum</span> <span class='ocrx_word' id='word_1_1091' title='bbox 2354 238 2401 269; x_wconf 86' lang='lat' dir='ltr'>ha.</span> 
     </span>
     <span class='ocr_line' id='line_1_110' title="bbox 1288 268 2359 305; baseline 0.008 -9"><span class='ocrx_word' id='word_1_1092' title='bbox 1288 268 1353 297; x_wconf 78' lang='lat' dir='ltr'>bens</span> <span class='ocrx_word' id='word_1_1093' title='bbox 1365 290 1373 303; x_wconf 81' lang='lat'>‚</span> <span class='ocrx_word' id='word_1_1094' title='bbox 1394 269 1513 305; x_wconf 84' lang='lat' dir='ltr'>denique</span> <span class='ocrx_word' id='word_1_1095' title='bbox 1523 270 1591 298; x_wconf 78' lang='lat' dir='ltr'>tolio</span> <span class='ocrx_word' id='word_1_1096' title='bbox 1603 272 1627 299; x_wconf 64' lang='grc' dir='ltr'>δε</span> <span class='ocrx_word' id='word_1_1097' title='bbox 1639 270 1732 299; x_wconf 89' lang='lat' dir='ltr'>culmo</span> <span class='ocrx_word' id='word_1_1098' title='bbox 1744 270 1865 298; x_wconf 83' lang='lat' dir='ltr'>triticum</span> <span class='ocrx_word' id='word_1_1099' title='bbox 1877 291 1884 303; x_wconf 93' lang='lat'>,</span> <span class='ocrx_word' id='word_1_1100' title='bbox 1905 271 2051 297; x_wconf 81' lang='lat' dir='ltr'>cacumine</span> <span class='ocrx_word' id='word_1_1101' title='bbox 2061 271 2227 300; x_wconf 78' lang='lat' dir='ltr'>arundinem</span> <span class='ocrx_word' id='word_1_1102' title='bbox 2239 274 2359 305; x_wconf 76' lang='lat' dir='ltr'>imitans.</span> 
     </span>
    </p>

    <p class='ocr_par' dir='ltr' id='par_1_52' title="bbox 1251 304 2400 421">
     <span class='ocr_line' id='line_1_111' title="bbox 1251 304 2398 348; baseline 0.008 -16"><span class='ocrx_word' id='word_1_1103' title='bbox 1251 304 1271 332; x_wconf 84' lang='lat' dir='ltr'>C</span> <span class='ocrx_word' id='word_1_1104' title='bbox 1284 315 1301 332; x_wconf 85' lang='lat' dir='ltr'>A</span> <span class='ocrx_word' id='word_1_1105' title='bbox 1312 315 1330 333; x_wconf 89' lang='grc' dir='ltr'>Ν</span> <span class='ocrx_word' id='word_1_1106' title='bbox 1342 317 1359 334; x_wconf 86' lang='lat' dir='ltr'>A</span> <span class='ocrx_word' id='word_1_1107' title='bbox 1371 316 1386 334; x_wconf 76' lang='lat' dir='ltr'>a</span> <span class='ocrx_word' id='word_1_1108' title='bbox 1397 318 1403 334; x_wconf 87' lang='lat' dir='ltr'>i</span> <span class='ocrx_word' id='word_1_1109' title='bbox 1415 317 1421 334; x_wconf 91' lang='grc' dir='ltr'>ι</span> <span class='ocrx_word' id='word_1_1110' title='bbox 1434 329 1440 339; x_wconf 97' lang='lat'>,</span> <span class='ocrx_word' id='word_1_1111' title='bbox 1452 316 1539 336; x_wconf 84' lang='lat' dir='ltr'>orum.</span> <span class='ocrx_word' id='word_1_1112' title='bbox 1554 307 1590 343; x_wconf 87' lang='lat' dir='ltr'>pl.</span> <span class='ocrx_word' id='word_1_1113' title='bbox 1614 304 1781 343; x_wconf 45' lang='lat' dir='ltr'>[Kaiadas]</span> <span class='ocrx_word' id='word_1_1114' title='bbox 1804 307 1977 336; x_wconf 73' lang='lat' dir='ltr'>Mauritania:</span> <span class='ocrx_word' id='word_1_1115' title='bbox 1987 306 2084 343; x_wconf 79' lang='lat' dir='ltr'>populi</span> <span class='ocrx_word' id='word_1_1116' title='bbox 2096 307 2158 336; x_wconf 84' lang='lat' dir='ltr'>sunt</span> <span class='ocrx_word' id='word_1_1117' title='bbox 2168 310 2240 338; x_wconf 76' lang='lat' dir='ltr'>circa</span> <span class='ocrx_word' id='word_1_1118' title='bbox 2252 312 2398 348; x_wconf 82' lang='lat' dir='ltr'>Atlantem,</span> 
     </span>
     <span class='ocr_line' id='line_1_112' title="bbox 1288 342 2400 383; baseline 0.008 -13"><span class='ocrx_word' id='word_1_1119' title='bbox 1288 342 1443 373; x_wconf 78' lang='lat' dir='ltr'>habitantes</span> <span class='ocrx_word' id='word_1_1120' title='bbox 1458 345 1485 372; x_wconf 88' lang='lat' dir='ltr'>in</span> <span class='ocrx_word' id='word_1_1121' title='bbox 1497 344 1606 373; x_wconf 74' lang='lat' dir='ltr'>saltibus</span> <span class='ocrx_word' id='word_1_1122' title='bbox 1618 345 1706 382; x_wconf 87' lang='lat' dir='ltr'>plenis</span> <span class='ocrx_word' id='word_1_1123' title='bbox 1717 344 1930 381; x_wconf 75' lang='lat' dir='ltr'>elephantorum</span> <span class='ocrx_word' id='word_1_1124' title='bbox 1941 365 1949 375; x_wconf 83' lang='lat'>,</span> <span class='ocrx_word' id='word_1_1125' title='bbox 1971 344 2088 372; x_wconf 84' lang='lat' dir='ltr'>ferarum</span> <span class='ocrx_word' id='word_1_1126' title='bbox 2098 366 2106 376; x_wconf 83' lang='lat'>,</span> <span class='ocrx_word' id='word_1_1127' title='bbox 2130 346 2339 383; x_wconf 66' lang='lat' dir='ltr'>&amp;lei-pentum:</span> <span class='ocrx_word' id='word_1_1128' title='bbox 2362 351 2400 381; x_wconf 72' lang='lat' dir='ltr'>ita</span> 
     </span>
     <span class='ocr_line' id='line_1_113' title="bbox 1288 379 2328 421; baseline 0.006 -13"><span class='ocrx_word' id='word_1_1129' title='bbox 1288 379 1371 414; x_wconf 59' lang='lat' dir='ltr'>dicii,</span> <span class='ocrx_word' id='word_1_1130' title='bbox 1393 382 1467 416; x_wconf 83' lang='lat' dir='ltr'>quod</span> <span class='ocrx_word' id='word_1_1131' title='bbox 1477 391 1576 410; x_wconf 81' lang='lat' dir='ltr'>canum</span> <span class='ocrx_word' id='word_1_1132' title='bbox 1588 382 1745 420; x_wconf 77' lang='lat' dir='ltr'>victusiplis</span> <span class='ocrx_word' id='word_1_1133' title='bbox 1756 381 1927 420; x_wconf 85' lang='lat' dir='ltr'>promiscuus</span> <span class='ocrx_word' id='word_1_1134' title='bbox 1936 381 1973 410; x_wconf 91' lang='lat' dir='ltr'>sit.</span> <span class='ocrx_word' id='word_1_1135' title='bbox 1999 381 2028 410; x_wconf 92' lang='lat' dir='ltr'>V.</span> <span class='ocrx_word' id='word_1_1136' title='bbox 2053 381 2119 411; x_wconf 86' lang='lat' dir='ltr'>Plin.</span> <span class='ocrx_word' id='word_1_1137' title='bbox 2133 382 2181 412; x_wconf 86' lang='lat' dir='ltr'>lib.</span> <span class='ocrx_word' id='word_1_1138' title='bbox 2195 395 2216 417; x_wconf 85' lang='grc' dir='ltr'>ς.</span> <span class='ocrx_word' id='word_1_1139' title='bbox 2230 394 2290 421; x_wconf 82' lang='lat' dir='ltr'>cap.</span> <span class='ocrx_word' id='word_1_1140' title='bbox 2307 396 2328 414; x_wconf 92' lang='lat' dir='ltr'>i.</span> 
     </span>
    </p>

    <p class='ocr_par' dir='ltr' id='par_1_53' title="bbox 1249 415 1678 451">
     <span class='ocr_line' id='line_1_114' title="bbox 1249 415 1678 451; baseline 0.012 -7"><span class='ocrx_word' id='word_1_1141' title='bbox 1249 415 1473 451; x_wconf 66' lang='lat' dir='ltr'>CANAaius,</span> <span class='ocrx_word' id='word_1_1142' title='bbox 1501 419 1532 448; x_wconf 82' lang='lat' dir='ltr'>V.</span> <span class='ocrx_word' id='word_1_1143' title='bbox 1555 430 1678 449; x_wconf 79' lang='lat' dir='ltr'>CANis.</span> 
     </span>
    </p>

    <p class='ocr_par' dir='ltr' id='par_1_54' title="bbox 1248 453 2398 569">
     <span class='ocr_line' id='line_1_115' title="bbox 1248 453 2398 497; baseline 0.008 -16"><span class='ocrx_word' id='word_1_1144' title='bbox 1248 453 1397 489; x_wconf 84' lang='lat' dir='ltr'>CANAs,</span> <span class='ocrx_word' id='word_1_1145' title='bbox 1425 456 1571 492; x_wconf 80' lang='lat' dir='ltr'>Oppidum</span> <span class='ocrx_word' id='word_1_1146' title='bbox 1590 457 1677 494; x_wconf 68' lang='lat' dir='ltr'>Lycize</span> <span class='ocrx_word' id='word_1_1147' title='bbox 1696 457 1816 493; x_wconf 73' lang='lat' dir='ltr'>regionis</span> <span class='ocrx_word' id='word_1_1148' title='bbox 1840 456 1967 485; x_wconf 81' lang='lat' dir='ltr'>Asiaticae.</span> <span class='ocrx_word' id='word_1_1149' title='bbox 2023 456 2105 493; x_wconf 83' lang='lat' dir='ltr'>Lycia</span> <span class='ocrx_word' id='word_1_1150' title='bbox 2124 458 2265 494; x_wconf 84' lang='lat' dir='ltr'>quondam</span> <span class='ocrx_word' id='word_1_1151' title='bbox 2286 461 2398 497; x_wconf 85' lang='lat' dir='ltr'>(inquit</span> 
     </span>
     <span class='ocr_line' id='line_1_116' title="bbox 1286 490 2398 532; baseline 0.009 -14"><span class='ocrx_word' id='word_1_1152' title='bbox 1286 490 1354 519; x_wconf 88' lang='lat' dir='ltr'>Plin.</span> <span class='ocrx_word' id='word_1_1153' title='bbox 1370 492 1416 521; x_wconf 89' lang='lat' dir='ltr'>lib.</span> <span class='ocrx_word' id='word_1_1154' title='bbox 1432 504 1454 527; x_wconf 84' lang='lat'>5.</span> <span class='ocrx_word' id='word_1_1155' title='bbox 1470 503 1529 530; x_wconf 82' lang='lat' dir='ltr'>cap.</span> <span class='ocrx_word' id='word_1_1156' title='bbox 1542 496 1610 527; x_wconf 71' lang='lat'>27.)</span> <span class='ocrx_word' id='word_1_1157' title='bbox 1632 505 1672 523; x_wconf 72' lang='lat' dir='ltr'>Lx</span> <span class='ocrx_word' id='word_1_1158' title='bbox 1695 495 1798 532; x_wconf 81' lang='lat' dir='ltr'>oppida</span> <span class='ocrx_word' id='word_1_1159' title='bbox 1808 494 1920 527; x_wconf 82' lang='lat' dir='ltr'>habuit,</span> <span class='ocrx_word' id='word_1_1160' title='bbox 1943 503 2018 523; x_wconf 87' lang='lat' dir='ltr'>nunc</span> <span class='ocrx_word' id='word_1_1161' title='bbox 2037 504 2055 523; x_wconf 80' lang='lat' dir='ltr'>x</span> <span class='ocrx_word' id='word_1_1162' title='bbox 2066 503 2150 523; x_wconf 85' lang='lat' dir='ltr'>xxvi</span> <span class='ocrx_word' id='word_1_1163' title='bbox 2171 496 2264 526; x_wconf 82' lang='lat' dir='ltr'>habet.</span> <span class='ocrx_word' id='word_1_1164' title='bbox 2305 498 2344 527; x_wconf 81' lang='lat' dir='ltr'>Ex</span> <span class='ocrx_word' id='word_1_1165' title='bbox 2354 499 2398 530; x_wconf 90' lang='lat' dir='ltr'>his</span> 
     </span>
     <span class='ocr_line' id='line_1_117' title="bbox 1286 529 1963 569; baseline 0.007 -13"><span class='ocrx_word' id='word_1_1166' title='bbox 1286 529 1465 558; x_wconf 78' lang='lat' dir='ltr'>celeberrima</span> <span class='ocrx_word' id='word_1_1167' title='bbox 1478 538 1575 567; x_wconf 69' lang='lat' dir='ltr'>praeter</span> <span class='ocrx_word' id='word_1_1168' title='bbox 1585 532 1739 569; x_wconf 74' lang='lat' dir='ltr'>supradicta</span> <span class='ocrx_word' id='word_1_1169' title='bbox 1751 554 1759 568; x_wconf 88' lang='lat'>,</span> <span class='ocrx_word' id='word_1_1170' title='bbox 1782 532 1869 561; x_wconf 89' lang='lat' dir='ltr'>Canas</span> <span class='ocrx_word' id='word_1_1171' title='bbox 1882 554 1889 566; x_wconf 92' lang='lat'>,</span> <span class='ocrx_word' id='word_1_1172' title='bbox 1911 533 1963 561; x_wconf 66' lang='lat' dir='ltr'>dcc.</span> 
     </span>
    </p>

    <p class='ocr_par' dir='ltr' id='par_1_55' title="bbox 1250 564 1691 601">
     <span class='ocr_line' id='line_1_118' title="bbox 1250 564 1691 601; baseline 0.011 -8"><span class='ocrx_word' id='word_1_1173' title='bbox 1250 564 1477 601; x_wconf 65' lang='lat' dir='ltr'>CANAs&#39;raR,</span> <span class='ocrx_word' id='word_1_1174' title='bbox 1508 569 1538 597; x_wconf 92' lang='lat' dir='ltr'>V.</span> <span class='ocrx_word' id='word_1_1175' title='bbox 1560 578 1691 598; x_wconf 77' lang='lat' dir='ltr'>CANUS.</span> 
     </span>
    </p>

    <p class='ocr_par' dir='ltr' id='par_1_56' title="bbox 1249 603 2398 750">
     <span class='ocr_line' id='line_1_119' title="bbox 1249 603 2396 644; baseline 0.009 -14"><span class='ocrx_word' id='word_1_1176' title='bbox 1249 603 1270 631; x_wconf 82' lang='lat' dir='ltr'>C</span> <span class='ocrx_word' id='word_1_1177' title='bbox 1279 613 1297 630; x_wconf 75' lang='lat' dir='ltr'>A</span> <span class='ocrx_word' id='word_1_1178' title='bbox 1310 613 1328 631; x_wconf 88' lang='lat' dir='ltr'>N</span> <span class='ocrx_word' id='word_1_1179' title='bbox 1340 613 1357 631; x_wconf 86' lang='lat' dir='ltr'>A</span> <span class='ocrx_word' id='word_1_1180' title='bbox 1367 614 1378 632; x_wconf 86' lang='lat' dir='ltr'>s</span> <span class='ocrx_word' id='word_1_1181' title='bbox 1388 613 1407 631; x_wconf 70' lang='lat' dir='ltr'>rr</span> <span class='ocrx_word' id='word_1_1182' title='bbox 1417 614 1432 631; x_wconf 72' lang='lat' dir='ltr'>a</span> <span class='ocrx_word' id='word_1_1183' title='bbox 1444 614 1466 632; x_wconf 64' lang='lat' dir='ltr'>,ta</span> <span class='ocrx_word' id='word_1_1184' title='bbox 1477 615 1494 633; x_wconf 81' lang='lat' dir='ltr'>u</span> <span class='ocrx_word' id='word_1_1185' title='bbox 1504 616 1523 633; x_wconf 78' lang='lat' dir='ltr'><strong>M</strong></span> <span class='ocrx_word' id='word_1_1186' title='bbox 1535 627 1542 640; x_wconf 90' lang='lat'>‚</span> <span class='ocrx_word' id='word_1_1187' title='bbox 1564 606 1582 634; x_wconf 92' lang='lat' dir='ltr'>i.</span> <span class='ocrx_word' id='word_1_1188' title='bbox 1601 617 1628 635; x_wconf 89' lang='lat' dir='ltr'>ri.</span> <span class='ocrx_word' id='word_1_1189' title='bbox 1650 606 1824 636; x_wconf 72' lang='lat' dir='ltr'>Macedoniae</span> <span class='ocrx_word' id='word_1_1190' title='bbox 1835 606 2056 644; x_wconf 85' lang='lat' dir='ltr'>promontorium</span> <span class='ocrx_word' id='word_1_1191' title='bbox 2070 628 2078 642; x_wconf 92' lang='lat'>,</span> <span class='ocrx_word' id='word_1_1192' title='bbox 2101 607 2129 635; x_wconf 90' lang='lat' dir='ltr'>in</span> <span class='ocrx_word' id='word_1_1193' title='bbox 2141 607 2309 638; x_wconf 85' lang='lat' dir='ltr'>Thermaico</span> <span class='ocrx_word' id='word_1_1194' title='bbox 2321 610 2396 641; x_wconf 86' lang='lat' dir='ltr'>linu:</span> 
     </span>
     <span class='ocr_line' id='line_1_120' title="bbox 1285 640 2397 685; baseline 0.007 -16"><span class='ocrx_word' id='word_1_1195' title='bbox 1285 640 1398 670; x_wconf 80' lang='lat' dir='ltr'>dicente</span> <span class='ocrx_word' id='word_1_1196' title='bbox 1411 640 1478 670; x_wconf 79' lang='lat' dir='ltr'>i‘lin.</span> <span class='ocrx_word' id='word_1_1197' title='bbox 1494 642 1540 671; x_wconf 91' lang='lat' dir='ltr'>lib.</span> <span class='ocrx_word' id='word_1_1198' title='bbox 1551 654 1576 677; x_wconf 84' lang='lat'>4.</span> <span class='ocrx_word' id='word_1_1199' title='bbox 1589 653 1648 680; x_wconf 85' lang='lat' dir='ltr'>cap.</span> <span class='ocrx_word' id='word_1_1200' title='bbox 1666 655 1705 672; x_wconf 87' lang='grc' dir='ltr'>ιο.</span> <span class='ocrx_word' id='word_1_1201' title='bbox 1731 645 1760 673; x_wconf 90' lang='lat' dir='ltr'>In</span> <span class='ocrx_word' id='word_1_1202' title='bbox 1774 644 1940 673; x_wconf 87' lang='lat' dir='ltr'>Thermaico</span> <span class='ocrx_word' id='word_1_1203' title='bbox 1954 644 2012 673; x_wconf 87' lang='lat' dir='ltr'>sinu</span> <span class='ocrx_word' id='word_1_1204' title='bbox 2033 645 2137 681; x_wconf 88' lang='lat' dir='ltr'>oppida</span> <span class='ocrx_word' id='word_1_1205' title='bbox 2155 645 2264 681; x_wconf 72' lang='lat' dir='ltr'>Dicaea,</span> <span class='ocrx_word' id='word_1_1206' title='bbox 2286 647 2397 685; x_wconf 85' lang='lat' dir='ltr'>Pydna,</span> 
     </span>
     <span class='ocr_line' id='line_1_121' title="bbox 1284 678 2398 720; baseline 0.007 -14"><span class='ocrx_word' id='word_1_1207' title='bbox 1284 678 1368 706; x_wconf 84' lang='lat' dir='ltr'>Derra</span> <span class='ocrx_word' id='word_1_1208' title='bbox 1379 700 1386 713; x_wconf 92' lang='lat'>,</span> <span class='ocrx_word' id='word_1_1209' title='bbox 1407 679 1508 707; x_wconf 88' lang='lat' dir='ltr'>Scione</span> <span class='ocrx_word' id='word_1_1210' title='bbox 1519 701 1526 714; x_wconf 94' lang='lat'>,</span> <span class='ocrx_word' id='word_1_1211' title='bbox 1546 683 1769 716; x_wconf 82' lang='lat' dir='ltr'>promontorium</span> <span class='ocrx_word' id='word_1_1212' title='bbox 1779 681 1969 711; x_wconf 78' lang='lat' dir='ltr'>Canastraeum.</span> <span class='ocrx_word' id='word_1_1213' title='bbox 2010 681 2093 711; x_wconf 91' lang='lat' dir='ltr'>Nunc</span> <span class='ocrx_word' id='word_1_1214' title='bbox 2110 683 2193 720; x_wconf 86' lang='lat' dir='ltr'>vulgo</span> <span class='ocrx_word' id='word_1_1215' title='bbox 2205 684 2307 714; x_wconf 88' lang='lat' dir='ltr'>dicitur</span> <span class='ocrx_word' id='word_1_1216' title='bbox 2319 688 2398 714; x_wconf 73' lang='lat' dir='ltr'>Cani—</span> 
     </span>
     <span class='ocr_line' id='line_1_122' title="bbox 1279 714 1760 750; baseline 0.01 -8"><span class='ocrx_word' id='word_1_1217' title='bbox 1279 714 1348 750; x_wconf 83' lang='lat' dir='ltr'>stro:</span> <span class='ocrx_word' id='word_1_1218' title='bbox 1369 716 1444 745; x_wconf 84' lang='lat' dir='ltr'>testis</span> <span class='ocrx_word' id='word_1_1219' title='bbox 1455 716 1594 746; x_wconf 79' lang='lat' dir='ltr'>Olivarius</span> <span class='ocrx_word' id='word_1_1220' title='bbox 1606 719 1633 746; x_wconf 89' lang='lat' dir='ltr'>in</span> <span class='ocrx_word' id='word_1_1221' title='bbox 1648 719 1760 747; x_wconf 69' lang='lat' dir='ltr'>Niciam.</span> 
     </span>
    </p>

    <p class='ocr_par' dir='ltr' id='par_1_57' title="bbox 1246 750 2399 901">
     <span class='ocr_line' id='line_1_123' title="bbox 1246 750 2397 798; baseline 0.008 -17"><span class='ocrx_word' id='word_1_1222' title='bbox 1246 750 1268 781; x_wconf 91' lang='lat' dir='ltr'>C</span> <span class='ocrx_word' id='word_1_1223' title='bbox 1280 763 1296 780; x_wconf 86' lang='lat' dir='ltr'>A</span> <span class='ocrx_word' id='word_1_1224' title='bbox 1308 762 1327 780; x_wconf 93' lang='lat' dir='ltr'>N</span> <span class='ocrx_word' id='word_1_1225' title='bbox 1336 762 1355 781; x_wconf 89' lang='lat' dir='ltr'>A</span> <span class='ocrx_word' id='word_1_1226' title='bbox 1365 763 1411 781; x_wconf 79' lang='lat' dir='ltr'>TA</span> <span class='ocrx_word' id='word_1_1227' title='bbox 1423 775 1431 787; x_wconf 94' lang='lat'>,</span> <span class='ocrx_word' id='word_1_1228' title='bbox 1453 751 1537 791; x_wconf 88' lang='lat' dir='ltr'>Pulpa</span> <span class='ocrx_word' id='word_1_1229' title='bbox 1546 756 1572 784; x_wconf 86' lang='lat'>&amp;</span> <span class='ocrx_word' id='word_1_1230' title='bbox 1585 764 1648 784; x_wconf 80' lang='lat' dir='ltr'>caro</span> <span class='ocrx_word' id='word_1_1231' title='bbox 1663 758 1737 785; x_wconf 82' lang='lat' dir='ltr'>canis</span> <span class='ocrx_word' id='word_1_1232' title='bbox 1749 755 1857 790; x_wconf 86' lang='lat' dir='ltr'>marini,</span> <span class='ocrx_word' id='word_1_1233' title='bbox 1878 754 1989 791; x_wconf 83' lang='lat' dir='ltr'>ejusque</span> <span class='ocrx_word' id='word_1_1234' title='bbox 2000 755 2201 787; x_wconf 78' lang='lat' dir='ltr'>salsamentum.</span> <span class='ocrx_word' id='word_1_1235' title='bbox 2224 758 2308 789; x_wconf 78' lang='lat' dir='ltr'>Plaut.</span> <span class='ocrx_word' id='word_1_1236' title='bbox 2322 761 2397 798; x_wconf 84' lang='lat' dir='ltr'>apud</span> 
     </span>
     <span class='ocr_line' id='line_1_124' title="bbox 1284 789 2399 832; baseline 0.006 -13"><span class='ocrx_word' id='word_1_1237' title='bbox 1284 789 1352 820; x_wconf 87' lang='lat' dir='ltr'>Fest.</span> <span class='ocrx_word' id='word_1_1238' title='bbox 1376 791 1553 820; x_wconf 78' lang='lat' dir='ltr'>Muriaticam</span> <span class='ocrx_word' id='word_1_1239' title='bbox 1565 801 1657 821; x_wconf 83' lang='lat' dir='ltr'>autem</span> <span class='ocrx_word' id='word_1_1240' title='bbox 1668 794 1784 822; x_wconf 82' lang='lat' dir='ltr'>videoin</span> <span class='ocrx_word' id='word_1_1241' title='bbox 1795 793 1861 822; x_wconf 86' lang='lat' dir='ltr'>vasis</span> <span class='ocrx_word' id='word_1_1242' title='bbox 1871 793 1988 822; x_wconf 75' lang='lat' dir='ltr'>stanneis</span> <span class='ocrx_word' id='word_1_1243' title='bbox 2002 816 2009 828; x_wconf 93' lang='lat'>,</span> <span class='ocrx_word' id='word_1_1244' title='bbox 2031 795 2152 824; x_wconf 81' lang='lat' dir='ltr'>naricam</span> <span class='ocrx_word' id='word_1_1245' title='bbox 2172 797 2272 826; x_wconf 88' lang='lat' dir='ltr'>bonam</span> <span class='ocrx_word' id='word_1_1246' title='bbox 2284 819 2291 832; x_wconf 84' lang='lat'><strong>‚</strong></span> <span class='ocrx_word' id='word_1_1247' title='bbox 2313 800 2339 827; x_wconf 71' lang='lat' dir='ltr'>Sc</span> <span class='ocrx_word' id='word_1_1248' title='bbox 2353 808 2399 828; x_wconf 86' lang='lat' dir='ltr'>ca.</span> 
     </span>
     <span class='ocr_line' id='line_1_125' title="bbox 1284 830 2395 867; baseline 0.009 -11"><span class='ocrx_word' id='word_1_1249' title='bbox 1284 834 1386 863; x_wconf 82' lang='lat' dir='ltr'>natam,</span> <span class='ocrx_word' id='word_1_1250' title='bbox 1399 830 1424 857; x_wconf 71' lang='lat' dir='ltr'>St</span> <span class='ocrx_word' id='word_1_1251' title='bbox 1434 831 1612 865; x_wconf 84' lang='lat' dir='ltr'>comaquinas</span> <span class='ocrx_word' id='word_1_1252' title='bbox 1622 831 1710 860; x_wconf 71' lang='lat' dir='ltr'>furtas.</span> <span class='ocrx_word' id='word_1_1253' title='bbox 1724 833 1749 859; x_wconf 69' lang='grc' dir='ltr'>ὁὶ</span> <span class='ocrx_word' id='word_1_1254' title='bbox 1766 830 1886 859; x_wconf 84' lang='lat' dir='ltr'>conchas</span> <span class='ocrx_word' id='word_1_1255' title='bbox 1899 830 2065 867; x_wconf 83' lang='lat' dir='ltr'>piscinarias.</span> <span class='ocrx_word' id='word_1_1256' title='bbox 2089 831 2128 861; x_wconf 75' lang='lat' dir='ltr'>Ex</span> <span class='ocrx_word' id='word_1_1257' title='bbox 2146 832 2268 863; x_wconf 86' lang='lat' dir='ltr'>Turneb.</span> <span class='ocrx_word' id='word_1_1258' title='bbox 2284 836 2395 867; x_wconf 71' lang='lat' dir='ltr'>advers.</span> 
     </span>
     <span class='ocr_line' id='line_1_126' title="bbox 1285 866 1903 901; baseline 0.003 -7"><span class='ocrx_word' id='word_1_1259' title='bbox 1285 874 1309 900; x_wconf 84' lang='lat'>3.</span> <span class='ocrx_word' id='word_1_1260' title='bbox 1323 869 1349 894; x_wconf 92' lang='lat'>6.</span> <span class='ocrx_word' id='word_1_1261' title='bbox 1389 866 1444 895; x_wconf 84' lang='lat' dir='ltr'>Sed</span> <span class='ocrx_word' id='word_1_1262' title='bbox 1465 866 1496 895; x_wconf 91' lang='lat' dir='ltr'>V.</span> <span class='ocrx_word' id='word_1_1263' title='bbox 1520 867 1618 901; x_wconf 67' lang='lat' dir='ltr'>Scalig.</span> <span class='ocrx_word' id='word_1_1264' title='bbox 1632 868 1666 895; x_wconf 74' lang='lat' dir='ltr'>ad</span> <span class='ocrx_word' id='word_1_1265' title='bbox 1678 868 1742 896; x_wconf 59' lang='lat' dir='ltr'>rest.</span> <span class='ocrx_word' id='word_1_1266' title='bbox 1757 868 1785 895; x_wconf 92' lang='lat' dir='ltr'>in</span> <span class='ocrx_word' id='word_1_1267' title='bbox 1799 868 1903 896; x_wconf 75' lang='lat' dir='ltr'>Narita.</span> 
     </span>
    </p>

    <p class='ocr_par' dir='ltr' id='par_1_58' title="bbox 1245 901 2396 979">
     <span class='ocr_line' id='line_1_127' title="bbox 1245 901 2396 947; baseline 0.007 -16"><span class='ocrx_word' id='word_1_1268' title='bbox 1245 901 1267 931; x_wconf 89' lang='lat' dir='ltr'>C</span> <span class='ocrx_word' id='word_1_1269' title='bbox 1278 912 1295 931; x_wconf 89' lang='lat' dir='ltr'>A</span> <span class='ocrx_word' id='word_1_1270' title='bbox 1305 912 1355 931; x_wconf 84' lang='lat' dir='ltr'>NA</span> <span class='ocrx_word' id='word_1_1271' title='bbox 1364 912 1383 931; x_wconf 83' lang='lat' dir='ltr'>T</span> <span class='ocrx_word' id='word_1_1272' title='bbox 1392 913 1412 932; x_wconf 80' lang='lat' dir='ltr'>H</span> <span class='ocrx_word' id='word_1_1273' title='bbox 1425 914 1442 932; x_wconf 94' lang='lat' dir='ltr'>A</span> <span class='ocrx_word' id='word_1_1274' title='bbox 1452 926 1460 938; x_wconf 81' lang='lat'>,</span> <span class='ocrx_word' id='word_1_1275' title='bbox 1480 915 1512 933; x_wconf 61' lang='lat' dir='ltr'>ze.</span> <span class='ocrx_word' id='word_1_1276' title='bbox 1535 906 1552 933; x_wconf 92' lang='lat' dir='ltr'>f.</span> <span class='ocrx_word' id='word_1_1277' title='bbox 1576 902 1721 942; x_wconf 82' lang='lat' dir='ltr'>Oppidum</span> <span class='ocrx_word' id='word_1_1278' title='bbox 1734 905 1771 934; x_wconf 80' lang='lat' dir='ltr'>est</span> <span class='ocrx_word' id='word_1_1279' title='bbox 1783 905 1812 933; x_wconf 90' lang='lat' dir='ltr'>in</span> <span class='ocrx_word' id='word_1_1280' title='bbox 1821 904 2019 942; x_wconf 79' lang='lat' dir='ltr'>Decapolitana</span> <span class='ocrx_word' id='word_1_1281' title='bbox 2030 907 2152 944; x_wconf 80' lang='lat' dir='ltr'>regione,</span> <span class='ocrx_word' id='word_1_1282' title='bbox 2173 917 2232 945; x_wconf 82' lang='lat' dir='ltr'>quae</span> <span class='ocrx_word' id='word_1_1283' title='bbox 2244 909 2396 947; x_wconf 82' lang='lat' dir='ltr'>Syriaejun.</span> 
     </span>
     <span class='ocr_line' id='line_1_128' title="bbox 1283 940 1692 979; baseline 0.005 -10"><span class='ocrx_word' id='word_1_1284' title='bbox 1283 941 1363 977; x_wconf 75' lang='lat' dir='ltr'>gitur.</span> <span class='ocrx_word' id='word_1_1285' title='bbox 1386 941 1453 970; x_wconf 85' lang='lat' dir='ltr'>Plin.</span> <span class='ocrx_word' id='word_1_1286' title='bbox 1471 940 1517 970; x_wconf 87' lang='lat' dir='ltr'>lib.</span> <span class='ocrx_word' id='word_1_1287' title='bbox 1534 953 1558 977; x_wconf 79' lang='grc' dir='ltr'>ς.</span> <span class='ocrx_word' id='word_1_1288' title='bbox 1575 951 1634 979; x_wconf 82' lang='lat' dir='ltr'>cap.</span> <span class='ocrx_word' id='word_1_1289' title='bbox 1652 948 1692 975; x_wconf 78' lang='grc' dir='ltr'>ιε.</span> 
     </span>
    </p>

    <p class='ocr_par' dir='ltr' id='par_1_59' title="bbox 1245 977 2397 1092">
     <span class='ocr_line' id='line_1_129' title="bbox 1245 977 2397 1023; baseline 0.008 -17"><span class='ocrx_word' id='word_1_1290' title='bbox 1245 977 1268 1007; x_wconf 93' lang='lat' dir='ltr'>C</span> <span class='ocrx_word' id='word_1_1291' title='bbox 1276 987 1295 1006; x_wconf 85' lang='lat' dir='ltr'>A</span> <span class='ocrx_word' id='word_1_1292' title='bbox 1307 987 1326 1006; x_wconf 90' lang='lat' dir='ltr'>N</span> <span class='ocrx_word' id='word_1_1293' title='bbox 1337 988 1355 1007; x_wconf 93' lang='lat' dir='ltr'>A</span> <span class='ocrx_word' id='word_1_1294' title='bbox 1364 987 1384 1006; x_wconf 77' lang='grc' dir='ltr'>τ</span> <span class='ocrx_word' id='word_1_1295' title='bbox 1393 987 1412 1007; x_wconf 81' lang='lat' dir='ltr'>H</span> <span class='ocrx_word' id='word_1_1296' title='bbox 1425 989 1439 1007; x_wconf 72' lang='lat' dir='ltr'>a</span> <span class='ocrx_word' id='word_1_1297' title='bbox 1450 989 1469 1007; x_wconf 85' lang='lat' dir='ltr'>A</span> <span class='ocrx_word' id='word_1_1298' title='bbox 1479 1001 1487 1013; x_wconf 93' lang='lat'>,</span> <span class='ocrx_word' id='word_1_1299' title='bbox 1510 978 1664 1016; x_wconf 52' lang='grc' dir='ltr'>[ιῳέηιῇμ]</span> <span class='ocrx_word' id='word_1_1300' title='bbox 1693 979 1818 1016; x_wconf 84' lang='lat' dir='ltr'>Grypum</span> <span class='ocrx_word' id='word_1_1301' title='bbox 1838 980 1970 1015; x_wconf 85' lang='lat' dir='ltr'>imagines</span> <span class='ocrx_word' id='word_1_1302' title='bbox 1995 989 2026 1009; x_wconf 90' lang='lat' dir='ltr'>ac</span> <span class='ocrx_word' id='word_1_1303' title='bbox 2041 981 2263 1020; x_wconf 79' lang='lat' dir='ltr'>tragelaphorum</span> <span class='ocrx_word' id='word_1_1304' title='bbox 2282 984 2379 1023; x_wconf 76' lang='lat' dir='ltr'>lignea:</span> <span class='ocrx_word' id='word_1_1305' title='bbox 2387 1009 2397 1022; x_wconf 92' lang='lat'>‚</span> 
     </span>
     <span class='ocr_line' id='line_1_130' title="bbox 1282 1016 2397 1061; baseline 0.008 -18"><span class='ocrx_word' id='word_1_1306' title='bbox 1282 1016 1381 1051; x_wconf 85' lang='lat' dir='ltr'>quibus</span> <span class='ocrx_word' id='word_1_1307' title='bbox 1392 1016 1540 1046; x_wconf 85' lang='lat' dir='ltr'>inlidentes</span> <span class='ocrx_word' id='word_1_1308' title='bbox 1551 1018 1650 1055; x_wconf 66' lang='lat' dir='ltr'>puellae</span> <span class='ocrx_word' id='word_1_1309' title='bbox 1662 1016 1919 1046; x_wconf 78' lang='lat' dir='ltr'>cii-conserebantur</span> <span class='ocrx_word' id='word_1_1310' title='bbox 1937 1018 1964 1045; x_wconf 91' lang='lat' dir='ltr'>in</span> <span class='ocrx_word' id='word_1_1311' title='bbox 1981 1016 2160 1055; x_wconf 61' lang='lat' dir='ltr'>fiiefftaculis,</span> <span class='ocrx_word' id='word_1_1312' title='bbox 2183 1027 2213 1049; x_wconf 91' lang='lat' dir='ltr'>ut</span> <span class='ocrx_word' id='word_1_1313' title='bbox 2232 1021 2397 1061; x_wconf 84' lang='lat' dir='ltr'>Xenophon</span> 
     </span>
     <span class='ocr_line' id='line_1_131' title="bbox 1281 1053 2208 1092; baseline 0.006 -11"><span class='ocrx_word' id='word_1_1314' title='bbox 1281 1053 1403 1089; x_wconf 87' lang='lat' dir='ltr'>indicat,</span> <span class='ocrx_word' id='word_1_1315' title='bbox 1425 1055 1450 1083; x_wconf 82' lang='lat'>&amp;</span> <span class='ocrx_word' id='word_1_1316' title='bbox 1461 1054 1592 1084; x_wconf 83' lang='lat' dir='ltr'>Plutarch.</span> <span class='ocrx_word' id='word_1_1317' title='bbox 1606 1056 1732 1092; x_wconf 88' lang='lat' dir='ltr'>exponit.</span> <span class='ocrx_word' id='word_1_1318' title='bbox 1771 1054 1802 1084; x_wconf 94' lang='lat' dir='ltr'>V.</span> <span class='ocrx_word' id='word_1_1319' title='bbox 1824 1054 1908 1083; x_wconf 85' lang='lat' dir='ltr'>Henr.</span> <span class='ocrx_word' id='word_1_1320' title='bbox 1921 1055 2016 1091; x_wconf 82' lang='lat' dir='ltr'>Steph.</span> <span class='ocrx_word' id='word_1_1321' title='bbox 2029 1055 2111 1085; x_wconf 89' lang='lat' dir='ltr'>Thes.</span> <span class='ocrx_word' id='word_1_1322' title='bbox 2123 1058 2208 1087; x_wconf 76' lang='lat' dir='ltr'>Graec.</span> 
     </span>
    </p>

    <p class='ocr_par' dir='ltr' id='par_1_60' title="bbox 1245 1091 2395 1168">
     <span class='ocr_line' id='line_1_132' title="bbox 1245 1091 2395 1129; baseline 0.007 -8"><span class='ocrx_word' id='word_1_1323' title='bbox 1245 1091 1267 1121; x_wconf 90' lang='lat' dir='ltr'>C</span> <span class='ocrx_word' id='word_1_1324' title='bbox 1278 1101 1295 1119; x_wconf 84' lang='lat' dir='ltr'>A</span> <span class='ocrx_word' id='word_1_1325' title='bbox 1306 1101 1324 1119; x_wconf 89' lang='lat' dir='ltr'>N</span> <span class='ocrx_word' id='word_1_1326' title='bbox 1334 1101 1351 1120; x_wconf 90' lang='lat' dir='ltr'>e</span> <span class='ocrx_word' id='word_1_1327' title='bbox 1360 1101 1379 1120; x_wconf 88' lang='lat' dir='ltr'>A</span> <span class='ocrx_word' id='word_1_1328' title='bbox 1389 1101 1409 1119; x_wconf 88' lang='lat' dir='ltr'>N</span> <span class='ocrx_word' id='word_1_1329' title='bbox 1419 1102 1435 1120; x_wconf 95' lang='lat'>0</span> <span class='ocrx_word' id='word_1_1330' title='bbox 1445 1102 1456 1121; x_wconf 90' lang='lat' dir='ltr'>s</span> <span class='ocrx_word' id='word_1_1331' title='bbox 1467 1114 1474 1126; x_wconf 83' lang='grc'><em>,</em></span> <span class='ocrx_word' id='word_1_1332' title='bbox 1497 1092 1670 1129; x_wconf 59' lang='grc' dir='ltr'>[κρίβιοωΘ-ι]</span> <span class='ocrx_word' id='word_1_1333' title='bbox 1693 1091 1785 1121; x_wconf 86' lang='lat' dir='ltr'>Herba</span> <span class='ocrx_word' id='word_1_1334' title='bbox 1804 1092 1842 1120; x_wconf 85' lang='lat' dir='ltr'>est</span> <span class='ocrx_word' id='word_1_1335' title='bbox 1860 1092 1966 1121; x_wconf 83' lang='lat' dir='ltr'>Galerio</span> <span class='ocrx_word' id='word_1_1336' title='bbox 1979 1114 1986 1126; x_wconf 89' lang='lat'>,</span> <span class='ocrx_word' id='word_1_1337' title='bbox 2009 1102 2068 1129; x_wconf 67' lang='lat' dir='ltr'>quse</span> <span class='ocrx_word' id='word_1_1338' title='bbox 2085 1094 2238 1125; x_wconf 86' lang='lat' dir='ltr'>Dioscoridi</span> <span class='ocrx_word' id='word_1_1339' title='bbox 2261 1097 2287 1126; x_wconf 86' lang='lat'>&amp;</span> <span class='ocrx_word' id='word_1_1340' title='bbox 2304 1097 2395 1129; x_wconf 83' lang='lat' dir='ltr'>Plinio</span> 
     </span>
     <span class='ocr_line' id='line_1_133' title="bbox 1283 1128 2166 1168; baseline 0.005 -11"><span class='ocrx_word' id='word_1_1341' title='bbox 1283 1128 1393 1158; x_wconf 85' lang='lat' dir='ltr'>Cacalia</span> <span class='ocrx_word' id='word_1_1342' title='bbox 1407 1129 1526 1162; x_wconf 85' lang='lat' dir='ltr'>dicitur.</span> <span class='ocrx_word' id='word_1_1343' title='bbox 1549 1131 1575 1159; x_wconf 70' lang='lat' dir='ltr'>Se</span> <span class='ocrx_word' id='word_1_1344' title='bbox 1594 1130 1734 1159; x_wconf 85' lang='lat' dir='ltr'>Leontice.</span> <span class='ocrx_word' id='word_1_1345' title='bbox 1777 1129 1806 1158; x_wconf 94' lang='lat' dir='ltr'>V.</span> <span class='ocrx_word' id='word_1_1346' title='bbox 1829 1128 1919 1158; x_wconf 82' lang='lat' dir='ltr'>Ruell.</span> <span class='ocrx_word' id='word_1_1347' title='bbox 1931 1129 1978 1158; x_wconf 87' lang='lat' dir='ltr'>lib.</span> <span class='ocrx_word' id='word_1_1348' title='bbox 1994 1139 2015 1164; x_wconf 87' lang='lat'>3.</span> <span class='ocrx_word' id='word_1_1349' title='bbox 2030 1140 2090 1168; x_wconf 88' lang='lat' dir='ltr'>cap.</span> <span class='ocrx_word' id='word_1_1350' title='bbox 2106 1138 2166 1165; x_wconf 83' lang='lat'>128.</span> 
     </span>
    </p>

    <p class='ocr_par' dir='ltr' id='par_1_61' title="bbox 1245 1165 2397 1318">
     <span class='ocr_line' id='line_1_134' title="bbox 1245 1165 2395 1209; baseline 0.003 -14"><span class='ocrx_word' id='word_1_1351' title='bbox 1245 1165 1267 1195; x_wconf 93' lang='lat' dir='ltr'>C</span> <span class='ocrx_word' id='word_1_1352' title='bbox 1276 1177 1295 1195; x_wconf 92' lang='lat' dir='ltr'>A</span> <span class='ocrx_word' id='word_1_1353' title='bbox 1305 1176 1324 1195; x_wconf 87' lang='lat' dir='ltr'>N</span> <span class='ocrx_word' id='word_1_1354' title='bbox 1333 1176 1378 1195; x_wconf 86' lang='lat' dir='ltr'>CA</span> <span class='ocrx_word' id='word_1_1355' title='bbox 1391 1177 1410 1195; x_wconf 74' lang='lat' dir='ltr'>M</span> <span class='ocrx_word' id='word_1_1356' title='bbox 1420 1177 1437 1195; x_wconf 83' lang='grc' dir='ltr'>υ</span> <span class='ocrx_word' id='word_1_1357' title='bbox 1447 1178 1468 1195; x_wconf 80' lang='lat' dir='ltr'>M</span> <span class='ocrx_word' id='word_1_1358' title='bbox 1485 1189 1493 1202; x_wconf 94' lang='lat'>,</span> <span class='ocrx_word' id='word_1_1359' title='bbox 1514 1168 1684 1203; x_wconf 65' lang='grc' dir='ltr'>[κοὲβιαμρν]</span> <span class='ocrx_word' id='word_1_1360' title='bbox 1706 1167 1814 1196; x_wconf 81' lang='lat' dir='ltr'>Arabici</span> <span class='ocrx_word' id='word_1_1361' title='bbox 1826 1167 1903 1209; x_wconf 26' lang='lat' dir='ltr'>ligni*</span> <span class='ocrx_word' id='word_1_1362' title='bbox 1914 1167 2034 1209; x_wconf 72' lang='lat' dir='ltr'>lacryma</span> <span class='ocrx_word' id='word_1_1363' title='bbox 2045 1169 2082 1196; x_wconf 86' lang='lat' dir='ltr'>cst</span> <span class='ocrx_word' id='word_1_1364' title='bbox 2097 1191 2103 1202; x_wconf 94' lang='lat'>,</span> <span class='ocrx_word' id='word_1_1365' title='bbox 2125 1170 2239 1207; x_wconf 72' lang='lat' dir='ltr'>myrrhae</span> <span class='ocrx_word' id='word_1_1366' title='bbox 2260 1173 2395 1208; x_wconf 82' lang='lat' dir='ltr'>quodam.</span> 
     </span>
     <span class='ocr_line' id='line_1_135' title="bbox 1283 1204 2397 1248; baseline 0.007 -16"><span class='ocrx_word' id='word_1_1367' title='bbox 1283 1205 1370 1233; x_wconf 90' lang='lat' dir='ltr'>modo</span> <span class='ocrx_word' id='word_1_1368' title='bbox 1386 1204 1479 1234; x_wconf 91' lang='lat' dir='ltr'>similis</span> <span class='ocrx_word' id='word_1_1369' title='bbox 1492 1227 1498 1239; x_wconf 96' lang='lat'>,</span> <span class='ocrx_word' id='word_1_1370' title='bbox 1521 1205 1597 1234; x_wconf 89' lang='lat' dir='ltr'>virosi</span> <span class='ocrx_word' id='word_1_1371' title='bbox 1608 1206 1714 1242; x_wconf 83' lang='lat' dir='ltr'>gustus,</span> <span class='ocrx_word' id='word_1_1372' title='bbox 1754 1214 1819 1234; x_wconf 89' lang='lat' dir='ltr'>uam</span> <span class='ocrx_word' id='word_1_1373' title='bbox 1835 1205 1870 1233; x_wconf 90' lang='lat' dir='ltr'>ad</span> <span class='ocrx_word' id='word_1_1374' title='bbox 1887 1204 2042 1246; x_wconf 70' lang='lat' dir='ltr'>lustinienta</span> <span class='ocrx_word' id='word_1_1375' title='bbox 2063 1206 2200 1244; x_wconf 90' lang='lat' dir='ltr'>usurpant.</span> <span class='ocrx_word' id='word_1_1376' title='bbox 2242 1209 2330 1240; x_wconf 88' lang='lat' dir='ltr'>Vestes</span> <span class='ocrx_word' id='word_1_1377' title='bbox 2344 1221 2397 1248; x_wconf 86' lang='lat' dir='ltr'>eo,</span> 
     </span>
     <span class='ocr_line' id='line_1_136' title="bbox 1285 1242 2397 1283; baseline 0.006 -13"><span class='ocrx_word' id='word_1_1378' title='bbox 1285 1242 1388 1271; x_wconf 87' lang='lat' dir='ltr'>additis</span> <span class='ocrx_word' id='word_1_1379' title='bbox 1405 1242 1508 1279; x_wconf 87' lang='lat' dir='ltr'>styrace</span> <span class='ocrx_word' id='word_1_1380' title='bbox 1518 1244 1544 1272; x_wconf 68' lang='grc' dir='ltr'>ἃ</span> <span class='ocrx_word' id='word_1_1381' title='bbox 1558 1243 1666 1280; x_wconf 86' lang='lat' dir='ltr'>myrrha</span> <span class='ocrx_word' id='word_1_1382' title='bbox 1678 1265 1685 1277; x_wconf 97' lang='lat'>,</span> <span class='ocrx_word' id='word_1_1383' title='bbox 1707 1243 1734 1271; x_wconf 90' lang='lat' dir='ltr'>su</span> <span class='ocrx_word' id='word_1_1384' title='bbox 1768 1249 1857 1271; x_wconf 89' lang='lat' dir='ltr'>untur.</span> <span class='ocrx_word' id='word_1_1385' title='bbox 1898 1242 2026 1271; x_wconf 76' lang='lat' dir='ltr'>Othcinae</span> <span class='ocrx_word' id='word_1_1386' title='bbox 2039 1246 2116 1270; x_wconf 62' lang='lat' dir='ltr'>Lacca</span> <span class='ocrx_word' id='word_1_1387' title='bbox 2129 1245 2280 1283; x_wconf 82' lang='lat' dir='ltr'>appellant.</span> <span class='ocrx_word' id='word_1_1388' title='bbox 2322 1249 2397 1280; x_wconf 84' lang='lat' dir='ltr'>Vires</span> 
     </span>
     <span class='ocr_line' id='line_1_137' title="bbox 1282 1279 2126 1318; baseline 0.002 -10"><span class='ocrx_word' id='word_1_1389' title='bbox 1282 1280 1343 1315; x_wconf 86' lang='lat' dir='ltr'>eius</span> <span class='ocrx_word' id='word_1_1390' title='bbox 1355 1281 1380 1309; x_wconf 73' lang='grc' dir='ltr'>δι</span> <span class='ocrx_word' id='word_1_1391' title='bbox 1390 1286 1514 1309; x_wconf 80' lang='lat' dir='ltr'>naturam</span> <span class='ocrx_word' id='word_1_1392' title='bbox 1524 1281 1588 1310; x_wconf 91' lang='lat' dir='ltr'>vide</span> <span class='ocrx_word' id='word_1_1393' title='bbox 1600 1280 1680 1310; x_wconf 87' lang='lat' dir='ltr'>latius</span> <span class='ocrx_word' id='word_1_1394' title='bbox 1692 1281 1768 1318; x_wconf 86' lang='lat' dir='ltr'>apud</span> <span class='ocrx_word' id='word_1_1395' title='bbox 1781 1279 1902 1309; x_wconf 80' lang='lat' dir='ltr'>Dioscor.</span> <span class='ocrx_word' id='word_1_1396' title='bbox 1912 1279 1960 1308; x_wconf 90' lang='lat' dir='ltr'>lib.</span> <span class='ocrx_word' id='word_1_1397' title='bbox 1973 1289 1995 1308; x_wconf 87' lang='grc' dir='ltr'>ι.</span> <span class='ocrx_word' id='word_1_1398' title='bbox 2009 1289 2070 1317; x_wconf 88' lang='lat' dir='ltr'>cap.</span> <span class='ocrx_word' id='word_1_1399' title='bbox 2083 1290 2126 1318; x_wconf 82' lang='lat'>23.</span> 
     </span>
    </p>

    <p class='ocr_par' dir='ltr' id='par_1_62' title="bbox 1245 1316 2430 2298">
     <span class='ocr_line' id='line_1_138' title="bbox 1245 1316 2396 1361; baseline 0.005 -14"><span class='ocrx_word' id='word_1_1400' title='bbox 1245 1316 1295 1347; x_wconf 87' lang='lat' dir='ltr'>CA</span> <span class='ocrx_word' id='word_1_1401' title='bbox 1306 1327 1325 1346; x_wconf 87' lang='lat' dir='ltr'>N</span> <span class='ocrx_word' id='word_1_1402' title='bbox 1335 1326 1352 1346; x_wconf 88' lang='lat' dir='ltr'>c</span> <span class='ocrx_word' id='word_1_1403' title='bbox 1362 1327 1375 1346; x_wconf 69' lang='grc' dir='ltr'>ιζ</span> <span class='ocrx_word' id='word_1_1404' title='bbox 1384 1328 1400 1345; x_wconf 88' lang='lat' dir='ltr'>L</span> <span class='ocrx_word' id='word_1_1405' title='bbox 1410 1328 1426 1346; x_wconf 82' lang='lat' dir='ltr'>L</span> <span class='ocrx_word' id='word_1_1406' title='bbox 1435 1327 1454 1346; x_wconf 87' lang='lat' dir='ltr'>A</span> <span class='ocrx_word' id='word_1_1407' title='bbox 1465 1328 1480 1346; x_wconf 84' lang='lat' dir='ltr'>R</span> <span class='ocrx_word' id='word_1_1408' title='bbox 1491 1329 1499 1346; x_wconf 93' lang='grc' dir='ltr'>ι</span> <span class='ocrx_word' id='word_1_1409' title='bbox 1509 1328 1525 1347; x_wconf 86' lang='grc' dir='ltr'>υ</span> <span class='ocrx_word' id='word_1_1410' title='bbox 1535 1328 1547 1347; x_wconf 92' lang='lat' dir='ltr'>s</span> <span class='ocrx_word' id='word_1_1411' title='bbox 1557 1340 1565 1353; x_wconf 94' lang='lat'>,</span> <span class='ocrx_word' id='word_1_1412' title='bbox 1587 1320 1605 1347; x_wconf 91' lang='lat' dir='ltr'>i.</span> <span class='ocrx_word' id='word_1_1413' title='bbox 1620 1328 1656 1347; x_wconf 89' lang='lat' dir='ltr'>m.</span> <span class='ocrx_word' id='word_1_1414' title='bbox 1676 1317 1883 1354; x_wconf 65' lang='grc' dir='ltr'>[καμματπὺς]</span> <span class='ocrx_word' id='word_1_1415' title='bbox 1904 1316 1980 1346; x_wconf 81' lang='lat' dir='ltr'>[dem</span> <span class='ocrx_word' id='word_1_1416' title='bbox 1991 1339 1999 1352; x_wconf 83' lang='lat'>‚</span> <span class='ocrx_word' id='word_1_1417' title='bbox 2021 1325 2052 1346; x_wconf 92' lang='lat' dir='ltr'>ut</span> <span class='ocrx_word' id='word_1_1418' title='bbox 2071 1318 2200 1349; x_wconf 61' lang='lat' dir='ltr'>doetores</span> <span class='ocrx_word' id='word_1_1419' title='bbox 2221 1322 2396 1361; x_wconf 79' lang='lat' dir='ltr'>existimant,</span> 
     </span>
     <span class='ocr_line' id='line_1_139' title="bbox 1282 1353 2430 1392; baseline 0.007 -9"><span class='ocrx_word' id='word_1_1420' title='bbox 1282 1355 1329 1392; x_wconf 90' lang='lat' dir='ltr'>qui</span> <span class='ocrx_word' id='word_1_1421' title='bbox 1340 1355 1498 1385; x_wconf 71' lang='lat' dir='ltr'>Attuarios:</span> <span class='ocrx_word' id='word_1_1422' title='bbox 1520 1356 1588 1385; x_wconf 87' lang='lat' dir='ltr'>inde</span> <span class='ocrx_word' id='word_1_1423' title='bbox 1599 1356 1684 1386; x_wconf 67' lang='lat' dir='ltr'>dusto</span> <span class='ocrx_word' id='word_1_1424' title='bbox 1696 1355 1827 1390; x_wconf 89' lang='lat' dir='ltr'>nomine,</span> <span class='ocrx_word' id='word_1_1425' title='bbox 1848 1355 1923 1392; x_wconf 90' lang='lat' dir='ltr'>quod</span> <span class='ocrx_word' id='word_1_1426' title='bbox 1936 1355 1995 1389; x_wconf 86' lang='lat' dir='ltr'>ejus</span> <span class='ocrx_word' id='word_1_1427' title='bbox 2005 1353 2127 1385; x_wconf 82' lang='lat' dir='ltr'>officium</span> <span class='ocrx_word' id='word_1_1428' title='bbox 2138 1379 2145 1391; x_wconf 96' lang='lat'>,</span> <span class='ocrx_word' id='word_1_1429' title='bbox 2167 1358 2195 1386; x_wconf 86' lang='lat' dir='ltr'>id</span> <span class='ocrx_word' id='word_1_1430' title='bbox 2208 1359 2245 1387; x_wconf 87' lang='lat' dir='ltr'>est</span> <span class='ocrx_word' id='word_1_1431' title='bbox 2254 1360 2353 1390; x_wconf 84' lang='lat' dir='ltr'>cellula</span> <span class='ocrx_word' id='word_1_1432' title='bbox 2364 1363 2395 1392; x_wconf 88' lang='lat' dir='ltr'>in</span> <span class='ocrx_word' id='word_1_1433' title='bbox 2425 1371 2430 1376; x_wconf 84' lang='lat'>·</span> 
     </span>
     <span class='ocr_line' id='line_1_140' title="bbox 1282 1391 2397 1431; baseline 0.006 -10"><span class='ocrx_word' id='word_1_1434' title='bbox 1282 1403 1334 1429; x_wconf 90' lang='lat' dir='ltr'>qua</span> <span class='ocrx_word' id='word_1_1435' title='bbox 1344 1392 1462 1422; x_wconf 89' lang='lat' dir='ltr'>scribere</span> <span class='ocrx_word' id='word_1_1436' title='bbox 1475 1391 1618 1423; x_wconf 83' lang='lat' dir='ltr'>consuevit</span> <span class='ocrx_word' id='word_1_1437' title='bbox 1631 1416 1639 1428; x_wconf 89' lang='lat'>,</span> <span class='ocrx_word' id='word_1_1438' title='bbox 1661 1393 1792 1423; x_wconf 84' lang='lat' dir='ltr'>cancellis</span> <span class='ocrx_word' id='word_1_1439' title='bbox 1810 1393 1918 1421; x_wconf 89' lang='lat' dir='ltr'>munita</span> <span class='ocrx_word' id='word_1_1440' title='bbox 1933 1392 1971 1421; x_wconf 86' lang='lat' dir='ltr'>sit.</span> <span class='ocrx_word' id='word_1_1441' title='bbox 2013 1393 2085 1422; x_wconf 87' lang='lat' dir='ltr'>Nam</span> <span class='ocrx_word' id='word_1_1442' title='bbox 2100 1404 2185 1430; x_wconf 88' lang='lat' dir='ltr'>quum</span> <span class='ocrx_word' id='word_1_1443' title='bbox 2200 1397 2260 1431; x_wconf 87' lang='lat' dir='ltr'>ejus</span> <span class='ocrx_word' id='word_1_1444' title='bbox 2273 1398 2397 1430; x_wconf 82' lang='lat' dir='ltr'>officium</span> 
     </span>
     <span class='ocr_line' id='line_1_141' title="bbox 1280 1428 2395 1472; baseline 0.006 -14"><span class='ocrx_word' id='word_1_1445' title='bbox 1280 1428 1382 1459; x_wconf 73' lang='lat' dir='ltr'>libellis</span> <span class='ocrx_word' id='word_1_1446' title='bbox 1396 1430 1449 1460; x_wconf 83' lang='lat' dir='ltr'>sive</span> <span class='ocrx_word' id='word_1_1447' title='bbox 1460 1431 1591 1460; x_wconf 85' lang='lat' dir='ltr'>chartulis</span> <span class='ocrx_word' id='word_1_1448' title='bbox 1609 1431 1640 1460; x_wconf 85' lang='lat' dir='ltr'>sit</span> <span class='ocrx_word' id='word_1_1449' title='bbox 1660 1432 1791 1460; x_wconf 88' lang='lat' dir='ltr'>refertum</span> <span class='ocrx_word' id='word_1_1450' title='bbox 1805 1453 1812 1464; x_wconf 97' lang='lat'>,</span> <span class='ocrx_word' id='word_1_1451' title='bbox 1834 1431 1860 1459; x_wconf 69' lang='grc' dir='ltr'><strong>ἃ</strong></span> <span class='ocrx_word' id='word_1_1452' title='bbox 1881 1430 2038 1467; x_wconf 87' lang='lat' dir='ltr'>frequentes</span> <span class='ocrx_word' id='word_1_1453' title='bbox 2053 1431 2154 1461; x_wconf 85' lang='lat' dir='ltr'>habeat</span> <span class='ocrx_word' id='word_1_1454' title='bbox 2174 1434 2395 1472; x_wconf 88' lang='lat' dir='ltr'>interventores,</span> 
     </span>
     <span class='ocr_line' id='line_1_142' title="bbox 1280 1468 2396 1506; baseline 0.006 -10"><span class='ocrx_word' id='word_1_1455' title='bbox 1280 1478 1372 1505; x_wconf 90' lang='lat' dir='ltr'>neque</span> <span class='ocrx_word' id='word_1_1456' title='bbox 1383 1469 1416 1497; x_wconf 89' lang='lat' dir='ltr'>ab</span> <span class='ocrx_word' id='word_1_1457' title='bbox 1428 1468 1539 1498; x_wconf 85' lang='lat' dir='ltr'>illorum</span> <span class='ocrx_word' id='word_1_1458' title='bbox 1551 1469 1694 1506; x_wconf 88' lang='lat' dir='ltr'>colloquio</span> <span class='ocrx_word' id='word_1_1459' title='bbox 1708 1468 1869 1506; x_wconf 87' lang='lat' dir='ltr'>prohibetur</span> <span class='ocrx_word' id='word_1_1460' title='bbox 1885 1489 1894 1503; x_wconf 93' lang='lat'>,</span> <span class='ocrx_word' id='word_1_1461' title='bbox 1915 1470 1941 1497; x_wconf 72' lang='grc' dir='ltr'>ὁὶ</span> <span class='ocrx_word' id='word_1_1462' title='bbox 1962 1468 1996 1497; x_wconf 84' lang='lat' dir='ltr'>ab</span> <span class='ocrx_word' id='word_1_1463' title='bbox 2009 1469 2223 1500; x_wconf 85' lang='lat' dir='ltr'>amittendarum</span> <span class='ocrx_word' id='word_1_1464' title='bbox 2240 1473 2396 1506; x_wconf 80' lang='lat' dir='ltr'>chartarum</span> 
     </span>
     <span class='ocr_line' id='line_1_143' title="bbox 1281 1506 2396 1545; baseline 0.004 -11"><span class='ocrx_word' id='word_1_1465' title='bbox 1281 1506 1406 1543; x_wconf 77' lang='lat' dir='ltr'>periculo</span> <span class='ocrx_word' id='word_1_1466' title='bbox 1417 1506 1500 1536; x_wconf 84' lang='lat' dir='ltr'>abest.</span> <span class='ocrx_word' id='word_1_1467' title='bbox 1542 1507 1631 1543; x_wconf 88' lang='lat' dir='ltr'>Hujus</span> <span class='ocrx_word' id='word_1_1468' title='bbox 1641 1508 1678 1535; x_wconf 89' lang='lat' dir='ltr'>rei</span> <span class='ocrx_word' id='word_1_1469' title='bbox 1691 1506 1879 1541; x_wconf 68' lang='lat' dir='ltr'>conjec‘turam</span> <span class='ocrx_word' id='word_1_1470' title='bbox 1895 1507 2011 1541; x_wconf 84' lang='lat' dir='ltr'>adjuvat</span> <span class='ocrx_word' id='word_1_1471' title='bbox 2022 1506 2162 1543; x_wconf 82' lang='lat' dir='ltr'>inscriptio</span> <span class='ocrx_word' id='word_1_1472' title='bbox 2182 1510 2308 1545; x_wconf 81' lang='lat' dir='ltr'>quaedam</span> <span class='ocrx_word' id='word_1_1473' title='bbox 2327 1521 2396 1541; x_wconf 83' lang='lat' dir='ltr'>mar.</span> 
     </span>
     <span class='ocr_line' id='line_1_144' title="bbox 1279 1543 2397 1581; baseline 0.004 -9"><span class='ocrx_word' id='word_1_1474' title='bbox 1279 1553 1373 1573; x_wconf 89' lang='lat' dir='ltr'>morea</span> <span class='ocrx_word' id='word_1_1475' title='bbox 1384 1544 1545 1581; x_wconf 88' lang='lat' dir='ltr'>pervetusta,</span> <span class='ocrx_word' id='word_1_1476' title='bbox 1566 1554 1647 1581; x_wconf 88' lang='lat' dir='ltr'>quarn</span> <span class='ocrx_word' id='word_1_1477' title='bbox 1662 1544 1755 1573; x_wconf 70' lang='lat' dir='ltr'>Ronize</span> <span class='ocrx_word' id='word_1_1478' title='bbox 1766 1550 1902 1581; x_wconf 78' lang='lat' dir='ltr'>repertam</span> <span class='ocrx_word' id='word_1_1479' title='bbox 1911 1543 1965 1572; x_wconf 78' lang='lat' dir='ltr'>else</span> <span class='ocrx_word' id='word_1_1480' title='bbox 1974 1544 2058 1572; x_wconf 87' lang='lat' dir='ltr'>aiunt.</span> <span class='ocrx_word' id='word_1_1481' title='bbox 2100 1545 2140 1575; x_wconf 75' lang='lat' dir='ltr'>Ex</span> <span class='ocrx_word' id='word_1_1482' title='bbox 2149 1548 2311 1577; x_wconf 67' lang='lat' dir='ltr'>auctoritate</span> <span class='ocrx_word' id='word_1_1483' title='bbox 2325 1549 2397 1579; x_wconf 81' lang='lat' dir='ltr'>Tur.</span> 
     </span>
     <span class='ocr_line' id='line_1_145' title="bbox 1280 1581 2396 1620; baseline 0.006 -10"><span class='ocrx_word' id='word_1_1484' title='bbox 1280 1582 1305 1610; x_wconf 92' lang='lat' dir='ltr'>ci</span> <span class='ocrx_word' id='word_1_1485' title='bbox 1319 1582 1467 1618; x_wconf 88' lang='lat' dir='ltr'>Aproniani</span> <span class='ocrx_word' id='word_1_1486' title='bbox 1479 1592 1504 1611; x_wconf 94' lang='lat' dir='ltr'>v.</span> <span class='ocrx_word' id='word_1_1487' title='bbox 1515 1592 1540 1611; x_wconf 87' lang='lat' dir='ltr'>c.</span> <span class='ocrx_word' id='word_1_1488' title='bbox 1554 1582 1675 1620; x_wconf 71' lang='lat' dir='ltr'>prae‘feeti</span> <span class='ocrx_word' id='word_1_1489' title='bbox 1687 1581 1771 1610; x_wconf 82' lang='lat' dir='ltr'>urbis.</span> <span class='ocrx_word' id='word_1_1490' title='bbox 1813 1581 1894 1610; x_wconf 86' lang='lat' dir='ltr'>Ratio</span> <span class='ocrx_word' id='word_1_1491' title='bbox 1907 1582 2005 1610; x_wconf 86' lang='lat' dir='ltr'>docuit</span> <span class='ocrx_word' id='word_1_1492' title='bbox 2017 1581 2134 1611; x_wconf 88' lang='lat' dir='ltr'>utilitate</span> <span class='ocrx_word' id='word_1_1493' title='bbox 2145 1582 2276 1614; x_wconf 84' lang='lat' dir='ltr'>suadente</span> <span class='ocrx_word' id='word_1_1494' title='bbox 2289 1587 2396 1617; x_wconf 89' lang='lat' dir='ltr'>ratione</span> 
     </span>
     <span class='ocr_line' id='line_1_146' title="bbox 1280 1619 2396 1659; baseline 0.006 -12"><span class='ocrx_word' id='word_1_1495' title='bbox 1280 1619 1434 1648; x_wconf 87' lang='lat' dir='ltr'>dimicandi</span> <span class='ocrx_word' id='word_1_1496' title='bbox 1454 1619 1605 1655; x_wconf 90' lang='lat' dir='ltr'>summota,</span> <span class='ocrx_word' id='word_1_1497' title='bbox 1626 1619 1674 1648; x_wconf 92' lang='lat' dir='ltr'>sub</span> <span class='ocrx_word' id='word_1_1498' title='bbox 1696 1619 1794 1655; x_wconf 81' lang='lat' dir='ltr'>exagio</span> <span class='ocrx_word' id='word_1_1499' title='bbox 1803 1619 1896 1656; x_wconf 84' lang='lat' dir='ltr'>potius</span> <span class='ocrx_word' id='word_1_1500' title='bbox 1912 1628 2014 1656; x_wconf 85' lang='lat' dir='ltr'>pecora</span> <span class='ocrx_word' id='word_1_1501' title='bbox 2034 1621 2155 1649; x_wconf 81' lang='lat' dir='ltr'>vendere</span> <span class='ocrx_word' id='word_1_1502' title='bbox 2165 1643 2172 1655; x_wconf 97' lang='lat'>,</span> <span class='ocrx_word' id='word_1_1503' title='bbox 2203 1632 2284 1659; x_wconf 82' lang='lat' dir='ltr'>quam</span> <span class='ocrx_word' id='word_1_1504' title='bbox 2300 1625 2396 1659; x_wconf 76' lang='lat' dir='ltr'>digitis</span> 
     </span>
     <span class='ocr_line' id='line_1_147' title="bbox 1278 1656 2396 1696; baseline 0.002 -10"><span class='ocrx_word' id='word_1_1505' title='bbox 1278 1656 1499 1686; x_wconf 89' lang='lat' dir='ltr'>conludentibus</span> <span class='ocrx_word' id='word_1_1506' title='bbox 1509 1658 1616 1686; x_wconf 83' lang='lat' dir='ltr'>tradere</span> <span class='ocrx_word' id='word_1_1507' title='bbox 1627 1679 1635 1691; x_wconf 86' lang='lat'>,</span> <span class='ocrx_word' id='word_1_1508' title='bbox 1656 1665 1687 1686; x_wconf 91' lang='lat' dir='ltr'>ut</span> <span class='ocrx_word' id='word_1_1509' title='bbox 1708 1657 1831 1694; x_wconf 84' lang='lat' dir='ltr'>appenso</span> <span class='ocrx_word' id='word_1_1510' title='bbox 1850 1664 1951 1694; x_wconf 85' lang='lat' dir='ltr'>pecore</span> <span class='ocrx_word' id='word_1_1511' title='bbox 1962 1678 1970 1692; x_wconf 96' lang='lat'>,</span> <span class='ocrx_word' id='word_1_1512' title='bbox 2002 1658 2111 1694; x_wconf 84' lang='lat' dir='ltr'>capite,</span> <span class='ocrx_word' id='word_1_1513' title='bbox 2131 1659 2250 1696; x_wconf 82' lang='lat' dir='ltr'>pedibus</span> <span class='ocrx_word' id='word_1_1514' title='bbox 2263 1682 2271 1694; x_wconf 97' lang='lat'>,</span> <span class='ocrx_word' id='word_1_1515' title='bbox 2293 1664 2319 1690; x_wconf 64' lang='lat' dir='ltr'>oi:</span> <span class='ocrx_word' id='word_1_1516' title='bbox 2333 1662 2396 1692; x_wconf 79' lang='lat' dir='ltr'>sevo</span> 
     </span>
     <span class='ocr_line' id='line_1_148' title="bbox 1278 1692 2396 1734; baseline 0.004 -12"><span class='ocrx_word' id='word_1_1517' title='bbox 1278 1694 1398 1724; x_wconf 60' lang='lat' dir='ltr'>laetante</span> <span class='ocrx_word' id='word_1_1518' title='bbox 1408 1717 1416 1729; x_wconf 93' lang='lat'>,</span> <span class='ocrx_word' id='word_1_1519' title='bbox 1437 1696 1464 1724; x_wconf 84' lang='lat'>&amp;</span> <span class='ocrx_word' id='word_1_1520' title='bbox 1476 1694 1613 1732; x_wconf 84' lang='lat' dir='ltr'>subgulari</span> <span class='ocrx_word' id='word_1_1521' title='bbox 1621 1692 1696 1724; x_wconf 85' lang='lat' dir='ltr'>lanio</span> <span class='ocrx_word' id='word_1_1522' title='bbox 1707 1695 1873 1723; x_wconf 86' lang='lat' dir='ltr'>cedentibus</span> <span class='ocrx_word' id='word_1_1523' title='bbox 1882 1716 1890 1728; x_wconf 97' lang='lat'>,</span> <span class='ocrx_word' id='word_1_1524' title='bbox 1911 1694 2016 1731; x_wconf 82' lang='lat' dir='ltr'>reliqua</span> <span class='ocrx_word' id='word_1_1525' title='bbox 2032 1704 2095 1724; x_wconf 81' lang='lat' dir='ltr'>caro</span> <span class='ocrx_word' id='word_1_1526' title='bbox 2104 1705 2166 1725; x_wconf 90' lang='lat' dir='ltr'>cum</span> <span class='ocrx_word' id='word_1_1527' title='bbox 2177 1697 2251 1734; x_wconf 88' lang='lat' dir='ltr'>pelle</span> <span class='ocrx_word' id='word_1_1528' title='bbox 2261 1700 2286 1727; x_wconf 70' lang='lat' dir='ltr'>Sc</span> <span class='ocrx_word' id='word_1_1529' title='bbox 2298 1700 2396 1729; x_wconf 88' lang='lat' dir='ltr'>intera.</span> 
     </span>
     <span class='ocr_line' id='line_1_149' title="bbox 1278 1731 2396 1773; baseline 0.006 -13"><span class='ocrx_word' id='word_1_1530' title='bbox 1278 1732 1340 1761; x_wconf 91' lang='lat' dir='ltr'>neis</span> <span class='ocrx_word' id='word_1_1531' title='bbox 1351 1732 1475 1770; x_wconf 77' lang='lat' dir='ltr'>proficiat</span> <span class='ocrx_word' id='word_1_1532' title='bbox 1484 1733 1623 1762; x_wconf 87' lang='lat' dir='ltr'>venditori</span> <span class='ocrx_word' id='word_1_1533' title='bbox 1637 1732 1685 1761; x_wconf 91' lang='lat' dir='ltr'>sub</span> <span class='ocrx_word' id='word_1_1534' title='bbox 1697 1731 1847 1769; x_wconf 66' lang='lat' dir='ltr'>conspeetu</span> <span class='ocrx_word' id='word_1_1535' title='bbox 1860 1731 1973 1768; x_wconf 88' lang='lat' dir='ltr'>publico</span> <span class='ocrx_word' id='word_1_1536' title='bbox 1985 1731 2039 1760; x_wconf 79' lang='lat' dir='ltr'>fide</span> <span class='ocrx_word' id='word_1_1537' title='bbox 2051 1734 2182 1770; x_wconf 89' lang='lat' dir='ltr'>ponderis</span> <span class='ocrx_word' id='word_1_1538' title='bbox 2199 1737 2396 1773; x_wconf 84' lang='lat' dir='ltr'>comprobata,</span> 
     </span>
     <span class='ocr_line' id='line_1_150' title="bbox 1278 1770 2394 1808; baseline 0.005 -9"><span class='ocrx_word' id='word_1_1539' title='bbox 1278 1775 1310 1799; x_wconf 89' lang='lat' dir='ltr'>ut</span> <span class='ocrx_word' id='word_1_1540' title='bbox 1324 1776 1458 1807; x_wconf 75' lang='lat' dir='ltr'>quantum</span> <span class='ocrx_word' id='word_1_1541' title='bbox 1470 1780 1534 1800; x_wconf 90' lang='lat' dir='ltr'>caro</span> <span class='ocrx_word' id='word_1_1542' title='bbox 1549 1770 1629 1800; x_wconf 87' lang='lat' dir='ltr'>occisi</span> <span class='ocrx_word' id='word_1_1543' title='bbox 1640 1770 1748 1808; x_wconf 86' lang='lat' dir='ltr'>pecoris</span> <span class='ocrx_word' id='word_1_1544' title='bbox 1760 1770 1903 1807; x_wconf 86' lang='lat' dir='ltr'>appendat</span> <span class='ocrx_word' id='word_1_1545' title='bbox 1920 1771 1946 1798; x_wconf 74' lang='lat' dir='ltr'>St</span> <span class='ocrx_word' id='word_1_1546' title='bbox 1960 1776 2069 1806; x_wconf 84' lang='lat' dir='ltr'>emptor</span> <span class='ocrx_word' id='word_1_1547' title='bbox 2085 1772 2177 1807; x_wconf 84' lang='lat' dir='ltr'>norit,</span> <span class='ocrx_word' id='word_1_1548' title='bbox 2204 1774 2229 1801; x_wconf 69' lang='grc' dir='ltr'>ἃ</span> <span class='ocrx_word' id='word_1_1549' title='bbox 2248 1775 2394 1805; x_wconf 86' lang='lat' dir='ltr'>venditor:</span> 
     </span>
     <span class='ocr_line' id='line_1_151' title="bbox 1276 1807 2397 1847; baseline 0.004 -11"><span class='ocrx_word' id='word_1_1550' title='bbox 1276 1808 1435 1837; x_wconf 81' lang='lat' dir='ltr'>commodis</span> <span class='ocrx_word' id='word_1_1551' title='bbox 1449 1808 1579 1838; x_wconf 91' lang='lat' dir='ltr'>omnibus</span> <span class='ocrx_word' id='word_1_1552' title='bbox 1594 1809 1619 1837; x_wconf 74' lang='lat' dir='ltr'>Sc</span> <span class='ocrx_word' id='word_1_1553' title='bbox 1630 1808 1722 1846; x_wconf 82' lang='lat' dir='ltr'>praeda</span> <span class='ocrx_word' id='word_1_1554' title='bbox 1733 1807 1862 1836; x_wconf 80' lang='lat' dir='ltr'>damnata</span> <span class='ocrx_word' id='word_1_1555' title='bbox 1872 1829 1880 1841; x_wconf 97' lang='lat'>,</span> <span class='ocrx_word' id='word_1_1556' title='bbox 1902 1816 1985 1843; x_wconf 83' lang='lat' dir='ltr'>quam</span> <span class='ocrx_word' id='word_1_1557' title='bbox 1994 1807 2146 1843; x_wconf 86' lang='lat' dir='ltr'>Tribunus,</span> <span class='ocrx_word' id='word_1_1558' title='bbox 2169 1809 2291 1840; x_wconf 87' lang='lat' dir='ltr'>officium</span> <span class='ocrx_word' id='word_1_1559' title='bbox 2301 1834 2309 1847; x_wconf 93' lang='lat'>,</span> <span class='ocrx_word' id='word_1_1560' title='bbox 2332 1823 2397 1842; x_wconf 88' lang='lat' dir='ltr'>cari.</span> 
     </span>
     <span class='ocr_line' id='line_1_152' title="bbox 1278 1845 2397 1883; baseline 0.006 -10"><span class='ocrx_word' id='word_1_1561' title='bbox 1278 1845 1406 1875; x_wconf 87' lang='lat' dir='ltr'>cellarius</span> <span class='ocrx_word' id='word_1_1562' title='bbox 1419 1847 1444 1875; x_wconf 70' lang='lat' dir='ltr'>Sc</span> <span class='ocrx_word' id='word_1_1563' title='bbox 1456 1845 1543 1875; x_wconf 78' lang='lat' dir='ltr'>scriba</span> <span class='ocrx_word' id='word_1_1564' title='bbox 1553 1846 1588 1875; x_wconf 88' lang='lat' dir='ltr'>de</span> <span class='ocrx_word' id='word_1_1565' title='bbox 1596 1846 1733 1883; x_wconf 87' lang='lat' dir='ltr'>pecuariis</span> <span class='ocrx_word' id='word_1_1566' title='bbox 1744 1853 1843 1882; x_wconf 86' lang='lat' dir='ltr'>capere</span> <span class='ocrx_word' id='word_1_1567' title='bbox 1852 1845 2065 1880; x_wconf 87' lang='lat' dir='ltr'>consueverunt,</span> <span class='ocrx_word' id='word_1_1568' title='bbox 2088 1856 2147 1883; x_wconf 82' lang='lat' dir='ltr'>quae</span> <span class='ocrx_word' id='word_1_1569' title='bbox 2156 1847 2244 1877; x_wconf 81' lang='lat' dir='ltr'>forma</span> <span class='ocrx_word' id='word_1_1570' title='bbox 2254 1849 2397 1880; x_wconf 70' lang='lat' dir='ltr'>interdicti</span> 
     </span>
     <span class='ocr_line' id='line_1_153' title="bbox 1278 1882 2397 1921; baseline 0.003 -10"><span class='ocrx_word' id='word_1_1571' title='bbox 1278 1884 1306 1912; x_wconf 73' lang='grc' dir='ltr'>ἃ</span> <span class='ocrx_word' id='word_1_1572' title='bbox 1315 1882 1497 1921; x_wconf 81' lang='lat' dir='ltr'>dispositionis</span> <span class='ocrx_word' id='word_1_1573' title='bbox 1506 1883 1554 1913; x_wconf 91' lang='lat' dir='ltr'>sub</span> <span class='ocrx_word' id='word_1_1574' title='bbox 1566 1883 1650 1921; x_wconf 87' lang='lat' dir='ltr'>gladii</span> <span class='ocrx_word' id='word_1_1575' title='bbox 1662 1883 1787 1921; x_wconf 89' lang='lat' dir='ltr'>periculo</span> <span class='ocrx_word' id='word_1_1576' title='bbox 1806 1888 1942 1920; x_wconf 76' lang='lat' dir='ltr'>perpetuo</span> <span class='ocrx_word' id='word_1_1577' title='bbox 1957 1883 2138 1913; x_wconf 82' lang='lat' dir='ltr'>custodienda</span> <span class='ocrx_word' id='word_1_1578' title='bbox 2149 1886 2304 1916; x_wconf 84' lang='lat' dir='ltr'>mandatur.</span> <span class='ocrx_word' id='word_1_1579' title='bbox 2344 1887 2397 1918; x_wconf 78' lang='lat' dir='ltr'>Ex-</span> 
     </span>
     <span class='ocr_line' id='line_1_154' title="bbox 1278 1920 2396 1959; baseline 0.005 -10"><span class='ocrx_word' id='word_1_1580' title='bbox 1278 1922 1353 1950; x_wconf 84' lang='lat' dir='ltr'>tat&amp;</span> <span class='ocrx_word' id='word_1_1581' title='bbox 1365 1921 1439 1958; x_wconf 89' lang='lat' dir='ltr'>apud</span> <span class='ocrx_word' id='word_1_1582' title='bbox 1451 1921 1522 1950; x_wconf 86' lang='lat' dir='ltr'>Flav.</span> <span class='ocrx_word' id='word_1_1583' title='bbox 1535 1921 1698 1959; x_wconf 82' lang='lat' dir='ltr'>Vopiscum,</span> <span class='ocrx_word' id='word_1_1584' title='bbox 1720 1921 1749 1949; x_wconf 90' lang='lat' dir='ltr'>in</span> <span class='ocrx_word' id='word_1_1585' title='bbox 1757 1920 1850 1950; x_wconf 87' lang='lat' dir='ltr'>Carini</span> <span class='ocrx_word' id='word_1_1586' title='bbox 1860 1920 1924 1955; x_wconf 83' lang='lat' dir='ltr'>vita,</span> <span class='ocrx_word' id='word_1_1587' title='bbox 1948 1930 1963 1949; x_wconf 93' lang='lat' dir='ltr'>a</span> <span class='ocrx_word' id='word_1_1588' title='bbox 1979 1921 2066 1958; x_wconf 73' lang='lat' dir='ltr'>princ.</span> <span class='ocrx_word' id='word_1_1589' title='bbox 2086 1923 2193 1951; x_wconf 86' lang='lat' dir='ltr'>mentio</span> <span class='ocrx_word' id='word_1_1590' title='bbox 2206 1923 2241 1952; x_wconf 86' lang='lat' dir='ltr'>de</span> <span class='ocrx_word' id='word_1_1591' title='bbox 2254 1924 2396 1955; x_wconf 80' lang='lat' dir='ltr'>Cancella-</span> 
     </span>
     <span class='ocr_line' id='line_1_155' title="bbox 1278 1957 2398 2001; baseline 0.004 -14"><span class='ocrx_word' id='word_1_1592' title='bbox 1278 1959 1338 1987; x_wconf 86' lang='lat' dir='ltr'>rio:</span> <span class='ocrx_word' id='word_1_1593' title='bbox 1359 1959 1486 1994; x_wconf 77' lang='lat' dir='ltr'>Amicos,</span> <span class='ocrx_word' id='word_1_1594' title='bbox 1507 1960 1613 1996; x_wconf 88' lang='lat' dir='ltr'>inquit,</span> <span class='ocrx_word' id='word_1_1595' title='bbox 1634 1960 1758 1995; x_wconf 89' lang='lat' dir='ltr'>optimos</span> <span class='ocrx_word' id='word_1_1596' title='bbox 1779 1957 1899 1995; x_wconf 85' lang='lat' dir='ltr'>quosque</span> <span class='ocrx_word' id='word_1_1597' title='bbox 1922 1958 2069 1995; x_wconf 60' lang='lat' dir='ltr'>relegarit:</span> <span class='ocrx_word' id='word_1_1598' title='bbox 2092 1959 2237 1996; x_wconf 84' lang='lat' dir='ltr'>pellimum</span> <span class='ocrx_word' id='word_1_1599' title='bbox 2257 1971 2398 2001; x_wconf 80' lang='lat' dir='ltr'>quemque</span> 
     </span>
     <span class='ocr_line' id='line_1_156' title="bbox 1278 1996 2398 2038; baseline 0.005 -13"><span class='ocrx_word' id='word_1_1600' title='bbox 1278 1996 1364 2031; x_wconf 74' lang='lat' dir='ltr'>elegit</span> <span class='ocrx_word' id='word_1_1601' title='bbox 1373 2003 1419 2025; x_wconf 83' lang='lat' dir='ltr'>aut</span> <span class='ocrx_word' id='word_1_1602' title='bbox 1428 1996 1534 2032; x_wconf 84' lang='lat' dir='ltr'>tenuit,</span> <span class='ocrx_word' id='word_1_1603' title='bbox 1557 1996 1718 2026; x_wconf 64' lang='lat' dir='ltr'>Praefectum</span> <span class='ocrx_word' id='word_1_1604' title='bbox 1740 1996 1801 2026; x_wconf 85' lang='lat' dir='ltr'>urbi</span> <span class='ocrx_word' id='word_1_1605' title='bbox 1815 2005 1903 2025; x_wconf 91' lang='lat' dir='ltr'>unum</span> <span class='ocrx_word' id='word_1_1606' title='bbox 1925 2004 1959 2024; x_wconf 80' lang='lat' dir='ltr'>ex</span> <span class='ocrx_word' id='word_1_1607' title='bbox 1974 1996 2145 2027; x_wconf 84' lang='lat' dir='ltr'>cancellariis</span> <span class='ocrx_word' id='word_1_1608' title='bbox 2161 1997 2215 2027; x_wconf 89' lang='lat' dir='ltr'>suis</span> <span class='ocrx_word' id='word_1_1609' title='bbox 2231 1999 2299 2029; x_wconf 84' lang='lat' dir='ltr'>fecit</span> <span class='ocrx_word' id='word_1_1610' title='bbox 2312 2023 2319 2035; x_wconf 92' lang='lat'>,</span> <span class='ocrx_word' id='word_1_1611' title='bbox 2341 2011 2398 2038; x_wconf 89' lang='lat' dir='ltr'>quo</span> 
     </span>
     <span class='ocr_line' id='line_1_157' title="bbox 1277 2031 2398 2073; baseline 0.005 -10"><span class='ocrx_word' id='word_1_1612' title='bbox 1277 2031 1382 2063; x_wconf 71' lang='lat' dir='ltr'>foedius</span> <span class='ocrx_word' id='word_1_1613' title='bbox 1391 2044 1443 2063; x_wconf 87' lang='lat' dir='ltr'>nec</span> <span class='ocrx_word' id='word_1_1614' title='bbox 1454 2035 1571 2072; x_wconf 85' lang='lat' dir='ltr'>cogitari</span> <span class='ocrx_word' id='word_1_1615' title='bbox 1581 2035 1674 2073; x_wconf 90' lang='lat' dir='ltr'>potuit</span> <span class='ocrx_word' id='word_1_1616' title='bbox 1685 2033 1833 2071; x_wconf 87' lang='lat' dir='ltr'>aliquando</span> <span class='ocrx_word' id='word_1_1617' title='bbox 1845 2056 1853 2068; x_wconf 94' lang='lat'>,</span> <span class='ocrx_word' id='word_1_1618' title='bbox 1875 2043 1928 2062; x_wconf 89' lang='lat' dir='ltr'>nec</span> <span class='ocrx_word' id='word_1_1619' title='bbox 1939 2034 2004 2063; x_wconf 88' lang='lat' dir='ltr'>dici.</span> <span class='ocrx_word' id='word_1_1620' title='bbox 2045 2034 2214 2072; x_wconf 85' lang='lat' dir='ltr'>Quanquam</span> <span class='ocrx_word' id='word_1_1621' title='bbox 2222 2036 2398 2069; x_wconf 85' lang='lat' dir='ltr'>Hotomanus</span> 
     </span>
     <span class='ocr_line' id='line_1_158' title="bbox 1278 2071 2399 2111; baseline 0.003 -11"><span class='ocrx_word' id='word_1_1622' title='bbox 1278 2072 1320 2101; x_wconf 91' lang='lat' dir='ltr'>vir</span> <span class='ocrx_word' id='word_1_1623' title='bbox 1329 2072 1427 2107; x_wconf 90' lang='lat' dir='ltr'>judicii</span> <span class='ocrx_word' id='word_1_1624' title='bbox 1438 2082 1495 2100; x_wconf 90' lang='lat' dir='ltr'>non</span> <span class='ocrx_word' id='word_1_1625' title='bbox 1507 2073 1672 2107; x_wconf 81' lang='lat' dir='ltr'>mediocris,</span> <span class='ocrx_word' id='word_1_1626' title='bbox 1695 2071 1850 2101; x_wconf 82' lang='lat' dir='ltr'>Ancillariis</span> <span class='ocrx_word' id='word_1_1627' title='bbox 1865 2071 1960 2108; x_wconf 83' lang='lat' dir='ltr'>potius</span> <span class='ocrx_word' id='word_1_1628' title='bbox 1982 2071 2132 2108; x_wconf 76' lang='lat' dir='ltr'>legendum</span> <span class='ocrx_word' id='word_1_1629' title='bbox 2153 2080 2250 2111; x_wconf 87' lang='lat' dir='ltr'>putet,</span> <span class='ocrx_word' id='word_1_1630' title='bbox 2272 2086 2328 2111; x_wconf 88' lang='lat' dir='ltr'>quo</span> <span class='ocrx_word' id='word_1_1631' title='bbox 2348 2086 2399 2106; x_wconf 78' lang='lat' dir='ltr'>no.</span> 
     </span>
     <span class='ocr_line' id='line_1_159' title="bbox 1278 2108 2398 2150; baseline 0.002 -12"><span class='ocrx_word' id='word_1_1632' title='bbox 1278 2110 1355 2139; x_wconf 85' lang='lat' dir='ltr'>mine</span> <span class='ocrx_word' id='word_1_1633' title='bbox 1369 2108 1501 2146; x_wconf 88' lang='lat' dir='ltr'>Vopiscus</span> <span class='ocrx_word' id='word_1_1634' title='bbox 1511 2110 1650 2139; x_wconf 85' lang='lat' dir='ltr'>interdum</span> <span class='ocrx_word' id='word_1_1635' title='bbox 1665 2110 1750 2139; x_wconf 84' lang='lat' dir='ltr'>utitur</span> <span class='ocrx_word' id='word_1_1636' title='bbox 1761 2131 1768 2143; x_wconf 92' lang='lat'>,</span> <span class='ocrx_word' id='word_1_1637' title='bbox 1788 2109 1935 2138; x_wconf 84' lang='lat' dir='ltr'>Lenocinii</span> <span class='ocrx_word' id='word_1_1638' title='bbox 1955 2118 1987 2138; x_wconf 88' lang='lat' dir='ltr'>ac</span> <span class='ocrx_word' id='word_1_1639' title='bbox 2002 2109 2127 2139; x_wconf 87' lang='lat' dir='ltr'>libidinis</span> <span class='ocrx_word' id='word_1_1640' title='bbox 2145 2111 2285 2142; x_wconf 89' lang='lat' dir='ltr'>ministros</span> <span class='ocrx_word' id='word_1_1641' title='bbox 2298 2114 2398 2150; x_wconf 79' lang='lat' dir='ltr'>fignifi-</span> 
     </span>
     <span class='ocr_line' id='line_1_160' title="bbox 1278 2145 2399 2189; baseline 0.003 -13"><span class='ocrx_word' id='word_1_1642' title='bbox 1278 2157 1352 2176; x_wconf 89' lang='lat' dir='ltr'>cans.</span> <span class='ocrx_word' id='word_1_1643' title='bbox 1392 2148 1409 2182; x_wconf 87' lang='lat'>[</span> <span class='ocrx_word' id='word_1_1644' title='bbox 1419 2147 1511 2177; x_wconf 83' lang='lat' dir='ltr'>Utitur</span> <span class='ocrx_word' id='word_1_1645' title='bbox 1523 2158 1579 2176; x_wconf 91' lang='lat' dir='ltr'>uno</span> <span class='ocrx_word' id='word_1_1646' title='bbox 1590 2149 1618 2176; x_wconf 92' lang='lat' dir='ltr'>in</span> <span class='ocrx_word' id='word_1_1647' title='bbox 1629 2148 1692 2176; x_wconf 91' lang='lat' dir='ltr'>loco</span> <span class='ocrx_word' id='word_1_1648' title='bbox 1702 2146 1824 2176; x_wconf 90' lang='lat' dir='ltr'>Trebell.</span> <span class='ocrx_word' id='word_1_1649' title='bbox 1837 2145 1935 2181; x_wconf 78' lang='lat' dir='ltr'>Pollio,</span> <span class='ocrx_word' id='word_1_1650' title='bbox 1956 2146 2003 2176; x_wconf 89' lang='lat' dir='ltr'>sed</span> <span class='ocrx_word' id='word_1_1651' title='bbox 2015 2148 2050 2176; x_wconf 91' lang='lat' dir='ltr'>de</span> <span class='ocrx_word' id='word_1_1652' title='bbox 2059 2149 2136 2183; x_wconf 88' lang='lat' dir='ltr'>cujus</span> <span class='ocrx_word' id='word_1_1653' title='bbox 2147 2157 2210 2178; x_wconf 86' lang='lat' dir='ltr'>vera</span> <span class='ocrx_word' id='word_1_1654' title='bbox 2219 2149 2341 2181; x_wconf 62' lang='lat' dir='ltr'>lefftione</span> <span class='ocrx_word' id='word_1_1655' title='bbox 2350 2162 2399 2189; x_wconf 85' lang='lat' dir='ltr'>pa-</span> 
     </span>
     <span class='ocr_line' id='line_1_161' title="bbox 1278 2185 2399 2227; baseline 0.005 -14"><span class='ocrx_word' id='word_1_1656' title='bbox 1278 2192 1339 2214; x_wconf 85' lang='lat' dir='ltr'>rum</span> <span class='ocrx_word' id='word_1_1657' title='bbox 1350 2185 1464 2214; x_wconf 85' lang='lat' dir='ltr'>constat.</span> <span class='ocrx_word' id='word_1_1658' title='bbox 1505 2185 1536 2214; x_wconf 94' lang='lat' dir='ltr'>V.</span> <span class='ocrx_word' id='word_1_1659' title='bbox 1561 2192 1620 2222; x_wconf 81' lang='lat' dir='ltr'>quae</span> <span class='ocrx_word' id='word_1_1660' title='bbox 1632 2185 1754 2214; x_wconf 83' lang='lat' dir='ltr'>diximus</span> <span class='ocrx_word' id='word_1_1661' title='bbox 1766 2185 1794 2213; x_wconf 88' lang='lat' dir='ltr'>in</span> <span class='ocrx_word' id='word_1_1662' title='bbox 1813 2194 1832 2213; x_wconf 91' lang='lat' dir='ltr'>A</span> <span class='ocrx_word' id='word_1_1663' title='bbox 1842 2193 1862 2213; x_wconf 84' lang='lat' dir='ltr'>N</span> <span class='ocrx_word' id='word_1_1664' title='bbox 1872 2193 1889 2213; x_wconf 87' lang='lat' dir='ltr'>c</span> <span class='ocrx_word' id='word_1_1665' title='bbox 1899 2194 1908 2212; x_wconf 89' lang='lat'>1</span> <span class='ocrx_word' id='word_1_1666' title='bbox 1917 2195 1933 2212; x_wconf 82' lang='lat' dir='ltr'>L</span> <span class='ocrx_word' id='word_1_1667' title='bbox 1942 2195 1958 2212; x_wconf 82' lang='lat' dir='ltr'>L</span> <span class='ocrx_word' id='word_1_1668' title='bbox 1969 2194 1998 2213; x_wconf 83' lang='lat' dir='ltr'>A.</span> <span class='ocrx_word' id='word_1_1669' title='bbox 2038 2185 2100 2214; x_wconf 89' lang='lat' dir='ltr'>Nec</span> <span class='ocrx_word' id='word_1_1670' title='bbox 2110 2185 2174 2215; x_wconf 88' lang='lat' dir='ltr'>huic</span> <span class='ocrx_word' id='word_1_1671' title='bbox 2184 2193 2277 2216; x_wconf 82' lang='lat' dir='ltr'>tamen</span> <span class='ocrx_word' id='word_1_1672' title='bbox 2290 2188 2399 2227; x_wconf 84' lang='lat' dir='ltr'>Vopisci</span> 
     </span>
     <span class='ocr_line' id='line_1_162' title="bbox 1278 2222 2399 2264; baseline 0.004 -13"><span class='ocrx_word' id='word_1_1673' title='bbox 1278 2223 1392 2251; x_wconf 67' lang='lat' dir='ltr'>lectioni</span> <span class='ocrx_word' id='word_1_1674' title='bbox 1403 2222 1466 2252; x_wconf 85' lang='lat' dir='ltr'>satis</span> <span class='ocrx_word' id='word_1_1675' title='bbox 1481 2222 1604 2252; x_wconf 83' lang='lat' dir='ltr'>confido.</span> <span class='ocrx_word' id='word_1_1676' title='bbox 1633 2222 1749 2252; x_wconf 82' lang='lat' dir='ltr'>Videtur</span> <span class='ocrx_word' id='word_1_1677' title='bbox 1763 2222 1840 2252; x_wconf 90' lang='lat' dir='ltr'>enim</span> <span class='ocrx_word' id='word_1_1678' title='bbox 1854 2222 1962 2251; x_wconf 84' lang='lat' dir='ltr'>mentio</span> <span class='ocrx_word' id='word_1_1679' title='bbox 1969 2223 2101 2260; x_wconf 85' lang='lat' dir='ltr'>turpioris</span> <span class='ocrx_word' id='word_1_1680' title='bbox 2110 2223 2233 2261; x_wconf 86' lang='lat' dir='ltr'>personae</span> <span class='ocrx_word' id='word_1_1681' title='bbox 2245 2228 2356 2264; x_wconf 71' lang='lat' dir='ltr'>requiri,</span> <span class='ocrx_word' id='word_1_1682' title='bbox 2366 2233 2399 2258; x_wconf 86' lang='lat' dir='ltr'>ut</span> 
     </span>
     <span class='ocr_line' id='line_1_163' title="bbox 1278 2260 1689 2298; baseline 0.002 -10"><span class='ocrx_word' id='word_1_1683' title='bbox 1278 2269 1314 2288; x_wconf 86' lang='lat' dir='ltr'>ex</span> <span class='ocrx_word' id='word_1_1684' title='bbox 1322 2260 1453 2295; x_wconf 69' lang='lat' dir='ltr'>subjeetis</span> <span class='ocrx_word' id='word_1_1685' title='bbox 1464 2260 1555 2290; x_wconf 86' lang='lat' dir='ltr'>verbis</span> <span class='ocrx_word' id='word_1_1686' title='bbox 1566 2267 1689 2298; x_wconf 83' lang='lat' dir='ltr'>apparet.</span> 
     </span>
    </p>

    <p class='ocr_par' dir='ltr' id='par_1_63' title="bbox 1277 2295 2399 2825">
     <span class='ocr_line' id='line_1_164' title="bbox 1277 2295 2399 2339; baseline 0.004 -12"><span class='ocrx_word' id='word_1_1687' title='bbox 1277 2295 1426 2327; x_wconf 87' lang='lat' dir='ltr'>Turnebus</span> <span class='ocrx_word' id='word_1_1688' title='bbox 1442 2297 1508 2327; x_wconf 86' lang='lat' dir='ltr'>Adv.</span> <span class='ocrx_word' id='word_1_1689' title='bbox 1523 2308 1565 2328; x_wconf 91' lang='lat'>11.</span> <span class='ocrx_word' id='word_1_1690' title='bbox 1578 2308 1623 2333; x_wconf 83' lang='lat'>25.</span> <span class='ocrx_word' id='word_1_1691' title='bbox 1648 2296 1835 2327; x_wconf 81' lang='lat' dir='ltr'>Cancellarios</span> <span class='ocrx_word' id='word_1_1692' title='bbox 1849 2296 1904 2326; x_wconf 89' lang='lat' dir='ltr'>dici</span> <span class='ocrx_word' id='word_1_1693' title='bbox 1915 2302 2012 2334; x_wconf 83' lang='lat' dir='ltr'>putat,</span> <span class='ocrx_word' id='word_1_1694' title='bbox 2034 2297 2091 2334; x_wconf 83' lang='lat' dir='ltr'>Qui</span> <span class='ocrx_word' id='word_1_1695' title='bbox 2101 2307 2198 2336; x_wconf 86' lang='lat' dir='ltr'>preces</span> <span class='ocrx_word' id='word_1_1696' title='bbox 2208 2299 2399 2339; x_wconf 76' lang='lat' dir='ltr'>‘supplicesque</span> 
     </span>
     <span class='ocr_line' id='line_1_165' title="bbox 1296 2334 2398 2374; baseline 0.002 -10"><span class='ocrx_word' id='word_1_1697' title='bbox 1296 2335 1409 2364; x_wconf 88' lang='lat' dir='ltr'>libellos</span> <span class='ocrx_word' id='word_1_1698' title='bbox 1423 2357 1430 2370; x_wconf 94' lang='lat'>,</span> <span class='ocrx_word' id='word_1_1699' title='bbox 1452 2337 1601 2373; x_wconf 84' lang='lat' dir='ltr'>omniaque</span> <span class='ocrx_word' id='word_1_1700' title='bbox 1611 2334 1708 2374; x_wconf 85' lang='lat' dir='ltr'>scripta</span> <span class='ocrx_word' id='word_1_1701' title='bbox 1723 2357 1731 2369; x_wconf 92' lang='lat'>,</span> <span class='ocrx_word' id='word_1_1702' title='bbox 1752 2334 1852 2371; x_wconf 78' lang='lat' dir='ltr'>quibus</span> <span class='ocrx_word' id='word_1_1703' title='bbox 1863 2334 1995 2372; x_wconf 86' lang='lat' dir='ltr'>princeps</span> <span class='ocrx_word' id='word_1_1704' title='bbox 2007 2335 2176 2366; x_wconf 84' lang='lat' dir='ltr'>subscribere</span> <span class='ocrx_word' id='word_1_1705' title='bbox 2191 2337 2312 2374; x_wconf 88' lang='lat' dir='ltr'>nolebat,</span> <span class='ocrx_word' id='word_1_1706' title='bbox 2333 2349 2398 2369; x_wconf 68' lang='lat' dir='ltr'>can.</span> 
     </span>
     <span class='ocr_line' id='line_1_166' title="bbox 1294 2371 2398 2411; baseline 0.002 -9"><span class='ocrx_word' id='word_1_1707' title='bbox 1294 2373 1436 2403; x_wconf 76' lang='lat' dir='ltr'>vcellabant</span> <span class='ocrx_word' id='word_1_1708' title='bbox 1447 2395 1455 2408; x_wconf 91' lang='lat'>,</span> <span class='ocrx_word' id='word_1_1709' title='bbox 1476 2373 1505 2402; x_wconf 78' lang='lat' dir='ltr'>id</span> <span class='ocrx_word' id='word_1_1710' title='bbox 1516 2374 1554 2402; x_wconf 90' lang='lat' dir='ltr'>est</span> <span class='ocrx_word' id='word_1_1711' title='bbox 1564 2374 1653 2403; x_wconf 66' lang='lat' dir='ltr'>ductis</span> <span class='ocrx_word' id='word_1_1712' title='bbox 1663 2373 1838 2403; x_wconf 88' lang='lat' dir='ltr'>cancellatim</span> <span class='ocrx_word' id='word_1_1713' title='bbox 1851 2371 1933 2402; x_wconf 85' lang='lat' dir='ltr'>lineis</span> <span class='ocrx_word' id='word_1_1714' title='bbox 1949 2373 2083 2403; x_wconf 87' lang='lat' dir='ltr'>vitiabant</span> <span class='ocrx_word' id='word_1_1715' title='bbox 2095 2377 2121 2403; x_wconf 67' lang='grc' dir='ltr'>δε</span> <span class='ocrx_word' id='word_1_1716' title='bbox 2136 2375 2322 2411; x_wconf 65' lang='lat' dir='ltr'>inducebant,</span> <span class='ocrx_word' id='word_1_1717' title='bbox 2344 2377 2398 2407; x_wconf 88' lang='lat' dir='ltr'>for.</span> 
     </span>
     <span class='ocr_line' id='line_1_167' title="bbox 1296 2409 2398 2448; baseline 0.004 -8"><span class='ocrx_word' id='word_1_1718' title='bbox 1296 2410 1362 2440; x_wconf 83' lang='lat' dir='ltr'>taffe</span> <span class='ocrx_word' id='word_1_1719' title='bbox 1375 2421 1391 2440; x_wconf 87' lang='lat' dir='ltr'>e</span> <span class='ocrx_word' id='word_1_1720' title='bbox 1408 2412 1579 2440; x_wconf 82' lang='lat' dir='ltr'>notariorum</span> <span class='ocrx_word' id='word_1_1721' title='bbox 1589 2420 1717 2440; x_wconf 88' lang='lat' dir='ltr'>numero.</span> <span class='ocrx_word' id='word_1_1722' title='bbox 1757 2409 1923 2440; x_wconf 86' lang='lat' dir='ltr'>Cancellarii</span> <span class='ocrx_word' id='word_1_1723' title='bbox 1942 2419 2035 2439; x_wconf 87' lang='lat' dir='ltr'>autem</span> <span class='ocrx_word' id='word_1_1724' title='bbox 2049 2420 2104 2440; x_wconf 77' lang='lat' dir='ltr'>non</span> <span class='ocrx_word' id='word_1_1725' title='bbox 2121 2423 2197 2442; x_wconf 52' lang='lat' dir='ltr'>erant</span> <span class='ocrx_word' id='word_1_1726' title='bbox 2214 2415 2273 2448; x_wconf 78' lang='lat' dir='ltr'>ejus</span> <span class='ocrx_word' id='word_1_1727' title='bbox 2290 2415 2398 2445; x_wconf 85' lang='lat' dir='ltr'>ordinis</span> 
     </span>
     <span class='ocr_line' id='line_1_168' title="bbox 1296 2447 2395 2488; baseline 0.004 -10"><span class='ocrx_word' id='word_1_1728' title='bbox 1296 2450 1324 2479; x_wconf 84' lang='lat'>&amp;</span> <span class='ocrx_word' id='word_1_1729' title='bbox 1336 2449 1497 2486; x_wconf 83' lang='lat' dir='ltr'>dignitatis,</span> <span class='ocrx_word' id='word_1_1730' title='bbox 1519 2455 1550 2478; x_wconf 90' lang='lat' dir='ltr'>ut</span> <span class='ocrx_word' id='word_1_1731' title='bbox 1569 2449 1605 2478; x_wconf 86' lang='lat' dir='ltr'>ad</span> <span class='ocrx_word' id='word_1_1732' title='bbox 1622 2449 1813 2486; x_wconf 63' lang='lat' dir='ltr'>praefecturam</span> <span class='ocrx_word' id='word_1_1733' title='bbox 1826 2447 1899 2476; x_wconf 83' lang='lat' dir='ltr'>urbis</span> <span class='ocrx_word' id='word_1_1734' title='bbox 1922 2449 2015 2477; x_wconf 84' lang='lat' dir='ltr'>vocari</span> <span class='ocrx_word' id='word_1_1735' title='bbox 2033 2448 2170 2479; x_wconf 83' lang='lat' dir='ltr'>solerent:</span> <span class='ocrx_word' id='word_1_1736' title='bbox 2194 2461 2276 2488; x_wconf 82' lang='lat' dir='ltr'>quam</span> <span class='ocrx_word' id='word_1_1737' title='bbox 2300 2460 2395 2482; x_wconf 87' lang='lat' dir='ltr'>tamen</span> 
     </span>
     <span class='ocr_line' id='line_1_169' title="bbox 1295 2485 2398 2527; baseline 0.005 -12"><span class='ocrx_word' id='word_1_1738' title='bbox 1295 2487 1345 2516; x_wconf 83' lang='lat' dir='ltr'>uni</span> <span class='ocrx_word' id='word_1_1739' title='bbox 1357 2487 1500 2515; x_wconf 83' lang='lat' dir='ltr'>mandavit</span> <span class='ocrx_word' id='word_1_1740' title='bbox 1509 2486 1624 2516; x_wconf 85' lang='lat' dir='ltr'>Carinus</span> <span class='ocrx_word' id='word_1_1741' title='bbox 1635 2487 1793 2524; x_wconf 83' lang='lat' dir='ltr'>imperator,</span> <span class='ocrx_word' id='word_1_1742' title='bbox 1813 2485 1995 2515; x_wconf 86' lang='lat' dir='ltr'>frementibus</span> <span class='ocrx_word' id='word_1_1743' title='bbox 2008 2487 2139 2517; x_wconf 89' lang='lat' dir='ltr'>omnibus</span> <span class='ocrx_word' id='word_1_1744' title='bbox 2151 2487 2188 2517; x_wconf 89' lang='lat' dir='ltr'>ob</span> <span class='ocrx_word' id='word_1_1745' title='bbox 2200 2489 2398 2527; x_wconf 83' lang='lat' dir='ltr'>indignitatem</span> 
     </span>
     <span class='ocr_line' id='line_1_170' title="bbox 1295 2521 2398 2558; baseline 0.004 -5"><span class='ocrx_word' id='word_1_1746' title='bbox 1295 2524 1345 2554; x_wconf 88' lang='lat' dir='ltr'>rei.</span> <span class='ocrx_word' id='word_1_1747' title='bbox 1389 2524 1462 2553; x_wconf 90' lang='lat' dir='ltr'>Nam</span> <span class='ocrx_word' id='word_1_1748' title='bbox 1474 2524 1592 2554; x_wconf 88' lang='lat' dir='ltr'>senatori</span> <span class='ocrx_word' id='word_1_1749' title='bbox 1605 2524 1687 2553; x_wconf 88' lang='lat' dir='ltr'>alicui</span> <span class='ocrx_word' id='word_1_1750' title='bbox 1701 2530 1748 2553; x_wconf 88' lang='lat' dir='ltr'>aut</span> <span class='ocrx_word' id='word_1_1751' title='bbox 1758 2523 1854 2553; x_wconf 79' lang='lat' dir='ltr'>illustri</span> <span class='ocrx_word' id='word_1_1752' title='bbox 1868 2521 1916 2552; x_wconf 80' lang='lat' dir='ltr'>suo</span> <span class='ocrx_word' id='word_1_1753' title='bbox 1929 2524 2027 2552; x_wconf 89' lang='lat' dir='ltr'>comiti</span> <span class='ocrx_word' id='word_1_1754' title='bbox 2040 2530 2148 2554; x_wconf 90' lang='lat' dir='ltr'>tantum</span> <span class='ocrx_word' id='word_1_1755' title='bbox 2166 2527 2297 2556; x_wconf 86' lang='lat' dir='ltr'>mandare</span> <span class='ocrx_word' id='word_1_1756' title='bbox 2309 2527 2398 2558; x_wconf 86' lang='lat' dir='ltr'>hono-</span> 
     </span>
     <span class='ocr_line' id='line_1_171' title="bbox 1296 2561 2398 2600; baseline 0.001 -9"><span class='ocrx_word' id='word_1_1757' title='bbox 1296 2571 1355 2591; x_wconf 82' lang='lat' dir='ltr'>rem</span> <span class='ocrx_word' id='word_1_1758' title='bbox 1367 2562 1509 2591; x_wconf 84' lang='lat' dir='ltr'>debuerat.</span> <span class='ocrx_word' id='word_1_1759' title='bbox 1542 2562 1633 2591; x_wconf 87' lang='lat' dir='ltr'>Hodie</span> <span class='ocrx_word' id='word_1_1760' title='bbox 1644 2562 1672 2590; x_wconf 92' lang='lat' dir='ltr'>in</span> <span class='ocrx_word' id='word_1_1761' title='bbox 1685 2562 1838 2591; x_wconf 77' lang='lat' dir='ltr'>maximum</span> <span class='ocrx_word' id='word_1_1762' title='bbox 1847 2566 2006 2598; x_wconf 83' lang='lat' dir='ltr'>togatorum</span> <span class='ocrx_word' id='word_1_1763' title='bbox 2016 2561 2152 2600; x_wconf 79' lang='lat' dir='ltr'>fastigium</span> <span class='ocrx_word' id='word_1_1764' title='bbox 2162 2564 2250 2593; x_wconf 60' lang='lat' dir='ltr'>eveffti</span> <span class='ocrx_word' id='word_1_1765' title='bbox 2260 2564 2320 2594; x_wconf 82' lang='lat' dir='ltr'>suut</span> <span class='ocrx_word' id='word_1_1766' title='bbox 2327 2566 2398 2595; x_wconf 78' lang='lat' dir='ltr'>Can-</span> 
     </span>
     <span class='ocr_line' id='line_1_172' title="bbox 1295 2597 2398 2637; baseline 0.002 -9"><span class='ocrx_word' id='word_1_1767' title='bbox 1295 2599 1402 2629; x_wconf 88' lang='lat' dir='ltr'>cellarii</span> <span class='ocrx_word' id='word_1_1768' title='bbox 1415 2621 1423 2634; x_wconf 95' lang='lat'>,</span> <span class='ocrx_word' id='word_1_1769' title='bbox 1447 2601 1473 2629; x_wconf 70' lang='grc' dir='ltr'>ἃ</span> <span class='ocrx_word' id='word_1_1770' title='bbox 1483 2600 1558 2637; x_wconf 83' lang='lat' dir='ltr'>apud</span> <span class='ocrx_word' id='word_1_1771' title='bbox 1567 2609 1645 2637; x_wconf 82' lang='lat' dir='ltr'>reges</span> <span class='ocrx_word' id='word_1_1772' title='bbox 1657 2599 1790 2628; x_wconf 87' lang='lat' dir='ltr'>secundas</span> <span class='ocrx_word' id='word_1_1773' title='bbox 1800 2597 1858 2628; x_wconf 78' lang='lat' dir='ltr'>fere</span> <span class='ocrx_word' id='word_1_1774' title='bbox 1871 2605 1978 2628; x_wconf 87' lang='lat' dir='ltr'>tenent.</span> <span class='ocrx_word' id='word_1_1775' title='bbox 2020 2600 2096 2635; x_wconf 91' lang='lat' dir='ltr'>[Sed</span> <span class='ocrx_word' id='word_1_1776' title='bbox 2115 2601 2287 2631; x_wconf 77' lang='lat' dir='ltr'>verisimilior</span> <span class='ocrx_word' id='word_1_1777' title='bbox 2304 2604 2342 2632; x_wconf 82' lang='lat' dir='ltr'>est</span> <span class='ocrx_word' id='word_1_1778' title='bbox 2356 2603 2398 2633; x_wconf 83' lang='lat' dir='ltr'>su-</span> 
     </span>
     <span class='ocr_line' id='line_1_173' title="bbox 1293 2636 2397 2677; baseline 0.005 -12"><span class='ocrx_word' id='word_1_1779' title='bbox 1293 2637 1386 2674; x_wconf 87' lang='lat' dir='ltr'>perior</span> <span class='ocrx_word' id='word_1_1780' title='bbox 1397 2637 1519 2666; x_wconf 89' lang='lat' dir='ltr'>nominis</span> <span class='ocrx_word' id='word_1_1781' title='bbox 1530 2638 1664 2666; x_wconf 85' lang='lat' dir='ltr'>derivatio</span> <span class='ocrx_word' id='word_1_1782' title='bbox 1673 2636 1912 2670; x_wconf 80' lang='lat' dir='ltr'>aCancellis.intra</span> <span class='ocrx_word' id='word_1_1783' title='bbox 1922 2645 1991 2673; x_wconf 86' lang='lat' dir='ltr'>quos</span> <span class='ocrx_word' id='word_1_1784' title='bbox 2002 2636 2128 2667; x_wconf 87' lang='lat' dir='ltr'>sedentes</span> <span class='ocrx_word' id='word_1_1785' title='bbox 2140 2639 2301 2674; x_wconf 89' lang='lat' dir='ltr'>scribebant,</span> <span class='ocrx_word' id='word_1_1786' title='bbox 2312 2651 2397 2677; x_wconf 84' lang='lat' dir='ltr'>quam</span> 
     </span>
     <span class='ocr_line' id='line_1_174' title="bbox 1292 2674 2396 2714; baseline 0.002 -11"><span class='ocrx_word' id='word_1_1787' title='bbox 1292 2674 1469 2704; x_wconf 68' lang='lat' dir='ltr'>*Cassiodorus</span> <span class='ocrx_word' id='word_1_1788' title='bbox 1478 2675 1625 2704; x_wconf 87' lang='lat' dir='ltr'>confirmat</span> <span class='ocrx_word' id='word_1_1789' title='bbox 1634 2675 1692 2704; x_wconf 89' lang='lat' dir='ltr'>Var.</span> <span class='ocrx_word' id='word_1_1790' title='bbox 1709 2675 1756 2704; x_wconf 91' lang='lat' dir='ltr'>lib.</span> <span class='ocrx_word' id='word_1_1791' title='bbox 1772 2684 1782 2703; x_wconf 86' lang='lat'>1</span> <span class='ocrx_word' id='word_1_1792' title='bbox 1793 2684 1814 2703; x_wconf 82' lang='lat' dir='ltr'>r.</span> <span class='ocrx_word' id='word_1_1793' title='bbox 1828 2674 1876 2711; x_wconf 87' lang='lat' dir='ltr'>Ep.</span> <span class='ocrx_word' id='word_1_1794' title='bbox 1887 2678 1911 2704; x_wconf 89' lang='lat'>6.</span> <span class='ocrx_word' id='word_1_1795' title='bbox 1925 2677 1950 2704; x_wconf 66' lang='grc' dir='ltr'>ὁὶ</span> <span class='ocrx_word' id='word_1_1796' title='bbox 1961 2683 2005 2711; x_wconf 85' lang='lat'>27.</span> <span class='ocrx_word' id='word_1_1797' title='bbox 2020 2677 2046 2704; x_wconf 71' lang='lat' dir='ltr'>St</span> <span class='ocrx_word' id='word_1_1798' title='bbox 2057 2675 2104 2704; x_wconf 93' lang='lat' dir='ltr'>lib.</span> <span class='ocrx_word' id='word_1_1799' title='bbox 2118 2677 2252 2714; x_wconf 84' lang='lat' dir='ltr'>12.Ep.1.</span> <span class='ocrx_word' id='word_1_1800' title='bbox 2273 2677 2325 2707; x_wconf 90' lang='lat' dir='ltr'>Cui</span> <span class='ocrx_word' id='word_1_1801' title='bbox 2335 2679 2396 2709; x_wconf 84' lang='lat' dir='ltr'>asti.</span> 
     </span>
     <span class='ocr_line' id='line_1_175' title="bbox 1293 2708 2394 2752; baseline 0.003 -10"><span class='ocrx_word' id='word_1_1802' title='bbox 1293 2712 1425 2750; x_wconf 86' lang='lat' dir='ltr'>pulantur</span> <span class='ocrx_word' id='word_1_1803' title='bbox 1435 2712 1558 2742; x_wconf 83' lang='lat' dir='ltr'>Pithoeus</span> <span class='ocrx_word' id='word_1_1804' title='bbox 1568 2713 1597 2741; x_wconf 91' lang='lat' dir='ltr'>in</span> <span class='ocrx_word' id='word_1_1805' title='bbox 1610 2708 1748 2742; x_wconf 82' lang='lat' dir='ltr'>Subseciv.</span> <span class='ocrx_word' id='word_1_1806' title='bbox 1771 2712 1885 2741; x_wconf 84' lang='lat' dir='ltr'>Casaub.</span> <span class='ocrx_word' id='word_1_1807' title='bbox 1902 2714 1927 2742; x_wconf 72' lang='grc' dir='ltr'>δι</span> <span class='ocrx_word' id='word_1_1808' title='bbox 1939 2712 2051 2742; x_wconf 83' lang='lat' dir='ltr'>Salmas.</span> <span class='ocrx_word' id='word_1_1809' title='bbox 2060 2714 2095 2742; x_wconf 87' lang='lat' dir='ltr'>ad</span> <span class='ocrx_word' id='word_1_1810' title='bbox 2110 2714 2218 2752; x_wconf 89' lang='lat' dir='ltr'>Vopisc.</span> <span class='ocrx_word' id='word_1_1811' title='bbox 2232 2714 2248 2745; x_wconf 84' lang='lat'>1.</span> <span class='ocrx_word' id='word_1_1812' title='bbox 2262 2725 2285 2744; x_wconf 91' lang='lat' dir='ltr'>c.</span> <span class='ocrx_word' id='word_1_1813' title='bbox 2308 2716 2394 2746; x_wconf 86' lang='lat' dir='ltr'>Vales.</span> 
     </span>
     <span class='ocr_line' id='line_1_176' title="bbox 1295 2749 2395 2788; baseline 0.004 -9"><span class='ocrx_word' id='word_1_1814' title='bbox 1295 2751 1331 2779; x_wconf 88' lang='lat' dir='ltr'>ad</span> <span class='ocrx_word' id='word_1_1815' title='bbox 1344 2751 1478 2779; x_wconf 84' lang='lat' dir='ltr'>Ammian.</span> <span class='ocrx_word' id='word_1_1816' title='bbox 1495 2760 1538 2785; x_wconf 84' lang='lat'>30.</span> <span class='ocrx_word' id='word_1_1817' title='bbox 1549 2762 1576 2785; x_wconf 85' lang='lat'>4.</span> <span class='ocrx_word' id='word_1_1818' title='bbox 1600 2750 1740 2788; x_wconf 87' lang='lat' dir='ltr'>Spelman.</span> <span class='ocrx_word' id='word_1_1819' title='bbox 1751 2750 1780 2778; x_wconf 84' lang='lat' dir='ltr'>in</span> <span class='ocrx_word' id='word_1_1820' title='bbox 1792 2749 1875 2779; x_wconf 83' lang='lat' dir='ltr'>Gloff.</span> <span class='ocrx_word' id='word_1_1821' title='bbox 1898 2750 2063 2788; x_wconf 81' lang='lat' dir='ltr'>ubiprolixe</span> <span class='ocrx_word' id='word_1_1822' title='bbox 2083 2752 2118 2781; x_wconf 87' lang='lat' dir='ltr'>de</span> <span class='ocrx_word' id='word_1_1823' title='bbox 2136 2752 2192 2782; x_wconf 82' lang='lat' dir='ltr'>hoc</span> <span class='ocrx_word' id='word_1_1824' title='bbox 2201 2753 2311 2788; x_wconf 83' lang='lat' dir='ltr'>officio,</span> <span class='ocrx_word' id='word_1_1825' title='bbox 2332 2752 2395 2784; x_wconf 84' lang='lat' dir='ltr'>Ma·</span> 
     </span>
     <span class='ocr_line' id='line_1_177' title="bbox 1295 2786 1877 2825; baseline -0.002 -8"><span class='ocrx_word' id='word_1_1826' title='bbox 1295 2789 1334 2817; x_wconf 90' lang='lat' dir='ltr'>cri</span> <span class='ocrx_word' id='word_1_1827' title='bbox 1350 2788 1446 2818; x_wconf 88' lang='lat' dir='ltr'>fratres</span> <span class='ocrx_word' id='word_1_1828' title='bbox 1456 2788 1485 2817; x_wconf 89' lang='lat' dir='ltr'>in</span> <span class='ocrx_word' id='word_1_1829' title='bbox 1497 2787 1603 2817; x_wconf 84' lang='lat' dir='ltr'>Hierol.</span> <span class='ocrx_word' id='word_1_1830' title='bbox 1617 2790 1643 2818; x_wconf 71' lang='grc' dir='ltr'>ἅ</span> <span class='ocrx_word' id='word_1_1831' title='bbox 1655 2788 1739 2825; x_wconf 81' lang='lat' dir='ltr'>Cang.</span> <span class='ocrx_word' id='word_1_1832' title='bbox 1753 2788 1782 2816; x_wconf 91' lang='lat' dir='ltr'>in</span> <span class='ocrx_word' id='word_1_1833' title='bbox 1793 2786 1877 2817; x_wconf 81' lang='lat' dir='ltr'>Gloff.</span> 
     </span>
    </p>

    <p class='ocr_par' dir='ltr' id='par_1_64' title="bbox 1236 2822 2396 3089">
     <span class='ocr_line' id='line_1_178' title="bbox 1236 2822 2395 2863; baseline 0 -8"><span class='ocrx_word' id='word_1_1834' title='bbox 1236 2824 1287 2855; x_wconf 87' lang='lat' dir='ltr'>CA</span> <span class='ocrx_word' id='word_1_1835' title='bbox 1296 2835 1316 2854; x_wconf 83' lang='lat' dir='ltr'>N</span> <span class='ocrx_word' id='word_1_1836' title='bbox 1327 2835 1344 2855; x_wconf 90' lang='lat' dir='ltr'>c</span> <span class='ocrx_word' id='word_1_1837' title='bbox 1353 2836 1367 2854; x_wconf 81' lang='lat' dir='ltr'>E</span> <span class='ocrx_word' id='word_1_1838' title='bbox 1375 2837 1393 2854; x_wconf 77' lang='lat' dir='ltr'>r.</span> <span class='ocrx_word' id='word_1_1839' title='bbox 1402 2837 1418 2854; x_wconf 87' lang='lat' dir='ltr'>L</span> <span class='ocrx_word' id='word_1_1840' title='bbox 1428 2836 1436 2854; x_wconf 91' lang='grc' dir='ltr'>ι</span> <span class='ocrx_word' id='word_1_1841' title='bbox 1447 2847 1455 2860; x_wconf 90' lang='lat'>,</span> <span class='ocrx_word' id='word_1_1842' title='bbox 1476 2835 1565 2855; x_wconf 88' lang='lat' dir='ltr'>orum.</span> <span class='ocrx_word' id='word_1_1843' title='bbox 1589 2835 1626 2854; x_wconf 90' lang='lat' dir='ltr'>m.</span> <span class='ocrx_word' id='word_1_1844' title='bbox 1649 2825 1687 2863; x_wconf 93' lang='lat' dir='ltr'>pl.</span> <span class='ocrx_word' id='word_1_1845' title='bbox 1710 2822 1854 2862; x_wconf 57' lang='lat' dir='ltr'>[mstm&#39;dts</span> <span class='ocrx_word' id='word_1_1846' title='bbox 1863 2846 1871 2860; x_wconf 85' lang='lat'>,</span> <span class='ocrx_word' id='word_1_1847' title='bbox 1891 2823 2042 2861; x_wconf 55' lang='lat' dir='ltr'>Moza-ni]</span> <span class='ocrx_word' id='word_1_1848' title='bbox 2062 2835 2111 2863; x_wconf 83' lang='lat' dir='ltr'>per</span> <span class='ocrx_word' id='word_1_1849' title='bbox 2119 2827 2336 2857; x_wconf 87' lang='lat' dir='ltr'>diminutionem</span> <span class='ocrx_word' id='word_1_1850' title='bbox 2346 2838 2395 2858; x_wconf 86' lang='lat' dir='ltr'>vo.</span> 
     </span>
     <span class='ocr_line' id='line_1_179' title="bbox 1273 2862 2396 2903; baseline 0.001 -11"><span class='ocrx_word' id='word_1_1851' title='bbox 1273 2870 1387 2899; x_wconf 84' lang='lat' dir='ltr'>cantur,</span> <span class='ocrx_word' id='word_1_1852' title='bbox 1408 2863 1436 2892; x_wconf 88' lang='lat' dir='ltr'>h.</span> <span class='ocrx_word' id='word_1_1853' title='bbox 1452 2873 1476 2893; x_wconf 95' lang='lat' dir='ltr'>e.</span> <span class='ocrx_word' id='word_1_1854' title='bbox 1499 2863 1580 2901; x_wconf 90' lang='lat' dir='ltr'>Opus</span> <span class='ocrx_word' id='word_1_1855' title='bbox 1596 2863 1689 2893; x_wconf 86' lang='lat' dir='ltr'>subtili</span> <span class='ocrx_word' id='word_1_1856' title='bbox 1705 2863 1821 2893; x_wconf 88' lang='lat' dir='ltr'>materia</span> <span class='ocrx_word' id='word_1_1857' title='bbox 1836 2863 1865 2892; x_wconf 91' lang='lat' dir='ltr'>in</span> <span class='ocrx_word' id='word_1_1858' title='bbox 1883 2862 2063 2893; x_wconf 79' lang='lat' dir='ltr'>transversum</span> <span class='ocrx_word' id='word_1_1859' title='bbox 2073 2867 2216 2903; x_wconf 71' lang='lat' dir='ltr'>compada</span> <span class='ocrx_word' id='word_1_1860' title='bbox 2226 2886 2234 2899; x_wconf 83' lang='lat'>,</span> <span class='ocrx_word' id='word_1_1861' title='bbox 2255 2866 2290 2894; x_wconf 90' lang='lat' dir='ltr'>ad</span> <span class='ocrx_word' id='word_1_1862' title='bbox 2303 2866 2396 2895; x_wconf 83' lang='lat' dir='ltr'>simili..</span> 
     </span>
     <span class='ocr_line' id='line_1_180' title="bbox 1274 2900 2393 2941; baseline 0.004 -12"><span class='ocrx_word' id='word_1_1863' title='bbox 1274 2901 1402 2930; x_wconf 82' lang='lat' dir='ltr'>tudinem</span> <span class='ocrx_word' id='word_1_1864' title='bbox 1412 2902 1476 2930; x_wconf 88' lang='lat' dir='ltr'>retis</span> <span class='ocrx_word' id='word_1_1865' title='bbox 1487 2901 1606 2931; x_wconf 63' lang='lat' dir='ltr'>factum:</span> <span class='ocrx_word' id='word_1_1866' title='bbox 1629 2901 1704 2938; x_wconf 91' lang='lat' dir='ltr'>quod</span> <span class='ocrx_word' id='word_1_1867' title='bbox 1712 2901 1866 2938; x_wconf 84' lang='lat' dir='ltr'>frequentia</span> <span class='ocrx_word' id='word_1_1868' title='bbox 1875 2900 2011 2930; x_wconf 87' lang='lat' dir='ltr'>foramina</span> <span class='ocrx_word' id='word_1_1869' title='bbox 2022 2901 2120 2931; x_wconf 90' lang='lat' dir='ltr'>habeat</span> <span class='ocrx_word' id='word_1_1870' title='bbox 2129 2924 2136 2935; x_wconf 93' lang='lat'>‚</span> <span class='ocrx_word' id='word_1_1871' title='bbox 2158 2903 2248 2938; x_wconf 82' lang='lat' dir='ltr'>qualia</span> <span class='ocrx_word' id='word_1_1872' title='bbox 2256 2903 2319 2932; x_wconf 88' lang='lat' dir='ltr'>sunt</span> <span class='ocrx_word' id='word_1_1873' title='bbox 2331 2913 2393 2941; x_wconf 83' lang='lat' dir='ltr'>quae</span> 
     </span>
     <span class='ocr_line' id='line_1_181' title="bbox 1273 2938 2395 2976; baseline 0.001 -9"><span class='ocrx_word' id='word_1_1874' title='bbox 1273 2939 1304 2967; x_wconf 87' lang='lat' dir='ltr'>in</span> <span class='ocrx_word' id='word_1_1875' title='bbox 1316 2948 1434 2976; x_wconf 85' lang='lat' dir='ltr'>corpore</span> <span class='ocrx_word' id='word_1_1876' title='bbox 1444 2938 1528 2968; x_wconf 84' lang='lat' dir='ltr'>efficit</span> <span class='ocrx_word' id='word_1_1877' title='bbox 1541 2945 1641 2968; x_wconf 87' lang='lat' dir='ltr'>cancer</span> <span class='ocrx_word' id='word_1_1878' title='bbox 1655 2939 1775 2968; x_wconf 85' lang='lat' dir='ltr'>morbus.</span> <span class='ocrx_word' id='word_1_1879' title='bbox 1816 2939 1931 2975; x_wconf 82' lang='lat' dir='ltr'>[Quam</span> <span class='ocrx_word' id='word_1_1880' title='bbox 1938 2939 2014 2968; x_wconf 81' lang='lat' dir='ltr'>soeda</span> <span class='ocrx_word' id='word_1_1881' title='bbox 2023 2961 2031 2971; x_wconf 83' lang='lat'>.</span> <span class='ocrx_word' id='word_1_1882' title='bbox 2053 2945 2108 2968; x_wconf 85' lang='lat' dir='ltr'>tam</span> <span class='ocrx_word' id='word_1_1883' title='bbox 2118 2939 2183 2969; x_wconf 84' lang='lat' dir='ltr'>falsa</span> <span class='ocrx_word' id='word_1_1884' title='bbox 2194 2940 2231 2969; x_wconf 86' lang='lat' dir='ltr'>est</span> <span class='ocrx_word' id='word_1_1885' title='bbox 2242 2940 2332 2969; x_wconf 79' lang='lat' dir='ltr'>isthaec</span> <span class='ocrx_word' id='word_1_1886' title='bbox 2342 2952 2395 2971; x_wconf 82' lang='lat' dir='ltr'>no.</span> 
     </span>
     <span class='ocr_line' id='line_1_182' title="bbox 1273 2976 2388 3015; baseline 0.003 -10"><span class='ocrx_word' id='word_1_1887' title='bbox 1273 2977 1356 3005; x_wconf 90' lang='lat' dir='ltr'>minis</span> <span class='ocrx_word' id='word_1_1888' title='bbox 1368 2978 1446 3006; x_wconf 84' lang='lat' dir='ltr'>ratio.</span> <span class='ocrx_word' id='word_1_1889' title='bbox 1479 2978 1499 3005; x_wconf 88' lang='lat' dir='ltr'>A</span> <span class='ocrx_word' id='word_1_1890' title='bbox 1512 2976 1626 3006; x_wconf 88' lang='lat' dir='ltr'>Cancris</span> <span class='ocrx_word' id='word_1_1891' title='bbox 1640 2987 1689 3015; x_wconf 88' lang='lat' dir='ltr'>per</span> <span class='ocrx_word' id='word_1_1892' title='bbox 1705 2976 1922 3006; x_wconf 87' lang='lat' dir='ltr'>diminutionem</span> <span class='ocrx_word' id='word_1_1893' title='bbox 1934 2976 2080 3006; x_wconf 83' lang='lat' dir='ltr'>Cancellos</span> <span class='ocrx_word' id='word_1_1894' title='bbox 2090 2978 2179 3006; x_wconf 71' lang='lat' dir='ltr'>dictos</span> <span class='ocrx_word' id='word_1_1895' title='bbox 2195 2978 2278 3007; x_wconf 84' lang='lat' dir='ltr'>docet</span> <span class='ocrx_word' id='word_1_1896' title='bbox 2287 2978 2388 3008; x_wconf 86' lang='lat' dir='ltr'>Festus.</span> 
     </span>
     <span class='ocr_line' id='line_1_183' title="bbox 1273 3014 2392 3054; baseline 0 -11"><span class='ocrx_word' id='word_1_1897' title='bbox 1273 3014 1329 3043; x_wconf 90' lang='lat' dir='ltr'>Sed</span> <span class='ocrx_word' id='word_1_1898' title='bbox 1340 3014 1449 3043; x_wconf 83' lang='lat' dir='ltr'>causam</span> <span class='ocrx_word' id='word_1_1899' title='bbox 1460 3023 1518 3043; x_wconf 92' lang='lat' dir='ltr'>non</span> <span class='ocrx_word' id='word_1_1900' title='bbox 1532 3015 1611 3044; x_wconf 84' lang='lat' dir='ltr'>addit</span> <span class='ocrx_word' id='word_1_1901' title='bbox 1619 3036 1627 3049; x_wconf 92' lang='lat'>,</span> <span class='ocrx_word' id='word_1_1902' title='bbox 1648 3024 1698 3044; x_wconf 84' lang='lat' dir='ltr'>cur</span> <span class='ocrx_word' id='word_1_1903' title='bbox 1710 3014 1831 3044; x_wconf 89' lang='lat' dir='ltr'>Cancros</span> <span class='ocrx_word' id='word_1_1904' title='bbox 1840 3014 1868 3044; x_wconf 89' lang='lat' dir='ltr'>id</span> <span class='ocrx_word' id='word_1_1905' title='bbox 1879 3022 1966 3052; x_wconf 83' lang='lat' dir='ltr'>genus</span> <span class='ocrx_word' id='word_1_1906' title='bbox 1975 3014 2113 3044; x_wconf 84' lang='lat' dir='ltr'>reticulati</span> <span class='ocrx_word' id='word_1_1907' title='bbox 2128 3014 2279 3052; x_wconf 73' lang='lat' dir='ltr'>saepimenti</span> <span class='ocrx_word' id='word_1_1908' title='bbox 2296 3016 2392 3054; x_wconf 88' lang='lat' dir='ltr'>appel.</span> 
     </span>
     <span class='ocr_line' id='line_1_184' title="bbox 1274 3051 1765 3089; baseline 0.002 -9"><span class='ocrx_word' id='word_1_1909' title='bbox 1274 3051 1392 3080; x_wconf 87' lang='lat' dir='ltr'>laverint</span> <span class='ocrx_word' id='word_1_1910' title='bbox 1402 3052 1518 3089; x_wconf 85' lang='lat' dir='ltr'>antiqui.</span> <span class='ocrx_word' id='word_1_1911' title='bbox 1547 3051 1578 3081; x_wconf 93' lang='lat' dir='ltr'>V.</span> <span class='ocrx_word' id='word_1_1912' title='bbox 1591 3062 1619 3088; x_wconf 65' lang='lat' dir='ltr'>vc:</span> <span class='ocrx_word' id='word_1_1913' title='bbox 1629 3062 1649 3081; x_wconf 88' lang='lat' dir='ltr'>A</span> <span class='ocrx_word' id='word_1_1914' title='bbox 1660 3062 1681 3081; x_wconf 89' lang='lat' dir='ltr'>N</span> <span class='ocrx_word' id='word_1_1915' title='bbox 1689 3060 1706 3081; x_wconf 86' lang='lat' dir='ltr'>c</span> <span class='ocrx_word' id='word_1_1916' title='bbox 1717 3062 1731 3081; x_wconf 76' lang='lat' dir='ltr'>a</span> <span class='ocrx_word' id='word_1_1917' title='bbox 1740 3062 1765 3081; x_wconf 85' lang='lat' dir='ltr'>R.</span> 
     </span>
    </p>

    <p class='ocr_par' dir='ltr' id='par_1_65' title="bbox 1274 3088 2392 3281">
     <span class='ocr_line' id='line_1_185' title="bbox 1274 3088 2392 3128; baseline 0 -10"><span class='ocrx_word' id='word_1_1918' title='bbox 1274 3088 1416 3125; x_wconf 83' lang='lat' dir='ltr'>Ejufinodi</span> <span class='ocrx_word' id='word_1_1919' title='bbox 1428 3089 1546 3119; x_wconf 86' lang='lat' dir='ltr'>cancelli</span> <span class='ocrx_word' id='word_1_1920' title='bbox 1555 3111 1563 3125; x_wconf 94' lang='lat'>,</span> <span class='ocrx_word' id='word_1_1921' title='bbox 1583 3089 1630 3119; x_wconf 88' lang='lat' dir='ltr'>seu</span> <span class='ocrx_word' id='word_1_1922' title='bbox 1641 3089 1718 3128; x_wconf 86' lang='lat' dir='ltr'>septa</span> <span class='ocrx_word' id='word_1_1923' title='bbox 1726 3090 1756 3118; x_wconf 87' lang='lat' dir='ltr'>in</span> <span class='ocrx_word' id='word_1_1924' title='bbox 1768 3088 1829 3118; x_wconf 86' lang='lat' dir='ltr'>foro</span> <span class='ocrx_word' id='word_1_1925' title='bbox 1838 3111 1847 3123; x_wconf 90' lang='lat'>,</span> <span class='ocrx_word' id='word_1_1926' title='bbox 1870 3089 1900 3118; x_wconf 87' lang='lat' dir='ltr'>in</span> <span class='ocrx_word' id='word_1_1927' title='bbox 1911 3090 1986 3118; x_wconf 88' lang='lat' dir='ltr'>circo</span> <span class='ocrx_word' id='word_1_1928' title='bbox 1997 3111 2004 3123; x_wconf 88' lang='lat'>,</span> <span class='ocrx_word' id='word_1_1929' title='bbox 2024 3089 2054 3117; x_wconf 88' lang='lat' dir='ltr'>in</span> <span class='ocrx_word' id='word_1_1930' title='bbox 2062 3088 2253 3124; x_wconf 86' lang='lat' dir='ltr'>tribunalibus,</span> <span class='ocrx_word' id='word_1_1931' title='bbox 2267 3091 2318 3120; x_wconf 60' lang='lat' dir='ltr'>&amp;a</span> <span class='ocrx_word' id='word_1_1932' title='bbox 2331 3090 2392 3121; x_wconf 86' lang='lat' dir='ltr'>fue.</span> 
     </span>
     <span class='ocr_line' id='line_1_186' title="bbox 1293 3125 2392 3165; baseline 0 -10"><span class='ocrx_word' id='word_1_1933' title='bbox 1293 3133 1367 3155; x_wconf 89' lang='lat' dir='ltr'>runt.</span> <span class='ocrx_word' id='word_1_1934' title='bbox 1409 3126 1466 3156; x_wconf 92' lang='lat' dir='ltr'>Cic.</span> <span class='ocrx_word' id='word_1_1935' title='bbox 1476 3137 1527 3165; x_wconf 90' lang='lat' dir='ltr'>pro</span> <span class='ocrx_word' id='word_1_1936' title='bbox 1538 3127 1681 3163; x_wconf 81' lang='lat' dir='ltr'>Sext.124.</span> <span class='ocrx_word' id='word_1_1937' title='bbox 1704 3127 1730 3156; x_wconf 82' lang='lat' dir='ltr'><strong>T</strong></span> <span class='ocrx_word' id='word_1_1938' title='bbox 1731 3135 1811 3156; x_wconf 83' lang='lat' dir='ltr'>antus</span> <span class='ocrx_word' id='word_1_1939' title='bbox 1820 3127 1858 3156; x_wconf 91' lang='lat' dir='ltr'>est</span> <span class='ocrx_word' id='word_1_1940' title='bbox 1868 3136 1903 3156; x_wconf 74' lang='lat' dir='ltr'>ex</span> <span class='ocrx_word' id='word_1_1941' title='bbox 1909 3127 2040 3156; x_wconf 84' lang='lat' dir='ltr'>omnibus</span> <span class='ocrx_word' id='word_1_1942' title='bbox 2048 3125 2209 3164; x_wconf 72' lang='lat' dir='ltr'>spectaculis</span> <span class='ocrx_word' id='word_1_1943' title='bbox 2222 3127 2305 3164; x_wconf 87' lang='lat' dir='ltr'>usque</span> <span class='ocrx_word' id='word_1_1944' title='bbox 2316 3138 2331 3158; x_wconf 93' lang='lat' dir='ltr'>a</span> <span class='ocrx_word' id='word_1_1945' title='bbox 2341 3129 2392 3159; x_wconf 87' lang='lat' dir='ltr'>Ca.</span> 
     </span>
     <span class='ocr_line' id='line_1_187' title="bbox 1294 3164 2391 3202; baseline 0.004 -10"><span class='ocrx_word' id='word_1_1946' title='bbox 1294 3164 1404 3202; x_wconf 91' lang='lat' dir='ltr'>pitoli0,</span> <span class='ocrx_word' id='word_1_1947' title='bbox 1417 3171 1509 3194; x_wconf 82' lang='lat' dir='ltr'>tantus</span> <span class='ocrx_word' id='word_1_1948' title='bbox 1517 3173 1552 3194; x_wconf 83' lang='lat' dir='ltr'>ex</span> <span class='ocrx_word' id='word_1_1949' title='bbox 1562 3165 1612 3194; x_wconf 88' lang='lat' dir='ltr'>fori</span> <span class='ocrx_word' id='word_1_1950' title='bbox 1621 3165 1753 3194; x_wconf 88' lang='lat' dir='ltr'>cancellis</span> <span class='ocrx_word' id='word_1_1951' title='bbox 1764 3164 1874 3202; x_wconf 85' lang='lat' dir='ltr'>plausus</span> <span class='ocrx_word' id='word_1_1952' title='bbox 1881 3165 2025 3198; x_wconf 80' lang='lat' dir='ltr'>excitatus,</span> <span class='ocrx_word' id='word_1_1953' title='bbox 2038 3165 2089 3193; x_wconf 69' lang='lat' dir='ltr'>Sco.</span> <span class='ocrx_word' id='word_1_1954' title='bbox 2111 3164 2144 3192; x_wconf 83' lang='lat' dir='ltr'>Et</span> <span class='ocrx_word' id='word_1_1955' title='bbox 2153 3164 2219 3193; x_wconf 91' lang='lat' dir='ltr'>hinc</span> <span class='ocrx_word' id='word_1_1956' title='bbox 2229 3166 2264 3194; x_wconf 87' lang='lat' dir='ltr'>ad</span> <span class='ocrx_word' id='word_1_1957' title='bbox 2273 3166 2340 3196; x_wconf 88' lang='lat' dir='ltr'>alias</span> <span class='ocrx_word' id='word_1_1958' title='bbox 2347 3177 2391 3196; x_wconf 88' lang='lat' dir='ltr'>res</span> 
     </span>
     <span class='ocr_line' id='line_1_188' title="bbox 1293 3200 2392 3244; baseline 0.003 -13"><span class='ocrx_word' id='word_1_1959' title='bbox 1293 3202 1464 3232; x_wconf 85' lang='lat' dir='ltr'>transfertur:</span> <span class='ocrx_word' id='word_1_1960' title='bbox 1471 3202 1629 3238; x_wconf 83' lang='lat' dir='ltr'>ut,Homini</span> <span class='ocrx_word' id='word_1_1961' title='bbox 1638 3203 1769 3241; x_wconf 86' lang='lat' dir='ltr'>improbo</span> <span class='ocrx_word' id='word_1_1962' title='bbox 1777 3202 1940 3231; x_wconf 81' lang='lat' dir='ltr'>circumdati</span> <span class='ocrx_word' id='word_1_1963' title='bbox 1949 3200 2166 3244; x_wconf 60' lang='lat' dir='ltr'>cancelli.Cic35.</span> <span class='ocrx_word' id='word_1_1964' title='bbox 2175 3202 2276 3239; x_wconf 86' lang='lat' dir='ltr'>Verr.13</span> <span class='ocrx_word' id='word_1_1965' title='bbox 2285 3204 2392 3239; x_wconf 76' lang='lat' dir='ltr'>5.Satis-</span> 
     </span>
     <span class='ocr_line' id='line_1_189' title="bbox 1293 3238 2392 3281; baseline 0.003 -13"><span class='ocrx_word' id='word_1_1966' title='bbox 1293 3249 1332 3268; x_wconf 89' lang='lat' dir='ltr'>ne</span> <span class='ocrx_word' id='word_1_1967' title='bbox 1343 3239 1422 3269; x_wconf 86' lang='lat' dir='ltr'>vobis</span> <span class='ocrx_word' id='word_1_1968' title='bbox 1434 3240 1545 3269; x_wconf 79' lang='lat' dir='ltr'>Praetori</span> <span class='ocrx_word' id='word_1_1969' title='bbox 1557 3241 1686 3278; x_wconf 88' lang='lat' dir='ltr'>improbo</span> <span class='ocrx_word' id='word_1_1970' title='bbox 1694 3239 1858 3269; x_wconf 88' lang='lat' dir='ltr'>circumdati</span> <span class='ocrx_word' id='word_1_1971' title='bbox 1867 3238 1984 3269; x_wconf 85' lang='lat' dir='ltr'>cancelli</span> <span class='ocrx_word' id='word_1_1972' title='bbox 1993 3238 2121 3281; x_wconf 81' lang='lat' dir='ltr'>videntur</span> <span class='ocrx_word' id='word_1_1973' title='bbox 2133 3249 2162 3267; x_wconf 89' lang='lat' dir='ltr'>in</span> <span class='ocrx_word' id='word_1_1974' title='bbox 2172 3239 2217 3268; x_wconf 85' lang='lat' dir='ltr'>sua</span> <span class='ocrx_word' id='word_1_1975' title='bbox 2226 3242 2372 3277; x_wconf 89' lang='lat' dir='ltr'>provincia</span> <span class='ocrx_word' id='word_1_1976' title='bbox 2383 3264 2392 3278; x_wconf 87' lang='lat'>,</span> 
     </span>
    </p>

    <p class='ocr_par' dir='ltr' id='par_1_66' title="bbox 1297 3276 2393 3315">
     <span class='ocr_line' id='line_1_190' title="bbox 1297 3276 2393 3315; baseline 0.003 -9"><span class='ocrx_word' id='word_1_1977' title='bbox 1297 3278 1355 3307; x_wconf 81' lang='lat' dir='ltr'>imo</span> <span class='ocrx_word' id='word_1_1978' title='bbox 1364 3287 1429 3307; x_wconf 90' lang='lat' dir='ltr'>vero</span> <span class='ocrx_word' id='word_1_1979' title='bbox 1438 3278 1467 3307; x_wconf 90' lang='lat' dir='ltr'>in</span> <span class='ocrx_word' id='word_1_1980' title='bbox 1478 3277 1544 3308; x_wconf 86' lang='lat' dir='ltr'>sella</span> <span class='ocrx_word' id='word_1_1981' title='bbox 1551 3288 1584 3308; x_wconf 89' lang='lat' dir='ltr'>ac</span> <span class='ocrx_word' id='word_1_1982' title='bbox 1594 3278 1739 3308; x_wconf 85' lang='lat' dir='ltr'>tribunali:</span> <span class='ocrx_word' id='word_1_1983' title='bbox 1762 3284 1793 3306; x_wconf 92' lang='lat' dir='ltr'>ut</span> <span class='ocrx_word' id='word_1_1984' title='bbox 1800 3283 1847 3306; x_wconf 85' lang='lat' dir='ltr'>aut</span> <span class='ocrx_word' id='word_1_1985' title='bbox 1854 3276 1888 3305; x_wconf 89' lang='lat' dir='ltr'>de</span> <span class='ocrx_word' id='word_1_1986' title='bbox 1899 3276 1946 3305; x_wconf 92' lang='lat' dir='ltr'>suo</span> <span class='ocrx_word' id='word_1_1987' title='bbox 1956 3277 2048 3313; x_wconf 86' lang='lat' dir='ltr'>capite</span> <span class='ocrx_word' id='word_1_1988' title='bbox 2057 3277 2194 3311; x_wconf 78' lang='lat' dir='ltr'>judicium</span> <span class='ocrx_word' id='word_1_1989' title='bbox 2202 3277 2260 3306; x_wconf 86' lang='lat' dir='ltr'>fieri</span> <span class='ocrx_word' id='word_1_1990' title='bbox 2270 3279 2393 3315; x_wconf 87' lang='lat' dir='ltr'>patiatur</span> 
     </span>
    </p>

    <p class='ocr_par' dir='ltr' id='par_1_67' title="bbox 1317 3313 2391 3350">
     <span class='ocr_line' id='line_1_191' title="bbox 1317 3313 2391 3350; baseline 0.003 -6"><span class='ocrx_word' id='word_1_1991' title='bbox 1317 3315 1428 3350; x_wconf 84' lang='lat' dir='ltr'>raesens,</span> <span class='ocrx_word' id='word_1_1992' title='bbox 1450 3317 1603 3346; x_wconf 82' lang='lat' dir='ltr'>accedens:</span> <span class='ocrx_word' id='word_1_1993' title='bbox 1627 3322 1674 3345; x_wconf 84' lang='lat' dir='ltr'>aut</span> <span class='ocrx_word' id='word_1_1994' title='bbox 1683 3315 1846 3345; x_wconf 80' lang='lat' dir='ltr'>confiteatur</span> <span class='ocrx_word' id='word_1_1995' title='bbox 1855 3314 1881 3342; x_wconf 87' lang='lat' dir='ltr'>se</span> <span class='ocrx_word' id='word_1_1996' title='bbox 1892 3313 2022 3343; x_wconf 87' lang='lat' dir='ltr'>omnibus</span> <span class='ocrx_word' id='word_1_1997' title='bbox 2031 3314 2143 3348; x_wconf 86' lang='lat' dir='ltr'>judiciis</span> <span class='ocrx_word' id='word_1_1998' title='bbox 2155 3316 2284 3345; x_wconf 88' lang='lat' dir='ltr'>convinci</span> <span class='ocrx_word' id='word_1_1999' title='bbox 2298 3318 2391 3347; x_wconf 86' lang='lat' dir='ltr'>neces-</span> 
     </span>
    </p>

    <p class='ocr_par' dir='ltr' id='par_1_68' title="bbox 1291 3351 2390 3470">
     <span class='ocr_line' id='line_1_192' title="bbox 1305 3351 2390 3391; baseline 0.001 -10"><span class='ocrx_word' id='word_1_2000' title='bbox 1305 3362 1320 3382; x_wconf 91' lang='lat' dir='ltr'>e</span> <span class='ocrx_word' id='word_1_2001' title='bbox 1331 3352 1395 3382; x_wconf 79' lang='lat' dir='ltr'>esse.</span> <span class='ocrx_word' id='word_1_2002' title='bbox 1425 3353 1442 3383; x_wconf 87' lang='lat' dir='ltr'>i.</span> <span class='ocrx_word' id='word_1_2003' title='bbox 1456 3363 1480 3383; x_wconf 89' lang='lat' dir='ltr'>e.</span> <span class='ocrx_word' id='word_1_2004' title='bbox 1500 3353 1604 3383; x_wconf 87' lang='lat' dir='ltr'>Satisne</span> <span class='ocrx_word' id='word_1_2005' title='bbox 1614 3353 1702 3382; x_wconf 86' lang='lat' dir='ltr'>teneri</span> <span class='ocrx_word' id='word_1_2006' title='bbox 1713 3352 1791 3381; x_wconf 87' lang='lat' dir='ltr'>vobis</span> <span class='ocrx_word' id='word_1_2007' title='bbox 1810 3352 1937 3384; x_wconf 87' lang='lat' dir='ltr'>videtur,</span> <span class='ocrx_word' id='word_1_2008' title='bbox 1959 3360 1994 3380; x_wconf 86' lang='lat' dir='ltr'>ne</span> <span class='ocrx_word' id='word_1_2009' title='bbox 2005 3361 2058 3387; x_wconf 86' lang='lat' dir='ltr'>qua</span> <span class='ocrx_word' id='word_1_2010' title='bbox 2073 3351 2252 3389; x_wconf 78' lang='lat' dir='ltr'>elabipoffit‚</span> <span class='ocrx_word' id='word_1_2011' title='bbox 2272 3355 2340 3391; x_wconf 83' lang='lat' dir='ltr'>quin</span> <span class='ocrx_word' id='word_1_2012' title='bbox 2351 3356 2390 3384; x_wconf 91' lang='lat' dir='ltr'>al.</span> 
     </span>
     <span class='ocr_line' id='line_1_193' title="bbox 1291 3388 2390 3431; baseline 0.003 -12"><span class='ocrx_word' id='word_1_2013' title='bbox 1291 3396 1426 3420; x_wconf 86' lang='lat' dir='ltr'>terutrum</span> <span class='ocrx_word' id='word_1_2014' title='bbox 1442 3391 1568 3421; x_wconf 77' lang='lat' dir='ltr'>fateatur.</span> <span class='ocrx_word' id='word_1_2015' title='bbox 1609 3389 1766 3420; x_wconf 84' lang='lat' dir='ltr'>Translatio</span> <span class='ocrx_word' id='word_1_2016' title='bbox 1778 3389 1884 3426; x_wconf 80' lang='lat' dir='ltr'>sumpta</span> <span class='ocrx_word' id='word_1_2017' title='bbox 1893 3388 1930 3431; x_wconf 74' lang='lat' dir='ltr'>est</span> <span class='ocrx_word' id='word_1_2018' title='bbox 1942 3398 1957 3417; x_wconf 84' lang='lat' dir='ltr'>a</span> <span class='ocrx_word' id='word_1_2019' title='bbox 1971 3388 2081 3424; x_wconf 76' lang='lat' dir='ltr'>bestiis,</span> <span class='ocrx_word' id='word_1_2020' title='bbox 2103 3396 2165 3426; x_wconf 63' lang='lat' dir='ltr'>quse</span> <span class='ocrx_word' id='word_1_2021' title='bbox 2186 3389 2269 3428; x_wconf 86' lang='lat' dir='ltr'>septis</span> <span class='ocrx_word' id='word_1_2022' title='bbox 2286 3394 2312 3421; x_wconf 76' lang='grc' dir='ltr'>δι</span> <span class='ocrx_word' id='word_1_2023' title='bbox 2323 3402 2390 3422; x_wconf 88' lang='lat' dir='ltr'>can-</span> 
     </span>
     <span class='ocr_line' id='line_1_194' title="bbox 1293 3426 2210 3470; baseline -0.007 -12"><span class='ocrx_word' id='word_1_2024' title='bbox 1293 3427 1372 3458; x_wconf 82' lang='lat' dir='ltr'>cellis</span> <span class='ocrx_word' id='word_1_2025' title='bbox 1382 3429 1562 3458; x_wconf 87' lang='lat' dir='ltr'>continentur</span> <span class='ocrx_word' id='word_1_2026' title='bbox 1572 3450 1580 3463; x_wconf 93' lang='lat'>,</span> <span class='ocrx_word' id='word_1_2027' title='bbox 1603 3435 1634 3457; x_wconf 88' lang='lat' dir='ltr'>ut</span> <span class='ocrx_word' id='word_1_2028' title='bbox 1643 3427 1763 3464; x_wconf 73' lang='lat' dir='ltr'>effugere</span> <span class='ocrx_word' id='word_1_2029' title='bbox 1773 3426 1949 3468; x_wconf 37' lang='lat' dir='ltr'>non-posimt.</span> <span class='ocrx_word' id='word_1_2030' title='bbox 2203 3465 2210 3470; x_wconf 25' lang='grc' dir='ltr'>ἱ</span> 
     </span>
    </p>

    <p class='ocr_par' dir='ltr' id='par_1_69' title="bbox 1276 3463 2391 3581">
     <span class='ocr_line' id='line_1_195' title="bbox 1276 3463 2391 3505; baseline 0.004 -10"><span class='ocrx_word' id='word_1_2031' title='bbox 1276 3465 1400 3495; x_wconf 80' lang='lat' dir='ltr'>Scientia</span> <span class='ocrx_word' id='word_1_2032' title='bbox 1410 3466 1539 3496; x_wconf 85' lang='lat' dir='ltr'>cancellis</span> <span class='ocrx_word' id='word_1_2033' title='bbox 1551 3466 1765 3501; x_wconf 81' lang='lat' dir='ltr'>circumscripta.</span> <span class='ocrx_word' id='word_1_2034' title='bbox 1805 3463 1863 3492; x_wconf 85' lang='lat' dir='ltr'>Cic.</span> <span class='ocrx_word' id='word_1_2035' title='bbox 1879 3473 1901 3492; x_wconf 82' lang='lat'>1.</span> <span class='ocrx_word' id='word_1_2036' title='bbox 1913 3463 1948 3492; x_wconf 90' lang='lat' dir='ltr'>de</span> <span class='ocrx_word' id='word_1_2037' title='bbox 1957 3463 2034 3492; x_wconf 83' lang='lat' dir='ltr'>Orat.</span> <span class='ocrx_word' id='word_1_2038' title='bbox 2047 3474 2089 3499; x_wconf 76' lang='lat'>52.</span> <span class='ocrx_word' id='word_1_2039' title='bbox 2111 3464 2183 3494; x_wconf 91' lang='lat' dir='ltr'>Nam</span> <span class='ocrx_word' id='word_1_2040' title='bbox 2195 3466 2274 3502; x_wconf 82' lang='lat' dir='ltr'>liquis</span> <span class='ocrx_word' id='word_1_2041' title='bbox 2281 3468 2335 3497; x_wconf 89' lang='lat' dir='ltr'>erit</span> <span class='ocrx_word' id='word_1_2042' title='bbox 2343 3470 2391 3505; x_wconf 83' lang='lat' dir='ltr'>qui</span> 
     </span>
     <span class='ocr_line' id='line_1_196' title="bbox 1293 3500 2391 3543; baseline 0.003 -11"><span class='ocrx_word' id='word_1_2043' title='bbox 1293 3503 1349 3532; x_wconf 89' lang='lat' dir='ltr'>hoc</span> <span class='ocrx_word' id='word_1_2044' title='bbox 1360 3504 1433 3533; x_wconf 87' lang='lat' dir='ltr'>dicat</span> <span class='ocrx_word' id='word_1_2045' title='bbox 1441 3526 1448 3538; x_wconf 92' lang='lat'>,</span> <span class='ocrx_word' id='word_1_2046' title='bbox 1468 3503 1521 3533; x_wconf 87' lang='lat' dir='ltr'>esse</span> <span class='ocrx_word' id='word_1_2047' title='bbox 1531 3503 1659 3540; x_wconf 88' lang='lat' dir='ltr'>quasdam</span> <span class='ocrx_word' id='word_1_2048' title='bbox 1669 3501 1943 3543; x_wconf 80' lang='lat' dir='ltr'>oratorumprcprias</span> <span class='ocrx_word' id='word_1_2049' title='bbox 1952 3500 2102 3531; x_wconf 79' lang='lat' dir='ltr'>sententias</span> <span class='ocrx_word' id='word_1_2050' title='bbox 2112 3523 2120 3537; x_wconf 88' lang='lat'>,</span> <span class='ocrx_word' id='word_1_2051' title='bbox 2140 3510 2221 3540; x_wconf 78' lang='lat' dir='ltr'>atque</span> <span class='ocrx_word' id='word_1_2052' title='bbox 2232 3504 2324 3535; x_wconf 88' lang='lat' dir='ltr'>causas</span> <span class='ocrx_word' id='word_1_2053' title='bbox 2333 3528 2341 3542; x_wconf 91' lang='lat'>‚</span> <span class='ocrx_word' id='word_1_2054' title='bbox 2363 3509 2391 3537; x_wconf 65' lang='grc' dir='ltr'>ὃ(</span> 
     </span>
     <span class='ocr_line' id='line_1_197' title="bbox 1295 3537 2244 3581; baseline 0 -11"><span class='ocrx_word' id='word_1_2055' title='bbox 1295 3549 1432 3570; x_wconf 87' lang='lat' dir='ltr'>certarum</span> <span class='ocrx_word' id='word_1_2056' title='bbox 1443 3551 1533 3570; x_wconf 88' lang='lat' dir='ltr'>rerum</span> <span class='ocrx_word' id='word_1_2057' title='bbox 1542 3540 1694 3569; x_wconf 82' lang='lat' dir='ltr'>forensibus</span> <span class='ocrx_word' id='word_1_2058' title='bbox 1704 3537 1834 3568; x_wconf 78' lang='lat' dir='ltr'>cancellis</span> <span class='ocrx_word' id='word_1_2059' title='bbox 1843 3538 2078 3581; x_wconf 80' lang='lat' dir='ltr'>circumscriptam</span> <span class='ocrx_word' id='word_1_2060' title='bbox 2091 3539 2244 3570; x_wconf 89' lang='lat' dir='ltr'>scientiam.</span> 
     </span>
    </p>

    <p class='ocr_par' dir='ltr' id='par_1_70' title="bbox 1274 3574 2391 3720">
     <span class='ocr_line' id='line_1_198' title="bbox 1274 3574 2391 3612; baseline 0.001 -5"><span class='ocrx_word' id='word_1_2061' title='bbox 1274 3578 1334 3607; x_wconf 87' lang='lat' dir='ltr'>Sibi</span> <span class='ocrx_word' id='word_1_2062' title='bbox 1344 3578 1483 3608; x_wconf 84' lang='lat' dir='ltr'>cancellos</span> <span class='ocrx_word' id='word_1_2063' title='bbox 1493 3578 1674 3608; x_wconf 81' lang='lat' dir='ltr'>circumdare.</span> <span class='ocrx_word' id='word_1_2064' title='bbox 1715 3575 1773 3604; x_wconf 78' lang='lat' dir='ltr'>Cic-</span> <span class='ocrx_word' id='word_1_2065' title='bbox 1786 3584 1837 3611; x_wconf 85' lang='lat' dir='ltr'>pro</span> <span class='ocrx_word' id='word_1_2066' title='bbox 1848 3575 1946 3612; x_wconf 78' lang='lat' dir='ltr'>Quint.</span> <span class='ocrx_word' id='word_1_2067' title='bbox 1960 3581 2003 3611; x_wconf 85' lang='lat'>36.</span> <span class='ocrx_word' id='word_1_2068' title='bbox 2031 3574 2065 3606; x_wconf 82' lang='lat' dir='ltr'>Et</span> <span class='ocrx_word' id='word_1_2069' title='bbox 2076 3585 2121 3606; x_wconf 88' lang='lat' dir='ltr'>me</span> <span class='ocrx_word' id='word_1_2070' title='bbox 2137 3578 2219 3608; x_wconf 82' lang='lat' dir='ltr'>facilc</span> <span class='ocrx_word' id='word_1_2071' title='bbox 2231 3580 2317 3610; x_wconf 85' lang='lat' dir='ltr'>vestra</span> <span class='ocrx_word' id='word_1_2072' title='bbox 2333 3582 2391 3611; x_wconf 86' lang='lat' dir='ltr'>exi.</span> 
     </span>
     <span class='ocr_line' id='line_1_199' title="bbox 1294 3613 2391 3655; baseline 0.001 -10"><span class='ocrx_word' id='word_1_2073' title='bbox 1294 3616 1449 3646; x_wconf 85' lang='lat' dir='ltr'>stimatione</span> <span class='ocrx_word' id='word_1_2074' title='bbox 1459 3615 1623 3645; x_wconf 87' lang='lat' dir='ltr'>revocabitis</span> <span class='ocrx_word' id='word_1_2075' title='bbox 1636 3636 1644 3649; x_wconf 94' lang='lat'>,</span> <span class='ocrx_word' id='word_1_2076' title='bbox 1666 3614 1684 3642; x_wconf 84' lang='lat' dir='ltr'>si</span> <span class='ocrx_word' id='word_1_2077' title='bbox 1696 3620 1772 3642; x_wconf 77' lang='lat' dir='ltr'>extra</span> <span class='ocrx_word' id='word_1_2078' title='bbox 1781 3613 1832 3641; x_wconf 87' lang='lat' dir='ltr'>hos</span> <span class='ocrx_word' id='word_1_2079' title='bbox 1843 3613 1982 3642; x_wconf 86' lang='lat' dir='ltr'>cancellos</span> <span class='ocrx_word' id='word_1_2080' title='bbox 1994 3614 2088 3651; x_wconf 86' lang='lat' dir='ltr'>egredi</span> <span class='ocrx_word' id='word_1_2081' title='bbox 2099 3615 2221 3646; x_wconf 84' lang='lat' dir='ltr'>conabor</span> <span class='ocrx_word' id='word_1_2082' title='bbox 2232 3639 2240 3652; x_wconf 93' lang='lat'>,</span> <span class='ocrx_word' id='word_1_2083' title='bbox 2263 3627 2332 3655; x_wconf 87' lang='lat' dir='ltr'>quos</span> <span class='ocrx_word' id='word_1_2084' title='bbox 2340 3621 2391 3648; x_wconf 84' lang='lat' dir='ltr'>mi.</span> 
     </span>
     <span class='ocr_line' id='line_1_200' title="bbox 1295 3650 2390 3695; baseline 0.001 -13"><span class='ocrx_word' id='word_1_2085' title='bbox 1295 3653 1325 3682; x_wconf 92' lang='lat' dir='ltr'>hi</span> <span class='ocrx_word' id='word_1_2086' title='bbox 1341 3654 1398 3691; x_wconf 84' lang='lat' dir='ltr'>ipse</span> <span class='ocrx_word' id='word_1_2087' title='bbox 1408 3653 1591 3682; x_wconf 86' lang='lat' dir='ltr'>circumdedi.</span> <span class='ocrx_word' id='word_1_2088' title='bbox 1622 3653 1640 3680; x_wconf 84' lang='lat' dir='ltr'>i.</span> <span class='ocrx_word' id='word_1_2089' title='bbox 1653 3660 1677 3679; x_wconf 90' lang='lat' dir='ltr'>e.</span> <span class='ocrx_word' id='word_1_2090' title='bbox 1699 3650 1781 3679; x_wconf 81' lang='lat' dir='ltr'>Extra</span> <span class='ocrx_word' id='word_1_2091' title='bbox 1790 3650 1819 3679; x_wconf 84' lang='lat' dir='ltr'>id</span> <span class='ocrx_word' id='word_1_2092' title='bbox 1830 3651 1971 3688; x_wconf 77' lang='lat' dir='ltr'>digrediar</span> <span class='ocrx_word' id='word_1_2093' title='bbox 1982 3652 2058 3688; x_wconf 84' lang='lat' dir='ltr'>quod</span> <span class='ocrx_word' id='word_1_2094' title='bbox 2076 3653 2215 3684; x_wconf 74' lang='lat' dir='ltr'>dicturum</span> <span class='ocrx_word' id='word_1_2095' title='bbox 2226 3664 2271 3684; x_wconf 90' lang='lat' dir='ltr'>me</span> <span class='ocrx_word' id='word_1_2096' title='bbox 2285 3664 2390 3695; x_wconf 81' lang='lat' dir='ltr'>propo.</span> 
     </span>
     <span class='ocr_line' id='line_1_201' title="bbox 1295 3690 1492 3720; baseline 0 -1"><span class='ocrx_word' id='word_1_2097' title='bbox 1295 3690 1343 3720; x_wconf 74' lang='lat' dir='ltr'>sui.</span> <span class='ocrx_word' id='word_1_2098' title='bbox 1367 3691 1492 3720; x_wconf 73' lang='lat' dir='ltr'>ssudaeus.</span> 
     </span>
    </p>

    <p class='ocr_par' dir='ltr' id='par_1_71' title="bbox 1276 3724 2390 3838">
     <span class='ocr_line' id='line_1_202' title="bbox 1276 3724 2390 3769; baseline 0.003 -11"><span class='ocrx_word' id='word_1_2099' title='bbox 1276 3728 1400 3758; x_wconf 88' lang='lat' dir='ltr'>Cancelli</span> <span class='ocrx_word' id='word_1_2100' title='bbox 1410 3727 1530 3756; x_wconf 86' lang='lat' dir='ltr'>etiamin</span> <span class='ocrx_word' id='word_1_2101' title='bbox 1542 3726 1612 3761; x_wconf 71' lang='lat' dir='ltr'>agris</span> <span class='ocrx_word' id='word_1_2102' title='bbox 1623 3735 1673 3763; x_wconf 91' lang='lat' dir='ltr'>pro</span> <span class='ocrx_word' id='word_1_2103' title='bbox 1685 3724 1831 3754; x_wconf 89' lang='lat' dir='ltr'>Limitibus</span> <span class='ocrx_word' id='word_1_2104' title='bbox 1842 3732 1936 3755; x_wconf 89' lang='lat' dir='ltr'>erant:</span> <span class='ocrx_word' id='word_1_2105' title='bbox 1958 3727 2069 3756; x_wconf 89' lang='lat' dir='ltr'>termini</span> <span class='ocrx_word' id='word_1_2106' title='bbox 2080 3727 2195 3764; x_wconf 86' lang='lat' dir='ltr'>scilicet,</span> <span class='ocrx_word' id='word_1_2107' title='bbox 2216 3729 2261 3760; x_wconf 86' lang='lat' dir='ltr'>seu</span> <span class='ocrx_word' id='word_1_2108' title='bbox 2273 3730 2390 3769; x_wconf 86' lang='lat' dir='ltr'>lapides,</span> 
     </span>
     <span class='ocr_line' id='line_1_203' title="bbox 1296 3762 2390 3806; baseline 0.004 -11"><span class='ocrx_word' id='word_1_2109' title='bbox 1296 3766 1396 3802; x_wconf 89' lang='lat' dir='ltr'>quibus</span> <span class='ocrx_word' id='word_1_2110' title='bbox 1414 3773 1540 3800; x_wconf 78' lang='lat' dir='ltr'>agrorum</span> <span class='ocrx_word' id='word_1_2111' title='bbox 1555 3763 1623 3792; x_wconf 83' lang='lat' dir='ltr'>fines</span> <span class='ocrx_word' id='word_1_2112' title='bbox 1642 3762 1869 3791; x_wconf 83' lang='lat' dir='ltr'>decernebantur.</span> <span class='ocrx_word' id='word_1_2113' title='bbox 1911 3763 2012 3800; x_wconf 85' lang='lat' dir='ltr'>[Puto,</span> <span class='ocrx_word' id='word_1_2114' title='bbox 2031 3765 2184 3804; x_wconf 85' lang='lat' dir='ltr'>quialignis</span> <span class='ocrx_word' id='word_1_2115' title='bbox 2195 3769 2368 3798; x_wconf 87' lang='lat' dir='ltr'>cancellatim</span> <span class='ocrx_word' id='word_1_2116' title='bbox 2381 3792 2390 3806; x_wconf 89' lang='lat'>,</span> 
     </span>
     <span class='ocr_line' id='line_1_204' title="bbox 1296 3800 1881 3838; baseline -0.005 -6"><span class='ocrx_word' id='word_1_2117' title='bbox 1296 3804 1342 3832; x_wconf 90' lang='lat' dir='ltr'>seu</span> <span class='ocrx_word' id='word_1_2118' title='bbox 1353 3801 1514 3831; x_wconf 69' lang='lat' dir='ltr'>decussatim</span> <span class='ocrx_word' id='word_1_2119' title='bbox 1525 3800 1618 3838; x_wconf 88' lang='lat' dir='ltr'>positis</span> <span class='ocrx_word' id='word_1_2120' title='bbox 1629 3800 1809 3836; x_wconf 56' lang='lat' dir='ltr'>saepiebantur</span> <span class='ocrx_word' id='word_1_2121' title='bbox 1816 3800 1881 3837; x_wconf 85' lang='lat' dir='ltr'>agri.</span> 
     </span>
    </p>

    <p class='ocr_par' dir='ltr' id='par_1_72' title="bbox 1242 3837 2400 4022">
     <span class='ocr_line' id='line_1_205' title="bbox 1242 3837 2394 3879; baseline 0.004 -11"><span class='ocrx_word' id='word_1_2122' title='bbox 1242 3839 1293 3871; x_wconf 86' lang='lat' dir='ltr'>CA</span> <span class='ocrx_word' id='word_1_2123' title='bbox 1302 3850 1323 3869; x_wconf 83' lang='lat' dir='ltr'>N</span> <span class='ocrx_word' id='word_1_2124' title='bbox 1332 3850 1349 3869; x_wconf 89' lang='lat' dir='ltr'>c</span> <span class='ocrx_word' id='word_1_2125' title='bbox 1358 3850 1371 3867; x_wconf 76' lang='lat' dir='ltr'>a</span> <span class='ocrx_word' id='word_1_2126' title='bbox 1382 3850 1397 3867; x_wconf 78' lang='grc' dir='ltr'>ι.</span> <span class='ocrx_word' id='word_1_2127' title='bbox 1406 3849 1446 3867; x_wconf 70' lang='grc' dir='ltr'>ιο</span> <span class='ocrx_word' id='word_1_2128' title='bbox 1459 3861 1466 3873; x_wconf 86' lang='lat'>,</span> <span class='ocrx_word' id='word_1_2129' title='bbox 1488 3842 1542 3867; x_wconf 76' lang='lat' dir='ltr'>are.</span> <span class='ocrx_word' id='word_1_2130' title='bbox 1565 3837 1710 3867; x_wconf 83' lang='lat' dir='ltr'>Cancellos</span> <span class='ocrx_word' id='word_1_2131' title='bbox 1721 3837 1838 3867; x_wconf 86' lang='lat' dir='ltr'>efficere.</span> <span class='ocrx_word' id='word_1_2132' title='bbox 1863 3837 2000 3868; x_wconf 81' lang='lat' dir='ltr'>Columel.</span> <span class='ocrx_word' id='word_1_2133' title='bbox 2020 3839 2070 3870; x_wconf 90' lang='lat' dir='ltr'>lib.</span> <span class='ocrx_word' id='word_1_2134' title='bbox 2083 3851 2110 3876; x_wconf 83' lang='lat'>4.</span> <span class='ocrx_word' id='word_1_2135' title='bbox 2123 3850 2184 3879; x_wconf 90' lang='lat' dir='ltr'>cap.</span> <span class='ocrx_word' id='word_1_2136' title='bbox 2195 3852 2221 3872; x_wconf 91' lang='lat'>2.</span> <span class='ocrx_word' id='word_1_2137' title='bbox 2240 3843 2275 3872; x_wconf 83' lang='lat' dir='ltr'>de</span> <span class='ocrx_word' id='word_1_2138' title='bbox 2286 3844 2339 3873; x_wconf 81' lang='lat' dir='ltr'>vite</span> <span class='ocrx_word' id='word_1_2139' title='bbox 2353 3843 2394 3873; x_wconf 89' lang='lat' dir='ltr'>lo-</span> 
     </span>
     <span class='ocr_line' id='line_1_206' title="bbox 1281 3875 2395 3917; baseline 0.004 -11"><span class='ocrx_word' id='word_1_2140' title='bbox 1281 3887 1367 3914; x_wconf 87' lang='lat' dir='ltr'>quens</span> <span class='ocrx_word' id='word_1_2141' title='bbox 1377 3898 1384 3910; x_wconf 91' lang='lat'>,</span> <span class='ocrx_word' id='word_1_2142' title='bbox 1407 3876 1473 3905; x_wconf 65' lang='lat' dir='ltr'>Herc</span> <span class='ocrx_word' id='word_1_2143' title='bbox 1481 3882 1573 3904; x_wconf 83' lang='lat' dir='ltr'>autem</span> <span class='ocrx_word' id='word_1_2144' title='bbox 1583 3884 1642 3912; x_wconf 78' lang='lat' dir='ltr'>quae</span> <span class='ocrx_word' id='word_1_2145' title='bbox 1653 3880 1712 3904; x_wconf 92' lang='lat' dir='ltr'>toto</span> <span class='ocrx_word' id='word_1_2146' title='bbox 1722 3875 1854 3913; x_wconf 85' lang='lat' dir='ltr'>prostrata</span> <span class='ocrx_word' id='word_1_2147' title='bbox 1866 3885 1991 3914; x_wconf 87' lang='lat' dir='ltr'>corpore,</span> <span class='ocrx_word' id='word_1_2148' title='bbox 2012 3887 2097 3914; x_wconf 88' lang='lat' dir='ltr'>quum</span> <span class='ocrx_word' id='word_1_2149' title='bbox 2109 3880 2223 3909; x_wconf 81' lang='lat' dir='ltr'>inferius</span> <span class='ocrx_word' id='word_1_2150' title='bbox 2234 3881 2318 3909; x_wconf 68' lang='lat' dir='ltr'>ibium</span> <span class='ocrx_word' id='word_1_2151' title='bbox 2331 3891 2395 3917; x_wconf 85' lang='lat' dir='ltr'>qua·</span> 
     </span>
     <span class='ocr_line' id='line_1_207' title="bbox 1280 3912 2394 3952; baseline 0.003 -8"><span class='ocrx_word' id='word_1_2152' title='bbox 1280 3916 1298 3944; x_wconf 86' lang='lat' dir='ltr'>si</span> <span class='ocrx_word' id='word_1_2153' title='bbox 1311 3912 1473 3943; x_wconf 82' lang='lat' dir='ltr'>cancellavit</span> <span class='ocrx_word' id='word_1_2154' title='bbox 1481 3918 1562 3949; x_wconf 81' lang='lat' dir='ltr'>atque</span> <span class='ocrx_word' id='word_1_2155' title='bbox 1570 3913 1702 3946; x_wconf 75' lang='lat' dir='ltr'>irretivit,</span> <span class='ocrx_word' id='word_1_2156' title='bbox 1724 3915 1827 3942; x_wconf 74' lang='lat' dir='ltr'>eratei&#39;n</span> <span class='ocrx_word' id='word_1_2157' title='bbox 1839 3913 1904 3942; x_wconf 82' lang='lat' dir='ltr'>facit</span> <span class='ocrx_word' id='word_1_2158' title='bbox 1914 3936 1921 3946; x_wconf 77' lang='lat'>.</span> <span class='ocrx_word' id='word_1_2159' title='bbox 1943 3916 1968 3943; x_wconf 66' lang='grc' dir='ltr'>οὶ</span> <span class='ocrx_word' id='word_1_2160' title='bbox 1980 3914 2103 3952; x_wconf 85' lang='lat' dir='ltr'>pluribus</span> <span class='ocrx_word' id='word_1_2161' title='bbox 2122 3917 2261 3946; x_wconf 71' lang='lat' dir='ltr'>radicibus</span> <span class='ocrx_word' id='word_1_2162' title='bbox 2279 3919 2350 3946; x_wconf 88' lang='lat' dir='ltr'>inter</span> <span class='ocrx_word' id='word_1_2163' title='bbox 2367 3918 2394 3947; x_wconf 90' lang='lat' dir='ltr'>se</span> 
     </span>
     <span class='ocr_line' id='line_1_208' title="bbox 1280 3949 2400 4022; baseline 0.002 -40"><span class='ocrx_word' id='word_1_2164' title='bbox 1280 3951 1530 3990; x_wconf 77' lang='lat' dir='ltr'>connexisangitur</span> <span class='ocrx_word' id='word_1_2165' title='bbox 1540 3972 1548 3986; x_wconf 85' lang='lat'>‚</span> <span class='ocrx_word' id='word_1_2166' title='bbox 1567 3959 1621 3980; x_wconf 81' lang='lat' dir='ltr'>nec</span> <span class='ocrx_word' id='word_1_2167' title='bbox 1629 3949 1708 3980; x_wconf 77' lang='lat' dir='ltr'>aliter</span> <span class='ocrx_word' id='word_1_2168' title='bbox 1721 3950 1939 4019; x_wconf 58' lang='lat' dir='ltr'>quamFsifrpultis</span> <span class='ocrx_word' id='word_1_2169' title='bbox 1951 3952 2115 3990; x_wconf 82' lang='lat' dir='ltr'>palmitibus</span> <span class='ocrx_word' id='word_1_2170' title='bbox 2127 3964 2250 3991; x_wconf 78' lang='lat' dir='ltr'>gravata,</span> <span class='ocrx_word' id='word_1_2171' title='bbox 2272 3955 2400 4022; x_wconf 38' lang='grc' dir='ltr'>(ἰδῇς-ἰπὶ.</span> 
     </span>
    </p>

    <p class='ocr_par' dir='ltr' id='par_1_73' title="bbox 1887 3997 2376 4022">
     <span class='ocr_line' id='line_1_209' title="bbox 1887 3997 2376 4022; baseline 0.006 -3"><span class='ocrx_word' id='word_1_2172' title='bbox 1887 3997 1904 4019; x_wconf 67' lang='lat' dir='ltr'>a</span> <span class='ocrx_word' id='word_1_2173' title='bbox 2309 4002 2376 4022; x_wconf 89' lang='lat' dir='ltr'>ance</span> 
     </span>
    </p>
   </div>
  </div>
 </body>
</html>
