2641 4187
655 145 695 198 P
730 151 776 199 R
811 150 871 200 ΑΞ
906 149 941 198 F
975 152 1026 201 A
1062 153 1109 201 T
1146 156 1168 204 Ι
1205 154 1254 203 O
1322 158 1445 210 Edit.
1472 160 1870 230 Londin.1735.

71 253 275 299 multiplicium
301 250 527 296 locupletiffimos
546 252 676 294 praestare
703 250 816 294 piifflnt.
845 251 918 294 Lills
936 263 1036 297 1<7i.
1049 252 1106 298 fol.
1130 255 1147 296 †
1169 253 1229 300 [a]

71 303 208 343 Floruit
221 303 337 341 noster
358 301 482 338 saeculo
507 306 611 341 16to‚
640 301 784 337 natione
794 298 994 336 Germanus
1010 329 1019 342 ,
1046 304 1154 348 patria
1164 302 1228 339 So-

73 364 187 390 ranus.
237 351 303 389 Per
329 357 427 387 totos
461 360 573 385 annos
591 360 639 392 40
660 350 708 395 ††
737 360 755 384 a
783 350 896 395 prima
925 349 1156 386 adolescentia
1188 351 1231 386 ad

70 400 245 443 senec‘tam
262 399 389 447 usque,
416 404 553 435 aetatem
575 408 724 434 omnem
745 397 916 433 docendis
939 398 1010 434 aliis
1031 411 1113 435 cum
1142 411 1232 435 voce

74 456 153 487 tum
174 449 306 496 scriptis
328 445 551 494 consumpsit.
599 445 640 483 In
664 445 848 493 publicum
867 445 977 481 edidit
1001 448 1167 494 plurimas
1181 447 1229 484 lu-

75 499 299 535 cubrationes
322 524 332 539 ,
359 496 487 544 quibus
507 495 683 532 veteribus
706 493 852 541 Linguae
871 492 1002 531 Latinae
1027 496 1234 534 Auctoribus

26 591 27 594 Ἴ
72 547 193 585 lucem
208 545 365 587 addidit,
393 556 438 581 ex
450 547 582 578 Terentio
594 544 637 580 sc.
659 544 695 580 &⁷
718 546 852 577 Cicerone
865 541 1058 590 Excerpta,
1087 557 1169 581 cuin
1183 547 1235 581 in-

74 596 327 644 terpretatione
349 594 515 631 locorum
537 592 673 641 aliquot
695 591 927 629 obscurorum
944 593 980 628 in
1000 601 1152 641 utroque
1164 593 1236 630 Au-

74 645 191 686 dore,
238 642 369 691 Lipfiae.
444 641 561 678 Vertit
585 643 622 678 in
650 642 808 690 linguam
838 639 1088 679 Germanicam
1115 643 1238 676 Lutheri

75 693 355 733 commentarios
378 693 414 728 in
441 690 618 728 Genesin:
642 690 733 727 Item
759 689 949 726 Saxoniam
969 693 1108 732 Cranzii,
1144 690 1234 738 Lips.

78 749 184 788 1563.
211 740 358 779 Denato
395 739 543 778 FABRo
579 739 713 787 prodiit
744 737 941 775 Thesaurus
963 751 1044 776 cura
1066 739 1236 776 Filiorum

75 791 248 835 Philippi&
268 793 315 825 Μ.
335 788 522 833 christophori
548 787 635 822 fabri
654 794 757 832 1587.
782 786 843 823 sol.
895 786 970 831 Qui
995 786 1042 835 [b]
1069 788 1151 824 huic
1175 800 1236 824 ex-

74 839 279 889 poliendo,
317 837 522 875 illustrando
541 865 551 879 ‚
599 836 839 883 augendoque
872 836 991 882 postea
1020 849 1145 874 manus
1178 837 1238 873 ad-

60 900 241 930 .m0vere,
268 894 368 924 erant
394 886 578 924 PAULUs
599 885 829 926 Fnimeus,
850 883 1097 922 AUGUSTUS
1122 885 1239 924 Bucu-

77 948 246 979 NERUS,
281 934 490 985 JAconus
533 934 842 975 Tuomsius,
891 933 1239 972 (3001510100-

76 997 159 1024 Rus
186 985 474 1026 CELLARIUS,
501 983 645 1022 ANDR.
681 983 957 1024 STUBELIUS,
985 983 1095 1021 CHR.
1133 983 1239 1021 FAL-

75 1047 274 1077 srssnus,
300 1036 336 1071 &
351 1035 547 1082 postremus
560 1033 726 1069 oninium
746 1032 991 1069 Gssssmus
1010 1036 1020 1064 ἁ
1038 1032 1123 1068 πάνυ.
1150 1032 1239 1070 Cer..

75 1087 179 1122 ratim
198 1095 325 1121 omnes
352 1094 462 1131 eaque
477 1093 570 1130 pene
588 1082 697 1118 animi
716 1082 951 1118 contentione
977 1093 1046 1129 qua
1063 1081 1107 1118 ad
1126 1082 1239 1126 calepi-

42 1170 44 1173 ,
74 1147 149 1169 num
167 1132 461 1181 locupletandum
480 1142 607 1168 eorum
622 1130 780 1176 Majores
794 1129 1022 1173 advolarunt,
1049 1131 1106 1167 sed
1125 1130 1238 1178 dispa-

76 1184 107 1219 ri
122 1183 227 1231 plane
240 1180 398 1219 successu.
446 1179 582 1217 Primus
595 1207 605 1221 ,
619 1186 659 1216 ut
670 1179 861 1220 admonui,
878 1186 950 1215 erat
965 1178 1001 1216 P.
1024 1178 1112 1217 FRA
1123 1192 1146 1216 N
1160 1191 1209 1216 cU
1222 1192 1238 1215 s

74 1229 308 1270 Bescovienfis
333 1228 509 1266 Professor
518 1228 708 1265 Viadrinus
723 1256 732 1270 ,
747 1230 807 1276 qui
816 1227 857 1265 A.
875 1240 887 1263 1
897 1234 978 1266 622.
1004 1228 1238 1277 Spicilegium

75 1281 177 1318 suum
211 1278 347 1316 addidit
374 1279 410 1315 St
436 1277 463 1315 F
473 1288 633 1315 ABRUM
656 1277 824 1314 nonnihil
854 1277 1046 1314 auctiorem
1071 1277 1236 1315 reddidit.

74 1327 245 1368 Proxime
268 1327 421 1376 sequitur
440 1326 680 1364 illustrissinius
692 1338 786 1375 pene
801 1329 967 1363 oninium
986 1326 1017 1364 A
1027 1337 1048 1361 U
1060 1339 1084 1364 G
1093 1339 1116 1363 U
1129 1339 1144 1363 s
1155 1339 1179 1363 Τ
1190 1337 1210 1362 U
1222 1338 1238 1363 s

75 1376 103 1417 Β
116 1389 138 1413 U
149 1390 168 1415 c
178 1390 204 1414 Η
214 1389 240 1413 N
249 1389 269 1413 Ε
281 1389 304 1414 R
314 1389 337 1413 U
348 1389 366 1413 s
377 1404 386 1418 ,
414 1378 477 1424 qui
503 1375 685 1413 Thesauro
718 1375 855 1412 addidit
879 1376 915 1411 &
939 1375 1011 1412 suas
1042 1375 1240 1424 locupleta-

75 1429 192 1466 tiones
216 1428 252 1463 &
269 1426 401 1463 famam
420 1425 516 1462 haud
537 1427 714 1473 exiguam.
767 1424 876 1470 Cujus
895 1427 984 1461 curis
1008 1427 1160 1472 graviter
1178 1424 1239 1462 ad-

74 1476 193 1515 aucus
215 1475 352 1524 prodiit
365 1474 522 1512 Vitemb.
546 1474 677 1522 saepius.
728 1473 770 1512 In
791 1473 818 1511 Β
829 1484 851 1508 U
862 1486 882 1509 c
892 1485 951 1510 HN
963 1486 982 1510 E
994 1486 1016 1510 R
1028 1487 1039 1509 1
1059 1475 1240 1511 laboribus

75 1525 168 1564 nihil
195 1531 269 1562 erat
287 1524 528 1573 querendum,
556 1523 618 1560 nisi
639 1521 739 1571 quod
760 1522 892 1571 aliquid
909 1524 1163 1570 posterioribus
1189 1535 1242 1560 re-

74 1574 180 1624 liquit
194 1573 441 1622 supplendum.
491 1572 669 1610 Nonnihil
689 1573 726 1609 in
735 1572 801 1609 hac
813 1579 912 1620 parte
931 1572 1091 1609 satisfecit
1107 1572 1241 1610 Biblio-

75 1624 163 1674 pola
184 1623 350 1660 honestus
374 1624 436 1672 qui
463 1621 490 1659 Β
502 1633 523 1657 U
536 1634 556 1659 c
569 1634 629 1658 HN
640 1633 694 1659 ER
705 1634 717 1658 1
744 1623 816 1658 vita
844 1621 953 1658 funffi
976 1621 1242 1659 lucubrationes

74 1685 188 1710 novas
204 1685 269 1710 aere
288 1672 458 1713 redemit,
486 1672 522 1708 &
544 1683 628 1708 cum
655 1670 835 1720 Synibolis
853 1669 907 1707 M.
932 1669 1013 1719 JAC
1025 1683 1088 1708 on.
1116 1671 1149 1708 T
1162 1683 1189 1708 H
1201 1683 1242 1708 o-

76 1734 231 1764 MASll,
257 1720 424 1770 M.J0n.
440 1719 510 1758 Go
525 1732 771 1758 'simenem
796 1718 1082 1757 Hermiones
1098 1721 1133 1757 &
1151 1719 1237 1768 JOH.

77 1771 115 1810 V
125 1784 148 1808 o
158 1783 181 1808 R
191 1784 207 1808 s
219 1783 263 1808 TI
274 1784 289 1807 1
310 1770 389 1808 Viri
407 1769 641 1807 Celeberrimi
662 1769 784 1806 denuo
804 1769 943 1806 recudit
962 1776 1064 1815 1672.
1076 1768 1168 1817 Lips.
1178 1768 1239 1806 fol.

74 1819 144 1860 His
166 1820 367 1869 supervenit
403 1819 580 1858 Culusa*
593 1830 680 1856 oen
693 1830 716 1856 0
730 1829 808 1855 RUS
844 1818 1134 1861 CELLARms,
1174 1818 1242 1856 Vir

75 1870 200 1908 nostro
219 1870 404 1917 praeconio
434 1871 567 1916 major,
609 1869 646 1905 &
669 1870 706 1905 in
721 1867 774 1904 his
791 1867 901 1904 literis
917 1867 1239 1905 exercitatiffimus:

76 1920 137 1956 cui
152 1919 229 1956 haec
248 1918 458 1955 demandata
483 1924 556 1955 erat
573 1929 683 1966 opera
702 1924 741 1954 ut
759 1916 786 1954 F
796 1929 954 1954 ABRUM
979 1918 1021 1953 ab
1045 1919 1242 1954 innumeris

75 1968 217 2006 mendis
238 1968 452 2010 vindicaret,
474 1979 557 2005 cuni
575 1968 612 2004 id
638 1967 896 2016 aliquantulum
922 1966 1082 2015 neglexit
1101 1965 1242 2004 Bucii-

76 2029 196 2056 NERU
207 2030 222 2054 s
249 2019 287 2054 in
313 2017 379 2054 suis
405 2016 652 2054 additamentis
680 2015 870 2053 inserendis
892 2018 1004 2064 magis
1033 2023 1239 2064 occupatus,

75 2067 224 2105 Novem
251 2067 360 2115 igitur
385 2065 561 2103 mensibus
576 2068 615 2102 in
633 2077 673 2103 ea
696 2065 848 2113 palaestra
867 2066 1051 2113 insumptis
1070 2093 1080 2107 ,
1106 2065 1242 2113 prodiit

76 2116 313 2155 Cetrium
352 2115 520 2153 industria
552 2127 645 2161 pene
676 2113 842 2163 singulari
879 2114 918 2151 A.
945 2121 1049 2156 1686-
1070 2115 1106 2151 &
1128 2114 1241 2151 rursus

79 2172 188 2210 1691.
209 2171 313 2210 1696.
342 2166 378 2202 &
401 2176 505 2211 1700.
542 2164 624 2202 Post
643 2163 911 2202 CELLARmM
933 2175 1058 2200 manus
1080 2163 1243 2201 admovit

77 2214 142 2254 AN
151 2226 235 2252 DRE
245 2226 269 2251 A
279 2227 294 2251 s
326 2215 348 2252 S
360 2227 385 2252 T
397 2227 419 2251 u
429 2227 449 2251 B
460 2226 480 2251 E
491 2226 563 2251 Liu
572 2226 586 2250 s
601 2226 609 2250 :
637 2215 698 2262 qui
711 2220 837 2261 praeter
859 2212 1092 2250 accessionem
1108 2225 1241 2250 vocum

75 2275 187 2310 7000,
213 2263 397 2301 addiderat
416 2276 493 2312 quae
514 2263 558 2300 ad
570 2265 771 2311 marginem
789 2262 838 2299 sui
857 2262 940 2299 libri
965 2263 1032 2304 (in
1045 2261 1242 2299 Bibliothe-

76 2326 157 2351 cam
173 2313 246 2351 Ser.
266 2312 372 2351 Elecl.
395 2312 501 2350 Palat.
522 2325 607 2350 cum
621 2312 696 2349 aliis
716 2312 795 2360 post
811 2312 879 2348 fata
901 2311 1061 2347 Austoris
1085 2313 1241 2359 migran-

77 2364 147 2408 tis)
172 2362 351 2400 adleverat
367 2363 421 2398 vir
434 2361 726 2410 praestantillimus
743 2360 773 2410 J.
797 2360 829 2398 G
841 2372 861 2397 Ε
874 2372 897 2397 o
909 2372 932 2396 R
943 2372 977 2397 G.
1004 2359 1111 2398 Gnffi
1123 2374 1144 2397 v
1155 2374 1167 2398 1
1177 2373 1200 2398 u
1210 2373 1240 2398 s:

76 2413 140 2461 qui
158 2423 276 2462 neque
292 2413 331 2448 in
355 2411 429 2449 hoc
450 2411 632 2449 literarum
660 2411 764 2448 laude
785 2409 957 2447 studiosos
984 2409 1158 2447 demereri
1180 2410 1241 2447 de-

76 2462 205 2499 stituit:
231 2462 320 2498 item
340 2460 482 2504 Arufiani
497 2460 590 2504 Meffi
603 2462 711 2508 primi
733 2460 870 2498 ordinis
895 2458 940 2496 V.
950 2458 993 2497 C.
1019 2457 1093 2498 CR.
1111 2459 1240 2497 Comi-

75 2513 121 2549 tis
137 2510 312 2559 Exempla
332 2510 564 2548 locutionum
579 2521 626 2546 ex
647 2510 787 2557 Virgilio,
802 2509 947 2552 Sullrssio.
975 2511 1107 2543 Terentio
1120 2537 1129 2551 ,
1157 2512 1239 2543 Cice-

75 2573 144 2596 rone
165 2571 229 2608 per
244 2560 361 2596 literas
381 2560 524 2607 digesta.
550 2558 690 2597 Prodiit
710 2561 749 2596 in
771 2557 955 2606 publicum
969 2557 1069 2595 usum
1085 2557 1237 2603 A.1710.

16 2638 19 2647 .
75 2609 138 2647 fol.
150 2610 187 2646 &
197 2610 311 2647 rursus
329 2609 381 2647 A.'
395 2622 458 2655 171
467 2620 500 2654 7.
528 2607 570 2655 [c]
598 2608 765 2655 adjunctis
788 2607 957 2657 symbolis
971 2606 995 2655 J
1005 2617 1028 2642 o
1041 2617 1134 2643 Acri.
1151 2606 1239 2656 JUR-

56 2669 57 2672 ¹
76 2668 209 2695 GENH
238 2659 274 2695 &
293 2658 494 2695 incredibili
521 2657 673 2696 auctario
696 2670 829 2695 vocum
851 2668 945 2704 pene
971 2668 1104 2693 20000.
1152 2657 1240 2694 Pro-

77 2708 144 2745 diit
161 2707 316 2757 denique
340 2708 496 2752 Thefiiurus
512 2706 688 2742 Eruditionis
704 2707 875 2752 Scholqfticae
892 2709 1022 2740 omnium
1044 2707 1111 2749 usiu'
1125 2705 1164 2747 (ς’
1182 2706 1238 2748 difi

75 2756 186 2800 ciplimk
206 2756 333 2792 omnibus
351 2757 596 2798 accommodatius,
623 2759 681 2802 pqst
703 2755 966 2791 Celeberrimorum
989 2757 1123 2788 virorum
1144 2755 1238 2789 Buch-

73 2809 165 2848 mri,
191 2806 307 2841 Cellarii
319 2831 330 2848 ,
358 2807 473 2841 Graevii
488 2816 587 2850 operas
615 2805 653 2847 &¹
671 2805 889 2846 adnotationes,
923 2803 1152 2848 &multiplices
1172 2807 1238 2838 An-

75 2853 152 2890 dreae
167 2853 294 2892 Stubelii
313 2867 402 2891 curas
417 2879 429 2897 ,
453 2854 618 2899 recensitus,
651 2855 816 2890 emendatus
827 2877 836 2892 ,
873 2851 912 2894 &¹
929 2853 1112 2897 locupletatus
1130 2867 1148 2888 a
1164 2852 1236 2902 Jo.

109 2988 155 3025 [a]
176 2988 300 3019 Multum
311 2989 346 3019 ad
356 2989 413 3020 hoc
427 2999 499 3029 opus
513 2988 636 3019 contulit
650 2988 671 3019 F
680 2999 724 3018 AB
733 2999 767 3018 izi
789 2988 918 3018 sobrinus
938 2986 1049 3015 Michael
1060 2986 1177 3014 Neander
1188 2985 1238 3018 So-

75 3036 160 3057 ranus
181 3028 265 3057 trium
286 3027 441 3065 linguarum
459 3028 622 3065 cognitione
644 3027 753 3061 clarus,
785 3027 831 3065 qui
859 3026 981 3056 scholam
1004 3024 1183 3054 llfeldensem
1207 3026 1238 3054 in

71 3064 199 3095 faucibus
214 3064 297 3103 sylvae
310 3065 451 3095 Herciniae
469 3075 519 3104 per
539 3076 576 3101 40
599 3075 689 3095 annos
705 3066 776 3095 rexit
795 3066 831 3095 de
842 3065 994 3094 Christiana
1009 3064 1156 3098 juventute
1164 3064 1238 3100 opti.

70 3112 121 3178 }ne
137 3103 262 3134 meritus.
312 3103 378 3139 Ejus
399 3113 486 3143 opera
499 3126 507 3139 ‚
529 3104 650 3141 plurima
673 3103 737 3132 sane
754 3105 781 3133 &
798 3101 1014 3141 praestantissima
1031 3100 1155 3130 recenset
1173 3101 1240 3138 1εῇ-

85 3150 157 3168 ‘7125-
449 3154 450 3157 ¹

112 3177 159 3215 [b]
178 3175 284 3208 Mirum
303 3178 360 3214 est,
378 3178 409 3208 in
423 3187 506 3216 quam
523 3178 629 3209 diversa
649 3179 751 3209 abeant
768 3178 877 3209 Eruditi
901 3178 937 3208 de
950 3176 1046 3207 Lexici
1070 3175 1152 3211 hujus
1170 3185 1241 3213 prae-

74 3215 183 3252 stantia,
218 3215 391 3254 Subiunga'm
410 3217 492 3247 duos.
532 3216 622 3247 Verba
641 3226 754 3247 mecum
767 3216 922 3255 perpende.
962 3216 982 3230 “
1002 3213 1156 3244 Plurimum
1175 3213 1240 3249 abest

74 3253 98 3269 “
116 3254 133 3293 s
146 3253 218 3281 Fabri
232 3254 396 3291 Thesaurus]
428 3254 460 3282 ab
469 3264 499 3282 ea
514 3264 591 3291 quam
603 3257 630 3282 in
642 3258 702 3282 Foro
721 3259 829 3283 Romano
841 3256 980 3292 Jchamus
1000 3251 1167 3289 P‘Vfi'ffiOM·
1185 3251 1240 3280 im-

75 3291 98 3307 “
115 3291 242 3322 mensum
261 3298 396 3329 quantum
413 3302 429 3322 a
447 3293 550 3322 virtute
569 3291 756 3322 consummati
776 3292 869 3322 Lexici
881 3314 889 3328 ‚
918 3292 1010 3328 primo
1026 3289 1103 3327 quod
1119 3287 1239 3326 plurima

75 3329 99 3345 ‘⁶
116 3329 164 3360 hic
175 3330 327 3365 deficiant,
346 3329 489 3366 secundo,
511 3331 588 3367 quod
604 3330 742 3368 plurima,
760 3330 1030 3363 licetinveniantur‚
1052 3325 1131 3355 nullo
1142 3332 1237 3355 tamen

76 3367 99 3382 “
117 3366 233 3398 laudato
253 3368 391 3404 Auctore,
411 3368 598 3406 suspicionem
613 3368 772 3398 barbarismi
792 3368 950 3405 legentibus
971 3371 1119 3399 moveant,
1141 3365 1237 3400 tertio,

77 3404 99 3420 “
119 3405 194 3442 quod
213 3405 334 3444 plurima
354 3405 468 3439 barbara
499 3406 556 3436 {ine
576 3408 764 3445 praemonitu,
793 3405 891 3435 lestori
917 3404 1003 3434 crude
1028 3402 1212 3431 detrudantur
1227 3423 1237 3437 ‚

77 3443 99 3458 “
117 3449 224 3480 quarto,
242 3443 318 3481 quod
329 3444 358 3473 in
369 3444 572 3480 quantitatibus
588 3454 688 3482 magna
699 3444 923 3482 deprehendatur
934 3442 1089 3471 sinisteritas
1099 3461 1107 3475 ‚
1124 3441 1196 3469 adeo
1206 3446 1238 3469 ut

77 3480 98 3500 “
115 3480 168 3510 hac
179 3487 256 3518 parte
266 3480 334 3518 longe
345 3482 414 3518 infra
430 3484 613 3510 Decimasorem
626 3483 717 3519 censeri
726 3489 863 3512 mereatur,
874 3481 889 3493 ’³
928 3479 1077 3508 Borrichius.

112 3518 134 3534 “
153 3518 310 3549 Thesaurus
321 3518 424 3549 Latinae
445 3519 559 3556 Linguae
581 3520 699 3549 Roberti
711 3519 845 3556 Stephani
857 3520 883 3548 Sc
907 3522 994 3545 Forum
1010 3520 1145 3544 Romanum
1160 3514 1238 3545 Caelii

76 3555 98 3571 “
118 3555 242 3586 Secundi
254 3556 383 3589 Curionis
402 3574 477 3579 -—
496 3556 606 3594 Quibus
622 3557 724 3587 merito
741 3564 874 3593 anteponas
887 3554 1031 3584 Basiliense
1052 3552 1183 3582 Lexicon.
1206 3557 1237 3580 In

76 3593 98 3608 “
117 3594 190 3622 Fabri
203 3595 325 3631 Thesauro
333 3595 390 3631 pluo
402 3595 513 3622 doc‘lrinae
523 3595 557 3631 est
568 3615 575 3625 ‚
594 3596 640 3624 cui
653 3597 764 3632 copiam
776 3617 785 3630 ,
805 3594 891 3623 decus
900 3615 908 3628 ‚
919 3593 1015 3622 limam
1026 3591 1136 3620 addidit
1147 3591 1237 3628 singu-

76 3630 99 3646 “
119 3630 181 3661 laris
188 3631 356 3662 industria&
366 3633 490 3662 doctrina
500 3633 541 3662 Cl.
553 3632 693 3662 Buchneri
701 3633 748 3670 qui
762 3642 798 3661 ex
807 3631 940 3668 opusculo
949 3638 1020 3668 opus
1031 3629 1117 3658 dedit.
1132 3630 1238 3658 Boecler.

111 3669 155 3704 [c]
175 3669 282 3699 Eodem
293 3679 368 3699 anno
380 3671 485 3708 prodiit
498 3670 520 3700 C
531 3680 552 3700 H
560 3680 577 3699 R
585 3682 595 3699 1
604 3681 616 3700 s
625 3681 645 3699 T
655 3681 694 3700 οι)
702 3681 723 3700 H
733 3680 750 3699 o
760 3680 777 3699 a
786 3681 795 3698 1
814 3669 836 3699 F
845 3679 865 3698 A
874 3681 889 3697 ι,
898 3679 910 3698 s
921 3679 939 3697 >r
948 3678 961 3697 ις
971 3678 988 3696 a
997 3678 1007 3695 i
1039 3666 1235 3702 Supplementum

72 3709 166 3735 Latina
183 3710 280 3744 Lingua
292 3728 300 3741 ‚
321 3709 382 3735 Sive
393 3727 401 3740 ‚
416 3708 612 3745 Observationes
621 3710 657 3736 ad
667 3710 769 3736 Lexicon
787 3707 1046 3734 Fabro-Cellarianum
1057 3723 1064 3734 ‚
1086 3705 1155 3736 cujus
1167 3704 1231 3733 mille

69 3745 168 3782 aliquot
182 3745 271 3772 lacuna
283 3754 315 3771 ex
329 3745 468 3772 auctoribus
481 3756 557 3773 aurea
569 3767 578 3779 ,
600 3754 717 3782 argentea
731 3745 765 3778 &0
783 3755 845 3772 anst
858 3746 935 3770 aratis
951 3743 1096 3779 supplentur
1106 3761 1113 3773 ‚
1132 3741 1231 3773 adjelia

101 3805 121 3840 †
141 3803 478 3841 Borrichiusinnppend.
495 3804 532 3833 de
544 3804 656 3834 Lexicis
669 3814 731 3842 pag.
744 3807 789 3839 4⁶·
804 3811 863 3831 non
875 3800 970 3839 Lipsiae
980 3822 987 3836 ‚
1010 3801 1056 3829 sed
1071 3798 1231 3836 Erphordiae

68 3841 142 3872 hanc
156 3841 310 3872 editionem
320 3842 452 3879 prodiisse
464 3842 559 3871 docet.
581 3842 669 3871 Aliam
681 3840 846 3879 Lipsiensem
856 3861 864 3874 ‚
878 3845 947 3868 tunc
966 3839 1098 3877 primum,
1119 3837 1229 3875 opinor,

68 3879 209 3910 Buchneri
219 3888 285 3909 cura
304 3879 465 3909 recensitam
479 3889 512 3909 ac
521 3879 730 3918 locupletatam,
740 3879 776 3908 ad
789 3888 897 3908 annum
912 3881 992 3913 1⁶55-
1003 3876 1102 3912 rejicit.

71 3944 74 3945 .
104 3917 144 3954 -Η
165 3921 209 3953 36.
222 3917 345 3946 Borrich.
357 3916 376 3946 1.
388 3924 552 3947 memorato.

103 3955 479 4031 Qstfififfialiiiaizffiat
489 3991 726 4029 Borxichius‚cum
739 4001 800 4022 non
809 4001 859 4022 eos
869 3990 1005 4022 duntaxat
1017 3988 1145 4019 aut‘tores
1156 3995 1232 4018 com-

2379 184 2439 236 19

1289 258 1469 296 MATTHIA
1506 265 1701 310 Gesxrn03
1733 264 1823 313 Lips.
1848 275 1948 312 1726.
1972 267 2032 303 fol.
2062 271 2113 315 †††
2137 272 2197 319 qui
2212 283 2301 318 opus
2318 271 2439 307 adhoc

1287 309 1385 362 quod
1405 310 1511 348 hodie
1528 314 1764 361 conspicimus
1778 314 1918 351 culinen
1935 318 2081 353 feliciter
2095 320 2264 365 produxit
2278 348 2287 360 ,
2311 323 2343 355 ὃς
2361 332 2438 355 om-

1288 367 1345 411 nia
1367 369 1443 409 quse
1465 363 1506 396 ab
1527 363 1756 399 eruditillimo
1786 363 2061 411 Lexicograplio
2090 370 2208 415 reique
2225 368 2364 405 Criticae
2380 380 2439 413 pe-

1289 405 1447 461 ritislimo
1475 413 1645 455 expectari
1674 419 1849 459 poterant,
1876 415 2013 459 optime
2041 416 2075 450 &
2103 415 2249 453 fideliter
2279 417 2441 464 praestitit.

1289 453 1406 508 Quale
1421 454 1455 489 id
1471 455 1530 497 sit,
1557 459 1635 495 vide
1658 469 1780 506 prietes
1800 461 2040 507 praefationem
2054 463 2231 506 Auctoris,
2255 469 2286 510 J.
2302 465 2371 498 Chr.
2387 468 2440 498 Co-

1288 499 1341 533 Iert
1360 501 1663 560 Antholog3toin.
1694 521 1718 544 1.
1739 509 1846 545 lascic.
1868 521 1896 554 3.
1913 522 1946 557 p.
1968 522 2044 553 172.
2075 514 2109 547 &
2137 513 2304 546 Walchium
2327 525 2441 559 nuper

1290 548 1452 604 allatum,
1480 565 1540 607 qui
1562 566 1597 588 in
1619 554 1796 592 Thesauro
1826 557 1965 595 Fiam
2016 559 2066 595 lus
2083 560 2308 597 deleribendo
2318 562 2442 607 11103111-

1292 604 1334 633 tit
1355 610 1461 644 quam
1485 613 1522 636 iii
1546 605 1677 638 caeteris
1711 607 1885 643 omnibus.
1960 570 2067 644 1111110
2096 611 2202 655 igitur
2226 609 2441 646 Thr—laurum

1292 656 1378 692 pace
1398 648 1533 701 Borrithii
1555 654 1623 683 Foro
1640 655 1780 694 Romano,
1803 656 1922 688 Boecleri
1942 656 2088 691 Ludovico
2106 661 2193 691 Ludo
2213 658 2324 694 audax
2347 666 2443 694 ante-

1291 705 1417 751 pono,
1445 697 1523 738 usu,
1551 698 1749 735 eruditione
1766 727 1776 741 ,
1813 714 1963 750 curaque
1991 707 2121 741 caeteris
2156 717 2247 753 pene
2275 708 2441 743 omnibus

1292 742 1434 799 Lex-ucis
1457 745 1567 791 longe
1593 748 1957 794 commendatiorem,
1982 755 2017 789 in
2041 756 2159 801 paucis
2184 762 2300 791 tamen
2323 767 2442 790 emcn-

1291 791 1366 827 dari
1387 793 1501 829 adhuc
1522 792 1784 832 desiderantem.
1833 797 1925 834 Nam
1945 801 2028 837 duni
2058 803 2245 839 Primitivis
2269 803 2443 840 Derivati-

1292 851 1335 876 va
1350 868 1360 881 ,
1386 842 1616 896 Simplicibus
1629 843 1837 890 Composita
1861 847 2035 891 adtexuit,
2055 851 2152 898 quod
2165 854 2310 888 mininie
2324 852 2441 893 laudo,

1292 889 1336 924 ad
1358 901 1435 926 eam
1452 891 1686 928 necessitatem
1704 892 1917 935 detruditur,
1943 905 1982 932 ut
2000 910 2103 935 voees
2124 900 2313 948 aliquando
2341 900 2443 936 obso-

1293 937 1399 980 letas,
1427 939 1619 987 aliquando
1640 940 1797 982 Graecas,
1826 942 2014 990 aliquando
2041 958 2130 993 pene
2150 961 2214 996 pro
2242 951 2387 997 ingenio
2405 949 2442 984 11-

1294 986 1362 1022 etas
1382 999 1449 1043 pro
1473 991 1612 1035 generis
1637 990 1672 1025 &
1694 989 1833 1026 familiae
1863 994 1976 1038 capite
2003 994 2096 1031 sistat.
2157 997 2339 1034 Lectoreni
2360 998 2443 1033 inde

1294 1046 1358 1082 per
1379 1040 1551 1073 incuriam
1569 1037 1760 1086 aliquando
1783 1039 1827 1075 ad
1849 1039 1966 1086 plures
1989 1043 2120 1079 radices
2139 1046 2298 1082 amandat
2320 1046 2443 1082 deuna

1294 1095 1386 1121 voce
1405 1085 1648 1134 quaesiturum:
1676 1086 1866 1135 aliquando
1887 1088 2038 1127 destituit
2070 1092 2105 1127 <Sc
2121 1092 2243 1129 deserit
2262 1096 2295 1130 in
2316 1103 2442 1131 totum.

1295 1131 1394 1170 Loca
1412 1135 1593 1172 0061010111
1612 1147 1688 1171 1100
1712 1148 1752 1172 ea
1772 1148 1853 1173 cura
1872 1144 1930 1173 aut
1944 1138 2012 1175 fide
2032 1149 2203 1187 perpetuo
2219 1154 2284 1189 qua
2302 1154 2361 1189 par
2373 1151 2444 1179 erat

1295 1181 1465 1237 admista,
1494 1185 1698 1233 caeterasque
1718 1185 1909 1222 istiusmodi
1932 1189 2095 1224 minutias
2110 1216 2118 1230 ,
2146 1201 2212 1236 pro
2228 1194 2327 1226 tantis
2344 1193 2446 1227 ineri-

1295 1236 1339 1267 tis
1357 1232 1458 1269 facile
1480 1233 1737 1269 condonamus.
1787 1233 1925 1271 Prodiit
1945 1248 2089 1285 quoque
2108 1236 2444 1285 Epitome'shelauri

1295 1278 1322 1317 F
1331 1290 1441 1317 Anni
1467 1280 1558 1330 Lips.
1575 1294 1676 1328 1594.
1699 1283 1736 1318 &
1760 1281 1990 1334 Heidelberg.
2013 1292 2112 1327 1608.

1333 1386 1417 1429 Edits'ei
1435 1387 1567 1430 Smin.
1626 1378 1676 1416 Ut
1692 1380 1836 1418 tandein
1855 1382 1899 1418 ad
1925 1393 2073 1429 operam
2106 1382 2260 1419 nostram
2281 1390 2382 1439 atque
2404 1386 2447 1422 ad

1288 1422 1413 1497 fif‘sasm
1431 1426 1569 1453 ”mdmm-
1588 1426 1728 1475 hujusce
1760 1428 1935 1467 Editionis
1962 1431 2173 1468 methodum
2207 1433 2242 1468 &
2276 1440 2447 1471 rationem

1340 1470 1420 1530 1⁹735·
1589 1477 1817 1516 deveniamus
1836 1507 1846 1522 ,
1884 1479 1970 1516 scire
2003 1481 2118 1517 avebit
2144 1480 2270 1518 Lestor
2295 1482 2447 1519 eruditus

1296 1522 1383 1572 quid
1399 1530 1535 1561 tantum
1551 1527 1630 1573 post
1649 1527 1835 1564 molimina
1853 1532 1924 1563 Car.
1961 1527 2008 1575 [d]
2044 1530 2079 1565 δε
2096 1533 2174 1564 Hm.
2192 1530 2342 1573 Stephani,
2374 1533 2449 1565 Mil-

1295 1575 1374 1613 toni,
1398 1573 1619 1617 Baliolenfium,
1647 1578 1759 1621 Kusteri
1782 1577 1955 1625 denique,
1993 1585 2273 1626 caeterorumque
2292 1580 2351 1627 qui
2380 1581 2450 1615 ani-

1298 1633 1399 1658 mum
1420 1621 1463 1658 ad
1477 1622 1569 1659 hanc
1582 1623 1780 1672 ipsiffimam
1800 1626 2050 1674 professionem
2062 1627 2286 1663 adverterunt
2301 1656 2309 1669 ,
2337 1628 2353 1670 ζ
2364 1640 2450 1676 quo-

1296 1681 1376 1706 rum
1402 1677 1521 1708 tamen
1541 1673 1612 1710 fere
1631 1675 1793 1711 omnium
1815 1675 1953 1712 labores
1975 1677 2161 1723 intercepit
2180 1675 2235 1712 vel
2256 1678 2362 1713 latum
2387 1679 2451 1713 im-

1297 1726 1476 1757 maturum
1491 1749 1501 1762 ,
1528 1721 1586 1758 vel
1603 1723 1727 1770 injuria
1752 1726 1949 1772 temporis)
1987 1725 2023 1760 80
2040 1736 2106 1761 nos
2130 1723 2192 1772 ipsi
2214 1726 2447 1771 praestitimus,

1299 1769 1335 1804 δε
1351 1769 1537 1824 praestitisse
1559 1772 1601 1808 ab
1622 1772 1695 1808 aliis
1718 1773 1896 1810 voluimus
1914 1773 2071 1820 intelligi.
2099 1772 2184 1810 Haec
2201 1785 2273 1809 non
2287 1774 2351 1810 else
2363 1774 2452 1822 sigil-

1298 1817 1396 1853 latim
1419 1819 1460 1872 Ἰ80
1481 1821 1617 1857 minute
1643 1820 1868 1858 describenda
1882 1850 1891 1864 ,
1926 1833 2007 1859 cum
2025 1835 2063 1858 ea
2092 1823 2322 1870 unusquisque
2344 1823 2452 1859 lector

1296 1877 1389 1922 pene
1408 1869 1469 1904 luo
1490 1870 1564 1914 jure
1587 1870 1625 1906 in
1645 1870 1705 1907 tali
1730 1882 1767 1907 re
1788 1873 1978 1920 praecipere
2000 1871 2156 1908 videatur
2170 1899 2180 1913 ,
2217 1872 2253 1907 &
2272 1871 2363 1920 quali
2389 1884 2452 1908 no-

1298 1917 1351 1952 bis
1373 1916 1625 1965 praescri'pfisse,
1652 1920 1689 1955 in
1706 1921 1827 1962 initio,
1855 1921 2070 1957 monuimus.
2111 1920 2223 1957 Pauca
2235 1927 2352 1957 tamen
2364 1920 2450 1962 sunt,

1296 1975 1375 2014 quae
1392 1968 1510 2013 paucis
1531 1967 1795 2005 declarabimus.

1369 2013 1726 2064 Lexicographoruni
1753 2017 1871 2055 Gente
1887 2045 1897 2059 ,
1924 2025 1964 2055 ut
1983 2017 2156 2059 vidimus,
2181 2019 2216 2054 in
2249 2017 2332 2054 duas
2361 2018 2451 2066 quasi

1296 2063 1441 2100 familias
1464 2064 1566 2101 divisa
1577 2094 1585 2107 ,
1609 2077 1758 2114 quarum
1779 2079 1847 2103 una
1864 2066 1886 2103 S
1898 2077 1948 2102 TE
1962 2076 1978 2099 P
1989 2078 2013 2101 H
2024 2077 2077 2102 AN
2090 2078 2109 2102 u
2122 2078 2151 2102 M
2167 2094 2175 2108 ,
2203 2065 2318 2103 Firmi
2330 2077 2388 2102 UM
2404 2068 2451 2103 al-

1297 2120 1369 2149 tera
1387 2113 1566 2150 auctorem
1586 2115 1712 2157 habet,
1740 2118 1895 2164 primuni
1915 2118 2079 2152 omnium
2099 2116 2136 2152 id
2154 2117 2256 2152 nobis
2279 2116 2386 2153 visum
2406 2117 2452 2154 est

1297 2163 1623 2200 commodiffimum
1638 2193 1647 2206 ,
1674 2164 1768 2213 siqua
1785 2167 1922 2202 ratione
1946 2171 2005 2201 aut
2032 2171 2103 2201 arte
2126 2163 2161 2201 id
2189 2172 2327 2212 poterat
2357 2166 2447 2207 lieri,

1296 2217 1336 2248 ut
1352 2210 1460 2248 essent
1483 2214 1520 2248 in
1537 2214 1659 2250 nostro
1678 2215 1820 2258 Thefizuro
1841 2214 1917 2250 haec
1940 2214 2012 2250 duo
2033 2213 2176 2250 consilia
2195 2216 2451 2251 communione

1297 2260 1450 2309 quadam
1468 2262 1559 2298 inter
1584 2262 1616 2299 se
1644 2263 1839 2309 coniuncta.
1890 2261 1939 2299 Ea
1962 2269 2081 2298 mente
2108 2270 2206 2299 erant
2225 2274 2350 2309 operae,
2368 2275 2451 2311 quas

1296 2311 1333 2345 in
1353 2311 1445 2344 Fabro
1463 2311 1695 2348 reformando
1721 2311 1978 2359 insumpserunt
1995 2311 2071 2349 Viri
2085 2311 2340 2358 praestantissinii
2353 2340 2361 2352 ,
2387 2324 2452 2348 no-

1296 2358 1351 2395 bis
1371 2359 1595 2397 conferendae
1620 2367 1725 2409 atque
1745 2360 1954 2409 digerendae.
2015 2360 2242 2398 Contulinius
2261 2362 2297 2396 Sc
2319 2360 2452 2407 digess-

1294 2419 1385 2445 mus.
1436 2407 1651 2446 Dolenduni
1686 2416 1777 2452 erat,
1804 2409 2078 2447 commoditates
2108 2421 2192 2457 quas
2210 2410 2264 2446 vel
2287 2410 2370 2446 hinc
2395 2410 2452 2446 vel

1293 2456 1377 2493 inde
1393 2468 1518 2505 capere
1539 2458 1789 2506 potuissemus,
1829 2458 1925 2495 nulla
1943 2457 2139 2495 neceffitate
2163 2458 2299 2495 distrahi
2325 2460 2360 2494 Sc
2386 2458 2449 2494 dis-

1294 2507 1401 2553 cerpi.
1443 2506 1698 2545 Concludendi
1717 2510 1835 2556 itaque
1853 2508 2004 2544 erant&
2033 2507 2300 2555 conglutinandi
2335 2508 2450 2544 homi-

1293 2567 1380 2592 num
1403 2555 1541 2593 labores
1559 2557 1738 2594 literarum
1767 2556 2013 2593 necessitudine
2042 2563 2144 2592 antea
2175 2555 2448 2601 conjunfftisl'inii.

1292 2603 1436 2642 Deinde
1463 2613 1588 2653 praeter
1603 2606 1712 2643 cultas
1734 2606 1993 2642 observationes
2003 2607 2198 2653 criticoque
2211 2605 2357 2642 homine
2377 2605 2451 2652 dig-

1292 2666 1354 2691 nas
1374 2666 1453 2702 quae
1470 2656 1508 2691 in
1529 2655 1620 2690 Fabro
1636 2655 1828 2702 spedantur
1846 2683 1856 2696 ,
1888 2656 1928 2691 in
1953 2654 2036 2691 STE
2049 2664 2203 2689 PHANO
2232 2654 2346 2690 adhuc
2365 2654 2449 2690 deli-

1292 2703 1524 2746 derabantur,
1546 2703 1681 2742 necesse
1706 2711 1778 2741 erat
1804 2715 1914 2740 novas
1946 2702 2089 2740 subinde
2109 2705 2238 2740 exoriri
2263 2704 2319 2739 vel
2343 2714 2447 2740 voces

1293 2752 1350 2788 vel
1371 2764 1502 2791 vocum
1521 2754 1850 2801 interpretationes,
1879 2765 1963 2801 quas
1986 2754 2112 2800 partim
2136 2752 2365 2799 suppeditavit
2379 2754 2447 2788 Au-

1291 2801 1429 2839 ἃο1001
1462 2802 1566 2840 lessio
1592 2802 1632 2850 [e]
1655 2802 1898 2840 STEPHANl
1925 2808 2022 2838 aetate
2036 2802 2071 2838 in
2092 2800 2385 2838 Bibliothecarum
2398 2800 2447 2836 la-

1290 2850 1397 2889 tebris
1418 2851 1716 2893 delitescentium,
1743 2852 1873 2900 partim
1907 2850 2106 2887 introduxit
2121 2850 2285 2899 sequioris
2306 2850 2369 2935 gavi
2395 2860 2447 2884 ar-

1885 2911 1905 2936 e
1932 2911 1954 2939 2
2330 2905 2448 2934 itrium

1283 2985 1370 3024 paffim
1385 2987 1447 3015 notis
1461 2986 1563 3015 Criticis
1574 2985 1608 3019 &0
1623 2985 1768 3022 philologieis
1779 2995 1870 3013 necnon
1881 2985 1962 3012 indice
1973 2984 2134 3021 quadruplici.
2171 2983 2276 3013 Dicitur
2289 2983 2314 3012 ec
2327 2982 2446 3011 Franco·

1290 3026 1355 3055 furti
1370 3025 1406 3054 ad
1424 3024 1554 3054 Viadrum
1575 3023 1614 3059 (fi
1631 3023 1700 3053 fides
1714 3022 1850 3059 Morhofia)
1872 3022 1983 3052 uberior
1996 3022 2079 3052 latere
2090 3021 2286 3052 vocabulorum
2301 3019 2444 3055 collectio,

1289 3073 1372 3101 quam
1381 3067 1403 3090 T
1402 3062 1468 3089 abias
1483 3062 1601 3098 Magirm
1611 3061 1646 3090 ad
1658 3061 1678 3091 F
1687 3071 1706 3090 A
1717 3071 1732 3089 B
1741 3070 1757 3089 R
1769 3071 1786 3089 U
1794 3072 1815 3090 M
1828 3061 1879 3090 fibi
1886 3060 2042 3097 collegerat.

1326 3101 1374 3136 [d]
1396 3100 1467 3129 Vide
1478 3099 1562 3126 Caroli
1579 3099 1694 3134 Stephani
1710 3098 1900 3128 Praefationem
1914 3098 1948 3127 ad
1970 3097 2167 3127 Dictionarium
2185 3094 2442 3125 Latino-Gallicum.

1289 3138 1443 3168 Consilium
1460 3137 1537 3166 suum
1552 3137 1588 3166 de
1603 3145 1636 3166 ea
1648 3145 1677 3165 10
1695 3137 1783 3174 aperit
1805 3137 1925 3163 Hemicus
1945 3134 2078 3170 stephanus
2094 3135 2122 3163 in
2141 3132 2298 3170 praefatione
2319 3133 2353 3161 ad
2369 3132 2443 3162 Tbe-

1287 3175 1398 3205 sautum
1407 3174 1534 3205 Graecum
1545 3195 1554 3209 ‚
1577 3180 1661 3211 atque
1677 3174 1706 3203 in
1717 3174 1835 3211 Epistola
1847 3174 1882 3202 de
1892 3172 1944 3202 suae
1958 3171 2159 3209 Typographiae
2170 3170 2247 3199 statu.
2286 3169 2326 3198 De
2340 3171 2444 3196 Μιίιοηι·

1290 3214 1436 3244 conatibus
1457 3212 1523 3242 vide
1536 3212 1618 3250 ipsius
1638 3211 1746 3247 Vitam,
1770 3211 1959 3241 Praefationem
1972 3211 2006 3239 ad
2026 3209 2241 3242 DMttonarium,
2265 3215 2297 3236 ut
2315 3208 2416 3236 dicirur
2431 3230 2441 3242 ,

1290 3250 1533 3288 Cantabrigiense,
1549 3251 1576 3279 ἃ
1586 3251 1726 3277 Antonium
1739 3250 1852 3278 Waodin
1867 3248 1981 3278 Athenis
2001 3245 2201 3276 Oxoniensibus
2215 3245 2250 3274 ad
2262 3245 2389 3274 notitiam
2406 3246 2442 3274 de

1288 3291 1410 3317 Edvardo
1424 3289 1528 3324 Phillips.
1550 3286 1715 3317 Sodalitium
1732 3287 1860 3322 Baliolense
1870 3306 1878 3319 ‚
1899 3285 1974 3323 quod
1987 3284 2023 3313 est
2034 3284 2138 3313 Oxonii
2149 3305 2156 3318 ‚
2169 3285 2223 3312 hoc
2234 3282 2332 3311 saeculo
2344 3284 2443 3311 ineun-

1287 3334 1316 3356 te
1329 3348 1338 3362 ‚
1354 3327 1410 3356 tale
1419 3326 1524 3364 aliquid
1537 3325 1566 3354 in
1579 3326 1672 3354 animo
1687 3324 1804 3353 instituit
1817 3323 1910 3353 nescio
1921 3331 1975 3359 quo
1996 3322 2051 3350 fato
2069 3323 2265 3358 interceptum.
2287 3324 2315 3349 A.
2336 3319 2376 3349 Cl.
2390 3324 2443 3346 Ku-

1281 3365 1347 3400 flero
1372 3365 1467 3394 omnia
1487 3363 1596 3401 egregia
1618 3362 1786 3399 exspectavit
1807 3361 1879 3390 orbis
1900 3361 2030 3389 literatus.
2070 3358 2219 3393 Subiunxit
2237 3358 2286 3387 ille
2302 3357 2442 3395 specimen

1287 3411 1380 3440 operae
1394 3402 1533 3431 destinatae
1553 3400 1589 3429 ad
1605 3400 1711 3429 calcem
1723 3399 1860 3429 tractatuli
1878 3397 1917 3427 sui
1929 3397 1969 3426 De
1981 3396 2027 3425 usu
2042 3395 2123 3425 Verbi
2134 3397 2230 3425 medii.

1327 3440 1388 3475 [e]
1409 3438 1609 3475 Hujuscemodi
1625 3445 1701 3466 erant
1712 3438 1820 3464 Phadrus
1830 3456 1837 3465 ,
1847 3439 1918 3472 Syrus
1927 3454 1935 3463 ‚
1952 3434 2097 3470 caeterique
2109 3443 2190 3470 quam
2203 3433 2330 3471 plurimi,
2352 3431 2442 3461 Histo-

1287 3477 1409 3507 ricorum
1420 3479 1447 3507 &
1458 3477 1600 3507 Poetarum
1617 3474 1799 3512 Fragmenta,
1825 3471 2018 3509 inscriptiones
2039 3471 2203 3505 (nonnullae
2224 3480 2312 3500 aureae
2331 3470 2441 3505 aeratis)

1286 3521 1439 3553 caeteraque
1454 3515 1484 3544 id
1494 3523 1581 3551 genus
1596 3519 1778 3542 monumenta
1788 3532 1796 3545 ‚
1817 3519 1876 3547 quae
1888 3508 2070 3546 posteriorum
2087 3508 2233 3538 hominum
2255 3517 2319 3536 cura
2339 3508 2364 3537 St
2377 3507 2440 3536 luce
2482 3505 2490 3513 '

1286 3551 1400 3590 publica
1423 3554 1449 3582 &
1466 3552 1609 3581 literarum
1624 3550 1731 3579 lumine
1754 3548 1876 3577 donavit.
1917 3546 1973 3575 Erit
1986 3546 2068 3575 instar
2085 3548 2214 3575 omnium
2227 3545 2439 3574 celeberrimum

1285 3591 1430 3618 fabrettum
1443 3590 1565 3623 laudare,
1578 3589 1623 3617 cui
1636 3587 1756 3617 multum
1766 3585 1851 3614 debet
1861 3583 1992 3613 Latinitas
2004 3584 2135 3613 restituta.
2162 3583 2254 3613 Plures
2269 3583 2392 3611 auctores
2399 3591 2441 3610 re-

1285 3627 1380 3657 censet
1391 3627 1530 3655 Borrichius
1542 3627 1577 3655 de
1591 3625 1699 3654 Lexicis
1720 3623 1820 3652 Latinis
1836 3622 1883 3657 qui
1898 3621 2038 3657 θηρὶ-’Μία
2057 3623 2130 3651 aetati
2144 3620 2340 3658 ignorabantur
2351 3642 2359 3654 ,
2380 3628 2440 3648 non

1283 3668 1390 3703 optima
1400 3671 1494 3694 tamen
1506 3664 1580 3698 fide,
1593 3672 1657 3692 cum
1673 3662 1701 3690 in
1713 3661 1754 3689 his
1771 3659 1906 3687 Manilium
1926 3660 2072 3694 nominet,
2092 3659 2139 3697 qui
2153 3659 2258 3697 prodiit
2275 3658 2347 3694 typis
2366 3658 2440 3684 Aldi-

1285 3705 1323 3731 nia
1335 3703 1433 3733 saeculo
1455 3709 1530 3738 15to,
1544 3702 1670 3737 adeoque
1680 3706 1745 3728 ante
1755 3695 1844 3735 ipsum
1856 3703 1951 3726 natum
1963 3696 1981 3726 S
1991 3706 2010 3725 τ
2018 3706 2032 3725 a
2041 3706 2055 3725 x>
2066 3706 2086 3726 ri
2097 3707 2118 3725 A
2129 3706 2149 3726 u
2160 3707 2178 3725 u
2186 3707 2216 3725 Μ.
2237 3696 2311 3731 ††††

1280 3807 1418 3828 memoret
1428 3819 1436 3831 ,
1448 3806 1516 3834 quos
1527 3795 1664 3832 ignoravit
1675 3794 1812 3822 Robertus
1819 3791 1985 3829 Stephanus,
1997 3800 2091 3820 verum
2104 3791 2188 3820 etiam
2198 3811 2207 3823 ,
2219 3796 2249 3818 ut
2262 3789 2345 3826 ipsius
2355 3789 2437 3819 verba

1282 3845 1389 3875 ponam
1400 3857 1408 3870 ,,
1423 3840 1487 3862 Vivo
1499 3833 1577 3859 adhuc
1592 3832 1711 3868 Stephano
1720 3831 1870 3866 publicatas,
1892 3838 1984 3855 verum
1996 3828 2027 3854 ab
2038 3829 2085 3864 ipso
2097 3829 2143 3854 vel
2153 3828 2315 3863 persicnfforie
2336 3834 2437 3853 tantum

1282 3872 1401 3909 excuffiis,
1422 3872 1468 3898 vel
1479 3881 1508 3897 ne
1519 3877 1628 3896 tentatos
1640 3870 1748 3905 quidem.
1786 3867 1940 3903 Utrumque
1951 3865 2054 3894 deinde
2067 3864 2146 3894 simul
2165 3874 2194 3894 ut
2214 3864 2311 3902 probet
2322 3864 2437 3893 adducit

1283 3912 1359 3941 inter
1372 3910 1441 3938 alios
1451 3907 1598 3941 Manilium,
1613 3908 1638 3935 &
1649 3906 1816 3935 nominatim
1832 3904 1944 3941 quidem
1960 3904 2092 3939 scaligeri,
2111 3902 2184 3931 haud
2193 3902 2306 3931 obscure
2319 3903 2439 3930 innuens

1284 3957 1319 3978 ex
1334 3947 1416 3982 hujus
1440 3947 1523 3975 etiam
1539 3943 1636 3973 summi
1656 3944 1705 3972 viri
1738 3942 1953 3972 Commentariis
1970 3950 2045 3978 penu
2061 3940 2163 3970 Larinae
2176 3939 2275 3977 singu-:e
2298 3938 2437 3977 iniigniter

1284 3986 1379 4016 instrui
1388 3983 1476 4022 posse.
1499 3981 1530 4013 V.
1542 3991 1658 4020 pag-44.
1677 3981 1806 4019 Appeud.
1816 3983 1853 4009 de
1863 3979 1956 4008 Lexic.
