2604 4222
204 83 312 137 88*
672 79 976 117 AEMY

209 161 273 193 ΕΜ
282 170 302 190 u
311 172 326 190 L
335 165 352 190 λ
361 172 382 191 M
391 171 406 190 a
415 170 464 191 NT
473 171 521 190 uu
530 183 538 197 ‚
560 161 578 191 i.
596 171 623 192 n.
643 171 670 191 0.
692 161 809 192 Tertull.
820 161 838 191 s.
854 160 984 199 Cyprian.
997 158 1099 189 advers.
1115 157 1203 190 Marc.
1215 169 1242 195 4.
1258 168 1282 189 ι.

329 199 507 236 Quapropter
520 200 622 229 merito
633 209 683 229 nos
697 199 890 229 aemulamenta
901 198 999 227 locuti.

249 235 304 264 Ubi
316 246 459 274 perperam
468 237 689 275 antepenultima
699 238 854 274 corripitur.

212 273 276 306 JEM
286 284 303 302 υ
314 285 329 302 L
339 284 357 302 A
367 283 453 308 roa,
468 274 531 303 oris.
552 284 589 303 m.
612 271 761 311 [ζηΑωπῖς]
783 274 840 309 Qui
852 273 972 310 aliquem
985 270 1138 301 aemulatur.
1161 271 1219 301 Cic.
1231 280 1258 300 2.
1272 271 1326 301 Att.
1341 279 1364 301 ι.

251 311 338 348 Quod
351 311 476 349 Sicyonii
486 318 514 340 te
528 311 650 346 laedunt,
672 312 808 341 Catoni&
820 311 878 346 ejus
891 309 1044 339 aemulatori
1056 309 1191 338 attribuas
1201 308 1326 338 Servilio.

210 347 274 383 EM
285 351 326 378 ῡι
336 358 375 378 us
385 370 393 384 ,
414 348 609 385 [gnadruir&]
628 349 742 378 Invidus
751 370 758 382 ‚
778 354 810 377 ut
820 348 858 376 ait
872 348 990 377 Nonius.
1020 346 1095 385 Virg.
1110 358 1133 383 5.
1149 347 1212 377 AEn.
1224 357 1289 383 415.

495 402 533 407 —
542 386 640 416 aemula
654 387 775 415 necdum

328 422 514 461 Temporibus
522 424 639 460 geminis
653 422 770 453 canebat
782 421 869 459 sparsa
878 421 1012 452 senestus.
1095 421 1236 451 AEmulam
1247 420 1371 450 senestu-

246 461 403 527 tequixi't,
425 461 500 498 quod
511 462 637 490 videatur
648 460 857 498 quodammodo
868 459 951 489 nobis
961 459 1087 489 invidere
1097 460 1295 496 jucundiorem
1308 466 1370 488 zeta-

247 506 284 527 tis
309 508 324 527 e
338 505 469 527 icitatem.

245 535 390 571 AEmulus,
412 535 542 571 Ejusdem
553 536 592 566 rei
603 533 737 564 studiosus
747 556 756 569 ,
776 540 807 564 ut
818 533 857 562 ait
867 533 976 564 Servius
989 544 995 564 :
1016 534 1079 569 vel,
1094 542 1126 564 ut
1136 535 1263 569 Nonius,
1279 534 1370 564 Scita-

263 578 309 640 zpr
321 573 542 640 atquqssmitator.
581 573 724 610 Accipitur
738 579 832 601 autem
843 573 871 602 ἃ
886 572 916 601 in
927 572 1030 602 bonam
1045 574 1072 603 &
1088 573 1118 602 in
1134 572 1236 602 malam
1250 580 1366 610 partem.

289 611 311 640 it
332 634 337 640 .
369 634 375 640 .
427 619 454 639 n.
470 615 502 644 18
524 632 530 638 .

313 620 330 649 g
353 622 364 647 ς
404 663 441 668 -—
449 619 556 684 part7em
568 646 653 675 rostro
667 647 769 684 premit
782 647 881 677 aemula
893 647 992 686 pristis.
1062 647 1122 678 Cic.
1133 658 1186 686 pro
1198 647 1308 677 Muren.
1321 650 1366 676 61.

264 685 329 716 Fuit
339 684 446 713 summo
460 685 575 722 ingenio
585 684 626 714 vir
637 684 734 715 Zeno:
754 686 835 722 cujus
852 686 1032 716 inventorum
1046 685 1139 716 aemuli
1151 708 1160 722 ,
1181 685 1268 716 Stoici
1279 685 1369 714 nomi-

265 730 375 752 nantur.

244 759 371 791 AEmulus
383 758 541 789 &imitator
554 759 708 790 studiorum
723 758 848 797 alicujus.
882 760 941 791 Cic.
954 771 1005 799 pro
1018 760 1059 791 M.
1072 760 1199 791 Marcell.
1216 769 1239 790 1.

245 797 389 832 AEmqus,
417 796 541 832 Rivalis,
565 799 592 827 ἃ
611 798 736 833 eiusdem
754 797 878 828 mulieris
898 799 944 828 vel
964 800 1002 828 rei
1020 798 1133 828 alterius
1155 807 1269 828 amator.
1299 796 1363 826 Ter.

262 835 332 864 Eun.
344 843 369 863 2.
385 844 408 864 1.
422 844 447 870 9.
476 834 563 864 Istum
580 835 712 866 aemulum
721 837 797 874 quod
813 837 917 874 poteris
933 836 967 866 ab
979 847 1011 866 ea
1024 836 1133 874 pellito.
1155 836 1214 866 Cic.
1228 840 1254 865 6.
1269 835 1323 864 Att.
1338 844 1361 872 3.

263 871 373 901 Licebit
384 881 451 901 eum
465 871 537 902 solus
554 883 629 903 ames
638 895 646 908 ‚
667 883 714 903 me
724 873 856 904 aemulum
867 883 925 903 non
939 874 1063 903 habebis.

242 908 371 940 AEmulus
390 909 507 946 alicujus
529 910 565 939 de
577 921 606 940 re
621 910 730 948 aliqua,
760 912 942 941 Contendens
961 922 1026 941 cum
1043 911 1138 949 aliquo
1155 911 1191 940 de
1210 921 1238 940 re
1261 910 1361 947 aliqua.

261 946 332 977 Plin.
353 947 400 976 lib.
420 957 462 981 15-
485 957 546 986 cap.
568 954 610 983 18.
651 949 788 986 Carthago
807 950 843 978 de
865 957 999 979 terrarum
1018 950 1085 979 orbe
1106 957 1155 987 per
1173 958 1254 978 cxx.
1276 957 1365 978 annos

261 984 345 1014 Urbis
356 985 463 1015 aemula.
484 985 511 1015 h.
525 996 550 1016 e.
572 986 644 1017 eum
657 986 726 1016 urbe
740 987 830 1017 Roma
839 996 947 1017 certans
962 987 998 1016 de
1009 987 1084 1017 orbis
1097 987 1227 1025 imperio.

241 1021 353 1053 AEmula
366 1024 470 1060 gummi
486 1023 575 1053 arbor.
605 1025 675 1054 Plin.
690 1024 739 1054 lib.
753 1035 775 1054 1.
793 1034 854 1062 cap.
867 1035 892 1060 9.

241 1059 326 1090 Fama
337 1060 436 1090 aemula
446 1061 579 1091 Herculei
590 1061 692 1092 laboris
731 1062 749 1092 i.
764 1072 788 1092 e.
821 1062 888 1092 Non
903 1062 998 1091 minor
1016 1070 1099 1098 quam
1115 1072 1174 1100 quae
1189 1062 1225 1092 de
1241 1060 1364 1091 Hercule

261 1098 331 1127 olim
342 1097 495 1128 ferebatur:
516 1099 577 1135 vel,
598 1110 681 1137 quam
691 1099 710 1129 si
720 1100 881 1129 adventaret
894 1098 1036 1129 Hercules.
1069 1100 1118 1129 Sil.
1133 1099 1193 1129 Ital.
1209 1099 1259 1129 lib.
1272 1110 1297 1135 4.
1310 1110 1337 1134 4.

240 1134 328 1166 Labra
345 1135 444 1166 aemula
459 1136 531 1166 rosis.
560 1138 578 1167 i.
596 1147 620 1167 e.
648 1137 779 1167 Rosarum
797 1137 928 1167 ruborem
941 1138 1099 1174 imitantia,
1127 1139 1153 1168 &
1169 1137 1247 1167 velut
1261 1137 1364 1168 rubore

258 1183 324 1204 cum
335 1174 398 1203 rosis
410 1175 551 1204 certantia.
582 1175 703 1205 Martial.
718 1175 767 1205 lib.
783 1185 805 1205 1.
819 1187 845 1211 4.
861 1186 906 1212 41.

320 1211 447 1241 Paestanis
459 1212 575 1242 rubeant
587 1213 686 1243 aemula
700 1212 774 1242 labra
789 1213 861 1243 rosis.

238 1247 347 1317 Llilngpta
364 1250 463 1279 aemula
480 1250 661 1288 Timagenis,
688 1251 759 1288 Quae
774 1259 890 1281 conatur
908 1250 1013 1281 imitari
1022 1250 1218 1288 Timagenem.
1252 1249 1320 1281 Hor.
1336 1259 1360 1280 1.

303 1298 308 1316 i
336 1311 341 1317 .
362 1298 404 1324 19.
423 1298 465 1324 15.

237 1298 307 1354 Lug.
339 1325 406 1355 Stat.
418 1335 443 1354 2.
461 1324 559 1355 Achill.

238 1360 358 1393 Marinis
369 1363 467 1392 aemula
478 1363 601 1393 mustela.
629 1362 698 1393 Plin.
709 1362 759 1393 lib.
771 1374 797 1401 9.
811 1373 873 1402 cap.
886 1374 929 1402 ¹7·
963 1363 1052 1394 Lacus
1062 1363 1178 1394 Rhaetiae
1186 1363 1362 1401 Brigantinus

258 1400 371 1430 aemulas
382 1401 495 1430 marinis
510 1400 639 1430 mustelas
655 1409 775 1438 generat.
798 1402 817 1432 i.
831 1411 855 1431 e.
878 1401 988 1431 Slmiles
999 1404 1025 1431 ἃ
1038 1411 1127 1445 pares.

238 1437 326 1468 Musae
344 1439 471 1474 ejusdem
489 1438 613 1468 aemulus.
653 1438 802 1477 Usurpatur
827 1440 903 1478 apud
920 1441 950 1469 A.
973 1439 1097 1469 Gellium
1120 1439 1261 1477 proverbii
1287 1439 1360 1469 vice.

258 1475 416 1512 Quadrabit
423 1477 452 1505 in
462 1486 510 1507 eos
523 1477 569 1514 qui
581 1476 708 1513 ejusdem
719 1478 785 1507 artis
794 1484 842 1507 aut
852 1477 1006 1515 disciplinae
1016 1476 1080 1506 sunt
1090 1476 1210 1507 studiosi.
1230 1475 1331 1507 Erasm.

238 1513 323 1544 Sidus
333 1513 466 1549 Veneris,
488 1513 620 1544 aemulum
630 1514 702 1545 Solis
712 1514 841 1545 &Lunam
871 1514 930 1545 Liv.
945 1515 994 1544 lib.
1007 1525 1032 1544 2.
1050 1524 1082 1544 ca
1106 1538 1112 1544 .
1126 1521 1152 1549 8.

238 1550 339 1581 Virtus.
370 1551 471 1582 Lucan.
488 1551 536 1581 lib.
552 1561 574 1581 1.
590 1561 651 1582 120.
733 1569 769 1574 -
779 1552 904 1582 stimulos
916 1553 996 1583 dedit
1007 1562 1078 1582 aemu
1090 1562 1106 1582 a
1117 1553 1214 1582 virtus.

238 1588 352 1619 Umbra.
375 1589 512 1619 Columel.
528 1589 577 1619 lib.
591 1600 613 1626 ς.
629 1599 690 1628 cap.
703 1592 730 1620 6.
771 1590 815 1620 Ne
828 1590 927 1620 aemula
939 1590 1037 1620 umbra
1046 1591 1098 1620 viti
1112 1597 1223 1619 noceat.

200 1624 264 1657 ΕΜ
275 1637 291 1657 υ
303 1636 315 1656 s
326 1649 335 1661 ,
361 1627 414 1656 sive
434 1627 460 1657 H
469 1638 492 1656 Ε
501 1638 522 1656 M
531 1637 550 1656 u
559 1637 571 1657 s
598 1628 738 1664 [Αϊμῶ]
765 1627 827 1658 Rex
843 1628 897 1657 fuit
915 1628 1043 1658 Thraciae
1060 1627 1284 1666 potentissimus,
1312 1627 1359 1665 qui

237 1664 339 1695 Rhodo
363 1675 398 1694 en
407 1665 560 1703 Strymonis
576 1665 654 1695 fluvii
669 1665 756 1695 filiam
772 1666 853 1695 duxit
861 1676 986 1696 uxorem.
1020 1666 1058 1696 Hi
1073 1666 1104 1695 in
1113 1673 1219 1695 tantam
1232 1675 1360 1702 arrogan-

235 1703 306 1734 tiam
323 1713 338 1732 e
352 1703 388 1732 ati
408 1702 487 1739 sunt,
509 1709 539 1732 ut
557 1703 653 1733 AEmus
668 1703 695 1732 se
707 1703 761 1733 esse
774 1704 892 1740 Jovem,
912 1704 1054 1742 Rhodope
1069 1703 1211 1739 Junonem
1226 1704 1360 1741 praedica-

235 1749 299 1770 rent
309 1763 317 1776 ,
343 1740 424 1778 seque
439 1748 468 1769 ut
487 1740 554 1770 deos
567 1741 675 1770 adorari
689 1741 828 1777 juberent.
868 1742 933 1779 Qua
947 1742 1095 1772 insolentia
1107 1741 1216 1780 Jupiter
1230 1741 1360 1779 indigna-

234 1785 280 1808 tus
291 1801 299 1813 ,
321 1788 368 1808 eos
380 1779 409 1807 in
423 1786 533 1808 montes
544 1780 735 1808 commutavit.
763 1779 849 1809 Ovid.
862 1783 886 1809 6.
905 1779 976 1809 Met.

234 1814 332 1847 AEmus
343 1838 351 1851 ‚
379 1815 426 1846 seu
448 1818 498 1849 (ut
513 1816 560 1846 alii
576 1816 705 1851 malunt)
726 1817 856 1853 Haemus,
877 1817 963 1847 Mons
980 1817 1019 1847 est
1034 1816 1178 1852 Thraciae,
1200 1816 1274 1846 vasto
1290 1816 1357 1854 jugo

275 1853 443 1883 rocumbens
455 1855 484 1882 in
493 1853 631 1885 Pontum:
653 1855 732 1891 cujtis
749 1854 889 1884 excelsitas
905 1855 952 1885 sex
963 1854 1088 1884 millibus
1098 1853 1224 1892 passuum
1240 1854 1355 1884 subitur.

249 1864 337 1922 {Iunc
347 1897 462 1921 vocatur
477 1891 619 1928 Cqsternaz.
653 1892 802 1931 Oppidum
811 1893 910 1922 habuit
919 1894 948 1922 'in
956 1894 1062 1922 vertice
1071 1892 1219 1922 Aristaeum.
1242 1892 1274 1922 V.
1284 1892 1356 1922 Plin.

201 1940 221 1964 ς
251 1929 301 1959 lib.
313 1940 340 1966 4.
363 1939 423 1968 cap.
441 1939 482 1959 11.
520 1929 551 1959 In
570 1930 690 1960 Pontum
710 1930 825 1968 quidem
841 1931 931 1969 vergit
944 1940 1026 1961 mons
1037 1930 1151 1966 AEmus,
1172 1937 1286 1960 caeteros
1298 1931 1358 1966 ejus

250 1967 333 2005 spatii
346 1967 540 2004 magnitudine
555 1977 587 1997 ac
599 1968 770 1998 sublimitate
786 1967 815 1997 su
839 1978 936 2003 erans,
961 1969 1141 2005 mediamque
1156 1968 1304 1998 Thraciam
1316 1968 1357 1997 di-

250 2005 358 2034 videns.
381 2004 479 2034 Strabo
494 2005 543 2035 lib.
557 2014 583 2043 7.
624 2006 769 2036 Existimat
777 2006 815 2035 Po
827 2006 907 2043 ybius
919 2016 953 2035 ex
964 2007 1023 2043 ejus
1033 2007 1137 2036 vertice
1152 2013 1290 2044 utrunque
1301 2015 1358 2034 ma-

248 2052 282 2074 re
293 2042 389 2078 cerni,
413 2050 512 2081 utpote
532 2043 654 2081 AEgaeum
670 2046 697 2074 δε
711 2044 891 2073 Adriaticum.
933 2044 965 2074 Id
982 2044 1058 2082 quod
1072 2043 1169 2073 Strabo
1180 2066 1187 2079 ‚
1209 2044 1245 2073 ob
1257 2045 1286 2073 in
1307 2053 1357 2073 ens

249 2079 448 2116 intervallum,
468 2080 565 2111 falsum
597 2081 685 2111 robat.
724 2082 900 2112 Sententiam
911 2088 1005 2111 tamen
1016 2080 1162 2120 Polybiise
1185 2083 1257 2112 uitur
1303 2081 1355 2110 ela.

249 2118 366 2148 Nomen
381 2119 408 2148 ei
422 2118 545 2148 inditum
561 2129 576 2147 a
605 2119 687 2149 AEmo
704 2119 797 2149 Boreae
813 2121 840 2150 ἃ
857 2120 995 2158 Orithyiae
1011 2119 1079 2150 filio.
1121 2120 1175 2149 Aut
1197 2130 1228 2149 or
1241 2120 1359 2158 Stepha-

249 2165 303 2186 nus
314 2156 350 2185 de
359 2155 489 2186 Urbibus.
519 2157 628 2186 Servius
642 2158 671 2186 in
682 2156 753 2187 illud
767 2168 790 2187 1.
809 2158 910 2195 Georg.
923 2167 988 2194 492.

310 2193 480 2236 AEmathiam
489 2196 514 2224 ἃ
528 2193 598 2224 latos
612 2195 686 2224 AEmi
698 2194 878 2233 pinguescere
891 2205 952 2225 cam
974 2204 1022 2225 os:
1055 2195 1141 2225 tradit
1156 2201 1283 2224 montem
1303 2193 1358 2224 esse

250 2230 405 2261 Thessali-(e,
446 2231 502 2261 Sed
517 2232 572 2261 hoc
583 2232 681 2261 dixisse
697 2239 810 2270 putatur
819 2255 827 2268 ,
866 2234 913 2262 uia
923 2233 948 2262 T
971 2232 1093 2262 essaliam
1104 2243 1120 2262 a
1129 2232 1250 2262 Thracia
1259 2232 1358 2262 AEmus

250 2268 361 2299 dividit.
401 2269 434 2299 In
450 2269 549 2299 eadem
560 2270 598 2299 est
612 2269 748 2300 sententia
759 2271 836 2300 idem
863 2272 961 2301 'ervius
976 2272 1008 2301 iri
1018 2270 1090 2300 illud
1102 2281 1128 2301 2.
1141 2271 1240 2309 Georg.
1251 2275 1316 2307 488.

389 2307 453 2336 -ὀ
469 2307 516 2344 qui
530 2316 576 2336 me
590 2308 690 2345 gelidis
704 2309 734 2337 in
748 2308 866 2338 vallibus
879 2309 953 2339 AEmi

310 2343 408 2379 Sistat‚
430 2346 481 2375 Sec.
562 2344 622 2375 Liv.
635 2357 661 2382 4.
677 2345 782 2376 Decad.
797 2346 847 2376 lib.
861 2356 904 2376 10.
925 2353 1054 2376 montem
1066 2345 1206 2377 describit.

229 2380 348 2412 Gelidus
360 2382 464 2412 AEmus.
495 2381 563 2413 Hor.
579 2393 602 2412 1.
619 2383 674 2413 Od.
691 2393 734 2413 12.
748 2387 776 2414 6.

229 2420 355 2450 Geticus.
382 2420 449 2449 Stat.
466 2419 515 2450 lib.
529 2430 552 2450 1.
568 2420 658 2451 Theb.
675 2427 736 2457 189.

227 2456 332 2488 Infelix
344 2457 422 2487 mille
432 2457 578 2489 furoribus.
609 2458 667 2489 Val.
683 2459 774 2490 Flacc.
789 2469 812 2490 1.
828 2459 926 2499 Argon.

227 2494 346 2526 Nivalis.
376 2494 473 2525 Claud.

309 2533 402 2562 Praeda
415 2533 507 2563 sumus
520 2533 576 2569 jam
586 2533 716 2564 Bistoniis
725 2556 733 2569 ,
753 2533 891 2573 AEmoque
905 2535 1001 2566 nivali,

227 2570 357 2600 Nubifer.
387 2570 485 2601 Claud.
500 2571 550 2601 lib.
565 2581 588 2601 1.
603 2572 634 2601 in
647 2571 722 2602 Ruff.
736 2581 798 2610 334.

227 2608 338 2638 Nudus.
366 2608 431 2638 Stat.
447 2618 471 2645 ς.
488 2608 578 2639 Theb.
594 2613 635 2639 16.

226 2645 364 2676 Nondum
378 2646 520 2684 OEagrius
534 2646 639 2677 AEmus.
672 2646 758 2677 Ovid.
773 2657 798 2677 2.
814 2647 884 2678 Met.
898 2657 962 2684 219.
992 2648 1019 2678 h.
1038 2657 1062 2677 e.
1095 2646 1128 2676 In
1148 2657 1204 2685 quo
1222 2647 1353 2686 Orpheus

248 2683 356 2721 OEagri
370 2684 449 2713 fluvii
461 2683 533 2714 filius
544 2685 672 2714 nondum
681 2684 771 2715 suerat
779 2696 795 2715 a
806 2685 982 2716 Maenadibus
996 2686 1148 2723 discerptus
1160 2695 1166 2715 :
1189 2696 1205 2716 a
1215 2687 1293 2723 cujus
1311 2689 1353 2718 in-

246 2723 331 2751 teritu
344 2721 438 2759 postea
449 2731 608 2760 cognomen
618 2722 737 2760 OEagrii
747 2722 857 2753 sortitus
872 2723 918 2753 est.

226 2758 351 2797 Opertus
367 2759 487 2789 nivibus.
517 2759 602 2789 Ovid.
615 2771 641 2796 4.
658 2760 694 2789 de
709 2760 814 2796 Ponto,
838 2772 861 2797 5.
879 2772 901 2797 5.

309 2797 405 2834 Quum
418 2797 540 2835 gelidam
553 2797 682 2827 Thracen
695 2799 722 2828 δε
736 2806 866 2836 opertum
879 2798 990 2827 nivibus
1004 2797 1125 2829 AEmum.

227 2833 270 2866 Or
290 2835 376 2870 heus,
397 2835 432 2864 ab
446 2835 561 2873 Orpheo
574 2835 615 2865 ibi
629 2835 729 2865 occiso.
762 2835 882 2866 Martial.
902 2836 936 2865 de
951 2836 1075 2874 Spec'iac.
1091 2846 1114 2872 3.
1132 2847 1156 2873 3.

226 2844 320 2902 Pulpsus
331 2872 513 2910 Aquilonibus
522 2873 627 2903 AEmus.
649 2874 667 2902 i.
684 2883 709 2903 e.
730 2874 865 2912 Agitatus.
894 2873 977 2903 Ovid.
995 2884 1036 2904 10.
1052 2874 1122 2904 Met.
1135 2884 1180 2912 77.

225 2909 371 2940 Thracius.
396 2910 500 2941 Lucan.
516 2910 566 2940 lib.
579 2921 604 2948 3.
623 2921 654 2947 19
677 2934 683 2940 .

225 2947 374 2978 Umbrosus
385 2949 490 2980 AEmus.
517 2948 601 2980 Ovid.
615 2958 641 2978 2.
656 2921 741 2987 {pist
757 2958 817 2986 113.
858 2948 1026 2979 Umbrosum
1042 2956 1142 2989 putant
1157 2949 1292 2988 appellari
1310 2950 1348 2982 ob

243 2986 373 3016 arborum
387 2986 556 3016 densitatem.
594 2987 648 3023 [V.
664 2986 722 3016 Liv.
734 2998 780 3023 40.
795 2996 840 3016 22.

189 3023 223 3055 Ε
234 3034 253 3051 Μ
262 3034 281 3052 Y
290 3035 306 3052 L
316 3035 324 3052 1
336 3034 355 3053 A
376 3024 430 3061 [ln
445 3025 568 3054 nummis
585 3025 706 3062 antiquis
726 3031 862 3062 perpetuo
880 3023 1009 3054 AEmiliiis
1021 3024 1150 3054 scribitur
1160 3035 1211 3064 per
1224 3025 1260 3061 1]
1281 3037 1348 3064 gens

226 3060 322 3091 Romae
340 3062 452 3099 patritia
470 3062 526 3091 anti
549 3072 583 3091 ua
594 3064 620 3092 Sc
632 3061 735 3092 nobilis
753 3063 824 3098 fuit,
844 3072 926 3099 quam
940 3062 1035 3092 Festus
1050 3062 1084 3091 ab
1098 3063 1221 3094 ffimvlio
1239 3065 1348 3095 Ascanii

225 3098 284 3141 filio
294 3107 380 3128 ortam
395 3099 495 3130 scribit.
516 3072 677 3130 leutarchus
688 3101 718 3129 in
728 3100 812 3129 Paulo
822 3110 837 3129 a
847 3099 990 3129 Mamerco
1000 3100 1098 3130 Numae
1110 3102 1179 3137 regis
1191 3101 1246 3130 filio
1254 3103 1347 3141 AEmy-

225 3134 279 3165 lios
292 3136 423 3167 deducit:
444 3138 520 3175 quod
528 3147 563 3167 eo
572 3137 680 3167 facilius
692 3139 794 3174 credo,
814 3138 878 3174 quia
888 3138 1000 3175 ffimylii
1012 3138 1148 3167 Mamerci
1159 3161 1167 3172 ,
1189 3141 1214 3168 ἃ
1226 3140 1346 3170 Mamer-

227 3174 303 3209 cini‚
325 3184 340 3202 a
355 3176 444 3212 gentis
456 3176 583 3214 principe
602 3175 670 3205 dicti
688 3175 758 3205 sunt.
800 3174 984 3213 AEmyliorum
1002 3183 1095 3204 autern
1112 3176 1158 3204 alii
1179 3176 1345 3209 Mamercini

227 3217 323 3246 erant,
343 3221 358 3240 a
375 3212 518 3243 Mamerco
530 3215 619 3251 gentis
630 3214 762 3243 authore:
784 3213 830 3242 alii
844 3213 963 3250 Lepidi,
985 3213 1265 3251 asermonislepore:
1296 3217 1343 3246 alii

226 3247 321 3280 Pauli.
341 3258 356 3278 a
368 3251 464 3286 pusillo
475 3259 609 3289 corpore:
639 3250 687 3280 alii
700 3251 812 3281 Scauri:
842 3250 888 3280 alii
903 3250 1034 3279 ssarbulae.
1074 3251 1115 3279 fx
1131 3252 1181 3280 hae
1198 3260 1279 3288 gente
1291 3255 1346 3284 fuit

226 3285 441 3323 AEmyliabvirgo
463 3287 576 3318 Vestalis
597 3288 744 3325 Maxima,
773 3289 851 3323 cuius
871 3287 1048 3325 disciplinam
1069 3288 1260 3326 (Discipulam
1277 3291 1345 3327 legit

224 3322 352 3366 Pighex
363 3324 440 3354 MSS.
452 3326 464 3361 )
483 3328 608 3356 extinifto
618 3327 682 3364 igne
691 3333 779 3356 tutam
789 3326 822 3355 ab
832 3327 909 3355 omni
921 3325 1133 3363 reprehensione
1146 3327 1158 3353 'v
1166 3332 1226 3356 eice
1240 3338 1342 3358 numen

224 3361 366 3403 praestitit,
387 3371 440 3398 qua
450 3363 581 3393 adorante
592 3373 655 3393 cum
668 3364 807 3394 carbasum
818 3387 825 3399 ‚
846 3373 929 3401 quam
940 3373 957 3392 o
980 3364 1078 3392 timam
1088 3363 1207 3393 habebat
1218 3388 1226 3400 ,
1248 3366 1342 3396 foculo

225 3398 412 3440 imposuisset,
432 3399 520 3431 subito
531 3402 602 3439 ignis
614 3403 740 3432 emicuit.
769 3401 856 3431 Valer.
867 3401 944 3431 Max.
972 3402 1009 3430 ib.
1024 3411 1047 3430 1.
1064 3410 1124 3438 cap.
1138 3412 1162 3435 9.

225 3434 300 3477 AEin)
310 3435 490 3477 liiisl.cpidiis
502 3448 569 3475 puer
579 3440 663 3468 etiam
674 3447 735 3469 tum
744 3438 896 3478 progressus
910 3439 938 3468 in
949 3440 1037 3467 aciem
1047 3461 1053 3471 .
1072 3438 1178 3467 hostem
1191 3440 1342 3477 interemit,

244 3482 334 3501 civem
349 3474 470 3502 servavit.
510 3476 594 3512 Cujus
610 3484 665 3506 tam
684 3477 872 3506 memorabilis
890 3477 983 3514 operis
1002 3477 1086 3505 index
1100 3477 1136 3505 est
1155 3476 1183 3504 in
1203 3477 1343 3515 ‘ommino

243 3510 450 3575 iggitualbbullata
463 3533 471 3545 ,
503 3514 529 3541 ἅ
547 3514 669 3544 incincta
685 3522 836 3553 praetexta,
865 3513 1102 3544 senatusconsulto
1123 3514 1217 3551 polita.
1255 3517 1340 3547 Valer.

262 3556 319 3591 ''2¹⁸st
347 3558 352 3575 i
373 3571 383 3590 ι.
398 3557 421 3583 3.
438 3558 498 3592 cap.
515 3560 536 3578 1.

223 3583 265 3614 Μ.
279 3585 308 3614 ih
319 3585 411 3622 nylius
425 3585 544 3623 Lepidus
556 3586 712 3617 Miloniano
729 3589 849 3619 tumultu
869 3599 884 3618 a
896 3587 997 3619 Senatu
1016 3588 1138 3618 interrex
1150 3596 1256 3619 creatus
1267 3613 1273 3625 ,
1295 3591 1343 3621 de-

244 3623 310 3650 inde
322 3622 394 3651 bello
408 3624 482 3652 civili
501 3625 515 3652 Η
528 3632 629 3659 [grinte
644 3636 658 3654 a
677 3628 707 3656 L.
721 3627 822 3656 Citsare
836 3627 901 3656 Urbi
919 3628 1062 3665 praessi‘tus
1078 3628 1132 3659 cii.
1154 3638 1185 3655 tac
1199 3637 1263 3656 mox
1275 3638 1342 3658 eun-

244 3659 324 3693 dem,
346 3669 557 3702 cuntr.1m‹›rem
574 3663 707 3697 majorum
718 3687 726 3697 .
751 3666 848 3694 l'ra‘tor
864 3664 1005 3695 absentem
1015 3665 1184 3694 Dictator-em
1195 3665 1285 3701 diris,
1307 3667 1340 3696 ab

241 3705 330 3724 cru-nc
347 3699 462 3727 vrcijhni
481 3699 585 3735 collega
606 3700 634 3727 in
655 3701 753 3730 Consul
766 3710 803 3731 *tu
821 3706 846 3730 Ν
868 3703 997 3739 Pvlagistei·
1016 3704 1139 3740 equitum
1161 3702 1259 3731 ascitus
1277 3704 1338 3733 suit.

240 3732 297 3761 Pois
312 3744 407 3776 neceni
420 3736 498 3765 hisi:
509 3738 529 3765 is
541 3737 572 3764 ab
584 3736 622 3765 sil.
634 3738 752 3766 limonio
765 3740 888 3768 Pontifex·
899 3740 926 3769 ils!
941 3750 974 3769 .-:.
986 3750 1103 3773 creatus.
1119 3740 1222 3777 perside
1233 3740 1340 3771 sirnatus

241 3770 342 3813 fiducia
354 3772 450 3801 abusus
461 3795 468 3805 .
484 3775 628 3802 noviihine
638 3775 774 3804 'sriurnvii
791 3778 867 3813 Reii).
881 3779 1088 3807 (vmstituemla
1099 3778 1150 3806 suit
1162 3788 1225 3807 curu
1239 3782 1276 3807 M.
1290 3782 1341 3808 An-

240 3814 320 3836 tizrno
331 3812 355 3836 ὁ,
369 3810 421 3837 Oct
434 3813 493 3839 vio.
533 3812 560 3839 ln
573 3820 624 3848 qva
637 3816 730 3849 potest.
744 3822 769 3842 te
783 3815 896 3842 :lsi-icam
914 3815 1022 3844 sortitus
1034 3825 1097 3844 cuni
1113 3816 1210 3851 viginti
1225 3816 1340 3851 legioni-

241 3844 309 3887 bus.
330 3857 363 3873 co
381 3847 497 3883 inxper‘o
515 3849 619 3880 cimus.
651 3851 750 3881 prims
767 3851 812 3878 soi
832 3861 919 3887 parfes
932 3854 1112 3887 vemi.‹b.1t‚
1135 3856 1339 3891 ⁴.)ct.1vit11i1.111e

238 3884 398 3919 spernetuat:
422 3886 618 3914 nec-iuxiliuai
632 3892 802 3916 cunrriSext
826 3888 919 3925 I'wnip.
939 3898 1079 3926 petentem
1096 3891 1170 3923 unit.
1213 3894 1339 3929 Quapro-

238 3929 300 3957 pter
310 3920 343 3949 ab
355 3922 454 3952 eodem
463 3923 593 3960 spoliatus
604 3925 728 3954 exercitu
740 3946 748 3959 ,
769 3936 800 3954 ac
810 3927 866 3954 vita
877 3928 962 3956 niodo
975 3937 1039 3956 cuni
1049 3928 1212 3958 rontincatu
1224 3926 1264 3960 iil.
1279 3930 1341 3968 sup-

1405 3333 1438 3364 JE
1448 3343 1466 3362 Ν
1478 3343 1545 3363 ΑΜ.
1555 3355 1563 3369 ,
1593 3333 1725 3370 [Αἱνοέςη]
1737 3367 1742 3372 ,
1752 3332 1842 3364 Insula
1857 3334 1895 3364 est
1911 3334 1941 3363 iri
1956 3333 2013 3364 Asia
2028 3334 2147 3364 finitima
2160 3334 2243 3364 Samo
2259 3335 2285 3365 &
2300 3333 2391 3364 Lesbo
2401 3356 2409 3370 ,
2436 3340 2467 3364 ut
2482 3330 2560 3365 tradit

1404 3408 1438 3440 AE
1447 3419 1465 3437 N
1481 3420 1493 3437 >i
1505 3419 1519 3437 R
1529 3420 1536 3437 1
1548 3419 1581 3443 A,
1597 3418 1627 3438 ae.
1644 3409 1662 3438 f.
1680 3405 1831 3445 [Akmeſs'oe]
1850 3408 1940 3438 Insula
1949 3409 2027 3438 estin
2036 3409 2189 3439 Puteolano
2198 3408 2267 3444 sinu,
2283 3418 2343 3446 quae
2354 3417 2458 3438 nomen
2468 3407 2558 3438 assum·
2580 3417 2582 3433 τ

1401 3781 1435 3813 AE
1445 3793 1462 3810 N
1476 3793 1492 3811 A
1505 3794 1517 3811 a
1529 3794 1537 3812 r
1548 3794 1567 3813 υ
1577 3794 1588 3813 s
1599 3806 1606 3819 ,
1629 3786 1645 3813 i.
1669 3786 1683 3821 [
1695 3784 1845 3819 Αὶυάκμωυ]
1868 3783 1957 3814 Lucus
1970 3786 1998 3814 in
2015 3786 2117 3815 Achaia
2128 3808 2135 3818 ,
2156 3783 2336 3823 Peloponnesi
2351 3785 2480 3822 regione,
2499 3781 2554 3818 jux·
2583 3780 2587 3784 '

1851 77 1889 115 ΓΕ
1986 78 2022 114 N
2121 79 2148 114 A

1471 158 1541 227 {ild
1558 159 1683 189 concessa
1703 160 1827 190 Circeios
1845 160 1982 198 relegatus
1998 160 2052 190 fuit
2064 183 2072 194 ,
2110 170 2142 189 ac
2162 159 2301 198 postremo
2318 158 2433 188 ludibrii
2449 160 2526 189 causa
2544 160 2573 192 iri

1502 198 1577 226 rbem
1587 205 1731 227 revocatus
1742 220 1750 233 ,
1778 199 1883 227 ibidem
1895 200 1925 227 in
1937 199 2044 228 stimmo
2056 205 2219 235 contemptu
2232 197 2341 227 habitus
2355 196 2438 226 senex
2450 198 2570 229 sleCeffit.

1476 235 1529 265 Hic
1547 234 1658 264 Paulum
1671 235 1821 272 AEmylium
1833 236 1971 268 Lepidum
1987 237 2097 265 fratrem
2114 244 2178 265 ante
2191 245 2289 264 omnes
2308 234 2478 272 proscripsit,
2499 237 2573 273 quod

1475 273 1509 301 ab
1527 273 1628 302 eodem
1641 274 1715 309 prius
1732 273 1789 302 ise
1801 274 1883 303 hostis
1895 275 1989 310 patriae
2003 274 2139 308 iudicatus
2149 274 2246 302 fuerat.
2276 273 2317 302 Ex
2328 271 2458 301 Volaterr.
2475 273 2571 310 Apian.

1476 310 1524 339 lib.
1540 322 1562 344 ς.
1586 312 1611 339 ὃ(
1626 310 1709 339 Dion.
1726 284 1774 339 lib
1789 322 1833 346 49.
1856 311 1951 345 Vellei.
1967 312 1984 340 l.
1998 321 2022 340 2.

1458 348 1594 385 JEmylius
1606 348 1761 377 Mamercus
1771 355 1811 377 tei·
1823 349 1954 383 Dictator,
1971 350 2117 378 'fidenates
2128 348 2290 378 deficientes
2301 347 2329 375 in
2339 346 2502 384 potestatem
2510 356 2573 379 cum

1479 387 1586 423 oppido
1597 386 1710 422 recepit.
1746 385 1871 415 Censurce
1884 387 2018 415 honorem
2028 409 2035 420 ,
2058 387 2104 422 qui
2116 395 2196 415 antea
2208 395 2256 424 per
2267 385 2489 422 quinquennium
2502 394 2574 422 gere-

1478 424 1572 455 batur.
1595 424 1661 451 anni
1673 424 1699 452 Sc
1711 422 1755 452 sex
1766 424 1900 453 mensium
1911 424 1999 462 spatio
2008 424 2107 452 finiv³t.
2148 424 2240 460 Quam
2252 423 2287 451 ob
2297 432 2355 450 rem
2367 422 2499 451 Censores
2511 432 2574 454 eum

1477 461 1550 489 tribu
1561 469 1708 490 moverunt
1716 483 1723 494 ,
1744 461 1970 499 oehiplicatoque
1982 460 2063 491 censu
2075 463 2200 490 aerarium
2210 461 2345 489 fecerunt.
2380 459 2520 489 Didtatura
2529 470 2576 490 vo-

1478 498 1538 527 lens
1553 498 1578 526 se
1589 498 1738 527 abdicavit.
1772 499 1811 528 Ex
1822 499 1953 528 Volaterr.
1972 500 1998 528 ἃ
2012 498 2069 528 Liv.
2087 509 2108 528 1.
2124 500 2183 528 Dec
2194 498 2228 527 :d.
2244 498 2292 527 lib.
2305 509 2332 533 4.
2361 497 2392 526 V.
2409 497 2528 527 Gronov·
2539 498 2573 531 de

1479 536 1539 564 Pec.
1557 538 1570 560 V
1578 542 1612 564 et.
1626 546 1652 571 4.
1669 546 1691 565 1.
1713 537 1730 565 S
1753 537 1873 566 anheim.
1891 537 1926 565 de
1940 536 1994 567 Usu
2009 536 2124 565 Numm.
2142 536 2243 565 dissert.
2259 545 2300 565 10.
2316 545 2344 573 p.
2359 544 2402 570 30.
2420 538 2463 570 36.

1458 573 1595 610 AEmylius
1614 573 1710 603 Paulus
1751 574 1829 603 onsul
1845 584 1909 604 cum
1924 574 2060 604 Terentio
2076 574 2197 603 Varrone
2210 574 2365 602 temeritate
2378 572 2491 610 collegae
2506 572 2574 604 inire

1478 621 1600 649 pugnam
1617 621 1682 640 cum
1694 612 1829 641 Annibale
1843 614 1972 646 coaetus,
1994 612 2069 648 apud
2087 611 2196 641 Cannas
2209 611 2332 640 cecidit:
2365 612 2444 646 cujus
2462 610 2575 641 cadaver

1478 650 1640 682 inventum,
1662 649 1747 679 hostis
1760 650 1912 679 honorifice
1925 649 2080 678 tumulavit.
2113 648 2155 678 Ei(
2169 648 2302 677 Volaterr.
2318 649 2346 677 δε
2359 647 2417 677 Liv.
2430 658 2454 683 3.
2470 647 2572 678 Decad.

1476 686 1524 715 lib.
1540 696 1564 715 2.
1607 686 1695 721 Huius
1712 687 1785 717 filius
1800 687 1828 716 L.
1845 687 1980 725 AEmylius
1993 686 2090 717 Paulus
2102 708 2111 721 ,
2131 686 2223 724 primo
2237 684 2397 721 confidam,
2418 695 2499 723 quein
2516 687 2575 723 post

1476 732 1532 754 tres
1543 723 1662 761 repulsas
1672 725 1788 762 adeptus
1799 733 1856 754 erat
1865 748 1873 760 ,
1893 725 1929 754 de
1941 724 2086 762 Liguribus
2095 723 2286 761 triumphavit.
2315 723 2343 752 V.
2360 722 2418 752 Liv.
2432 735 2456 760 5.
2471 723 2572 754 Decad.

1477 762 1525 790 lib.
1544 772 1566 796 ς.
1589 761 1712 792 Perizon.
1729 763 1873 792 Animadv.
1889 763 1957 792 Hist.
1973 773 2001 801 p.
2018 773 2079 791 111.

1457 798 1594 836 IEmylius
1604 799 1727 829 Porcina.
1749 801 1808 830 Cic.
1822 801 1851 829 in
1863 801 1954 830 Bruto.
1967 804 2010 836 96.
2032 799 2073 830 M.
2084 797 2220 836 AEmylius
2229 798 2352 836 Lepidus
2361 820 2369 833 ,
2384 798 2430 835 qui
2442 797 2481 827 est
2488 797 2575 828 Porci-

1475 847 1510 866 na
1522 837 1613 866 dictus
1621 859 1628 871 ,
1648 838 1749 867 iisdem
1758 838 1932 876 temporibus
1942 838 1999 868 fere
2008 861 2016 873 ‚
2038 837 2139 875 quibus
2150 836 2236 866 Galba
2247 858 2254 871 ‚
2275 836 2322 866 sed
2334 836 2417 874 paulo
2429 836 2520 864 minor
2530 846 2574 866 na-

1478 882 1508 904 tu
1519 896 1526 909 .
1557 876 1583 904 St
1598 874 1721 904 summus
1735 885 1825 905 orator
1838 876 1875 905 est
1893 876 2003 905 habitus
2022 877 2047 905 St
2062 875 2134 910 fuit,
2163 881 2194 904 ut
2209 881 2325 912 apparet
2341 884 2376 903 ex
2394 873 2573 910 orationibus,

1473 912 1590 950 scriptor
1600 912 1663 941 sane
1675 913 1772 943 bonus.
1813 913 1876 943 Hoc
1890 915 1919 942 in
1934 921 2041 943 oratore
2051 913 2149 942 Latino
2162 912 2284 950 primum
2299 912 2369 940 mihi
2380 911 2488 940 videtur
2499 913 2525 941 St
2538 911 2575 941 le-

1474 951 1547 980 nitas
1559 950 1713 988 apparuisse
1724 950 1771 980 illa
1781 951 1939 981 Graecorum
1949 974 1957 987 ,
1979 953 2006 981 Sc
2016 952 2162 980 verborum
2172 950 2381 987 comprehensio
2391 972 2399 984 ,
2420 950 2504 978 etiam
2516 949 2576 979 ar'ti-

1474 988 1523 1018 fex
1543 996 1551 1021 l
1564 997 1595 1017 ut
1607 988 1645 1017 ita
1654 988 1766 1021 dicam)
1786 989 1877 1026 stylus.
1919 990 2003 1019 Hunc
2014 989 2132 1018 studiose
2150 988 2206 1017 duo
2220 987 2408 1016 adolescentes
2423 987 2576 1024 ingeniosis:

1476 1026 1534 1054 simi
1546 1027 1572 1055 δι
1582 1036 1671 1064 prope
1682 1026 1799 1063 aequales
1811 1027 1842 1056 C.
1855 1027 1945 1056 Carbo
1957 1028 1983 1056 Sc
1996 1027 2030 1056 T.
2045 1027 2185 1056 Gracchus
2196 1026 2290 1055 audire
2300 1025 2372 1054 soliti
2383 1024 2454 1054 sunt.

1456 1063 1594 1101 AEmylius
1608 1062 1742 1100 Regillus.
1772 1064 1830 1094 Liv.
1844 1064 1861 1094 l.
1876 1074 1918 1102 37.
1937 1064 1968 1094 C.
1982 1070 2026 1100 58.
2066 1064 2188 1102 AEniylio
2200 1063 2326 1100 Regillo,
2348 1063 2394 1100 qui
2412 1061 2492 1091 classe
2510 1072 2575 1100 prae.

1474 1101 1580 1131 fecium
1590 1102 1721 1131 Antiochi
1730 1103 1801 1140 regis
1812 1103 1967 1137 devicerat,
1989 1109 2066 1131 extra
2077 1102 2175 1131 urbem
2187 1102 2216 1130 in
2227 1101 2286 1131 aede
2294 1100 2527 1139 Apollinisquum
2538 1100 2576 1130 se·-

1475 1146 1556 1168 natus
1572 1139 1652 1168 datus
1667 1139 1750 1176 esset,
1771 1141 1873 1170 auditis
1888 1141 1969 1170 rebus
1985 1140 2064 1178 gestis
2080 1141 2139 1176 ejus
2150 1162 2158 1174 ,
2179 1139 2289 1177 quantis
2306 1148 2371 1168 cum
2385 1137 2514 1167 classibus
2528 1139 2574 1168 ho-

1475 1177 1558 1206 stium
1569 1177 1741 1213 dimicasset,
1763 1186 1830 1216 quot
1844 1178 1910 1207 inde
1920 1188 2004 1207 naves
2015 1177 2181 1207 demersisset
2189 1186 2235 1206 aut
2246 1176 2362 1215 cepisset
2371 1199 2378 1211 ,
2400 1185 2500 1213 magno
2511 1186 2575 1205 con-

1474 1214 1553 1244 sensu
1570 1215 1680 1245 Patrum
1694 1216 1851 1253 triumphus
1867 1216 1972 1246 navalis
1987 1216 2025 1245 est
2039 1216 2176 1244 decretus.
2213 1215 2410 1252 Triumphavit
2425 1213 2484 1243 Cal.
2498 1213 2572 1245 Febr.

1475 1252 1507 1282 In
1519 1262 1553 1281 eo
1563 1253 1706 1290 triumpho
1717 1254 1995 1291 undequinquaginta
2005 1263 2114 1282 corona:
2128 1262 2216 1282 aureae
2226 1252 2362 1282 translatae
2375 1252 2444 1281 sunt.

1454 1289 1594 1328 AEmylius
1604 1290 1720 1321 Scaurus
1733 1291 1837 1321 nobilis
1847 1293 1873 1321 Sc
1886 1301 2000 1329 pauper.
2041 1291 2114 1320 Nam
2125 1298 2203 1328 pater
2214 1291 2274 1325 eius
2283 1312 2292 1325 ,
2313 1291 2428 1327 quanvis
2438 1289 2573 1327 patritius,

1476 1328 1512 1357 ob
1522 1336 1716 1366 paupertatem
1727 1329 1920 1358 carbonarium
1935 1329 2079 1366 negotium
2092 1328 2227 1358 exercuit.
2266 1328 2345 1357 Idem
2361 1337 2453 1365 primo
2469 1327 2575 1357 dubita«.

1473 1367 1515 1395 vit
1523 1388 1530 1401 ‚
1547 1366 1668 1396 honores
1677 1375 1799 1404 peteret,
1816 1377 1851 1396 an
1863 1368 2042 1404 argentariam
2054 1367 2169 1396 faceret:
2191 1365 2239 1395 sed
2249 1365 2415 1403 eloquentiae
2425 1365 2573 1402 consultus,

1473 1414 1509 1433 ex
1521 1414 1552 1433 ea
1562 1403 1676 1441 gloriani
1685 1405 1802 1442 peperit.
1831 1404 1931 1435 AEdilis
1940 1427 1947 1439 ,
1961 1406 2015 1441 juri
2025 1404 2170 1434 reddendo
2181 1404 2269 1441 magis
2280 1413 2362 1441 quam
2372 1404 2480 1433 muneri
2492 1404 2574 1433 eden-

1472 1442 1510 1471 do
1522 1442 1636 1471 studuit.
1677 1443 1776 1472 Praetor
1784 1442 1910 1472 adversus
1919 1443 1933 1478 J
1937 1443 2083 1480 ugurtham
2094 1442 2243 1480 pugnavit,
2263 1443 2323 1478 ejus
2333 1441 2447 1471 tandem
2457 1442 2574 1479 pecunia

1464 1480 1571 1509 vitius.
1612 1479 1714 1509 Consul
1729 1480 1819 1517 legem
1841 1481 1876 1509 de
1896 1480 2051 1518 sumptibus
2071 1482 2097 1510 St
2119 1480 2325 1509 Libertinorum
2346 1479 2481 1516 suffragiis
2500 1478 2572 1510 tulit.

1472 1517 1503 1547 V.
1522 1518 1624 1546 Auster
1637 1518 1672 1547 de
1690 1518 1761 1547 Viris
1775 1518 1858 1548 Illust.
1875 1518 1906 1548 C.
1920 1528 1964 1556 72.
1988 1518 2120 1547 Volaterr.
2137 1520 2163 1548 ἃ
2178 1516 2264 1547 Valet.
2280 1517 2329 1547 lib.
2343 1526 2368 1554 3.
2384 1526 2445 1554 cap.
2460 1527 2485 1546 2.
2507 1519 2533 1547 ἃ,
2547 1527 2572 1555 7.

1471 1555 1543 1587 Item
1557 1555 1606 1584 lib.
1620 1567 1647 1591 4.
1663 1565 1723 1593 cap.
1736 1559 1760 1585 6.
1784 1558 1810 1586 St
1823 1556 1872 1585 lib.
1885 1562 1911 1590 8.
1926 1566 1986 1594 cap.
2003 1567 2026 1592 5.
2049 1556 2107 1585 Cio.
2121 1566 2172 1594 pro
2182 1555 2300 1590 Fonteio
2315 1566 2358 1591 14.
2395 1554 2518 1592 Ecquem
2526 1554 2573 1584 ho-

1471 1594 1579 1623 minem
1590 1593 1711 1623 vidimus
1722 1615 1730 1629 ,
1758 1603 1876 1631 ecquem
1889 1604 1954 1624 vero
1970 1603 2189 1623 commemorare
2202 1593 2344 1632 possumus
2355 1614 2363 1629 ,
2384 1602 2480 1630 parem
2490 1592 2573 1622 confi-

1470 1631 1528 1666 lio,
1550 1631 1697 1668 gravitate,
1719 1632 1891 1667 constantia,
1919 1633 2025 1661 caeteris
2037 1632 2205 1667 virtutibus,
2227 1631 2359 1666 honoris,
2381 1631 2509 1667 ingenii,
2533 1639 2571 1660 re-

1470 1679 1532 1699 rum
1549 1669 1683 1706 gestarum
1699 1670 1887 1705 ornamentis,
1915 1670 1956 1700 M.
1974 1669 2095 1707 ffimylio
2110 1670 2213 1699 Scauro
2229 1669 2330 1698 fuisse?
2358 1668 2467 1698 Tamen
2481 1669 2570 1705 hujus,

1471 1708 1551 1743 cujus
1562 1707 1674 1742 injurati
1691 1713 1759 1736 nutu
1774 1717 1862 1745 prope
1879 1716 2012 1737 terrarum
2028 1707 2102 1736 orbis
2119 1707 2280 1745 regebatur,
2310 1706 2390 1740 iurati
2403 1706 2570 1742 testimonio,

1471 1754 1563 1782 neque
1577 1745 1606 1773 in
1622 1744 1653 1774 C.
1666 1744 1815 1774 Fimbriam
1827 1767 1835 1780 ,
1862 1755 1954 1783 neque
1966 1746 1995 1774 in
2013 1745 2043 1775 C.
2056 1745 2224 1774 Memmium
2241 1745 2380 1774 creditum
2395 1744 2442 1773 est.
2484 1744 2572 1780 Hujus

1471 1782 1545 1812 filius
1560 1782 1602 1812 M.
1615 1781 1751 1820 AEmylius
1766 1783 1882 1812 Scaurus
1897 1783 1978 1821 Syliae
1995 1783 2136 1821 privignus
2154 1783 2220 1812 fecit
2238 1784 2267 1812 iri
2282 1782 2425 1812 AEdilitate
2437 1781 2483 1811 sua
2498 1782 2570 1811 thea-

1471 1828 1545 1850 trum
1555 1821 1752 1858 temporarium
1762 1842 1770 1856 ,
1790 1830 1807 1850 o
1830 1831 1861 1850 us
1871 1822 2026 1851 maximum
2038 1822 2167 1850 onmium
2181 1831 2240 1858 quae
2250 1830 2374 1857 unquam
2385 1820 2462 1849 fuere
2477 1820 2571 1849 huma-

1470 1868 1507 1887 na
1524 1868 1609 1888 manu
1625 1858 1704 1888 facta.
1738 1857 1769 1887 V.
1787 1831 1856 1888 Piin.
1872 1858 1921 1888 lib.
1936 1863 1980 1896 36.
1997 1869 2057 1897 cap.
2072 1869 2114 1894 ις.
2156 1859 2211 1888 Hic
2222 1859 2321 1888 Praetor
2331 1858 2504 1896 provinciam
2515 1857 2573 1887 Sat-
2602 1874 2604 1894 ς

1471 1897 1579 1925 (liniam
1593 1895 1702 1925 sortitus
1711 1917 1720 1930 ,
1740 1897 1957 1934 repetundarum
1971 1896 2123 1935 postulatus
2139 1897 2177 1926 est
2191 1897 2267 1935 apud
2280 1896 2321 1926 M.
2335 1896 2472 1925 Catonem
2481 1917 2490 1931 ,
2517 1896 2542 1925 &
2555 1903 2570 1924 a

1470 1934 1608 1964 Cicerone
1618 1933 1756 1963 defensus.
1796 1934 1928 1964 Asconius
1941 1945 1992 1973 pro
2005 1935 2118 1964 Scauro.
2602 1943 2604 1949 ⁴

1451 1971 1588 2009 AEmylius
1600 1994 1607 2007 ,
1636 1972 1712 2010 apud
1721 1971 1846 2009 Sybarim
1858 1972 1945 2002 Italiae
1956 1972 2096 2010 oppidum
2111 1980 2170 2002 erat
2180 1972 2306 2009 spedtatae
2320 1970 2469 2000 venustatis
2481 1969 2571 2000 adole—

1470 2010 1548 2039 scens
1559 2031 1567 2044 ,
1591 2009 1693 2039 mirum
1702 2010 1733 2038 in
1743 2010 1860 2039 modum
1869 2012 1991 2040 venandi
2001 2010 2145 2040 studiosus.
2185 2010 2263 2040 Uxor
2278 2017 2372 2038 autem
2385 2008 2495 2038 novella
2508 2017 2570 2039 cum
2599 2025 2602 2035 ι

1472 2048 1502 2077 in
1516 2047 1628 2077 alterius
1639 2047 1739 2086 puellae
1749 2047 1912 2085 complexus
1925 2048 2014 2086 ipsum
2028 2049 2067 2078 ire
2078 2050 2256 2085 opinaretur,
2279 2048 2308 2076 in
2322 2047 2404 2076 stitus
2417 2046 2516 2083 egressa
2525 2046 2569 2076 de-
2599 2079 2601 2081 ,

1469 2085 1621 2115 litescebat.
1660 2085 1850 2123 Conquaisatis
1859 2094 1952 2115 autem
1962 2086 2112 2116 arbusculis
2121 2109 2128 2121 ‚
2150 2096 2232 2115 canes
2244 2084 2386 2114 accursmt
2396 2107 2403 2119 ,
2422 2086 2447 2114 Sc
2458 2094 2507 2122 pro
2516 2083 2570 2114 fera
2597 2084 2604 2115 i·

1471 2123 1640 2160 discerpunt.
1680 2123 1847 2153 Adolescens
1859 2123 1978 2162 seipsum
1992 2124 2140 2153 interfecit.
2170 2123 2304 2153 Plutarch.
2321 2124 2351 2151 in
2362 2122 2510 2152 Parallelis.

1452 2161 1588 2199 AEniylius
1601 2161 1717 2198 Segestze
1727 2162 1757 2190 in
1768 2161 1864 2191 Sicilia
1872 2170 2004 2200 tyrannus
2013 2184 2021 2197 ,
2042 2163 2120 2195 cuius
2133 2162 2264 2191 meminit
2274 2161 2409 2190 Plutarch.
2422 2160 2551 2190 Volaterr-

1413 2198 1503 2231 AEwr
1514 2211 1530 2228 L
1540 2209 1548 2227 1
1560 2209 1576 2228 u
1587 2208 1614 2235 s,
1630 2209 1662 2234 a,
1677 2209 1733 2228 um.
1757 2200 1817 2235 Adi.
1840 2200 2019 2235 [Αιμυλιῶ]
2040 2200 2113 2228 Hinc
2125 2200 2208 2229 ludus
2218 2199 2363 2237 AEmylius.
2387 2203 2452 2229 i-ior.
2465 2199 2500 2228 de
2511 2200 2569 2228 Arte
2594 2206 2598 2236 ς

1452 2237 1527 2267 Poet.
1546 2246 1588 2272 32.
1627 2237 1740 2275 AEmylii
1758 2237 1857 2275 Lepidi
1867 2238 1950 2268 ludus
1961 2237 2139 2276 gladiatorius
2150 2239 2222 2273 fuit,
2251 2238 2327 2276 quod
2344 2246 2420 2267 nunc
2438 2235 2570 2274 Polycleti
2594 2240 2598 2264 l

1451 2274 1582 2304 balneum
1599 2275 1645 2304 est.
1674 2275 1806 2313 Porphyr.
2596 2274 2597 2298 ἶ

1450 2313 1572 2352 Propert.
1587 2322 1609 2347 3.
1624 2322 1647 2349 3.
1671 2313 1706 2342 de
1721 2314 1809 2343 Ennio
1820 2318 1912 2350 poeta,

1460 2380 1491 2388 ⁸
1530 2351 1565 2381 Et
1578 2351 1682 2379 cecinit
1695 2351 1794 2380 Curios
1806 2352 1918 2385 fratres,
1941 2351 1967 2380 St
1980 2350 2096 2380 Horatia
2109 2349 2177 2389 pila,

1572 2388 1714 2426 Regiaque
1726 2389 1836 2418 AErr'iilia
1849 2390 1928 2418 vetra
1940 2389 2065 2426 trophaea
2079 2396 2147 2418 rate.

1449 2424 1568 2464 AEmylia
1583 2426 1688 2464 Regio,
1717 2428 1755 2456 est
1766 2427 1854 2465 Regio
1871 2427 1973 2461 Italiae,
1996 2437 2056 2465 quie
2072 2428 2097 2457 St
2110 2426 2246 2456 Flaminia
2263 2427 2290 2456 &
2305 2425 2492 2456 Romandiola
2503 2423 2569 2455 dici-
2591 2427 2593 2467 l

1467 2472 1527 2494 tur:
1550 2465 1579 2493 in
1591 2474 1643 2503 qua
1654 2465 1716 2494 sunt
1727 2465 1807 2494 urbes
1819 2465 1981 2498 Ariminum.
1997 2464 2117 2499 Caesena,
2132 2464 2246 2501 Saffma,
2261 2464 2411 2500 Faventia,
2425 2464 2563 2500 Ravenna,
2590 2468 2594 2502 ᾖ

1469 2502 1573 2537 imola,
1594 2503 1773 2537 Forumlivii,
1794 2502 1938 2538 Bononia,
1961 2502 2126 2532 &Ferraria
2590 2519 2591 2523 =

1449 2538 1570 2578 AEmylia
1580 2541 1675 2570 tribus.
1709 2540 1739 2570 V.
1762 2550 1781 2568 T
1789 2551 1806 2568 a
1815 2551 1824 2569 1
1834 2551 1849 2568 a
1860 2550 1877 2568 u
1887 2550 1907 2569 s.
2590 2554 2591 2579 ᾗ

1447 2577 1567 2615 AEmylia
1576 2579 1627 2608 via.
1649 2578 1735 2608 Strab.
1749 2577 1795 2607 lib.
1811 2589 1834 2614 ς.
1861 2576 1997 2615 AEmylius
2007 2578 2123 2608 Scaurus
2133 2587 2183 2616 per
2192 2577 2264 2607 Pisas
2274 2579 2301 2607 δι
2311 2577 2419 2607 Lunam
2429 2587 2515 2615 usque
2523 2576 2567 2608 Sa·
2587 2582 2591 2622 Q

1468 2616 1557 2645 batios
1572 2617 1646 2646 viam
1664 2617 1756 2646 stravit
1772 2615 1929 2653 AEmyliam.
1960 2618 1986 2645 δέ
2004 2616 2070 2645 hinc
2089 2625 2139 2654 pei·
2153 2616 2335 2645 Derthonem.
2376 2616 2435 2645 Alia
2450 2625 2514 2645 vero
2530 2614 2566 2645 est
2587 2625 2591 2642 ι

1467 2654 1587 2691 JEmylia
1597 2677 1604 2689 ,
1625 2664 1685 2691 quae
1695 2654 1860 2684 Flaminiam
1872 2654 1985 2691 excipit.
2022 2654 2129 2683 Eodem
2138 2654 2214 2683 enim
2224 2654 2254 2682 in
2263 2653 2414 2683 Consulatu
2425 2653 2464 2683 M.
2477 2652 2566 2692 AEmy-
2588 2647 2589 2675 i

1467 2691 1520 2721 lius
1531 2692 1651 2730 Lepidus
1659 2714 1667 2727 ,
1685 2694 1711 2721 δι
1721 2691 1750 2720 C.
1762 2691 1914 2721 Flaminius
1925 2691 2038 2728 collegae
2046 2692 2166 2721 fuerunt.
2204 2691 2327 2720 Victores
2337 2700 2430 2721 autem
2439 2691 2565 2729 Ligurum
2586 2681 2589 2723 l

1468 2729 1582 2759 stravere
1596 2752 1604 2765 ‚
1638 2730 1686 2759 hic
1705 2730 1819 2767 quidem
1836 2729 2001 2759 Flaminiam
2018 2740 2033 2758 e
2051 2729 2141 2759 Roma
2158 2739 2208 2767 per
2224 2729 2356 2758 Tusciam
2373 2732 2398 2759 ἃ
2416 2729 2564 2765 Umbriam,
2585 2725 2589 2764 ἕ

1466 2777 1554 2805 usque
1570 2768 1742 2797 Ariminum:
1765 2767 1837 2796 Alter
1846 2767 1995 2804 ffimyliam
2010 2777 2098 2804 usque
2108 2767 2272 2796 Bononiam.
2295 2769 2321 2797 ἃ
2333 2777 2368 2796 ex
2379 2777 2411 2796 ea
2421 2768 2451 2796 in
2459 2766 2566 2805 Aquile·
2585 2766 2588 2816 1

1468 2806 1523 2839 iam
1532 2828 1540 2840 ,
1561 2816 1649 2844 prope
1661 2805 1773 2843 Alpium
1787 2805 1893 2834 radices
1902 2827 1910 2839 ,
1932 2805 2017 2833 duem
2029 2815 2077 2843 per
2089 2815 2184 2842 gyrum
2197 2806 2269 2834 circa
2279 2804 2396 2843 paludes
2412 2815 2505 2843 opere.

1410 2841 1472 2875 AEM
1481 2854 1499 2872 Υ
1508 2855 1517 2871 1
1534 2855 1540 2871 1
1551 2848 1567 2872 Ᾰ
1579 2854 1596 2872 Ν
1606 2854 1623 2872 U
1633 2854 1644 2873 s
1653 2866 1660 2879 Ἰ
1685 2843 1742 2879 Adj,
1765 2842 1958 2879 [Αιμυλιααὸς]
1982 2842 2068 2879 QlOd
2079 2844 2118 2872 est
2128 2852 2163 2871 CX
2175 2842 2279 2872 familia
2288 2842 2407 2880 AEmylla
2415 2865 2423 2877 ‚
2446 2844 2472 2873 ἃ
2482 2839 2564 2879 QUOd

1449 2880 1483 2910 ad
1503 2881 1637 2919 AEmylios
1655 2882 1784 2918 pertinet.
1830 2880 1905 2910 Hinc
1924 2880 2069 2910 Cornelius
2088 2881 2183 2918 Scipio
2202 2881 2294 2910 dicius
2316 2881 2354 2909 est
2378 2880 2562 2918 AEmylianus,

1449 2928 1512 2948 cum
1525 2929 1558 2948 ex
1570 2919 1690 2957 AEmylia
1704 2918 1809 2948 familia
1823 2928 1873 2956 per
1889 2918 2071 2955 adoptionem
2084 2919 2113 2947 in
2130 2918 2288 2948 Corneliam
2304 2917 2474 2948 transivisset.
2513 2916 2564 2947 Hic

1447 2957 1541 2995 postea
1558 2958 1641 2987 etiam
1661 2957 1750 2986 dictus
1772 2957 1811 2985 est
1834 2957 1975 2985 Africanus
1994 2957 2094 2995 partim
2118 2967 2133 2985 a
2150 2955 2198 2985 suo
2221 2967 2273 2985 avo
2289 2956 2439 2994 adoptivo,
2469 2955 2564 2994 partim

1447 2996 1531 3024 etiam
1549 2996 1624 3033 quod
1640 2994 1696 3033 ipse
1714 2995 1827 3023 tandem
1845 2995 1968 3023 extincta
1985 2994 2150 3031 Carthagine
2170 2994 2254 3032 plane
2270 2994 2392 3024 Africam
2406 2992 2561 3032 subjugarit.

1446 3033 1520 3062 conf.
1540 3033 1599 3062 Dio.
1615 3033 1684 3062 Cass'.
1701 3032 1747 3062 lib.
1761 3036 1806 3068 46.
1823 3042 1849 3069 p.
1866 3041 1927 3067 322.
2564 3059 2567 3061 .

1445 3071 1600 3109 AEmyliana
1611 3071 1727 3100 aedificia
1737 3093 1744 3105 ,
1766 3077 1843 3099 erant
1853 3077 1929 3099 extra
1940 3069 2059 3099 Romam
2069 3092 2076 3103 ‚
2098 3069 2133 3098 de
2145 3069 2245 3106 quibus
2256 3068 2346 3099 Tacit.
2357 3069 2406 3098 lib.
2421 3079 2461 3105 15.
2475 3068 2509 3098 de
2515 3066 2562 3097 Ur-

1465 3108 1507 3138 bis
1522 3109 1655 3139 incendio
1671 3109 1720 3138 sub
1738 3108 1860 3137 Nerone.
1905 3107 1966 3136 Plus
1989 3108 2108 3137 infamiae
2130 3107 2159 3136 id
2178 3108 2343 3138 incendium
2356 3107 2455 3137 habuit
2468 3129 2476 3142 ,
2504 3105 2563 3144 quia

1463 3147 1575 3184 praediis
1586 3146 1712 3184 Tigillini
1722 3145 1885 3182 AEinylianis
1898 3155 1979 3182 proru
2003 3153 2069 3175 erat.
2107 3145 2313 3183 Videbaturque
2324 3145 2400 3174 Nero
2412 3143 2562 3175 condendae
2577 3158 2582 3183 i

1462 3184 1538 3215 urbis
1549 3194 1628 3214 novae
1637 3206 1646 3221 ,
1668 3186 1694 3215 δι
1705 3190 1894 3221 cognomento
1904 3183 1952 3213 suo
1963 3194 1978 3213 a
1999 3183 2137 3222 pellandae
2147 3204 2155 3218 ,
2177 3183 2293 3221 gloriam
2304 3192 2435 3221 quaerere.
2578 3193 2586 3223 4,

1909 3258 1947 3294 AE
2052 3258 2088 3294 N

1445 3371 1511 3401 Plin.
1527 3371 1575 3400 lib.
1591 3382 1612 3406 ς.
1631 3381 1691 3409 cap.
1705 3381 1747 3407 31.

1441 3447 1493 3487 psit
1504 3457 1517 3475 a
1529 3447 1644 3476 statione
1655 3447 1767 3476 navium
1778 3446 1871 3476 AEneae
1880 3468 1888 3482 ‚
1910 3454 1939 3476 ut
1949 3446 2044 3476 scribit
2053 3447 2121 3476 Plin.
2134 3446 2183 3476 lib.
2197 3455 2220 3480 3.
2235 3456 2295 3484 cap.
2306 3451 2331 3476 6.
2365 3446 2431 3476 Hzec
2442 3446 2557 3476 Homero

1444 3484 1562 3513 inarime
1574 3485 1647 3513 dicta
1657 3506 1665 3518 ,
1696 3485 1796 3513 Grrecis
1814 3484 1954 3514 Pithecusa
1965 3507 1972 3517 ,
1995 3494 2051 3513 non
2067 3496 2082 3514 a
2097 3484 2233 3514 simiarum
2247 3484 2446 3518 multitudine,
2475 3490 2504 3512 ut
2514 3481 2558 3511 ali·
2572 3478 2604 3528 (A

1442 3522 1489 3558 qui
1500 3521 1705 3551 existimavere:
1727 3522 1773 3551 sed
1786 3532 1801 3550 a
1811 3521 1912 3559 figlinis
1922 3521 2108 3551 doliariorum.
2139 3521 2243 3551 Author
2255 3522 2361 3551 ibidem
2373 3522 2441 3551 Plin.
2479 3521 2557 3550 Nunc
2572 3530 2574 3540 ¹

1441 3558 1527 3588 ischia
1536 3566 1667 3595 vocatur,
1689 3570 1704 3588 a
1715 3560 1829 3588 nomine
1840 3560 1937 3597 oppidi
1951 3560 2101 3598 imaginem
2113 3560 2275 3589 coxendicis
2291 3560 2318 3588 iri
2329 3567 2425 3588 monte
2440 3557 2556 3597 praeben·

1441 3597 1486 3626 tis.
1519 3597 1642 3626 Hermol.
1654 3598 1683 3626 in
1694 3597 1761 3626 Plin.
1779 3598 1808 3627 in
1822 3606 1854 3626 ea
1865 3597 1926 3626 sunt
1941 3608 2017 3635 aquae
2028 3599 2084 3627 vim
2097 3598 2235 3627 medicam
2249 3596 2398 3627 habentes:
2421 3593 2555 3626 calculosis
2571 3594 2573 3628 ξ

1440 3634 1516 3663 enirn
1528 3635 1684 3664 medentur.
1715 3634 1820 3664 Author
1834 3634 1900 3664 Plin.
1918 3635 1966 3664 lib.
1982 3645 2024 3670 31.
2040 3646 2101 3674 cap.
2115 3646 2139 3665 2.
2156 3636 2222 3665 Stat.
2236 3645 2347 3673 quoque
2358 3644 2382 3672 3.
2399 3634 2471 3672 Sylv.
2485 3644 2506 3669 ς.
2534 3639 2536 3642 ’
2571 3633 2573 3665 ἓ

1520 3672 1690 3710 AEnaritequc
1703 3671 1779 3702 lacus
1793 3673 1918 3702 medicos
1927 3696 1934 3707 ‚
1956 3674 2130 3711 Statinasque
2145 3679 2260 3702 renatas.

1439 3707 1604 3775 IEiliaiiakiiist
1627 3710 1801 3748 appellavere
1821 3709 1915 3740 locum
1933 3710 1979 3740 ubi
2001 3711 2101 3742 AEneas
2119 3709 2229 3741 classem
2247 3719 2263 3739 a
2277 3708 2363 3746 Troja
2381 3710 2496 3739 veniens
2512 3713 2554 3744 ap·
2570 3739 2571 3745 χ
2592 3719 2594 3726 ’

1440 3756 1478 3782 pu
1493 3752 1521 3775 it.
1567 3757 1581 3776 e
1607 3756 1645 3776 us.

1440 3826 1466 3849 ta
1482 3820 1604 3850 Olenum
1622 3823 1778 3860 oppidum.
1799 3822 1828 3850 in
1847 3832 1901 3859 quo
1920 3823 2007 3852 ›ichaei
2027 3824 2061 3852 de
2074 3823 2155 3852 rebus
2173 3823 2369 3852 communibus
2382 3816 2554 3851 consultaturi,
2580 3835 2582 3840 ·

1439 3867 1609 3887 conventum
1620 3860 1745 3898 agebant.
1767 3859 1854 3889 strab.
1870 3860 1916 3889 lib.
1930 3865 1955 3893 8.
1973 3860 2020 3890 sub
2030 3861 2076 3890 fin.
2099 3860 2146 3890 sed
2163 3860 2238 3889 idem
2252 3860 2336 3898 paulo
2351 3867 2415 3889 ante
2436 3857 2504 3895 (Ed.
2515 3853 2554 3884 Al·
2582 3876 2586 3895 ,¹

1440 3895 1468 3923 di
1485 3906 1510 3933 p.
1531 3902 1588 3932 107.
1612 3897 1763 3926 Calauboni
1777 3907 1804 3934 p.
1821 3901 1885 3931 πός.
1901 3899 1911 3931 )
1947 3899 2060 3934 *gravor
2072 3921 2079 3933 ‚
2101 3898 2245 3927 Arnarium
2262 3898 2339 3928 hunc
2356 3896 2452 3927 lucum
2468 3898 2571 3927 vocae.

1438 3932 1476 3962 ita
1491 3940 1520 3962 ut
1531 3933 1693 3963 alterutrum
1707 3934 1803 3964 locum
1818 3941 1980 3973 corruptum
1994 3936 2047 3966 esse
2064 3943 2198 3974 oporteat.
2428 3969 2461 4001 E
2566 3937 2581 3967 ¹,

2470 3974 2552 3999 NSAi
2566 3974 2601 4000 .ῧί
