2600 4177
532 109 563 145 C
659 110 693 146 O
789 108 825 145 N

122 186 230 221 strense.
269 190 397 229 vegetius
407 190 454 221 lib.
465 199 491 220 2.
503 200 563 228 cap.
579 199 621 228 13.
634 198 704 221 extr.
724 191 824 222 Rursus
844 191 907 230 ipfae
926 191 1064 221 Centuriae
1082 191 1110 221 in
1131 191 1237 221 Contu-

124 225 220 257 bernia
237 228 329 258 divisae
350 227 428 258 sunt:
451 237 480 257 ut
499 229 596 258 decem
614 230 747 259 militibus
768 229 815 258 sub
834 240 891 258 uno
913 230 1054 267 papilione
1070 230 1237 266 degentibus

124 272 197 294 unus
208 266 280 302 quasi
294 266 416 304 praeesfet
428 266 552 294 Decanus
564 288 571 301 ,
593 267 639 303 qui
657 267 748 304 Caput
766 267 941 296 contubernii
956 269 1124 296 nominatur.
1165 267 1238 296 Con-

126 302 286 332 tubernium
296 312 386 332 autem
399 303 559 340 Manipulus
570 304 718 333 vocabatur
729 327 736 339 ,
758 305 791 333 ab
808 315 841 334 eo
852 305 926 341 quod
941 305 1097 340 conjunctis
1109 304 1238 333 manibus

127 340 229 405 Eariter
240 341 417 370 dimicabant.
455 340 546 369 Festus
558 363 566 374 ,
588 341 809 371 Contubernium
823 343 922 371 dicitur
933 342 1181 371 Contubernalium
1194 341 1240 370 ha-

78 418 80 420 ·
148 378 235 442 issatio.
256 378 373 444 bCaes.3.
386 376 453 407 Bell.
466 377 545 407 Civil.
559 382 603 415 76.
626 379 764 418 Depositis
773 380 803 409 in
819 380 1004 410 contubernio
1016 380 1116 415 armis,
1136 379 1240 408 vallum

127 423 158 442 re
172 424 254 449 inque
275 421 332 445 ant.

130 450 185 518 Ugi
204 452 283 518 illuri]
295 452 511 483 contubernium
531 452 672 484 muliebris
695 454 802 485 militiae
820 455 849 484 in
859 455 908 484 illo
926 453 1119 485 delicatiffimo
1134 452 1239 483 litore‘?

174 499 208 519 ic.
220 500 245 524 7.
286 499 336 519 err.
354 499 413 525 ¹03-

130 528 164 558 In
183 527 368 556 contubernio
389 526 444 556 eise
465 528 628 558 dicebantur
649 529 846 559 Proconsulum
859 552 867 565 ,
888 529 1108 567 Propraetorum,
1129 527 1244 565 Legato-

148 574 227 599 rum,
248 564 438 594 Praefestorum
451 587 459 600 ,
482 564 727 605 Tribunorumque
738 568 898 597 militarium
911 590 918 601 ,
941 567 1029 596 forsan
1053 568 1078 596 &
1099 566 1244 595 Centurio-

147 610 227 635 num,
239 601 434 632 Adulescentes
445 604 567 640 ingenui,
588 605 634 642 qui
644 614 704 641 eos,
727 605 833 634 militiae
842 604 1016 635 addiscendae
1027 603 1104 634 causa
1119 604 1152 633 ab
1170 603 1244 632 Urbe

149 639 340 675 sequebantur.
398 641 454 670 Cic.
470 651 520 678 pro
543 642 636 672 Planc.
656 652 700 679 27.
733 643 789 679 Qui
809 642 1031 672 adolescentulus
1048 651 1111 670 cum
1132 643 1158 670 A.
1174 641 1245 670 Tor-

150 681 235 713 quato
248 677 388 714 profectus
402 678 430 707 in
443 679 558 709 Africam
571 698 586 714 ,ι
600 680 636 709 sic
647 681 680 709 ab
692 680 740 709 illo
752 680 905 717 graviliimo
920 682 970 709 &c
989 681 1045 708 viro
1057 679 1174 708 dilectus
1187 681 1225 708 est
1235 700 1244 714 ,

149 719 181 742 ut
193 714 217 743 ἃ
227 714 402 744 contubernii
414 716 584 746 necesiitudo
595 740 602 752 ,
624 720 649 748 δε
658 718 839 747 adolescentis
850 717 1037 746 modestissimi
1054 717 1143 754 pudor
1154 717 1246 753 postu-

149 750 232 780 labat.
272 752 348 781 Suet.
361 753 426 783 Caes.
438 763 463 783 α.
474 764 514 792 pr.
536 755 679 793 Stipendia
695 756 782 793 prima
792 756 821 784 in
831 755 886 784 Asia
894 755 976 789 fecit,
999 754 1038 784 M.
1053 754 1167 784 Thermi
1179 764 1246 792 prae-

148 789 217 832 toris
227 790 422 821 contubernio,
463 792 606 830 iidemque
617 793 770 822 eorundem
782 793 945 822 dicebantur
956 791 1177 822 Contubernales
1185 813 1193 826 ,
1214 797 1245 820 ut

151 826 364 858 vrderelicetex
375 828 433 858 Cic.
447 829 497 867 Ep.
509 839 553 859 20.
566 837 633 859 extr.
648 830 695 859 lib.
709 842 732 864 ς.
749 831 783 859 ad
797 830 891 859 Famil.
904 829 1090 867 distinguendi
1100 851 1107 862 ,
1125 829 1226 866 opinor
1237 850 1246 865 ,

151 864 187 892 ab
204 864 246 894 his
261 866 305 902 qui
318 868 430 904 proprio
450 868 563 897 nomine
582 868 707 897 Comites
733 867 912 897 vocabantur.
953 868 996 897 De
1014 867 1113 904 quibus
1136 867 1166 895 V.
1188 866 1206 896 s.
1224 866 1244 896 l.

131 900 358 932 Contubernium
369 926 377 939 ,
398 905 576 934 Cohabitatio
592 927 599 939 ,
621 906 765 935 convietus
783 907 809 935 &
823 905 961 935 sodalitas.
1002 904 1069 934 Plin.
1084 913 1107 941 3.
1121 904 1203 942 Epist.
1220 913 1245 940 3.

154 939 251 969 Adhuc
267 940 354 971 filium
368 943 494 979 pueritiae
505 944 573 972 ratio
587 944 659 972 intra
673 944 885 973 contubernium
900 949 979 973 tuum
990 943 1089 972 tenuit.

131 976 206 1008 Inire
220 979 435 1009 contubernium
446 980 561 1016 alicujus
569 981 736 1019 philosophi.
759 981 834 1010 Suet.
846 982 874 1010 in
885 981 991 1018 August.
1004 990 1064 1018 cap.
1080 985 1124 1016 89.

132 1014 356 1046 Contubernium
371 1018 400 1046 in
413 1018 472 1053 jure
486 1020 596 1056 proprie
608 1019 709 1048 dicitur
718 1018 851 1053 injustum
863 1019 1078 1048 matrimonium.
1111 1017 1184 1047 Paul.
1196 1016 1246 1048 iib.

151 1052 269 1082 sentent.
280 1063 306 1083 2.
320 1064 398 1085 e.20.
422 1055 496 1085 Inter
506 1055 596 1085 servos
608 1058 633 1086 ἃ
647 1056 748 1085 liberos
762 1057 937 1086 matrimonia
957 1056 1084 1086 contrahi
1109 1065 1167 1085 non
1188 1055 1250 1094 pos-

153 1089 235 1121 sunt.
257 1092 474 1123 contubernium
486 1094 584 1131 potest.
606 1094 787 1123 Hotomanus.

132 1126 358 1170 Contubernium
370 1131 397 1159 in
408 1130 509 1166 servis,
529 1132 604 1160 idern
620 1132 694 1169 quod
707 1131 854 1169 Nuptiaein
864 1131 966 1161 liberis.
989 1130 1053 1168 Ulp.
1068 1130 1086 1160 l.
1102 1140 1145 1167 ις.
1167 1130 1200 1160 D.
1214 1130 1250 1160 de

151 1165 234 1208 AEdil.
247 1167 331 1196 edict.
354 1168 439 1205 Quod
450 1170 476 1199 ἃ
490 1170 519 1198 in
528 1168 655 1199 fratribus
666 1191 674 1205 ‚
694 1170 721 1200 &
741 1170 770 1198 in
781 1169 909 1207 personas
922 1169 1110 1199 contubernio
1122 1169 1171 1198 fibi
1184 1178 1251 1198 con-

153 1204 261 1238 junctas
271 1205 406 1235 observari
417 1212 537 1243 oportet.

132 1239 356 1272 Contubernium
369 1244 453 1273 etiam
468 1244 570 1273 dicitur
592 1243 627 1273 de
646 1243 854 1274 Concubinatu.
894 1245 968 1274 Suet.
982 1244 1012 1273 in
1023 1243 1130 1282 vespas.
1144 1253 1205 1282 cap.
1218 1252 1244 1280 3.

152 1285 221 1308 extr.
245 1279 305 1310 Post
316 1283 409 1310 uxoris
419 1281 558 1311 excelsum
572 1281 715 1311 Caenidem
728 1284 852 1312 Antoniae
871 1282 1027 1312 libertatem
1041 1304 1049 1317 ,
1071 1284 1097 1312 δι
1117 1291 1132 1311 a
1149 1291 1250 1318 manu,

174 1317 295 1347 nondam
305 1319 436 1362 dilectam
452 1319 498 1348 sibi
510 1340 518 1354 ,
539 1320 682 1362 revocavit
699 1321 727 1349 in
737 1321 969 1350 contubernium:
992 1320 1146 1357 habuitque
1165 1320 1252 1349 etiam

97 1363 307 1423 coargui
313 1356 936 1431 &iliiuflff‘cinfiaffigafflefrffizffl
948 1367 1255 1430 Cik'iii'sff‘eontuber.

133 1429 212 1459 nales
225 1431 356 1461 dicuntur
372 1442 387 1461 a
398 1431 542 1467 Tabernis,
553 1442 613 1469 quae
623 1433 727 1462 fiebant
737 1443 771 1463 ex
789 1432 906 1464 tabulis:
930 1434 1006 1464 unde
1026 1431 1255 1464 &Tabernacula

136 1466 201 1496 sunt
211 1468 284 1498 dieta
299 1479 305 1499 ε
327 1469 393 1499 licet
403 1479 438 1499 ex
450 1470 575 1499 tentoriis
587 1472 613 1499 Sc
623 1471 741 1508 pellibus
751 1471 827 1500 fiant.

134 1504 351 1537 Contubernalis
361 1529 369 1542 ,
389 1507 446 1544 Qui
457 1507 504 1537 sub
515 1508 618 1538 eisdem
627 1509 812 1538 tabernaculis
823 1508 947 1543 habitat,
967 1518 1021 1545 qua
1040 1508 1075 1538 de
1086 1508 1164 1538 causa
1181 1507 1255 1537 mili-

152 1543 229 1572 tesse
240 1545 452 1575 contubernales
464 1545 616 1584 appellant.
638 1546 760 1576 Scaevoia
774 1547 803 1576 in
816 1546 833 1576 1.
846 1547 896 1576 ult.
914 1546 947 1576 D.
964 1547 1063 1576 deaut.
1082 1548 1107 1576 ἃ
1126 1557 1180 1584 arg.
1197 1546 1252 1583 leg.

155 1580 210 1610 &L
224 1580 301 1611 Rem.
317 1582 346 1611 D.
360 1583 535 1613 Commodat.
570 1583 598 1613 V.
622 1585 688 1614 diet.
701 1584 833 1622 superior.

133 1616 351 1662 Contubernalis
363 1621 401 1650 est
416 1621 586 1651 Domesticus
596 1622 783 1653 &familiaris
820 1621 878 1651 Cic.
891 1631 919 1657 9.
945 1621 1020 1652 Fam.
1032 1631 1077 1653 20.
1110 1621 1255 1652 Habuiffes

155 1665 233 1686 enim
245 1667 303 1687 non
314 1658 452 1696 hospitem
466 1681 474 1694 ,
495 1659 542 1688 sed
552 1660 793 1690 contubernalem.

134 1692 233 1724 Testes
244 1696 407 1726 accusatoris
416 1697 593 1733 consessores,
605 1698 740 1733 convivae,
754 1697 1040 1728 contubernales.Cic.
1052 1707 1103 1735 pro
1114 1697 1254 1734 Flaccaq„

135 1731 353 1763 Contubernalis
363 1734 445 1764 alicui
462 1736 490 1764 in
502 1735 659 1765 Consulatu.
683 1736 742 1765 Cic.
756 1737 794 1766 de
804 1736 876 1765 Clar.
885 1737 962 1766 Orat.
980 1745 1041 1770 105.

127 1770 370 1807 Contubernalis,
390 1783 441 1810 pro
454 1772 577 1811 Hospite.
620 1773 679 1803 Cic.
691 1784 742 1811 pro
756 1774 845 1803 Flacc.
859 1783 905 1809 4¹·
927 1774 1004 1803 Facis
1020 1772 1137 1809 injuste,
1165 1771 1230 1802 Laeii
1246 1794 1256 1809 ‚

156 1807 176 1836 fi
187 1815 268 1846 putas
279 1810 403 1847 periculo
415 1811 505 1840 nostro
518 1811 609 1840 vivere
618 1817 679 1840 tuos
689 1811 902 1842 contubernales
913 1833 921 1846 ‚
933 1813 985 1841 διε.

135 1844 353 1912 Clontubernalis
363 1847 471 1884 servuS,
492 1858 543 1887 pro
556 1849 726 1879 Domestico.
745 1849 764 1880 l.
782 1849 889 1879 ultima.
911 1849 946 1879 D.
968 1849 1004 1879 de
1022 1857 1089 1878 auro
1105 1849 1257 1886 &argento

169 1893 184 1913 e
205 1891 259 1914 ato.

135 1894 360 1953 Coritubemales
372 1925 397 1954 ἃ
408 1924 527 1954 seminae.
565 1923 685 1961 Quintil.
696 1925 780 1960 lib.4.
793 1935 855 1963 cap.
867 1934 893 1955 a..
912 1924 1040 1961 Namque
1057 1923 1146 1961 ipsum
1167 1923 1257 1953 offen.

155 1960 229 1989 dunt
239 1961 380 1991 ruc‘tuosos
388 1962 496 1998 spiritus
506 1963 647 1999 geminare
656 1985 664 1998 ,
686 1963 882 2001 praeclarasque
892 1962 1105 1992 contubernales
1119 1962 1153 1991 ab
1165 1962 1257 1992 omni-

156 1997 236 2027 buss
251 1999 333 2028 ondis
341 2000 501 2029 transversas
512 2000 644 2029 incubare
655 2023 662 2033 ,
684 2003 709 2030 St·
719 2001 837 2038 reliquas
849 2001 1047 2036 circumjacere
1065 1999 1170 2037 paffim.

138 2035 232 2065 Contu
255 2037 373 2072 ernalis,
394 2038 470 2068 Servi
481 2038 615 2074 conjunx.
638 2039 710 2068 Nam
731 2039 830 2068 Uxoris
845 2048 950 2068 nomen
973 2039 1003 2066 in
1022 2037 1118 2067 Libera
1133 2038 1256 2075 ponitur.

157 2073 269 2112 Ulpian.
283 2074 301 2104 l.
319 2084 361 2105 12.
375 2076 397 2113 §.
412 2079 454 2105 16.
477 2076 507 2105 D.
522 2077 557 2105 de
567 2076 690 2106 instrum.
701 2077 827 2106 velinstr.
841 2076 894 2114 leg.
915 2075 1134 2105 Contubernales
1146 2084 1257 2112 quoque

154 2110 297 2179 ίξιῐνοωηι
308 2135 316 2148 ,
337 2113 367 2142 id
377 2114 415 2144 est
424 2123 525 2144 uxores
535 2136 543 2150 ,
564 2115 590 2144 δι
600 2121 680 2144 natos
692 2115 823 2144 instructo
840 2114 931 2144 fundo
943 2114 1081 2144 contineri
1095 2123 1189 2143 verum
1207 2114 1255 2143 est.

188 2156 347 2182 otomanus.

138 2186 354 2219 Contubernalis
364 2199 421 2219 non
430 2189 519 2219 solum
530 2198 581 2228 pto
591 2189 683 2219 Uxore
700 2190 770 2219 servi
789 2189 948 2227 usurpatur:
970 2195 1001 2219 ut
1020 2189 1098 2227 apud
1116 2188 1257 2219 Columel.

159 2225 206 2255 lib.
221 2235 244 2256 1.
257 2236 318 2264 cap.
331 2233 357 2262 8.
379 2227 433 2257 Sed
449 2228 636 2265 qualicunque
649 2228 743 2258 villico
760 2228 967 2258 contubernalis
981 2227 1080 2257 mulier
1098 2226 1259 2264 affignanda

159 2263 199 2293 est
209 2285 217 2299 ,
239 2273 300 2300 quae
309 2266 450 2295 contineat
458 2275 523 2295 eum
535 2287 543 2300 ,
566 2268 591 2296 6<
602 2266 632 2295 in
642 2266 805 2304 quibusdam
815 2265 897 2296 rebus
908 2273 1000 2295 tamen
1013 2265 1136 2300 adjuvet.
1162 2275 1257 2294 verum

159 2311 213 2340 pro
232 2302 293 2340 Ipso
311 2304 395 2332 etiam
417 2303 492 2333 servo
513 2304 622 2333 marito.
664 2304 802 2334 Columel.
818 2304 866 2334 lib.
881 2313 923 2333 12.
937 2313 998 2341 cap.
1015 2313 1038 2332 1.
1061 2304 1096 2331 de
1116 2304 1262 2340 praeceptis

161 2349 223 2377 quae
233 2340 325 2370 villica
334 2341 445 2379 exsequi
457 2341 574 2371 debeat:
596 2342 633 2371 Ea
648 2352 731 2379 porro
742 2343 854 2378 juvenis
868 2341 922 2371 effe
934 2342 1018 2370 debet
1028 2363 1036 2375 ,
1057 2341 1085 2369 id
1098 2341 1135 2370 est
1146 2351 1201 2369 non
1221 2342 1263 2371 ni-

161 2379 252 2407 mium
261 2379 369 2415 puella,
395 2380 507 2416 integrae
518 2389 629 2416 quoque
639 2380 806 2409 valetudinis
815 2402 822 2414 ,
846 2389 900 2409 nec
910 2379 979 2408 foedi
988 2378 1101 2408 habitus
1111 2401 1118 2412 ,
1138 2388 1192 2408 nec
1203 2389 1260 2408 rur-

162 2416 206 2445 sus
217 2416 406 2454 pulcherrimi.
428 2417 542 2447 foeditas
555 2417 724 2447 fastidiosum
737 2440 745 2452 ,
767 2418 854 2447 nimia
872 2417 977 2455 species
996 2416 1159 2446 desidiosum
1178 2417 1261 2447 faciet

159 2455 221 2490 ejus
229 2454 467 2485 contubernalem.
507 2455 607 2485 Rursus
617 2465 677 2493 cap.
692 2464 716 2492 3.
739 2455 811 2485 illud
819 2465 885 2485 vero
899 2455 1023 2485 etiamin
1033 2462 1201 2492 perpetuum
1212 2464 1260 2484 cu-

162 2491 341 2522 stodiendum
351 2493 464 2523 habebit
478 2493 570 2523 villica
581 2515 589 2527 ,
610 2499 640 2523 ut
651 2503 699 2523 eos
711 2494 756 2530 qui
767 2494 833 2523 foris
852 2493 972 2522 rusticari
990 2492 1133 2522 debebunt
1144 2514 1151 2527 ‚
1173 2502 1260 2529 quum

162 2530 218 2565 jam
234 2539 251 2560 e
272 2530 337 2560 villa
353 2531 457 2561 Familia
473 2530 648 2568 processerit,
668 2532 803 2568 requirat:
837 2541 869 2561 ac
888 2531 905 2560 sl
925 2532 986 2569 quis
1006 2533 1059 2565 (ut
1078 2531 1193 2565 evenit)
1213 2540 1262 2559 cu»

161 2576 221 2597 ram
231 2567 507 2604 contubernalisejus
517 2570 589 2598 intra
600 2570 707 2599 tectum
723 2569 901 2606 tergiversaris
918 2568 1049 2598 fefellerit
1060 2590 1067 2603 ,
1090 2568 1197 2597 causam
1215 2569 1266 2597 de.

163 2605 238 2635 fidiae
251 2605 416 2643 sciscitetur,
438 2606 620 2645 exploretque
629 2615 722 2637 utrum
738 2607 850 2638 adversa
864 2607 1026 2638 valetudine
1041 2606 1177 2636 inhibitus
1189 2606 1265 2636 resti-

161 2644 247 2679 terit,
268 2654 303 2674 an
315 2645 424 2682 pigritia
441 2646 590 2674 delituerit.
954 2653 956 2655 '

108 2681 216 2712 CoNT
227 2692 314 2710 UBER
325 2692 344 2711 Ν
356 2685 473 2712 :inira
485 2692 513 2718 s,
535 2685 596 2713 atis.
616 2682 635 2712 f.
657 2682 788 2721 Cyprian.

146 2720 206 2749 Ber.
218 2720 292 2757 apud
302 2720 377 2750 Suet.
391 2721 420 2749 in
432 2720 548 2750 Tiberio
560 2729 603 2758 57.
626 2722 645 2750 A
656 2721 842 2750 contubernio
855 2728 998 2758 exponens
1011 2742 1019 2754 ,
1041 2721 1059 2749 Α
1077 2719 1262 2751 contubernia.

163 2757 242 2787 litate
250 2779 258 2794 ‚
278 2758 371 2796 inquit
383 2780 391 2791 ,
412 2764 442 2788 ut
452 2758 582 2797 Cypriani
591 2759 727 2789 vocabulo
735 2765 803 2789 utar.
826 2758 862 2788 H.
875 2759 913 2789 St.
954 2758 1033 2788 locus
1051 2760 1126 2790 Suet.
1146 2759 1184 2789 est
1200 2769 1262 2797 cap.

171 2799 214 2832 56.
227 2801 296 2825 extr.
327 2796 423 2826 Defuit
434 2796 493 2826 haec
504 2797 591 2826 dictio
602 2798 630 2826 in
642 2796 727 2834 Lugd.

108 2833 133 2863 C
143 2843 159 2863 o
167 2842 187 2863 Ν
197 2842 217 2862 τ
225 2835 242 2863 ῠ
251 2844 266 2862 s
274 2835 315 2863 ur.
324 2843 341 2863 o
352 2856 360 2869 ,
379 2837 434 2864 are.
455 2834 583 2864 Tubulos
594 2836 773 2872 conjungere.
797 2834 937 2872 Augustin.

109 2871 134 2902 C
142 2881 158 2901 o
169 2880 191 2900 Ν
200 2881 220 2900 τ
231 2881 300 2900 uuo
309 2882 324 2900 t.
333 2875 349 2901 x
358 2881 378 2900 r
386 2883 395 2900 1
404 2881 435 2907 0,
447 2873 519 2902 onis.
530 2873 548 2902 f.
563 2873 722 2902 Tumiditas
740 2872 894 2902 orbiculata
904 2873 932 2900 in
944 2871 1073 2902 vestibus.
1098 2871 1178 2909 Apul.
1191 2870 1262 2902 Met.

151 2919 163 2939 1
171 2919 194 2939 x.
212 2920 240 2947 p.
252 2915 317 2944 ²58·
338 2909 392 2939 Sed
403 2908 550 2940 emendata
560 2910 729 2948 exemplaria
737 2910 841 2940 habent
850 2910 1060 2939 Contabulatio.
1082 2920 1107 2945 q.
1119 2910 1150 2940 V.

110 2947 135 2978 C
143 2956 159 2976 o
168 2956 188 2976 Ν
199 2956 219 2975 τ
227 2957 246 2976 u
255 2956 270 2975 n
279 2957 296 2976 o
305 2957 321 2976 a
330 2967 338 2982 ,
363 2950 505 2978 contuitus
517 2948 561 2978 vel
570 2952 702 2978 conti-itus
712 2948 771 2977 sum
781 2970 789 2984 ,
809 2950 826 2984 [
833 2947 989 2981 ωεςσζλίπω,
1010 2947 1134 2984 οἱπνίζω]
1155 2948 1204 2977 ἔτί.
1226 2947 1264 2978 est

141 2984 219 3014 -Fixo
230 2984 328 3014 obtutu
339 2985 470 3022 aspicere.
492 2986 599 3016 Dicitur
610 2988 634 3016 &
651 2987 673 3015 C
683 2996 699 3015 0
711 2996 731 3014 N
739 2996 758 3014 T
767 2996 786 3015 u
795 2996 813 3014 ο
821 2996 846 3015 a.
870 2986 900 3016 V.
923 2985 1008 3024 paulo
1019 2985 1087 3022 post.
1109 2985 1169 3015 Cic.
1182 2986 1260 3022 lib.3.

146 3021 174 3052 T
176 3022 230 3052 usc.
237 3031 253 3089 ἒ
261 3031 272 3059 3
279 3045 285 3051 .
307 3022 378 3089 lelmi
388 3025 527 3090 {vocatio
536 3023 584 3054 illa
594 3045 602 3060 ,
623 3033 706 3062 quam
718 3023 797 3054 affert
806 3045 814 3059 ,
834 3032 919 3060 quum
929 3034 944 3053 a
953 3023 1119 3053 contuendis
1127 3034 1178 3053 nos
1186 3024 1265 3055 malis

148 3069 234 3090 avoca
258 3082 266 3095 ,
286 3070 324 3090 nu
348 3071 363 3090 a
376 3071 391 3090 e
417 3084 423 3091 .

144 3098 246 3128 Oculis
255 3099 393 3128 contueri.
432 3098 491 3129 Cic.
505 3107 528 3135 3.
542 3100 578 3129 de
586 3100 649 3129 Nat.
662 3099 744 3129 Deor.
758 3105 784 3134 8.
806 3098 937 3129 Similiter
948 3098 1026 3135 facis,
1043 3099 1102 3128 acsi
1117 3109 1161 3129 me
1172 3109 1264 3137 roges,

166 3145 217 3203 ἕποι’
225 3144 253 3165 te
263 3136 375 3203 duobsus
384 3145 518 3167 contuear
525 3138 626 3172 oculis,
647 3139 674 3167 δι
683 3147 741 3167 non
753 3138 840 3168 altero
850 3144 1002 3167 contuear:
1025 3147 1111 3175 quum
1122 3138 1198 3168 idem
1207 3148 1264 3168 uno

208 3183 270 3211 equi
282 3183 329 3212 por
344 3184 391 3204 im.

111 3210 160 3241 Co
171 3221 297 3240 uruca
308 3234 316 3244 .
337 3212 438 3249 tueris,
457 3214 546 3243 tuitus
556 3211 599 3243 vel
616 3214 691 3242 tt‘rtus
702 3212 777 3249 sum,
797 3214 814 3249 [
823 3212 954 3248 ὲμξλέπν]
972 3213 1080 3243 contui.
1109 3212 1265 3251 Diligenter

148 3249 245 3280 videre
255 3250 281 3279 δι
292 3249 419 3286 aspicere.
442 3251 528 3281 Plaut.
543 3252 611 3280 Asm.
625 3261 651 3280 2.
669 3261 691 3285 ι.
707 3260 751 3286 23.

148 3324 183 3356 Μ
229 3289 318 3325 Atque
327 3287 421 3354 ὴὲῐεὶε
431 3290 520 3327 ipsum
531 3289 600 3319 adeo
609 3295 749 3325 contuor,
771 3288 904 3326 quaffanti
913 3288 1005 3326 capite
1014 3288 1129 3319 incedit.
1184 3288 1265 3319 Idem

185 3334 337 3360 erc.4.5.1
364 3348 370 3354 .

228 3363 309 3401 Quid
319 3363 488 3394 Peristratam
498 3364 544 3394 hic
557 3364 746 3403 Demiphonis
755 3364 894 3394 contuor?

339 3409 465 3438 ——atque
474 3403 503 3431 in
514 3402 617 3433 somnis
626 3412 711 3440 quum
727 3403 796 3440 saepe
806 3402 905 3439 figuras

241 3438 409 3469 Contuimut
419 3441 500 3469 miras
511 3461 520 3476 ,
541 3440 738 3478 simulacraque
749 3441 811 3469 luce
823 3446 976 3469 carentum.

151 3475 255 3507 Contui
264 3499 273 3511 ,
293 3487 344 3515 pro
364 3477 505 3507 Contueri.
547 3478 717 3517 Pomponius
734 3479 838 3508 Maccis
856 3478 974 3516 geminis
985 3497 993 3510 ,
1016 3474 1126 3515 Incoepi
1145 3477 1242 3507 contui
1253 3498 1262 3514 ,

170 3515 311 3582 ερηῇέἰίιὶῑὶο
324 3516 459 3583 εςίζεεῑειιη
475 3514 628 3554 cuspidem.
650 3517 760 3547 Nonius
776 3526 802 3553 7.
815 3526 861 3546 20.
901 3516 956 3546 Sed
974 3514 1118 3546 Contueor
1135 3515 1265 3553 frequen-

169 3559 233 3582 tiori
290 3555 318 3583 in
330 3563 347 3583 u
362 3562 387 3583 u.

115 3590 139 3620 C
147 3599 165 3619 o
175 3599 196 3618 Ν
204 3600 250 3618 τυ
259 3600 273 3619 iz
283 3601 302 3620 Ν
312 3601 324 3620 s
334 3613 342 3625 ,
366 3591 447 3621 entis.
469 3590 629 3628 [εἰπνίξων]
651 3591 748 3622 Partic.
770 3591 827 3629 Qui
836 3589 943 3629 aspicit.
964 3589 1033 3620 Plin.
1045 3589 1092 3620 lib.
1106 3600 1150 3626 2⁹-
1162 3600 1223 3629 cap.
1235 3594 1263 3621 6.

151 3627 277 3657 scarabei
288 3630 382 3658 viridis
401 3637 497 3659 natura
514 3631 712 3659 contuentium
725 3629 812 3660 visum
827 3629 946 3659 exacuit.
967 3628 1044 3658 Idem
1055 3628 1103 3658 lib.
1117 3637 1143 3666 7.
1165 3636 1226 3667 cap.
1239 3638 1263 3659 1.

153 3665 326 3696 Contuentes
334 3667 428 3697 Solem
438 3667 629 3697 immobilibus
638 3668 734 3697 oculis.

114 3703 162 3733 Co
171 3712 191 3732 Ν
200 3713 220 3732 τ
231 3713 248 3732 υ
258 3706 298 3732 ῑτ
308 3714 326 3732 υ
335 3712 361 3739 S,
384 3706 422 3735 us.
446 3716 482 3735 rn.
505 3702 678 3741 [ἀπνισμές]
701 3705 840 3743 Μ’ρεξῖυε.
881 3703 940 3734 Cic.
952 3712 1003 3742 pro
1014 3704 1090 3734 Sext.
1103 3714 1114 3733 1
1122 3714 1133 3733 1
1141 3712 1165 3739 ς.
1186 3703 1265 3735 Facit

152 3742 239 3775 enim,
259 3741 386 3777 Judices,
407 3744 492 3773 vester
506 3743 555 3772 iste
565 3743 594 3771 in
613 3753 658 3772 me
673 3744 830 3772 animorum
841 3742 1044 3780 oculorumque
1054 3743 1214 3779 contuitus,
1235 3749 1267 3772 ut

152 3779 221 3808 mihi
232 3779 288 3814 jam
298 3779 381 3809 licere
390 3788 486 3818 putem
501 3780 652 3810 remiffiore
663 3782 702 3810 uti
722 3790 825 3816 genere
838 3780 960 3809 dicendi.

114 3814 138 3846 C
147 3827 164 3845 o
174 3826 194 3845 Ν
203 3827 222 3845 T
231 3819 248 3845 ῠ
259 3827 279 3845 M
288 3826 308 3845 A
318 3826 337 3846 x
347 3840 354 3852 ,
375 3819 440 3849 acis.
464 3820 522 3855 Adj.
553 3815 700 3855 [αὐθάδης]
730 3819 842 3857 proprie
861 3818 975 3856 (inquit
992 3817 1140 3854 Donatus)
1160 3816 1264 3849 dieitur

151 3854 335 3891 Contemptor
342 3857 492 3892 potiorum.
516 3856 633 3886 Martial.
647 3856 694 3885 lib.
709 3867 734 3886 2.
745 3862 790 3891 68.

238 3893 280 3922 Ne
291 3902 335 3921 me
344 3893 446 3923 dixeris
458 3894 512 3924 esse
524 3902 729 3924 contumacem.

151 3930 301 3999 Amzmum
311 3938 462 3999 cimtumax
469 3933 596 3969 fricanti,
619 3932 706 3969 Quod
717 3942 774 3962 non
782 3931 863 3962 facile
873 3931 1000 3962 fricando
1010 3930 1220 3968 comminuitur,
1239 3932 1267 3962 e

238 3977 256 3998 ο
263 3978 289 3998 1..
343 3988 350 3999 .

977 3362 1086 3395 Lucret.
1097 3373 1124 3401 4.
1139 3369 1188 3401 38.

1739 103 1768 139 C
1864 105 1899 139 O
1997 105 2032 140 N
2392 109 2458 149 683

1357 189 1465 219 fricanti
1478 186 1580 218 resistit.
1622 185 1691 216 Plin.
1704 185 1753 215 lib.
1767 195 1809 215 12.
1821 195 1881 223 cap.
1900 194 1941 220 13.
1964 186 2008 215 Sic
2021 186 2129 216 dicetur
2143 188 2226 217 etiam
2237 188 2358 217 triticum
2369 188 2457 217 fractu

1357 236 1507 256 contumax
1517 248 1524 260 ,
1547 223 1621 261 quod
1632 226 1719 260 ungui
1731 225 1775 253 vel
1785 225 1862 253 denti
1871 223 1984 252 difficile
1994 226 2079 253 cedit.

1339 265 1426 294 Boves
1435 271 1634 297 contumaces,
1656 262 1843 291 Relut‘tantes.
1884 262 2021 290 Columel.
2035 261 2080 290 lib.
2094 264 2118 290 6.
2133 271 2193 299 cap.
2205 271 2229 290 2.
2252 262 2311 291 Hac
2320 263 2460 292 machina-

1358 303 1435 331 tione
1443 301 1643 337 consequemur
1655 323 1663 336 ,
1682 302 1803 329 uzetiam
1815 306 1995 329 contumaces
2014 299 2098 330 boves
2120 299 2272 336 gravissima
2292 310 2376 337 opera
2399 310 2460 330 non

1360 339 1495 368 recusent.

1341 376 1463 413 Populus
1475 381 1624 405 contumax
1635 374 1816 410 renibussuis,
1825 375 1871 404 i.e.
1883 373 2006 404 Rebellis
2017 373 2145 404 adversus
2157 373 2457 412 reges.Sen.Thyest.8.

1341 415 1500 443 Contumax
1512 414 1539 442 in
1548 413 1625 441 alios.
1649 414 1706 441 Cic.
1723 423 1763 447 ις.
1781 416 1890 445 Att.15.

1342 451 1374 481 1η
1386 451 1537 488 superiores
1546 458 1706 479 contumax.
1731 452 1830 479 Auctor
1841 449 1874 478 ad
1886 449 2008 480 Herenn.
2021 462 2048 486 4.
2064 459 2107 486 52.

1342 488 1502 518 Contumax
1526 488 1632 522 emori,
1654 488 1740 523 Quod
1760 499 1816 516 non
1833 487 1915 517 facile
1936 490 2077 518 emoritur.
2119 487 2187 517 Piin.
2207 487 2255 517 lib.
2277 489 2320 516 16.
2341 495 2400 524 cap.
2417 496 2460 518 ιο.

1363 526 1473 562 Quinto
1485 525 1578 562 generi
1589 525 1652 554 litus
1664 525 1756 560 idem,
1778 526 1876 555 eadem
1889 525 1987 560 facies,
2010 526 2089 555 Larix
2105 531 2235 556 vocatur:
2257 526 2385 555 materies
2395 535 2465 562 prae-

1362 564 1475 593 stantior
1484 564 1585 600 longe,
1605 563 1766 600 incorrupta
1779 564 1836 597 vis,
1856 564 1944 591 emori
1957 570 2117 593 contumax.

1343 601 1519 635 Contumax,
1541 601 1624 629 etiam
1636 600 1662 628 in
1676 600 1780 630 bonum
1793 623 1800 635 ,
1822 600 1945 630 Fortis&
1958 602 2073 638 patiens.
2114 601 2205 630 Tacit.
2218 610 2241 630 r.
2261 600 2328 630 Hist.
2343 608 2368 636 3.
2393 599 2469 628 Con-

1362 646 1459 667 tuniax
1477 639 1561 667 etiam
1578 637 1704 667 adversus
1716 644 1854 668 tormenta
1866 638 2003 668 servorum
2019 639 2102 675 fides,
2123 639 2256 677 supremae
2275 638 2413 669 clarorum
2427 637 2467 666 vi-

1363 686 1456 705 rorum
1467 674 1649 705 neceffitates.

1343 714 1522 748 contumax,
1543 712 1616 750 apud
1632 712 1844 747 jurisconsultos
1859 714 1978 748 dicitur,
2002 714 2058 751 Qui
2078 714 2165 743 tribus
2180 714 2279 743 edictis
2295 713 2444 751 propofitis
2456 735 2466 749 ,

1364 751 1474 780 volutio
1490 760 1540 788 pro
1550 750 1637 778 tribus
1648 771 1655 783 ,
1678 751 1753 784 quod
1764 751 1847 788 vulgo
1856 754 2045 787 peremptorium
2057 751 2213 790 appellatur
2225 773 2232 786 ‚
2254 751 2352 781 litteris
2366 761 2468 781 evoca.

1363 793 1408 818 tus
1419 810 1427 823 ,
1448 788 1619 826 praesentiam
1631 787 1669 817 sui
1683 788 1772 818 facere
1783 790 1948 818 contemnit.
1971 789 2102 827 Hermog.
2119 790 2137 819 1.
2152 799 2194 826 53.
2212 791 2233 826 §.
2249 798 2271 818 1.
2290 789 2323 818 D.
2337 789 2372 818 de
2388 799 2417 818 re
2428 789 2470 825 ju-

1364 827 1447 855 dicat.
1471 826 1655 855 Hotomanus.

1346 862 1609 894 Contumaciffimos
1618 862 1736 891 ebrietas
1754 863 1782 891 in
1796 862 1918 892 alienum
1927 865 2003 900 cogit
2014 864 2165 894 arbitrium.
2187 864 2251 893 Sen.
2266 864 2349 902 Epist.
2363 869 2409 899 83.

1306 903 1356 934 Co
1366 911 1414 930 Ντ
1423 912 1439 930 υ
1450 912 1470 930 Μ
1480 905 1496 930 A
1508 910 1526 930 c
1537 911 1545 929 1
1559 910 1576 929 A
1587 922 1595 935 ,
1616 910 1646 929 ae.
1667 900 1685 929 f.
1711 901 1862 936 [κ’πείθειω,
1885 899 2029 936 αὐθάδει]
2052 902 2244 931 inobedientia
2254 911 2287 931 ex
2299 907 2466 940 contemptu

1342 939 1482 973 aliorum,
1505 940 1531 969 &
1547 937 1672 975 superbia
1690 944 1757 966 orta.
1799 938 1857 968 Cic.
1871 947 1921 975 pro
1935 938 2014 969 Rosc.
2029 940 2108 969 Com.
2121 950 2167 976 44.
2190 939 2233 969 Est
2251 948 2305 969 tuae
2325 946 2470 970 contuma-

1343 978 1396 1007 ciae
1409 999 1417 1011 ,
1441 976 1603 1014 arrogantiae
1614 997 1621 1009 ,
1643 976 1761 1011 vitaeque
1778 975 1910 1005 universae
1923 986 1987 1005 vox.

1345 1014 1496 1046 Insolentia
1507 1036 1514 1048 ,
1536 1013 1662 1052 superbia
1674 1035 1681 1048 ,
1703 1014 1890 1042 contumacia.
1931 1014 1988 1043 Cic.
2002 1018 2028 1044 6.
2042 1014 2115 1044 Verr.
2131 1020 2177 1050 89.
2200 1015 2240 1044 An
2255 1024 2320 1044 vero
2333 1025 2367 1045 ex
2376 1016 2429 1045 hoc
2441 1014 2472 1044 il-

1366 1053 1393 1082 la
1409 1062 1455 1081 tua
1466 1051 1608 1089 singularis
1620 1051 1785 1088 significatur
1800 1050 1963 1086 insolentia,
1985 1052 2131 1090 superbia,
2153 1054 2341 1083 contumacia.

1349 1091 1471 1127 Abrupta
1488 1091 1674 1119 contumacia.
1696 1089 1789 1118 Tacit.
1805 1100 1831 1124 4.
1850 1091 1919 1118 Ann.
1934 1099 1978 1119 20.

1348 1127 1481 1165 Responsi
1495 1128 1680 1156 contumacia.
1722 1126 1778 1156 Cic.
1795 1127 1824 1156 in
1841 1126 1928 1155 Pison.
1941 1132 1985 1164 78.
2006 1127 2063 1157 Sed
2076 1127 2235 1161 Torquatus
2255 1134 2353 1165 praeter
2362 1135 2471 1159 ceteros

1367 1165 1476 1196 furebat
1488 1165 1665 1194 contumacia
1677 1164 1795 1201 responsi
1807 1165 1856 1194 tui.
1879 1165 1896 1194 i.
1910 1174 1933 1194 e.
1959 1166 2127 1201 Arrogantia.
2152 1166 2276 1195 ssudaeus.

1346 1203 1534 1234 'Contumacia
1545 1204 1575 1232 in
1585 1202 1674 1232 vultu.
1713 1203 1772 1232 Liv.
1786 1212 1812 1232 2.
1825 1206 1870 1232 61.
1894 1202 1971 1231 Idem
1991 1203 2101 1232 habitus
2119 1204 2190 1239 oris,
2213 1204 2311 1233 eadem
2327 1211 2473 1235 contuma-

1365 1241 1450 1271 ciain
1463 1240 1541 1270 vultu
1555 1262 1563 1276 ,
1584 1241 1661 1269 idem
1672 1240 1700 1268 in
1710 1241 1835 1270 oratione
1846 1240 1955 1278 spiritus
1973 1248 2039 1271 erat.

1348 1279 1552 1314 Contumacia,
1572 1288 1623 1315 pro
1634 1278 1760 1308 Feritate.
1801 1278 1860 1308 Cic.
1876 1289 1898 1313 ς.
1918 1278 1991 1308 Verr.
2007 1290 2030 1314 ς.
2053 1278 2141 1307 Utisti
2156 1287 2212 1307 non
2234 1280 2319 1308 modo
2338 1280 2419 1309 dictis
2439 1280 2476 1310 ta-

1368 1317 1476 1354 ctisque
1490 1316 1622 1346 omnibus
1633 1338 1640 1351 ,
1662 1315 1708 1345 sed
1720 1317 1802 1345 etiam
1814 1317 1869 1345 oris
1881 1316 2084 1354 oculorumque
2095 1316 2142 1345 illa
2158 1318 2333 1346 contumacia
2341 1327 2373 1346 uc
2384 1318 2479 1355 super-

1372 1355 1426 1390 bia,
1450 1363 1532 1390 quam
1542 1354 1654 1390 videtis,
1676 1353 1873 1383 dissimillimus
1884 1353 1955 1389 effe,
1978 1365 2010 1384 ac
2022 1356 2131 1390 semper
2141 1354 2228 1389 fuisse,
2250 1356 2351 1384 ridear.

1349 1393 1535 1422 Contumacia
1547 1414 1555 1428 ,
1577 1392 1606 1421 in
1618 1392 1725 1421 bonum
1736 1414 1743 1427 ,
1766 1401 1816 1427 pro
1832 1391 1969 1422 Libertate
1983 1395 2007 1422 &
2022 1393 2175 1422 constantia
2185 1402 2241 1421 non
2253 1393 2476 1430 obtemperantis

1370 1431 1471 1467 injusto
1489 1431 1618 1468 imperio.
1641 1429 1700 1458 Cic.
1718 1440 1740 1460 1.
1753 1429 1835 1459 Tusc.
1847 1438 1891 1466 71.
1915 1430 2103 1467 Adhibuitque
2120 1430 2233 1459 liberam
2251 1433 2475 1468 contumaciam,

1372 1479 1387 1497 a
1402 1468 1594 1512 magnitudine
1603 1468 1687 1497 animi
1702 1468 1862 1503 inductam,
1882 1477 1940 1496 non
1951 1468 2108 1506 asuperbia.
2142 1467 2183 1497 De
2193 1469 2314 1499 Socrate.

1372 1506 1447 1536 Nota
1458 1506 1523 1535 addi
1534 1506 1669 1535 Liberam.
1693 1505 1727 1535 H.
1740 1506 1779 1535 St.

1311 1544 1642 1579 Conrunacirssa,
1664 1543 1732 1573 Adv.
1764 1537 1919 1579 [anJuW;,
1940 1543 2077 1578 ἀπειθῶς]
2110 1544 2167 1574 Liv.
2183 1553 2209 1574 2.
2225 1549 2268 1580 58.
2291 1543 2352 1575 Nec
2375 1544 2432 1574 ulla
2450 1545 2480 1575 vi

1353 1583 1460 1612 domari
1474 1587 1603 1619 poterant
1615 1603 1623 1617 ,
1644 1587 1752 1610 tanturn
1764 1589 1908 1611 certamen
1921 1582 2022 1611 animis
2033 1582 2218 1612 imbiberant:
2240 1581 2369 1620 segniter,
2378 1583 2480 1619 otiose.

1354 1620 1528 1658 negligenter
1539 1641 1548 1655 ,
1569 1620 1773 1649 comumaciter
1784 1620 1881 1649 omnia
1896 1629 1984 1657 agere.

1351 1658 1580 1693 Contumaciter,
1601 1664 1777 1694 arroganter,
1799 1658 1966 1689 nc'zoeamvn'wr.
2006 1657 2067 1687 Cic.
2085 1660 2112 1686 6.
2127 1657 2180 1687 Att.
2198 1667 2223 1688 1.
2247 1658 2286 1688 Ad
2301 1667 2346 1688 me
2367 1664 2479 1693 autem,

1371 1697 1457 1763 {etiam
1467 1705 1552 1763 qgum
1567 1702 1645 1732 rogat
1657 1695 1762 1732 aliquid
1773 1717 1781 1731 ,
1803 1696 2007 1726 contumaciter
2018 1718 2026 1731 ,
2048 1702 2206 1734 arroganter
2222 1718 2230 1732 ,
2265 1696 2425 1728 ιιίιρινωιιίτως
2441 1696 2483 1727 so·

1388 1741 1415 1763 et
1444 1743 1481 1763 cri
1504 1743 1558 1763 ere.

1352 1771 1387 1801 Et
1397 1772 1458 1801 satis
1471 1772 1587 1809 graviter
1596 1793 1605 1806 ‚
1627 1772 1653 1801 &
1662 1780 1720 1800 non
1733 1771 1945 1801 contumaciter.
1969 1771 2027 1801 Cic.
2040 1775 2083 1801 16.
2097 1772 2151 1804 Att.
2162 1782 2188 1807 4.

1349 1809 1563 1839 ‘Contumaciter
1574 1808 1702 1846 spernere
1712 1810 1830 1848 imperia
1841 1809 2018 1839 validiorum.
2042 1809 2182 1839 Columel.
2199 1808 2247 1838 li-b.
2259 1812 2285 1839 6.
2301 1819 2362 1847 cap.
2372 1818 2398 1840 2.

1353 1848 1565 1877 Contumaciter
1582 1848 1742 1883 urbaneque
1763 1848 1864 1877 vexari.
1907 1847 1966 1877 Cic.
1979 1857 2004 1876 2.
2023 1848 2058 1884 Q.
2073 1848 2134 1877 frat.
2153 1858 2175 1877 ι.
2200 1847 2275 1876 Tum
2302 1848 2418 1878 Clodius
2438 1858 2485 1878 ro..

1373 1892 1451 1924 gatus
1461 1907 1469 1920 ,
1494 1886 1569 1914 diem
1582 1885 1703 1914 dicendo
1714 1886 1835 1915 eximere
1848 1886 1939 1924 coepit
1951 1895 1957 1915 :
1978 1886 2106 1923 furebat,
2126 1895 2141 1915 a
2154 1885 2263 1916 Racilio
2273 1886 2299 1916 se
2313 1887 2485 1917 contumaci.

1371 1931 1416 1953 ter
1427 1923 1586 1960 urbaneque
1599 1931 1738 1952 vexatum.

1351 1961 1566 1991 Contumaciter
1575 1961 1722 1998 repudiare
1734 1970 1842 1991 morem
1859 1962 1988 1998 patrium.
2011 1960 2069 1990 Cic.
2085 1970 2112 1991 2.
2134 1961 2171 1991 de
2183 1961 2274 1991 Divin.
2287 1971 2333 1998 71.

1355 2000 1566 2029 Contumaciter
1575 1999 1695 2028 resistere
1705 1999 1846 2036 scalpturae
1857 1999 1960 2029 dicitur
1976 1999 2045 2036 lapis
2067 1998 2112 2029 vel
2133 2009 2251 2037 gemma.
2289 2000 2359 2031 Plin.
2372 2000 2422 2029 lib.
2437 2009 2483 2037 Π.

1374 2047 1435 2075 cap.
1450 2046 1476 2074 7.
1499 2038 1602 2067 Omnia
1617 2044 1711 2066 autem
1731 2037 1790 2067 haec
1810 2046 1929 2074 genera,
1948 2037 2093 2076 scalpturae
2110 2038 2315 2068 contumaciter
2332 2038 2480 2075 resistunt,

1373 2083 1541 2113 partemque
1556 2084 1625 2104 cerae
1638 2075 1712 2112 signo
1724 2081 1831 2104 tenent.

1358 2113 1487 2151 Compar.
1509 2113 1710 2142 Contumacius
1724 2112 1752 2141 se
1764 2122 1866 2149 gerere.
1890 2112 1974 2142 Corn.
1986 2112 2083 2151 Nepos
2098 2124 2122 2149 ς.
2136 2123 2163 2144 2.

1318 2150 1342 2180 C
1351 2161 1367 2179 o
1378 2161 1398 2180 Ν
1408 2161 1426 2179 ’r
1435 2153 1452 2180 ῡ
1463 2163 1485 2180 M
1494 2155 1510 2180 ἴε
1519 2162 1535 2179 1..
1546 2162 1553 2179 r
1564 2161 1582 2179 A
1594 2172 1602 2186 ‚
1628 2161 1658 2180 ae.
1681 2151 1699 2180 f.
1722 2151 1839 2187 [iiss'fflf]
1860 2160 1876 2180 a
1888 2151 2046 2180 Gonttxmeo
2057 2152 2143 2181 verb'o
2156 2174 2164 2187 ,
2183 2151 2230 2181 vel
2251 2151 2306 2187 (ut
2319 2152 2382 2181 vult
2390 2151 2487 2190 Ulpia-

1356 2189 1423 2258 ffus)
1443 2199 1461 2255 εἰ
1472 2189 1705 2255 Cdontemnend05
1728 2189 1825 2226 Quum
1835 2188 1906 2218 intra
1918 2188 2003 2218 verba
2014 2189 2144 2225 confistit,
2162 2189 2295 2228 fignificat
2307 2190 2485 2222 Convicium.

1363 2235 1630 2261 rer.1n.1.5.2.

1395 2279 1431 2285 -—
1442 2264 1491 2294 Pro
1503 2264 1586 2294 deum
1597 2272 1679 2301 atque
1690 2264 1837 2293 hominum
1846 2263 1942 2294 fidem.
1955 2263 2022 2301 quid
2033 2264 2103 2300 est,fi
2116 2274 2173 2294 non
2184 2264 2240 2295 hoc
2248 2266 2417 2295 contumelia
2425 2266 2463 2297 est
2471 2267 2486 2296 ἵ

1356 2302 1543 2333 Contumeliae
1555 2302 1680 2339 qualibus
1696 2303 1724 2331 in
1738 2302 1820 2331 rebus
1833 2301 1885 2331 fint
1894 2301 1987 2340 pofitae
1997 2324 2005 2337 ,
2027 2302 2159 2332 discimus
2178 2312 2212 2332 ex
2223 2303 2357 2333 Suetonio
2367 2303 2487 2334 inClau-

1376 2341 1424 2369 dio
1443 2349 1502 2377 cap.
1518 2346 1542 2374 8.
1566 2340 1708 2377 Postquam
1721 2340 1810 2375 dixit,
1831 2339 1892 2369 Nec
1903 2349 1936 2369 eo
1947 2340 2040 2368 minus
2050 2340 2229 2370 contumeliis
2244 2342 2384 2371 obnoxius
2402 2342 2483 2372 vixit.

1374 2376 1448 2409 Nam
1463 2378 1540 2445 νὶάᾗε
1554 2378 1584 2445 iSn
1598 2378 1631 2407 iis
1648 2387 1707 2416 quae
1719 2377 1889 2415 sequuntur,
1910 2377 2000 2415 qualia
2017 2378 2070 2408 sint
2087 2388 2119 2408 ea
2130 2400 2138 2414 ,
2159 2388 2221 2416 quae
2243 2379 2421 2410 contumeliae
2437 2389 2486 2410 vo-

1383 2423 1489 2445 cantur.
1541 2438 1546 2445 .
1577 2422 1596 2445 t.

1358 2453 1536 2484 Contumelia
1554 2453 1616 2492 plus
1634 2453 1682 2488 est,
1703 2462 1790 2490 quam
1809 2452 1922 2489 Iniuria.
1960 2453 2023 2483 Cic.
2036 2463 2062 2489 ς.
2076 2453 2228 2484 Verr.126.
2250 2454 2487 2485 Retineresolitue

1379 2499 1436 2522 erat
1447 2498 1567 2521 aratores
1579 2501 1586 2521 2
1609 2497 1691 2529 atque
1703 2491 1736 2520 ab
1748 2491 1780 2520 iis
1793 2500 1850 2519 non
1861 2491 1948 2520 modo
1964 2501 2014 2529 per
2030 2492 2161 2527 injuriam
2173 2514 2181 2528 ,
2203 2492 2250 2522 sed
2264 2494 2347 2522 etiam
2359 2503 2409 2530 per
2418 2503 2487 2523 con-

1378 2530 1642 2560 tumeliamtantum
1655 2529 1810 2566 exprimere
1825 2527 1976 2563 frumenti,
1998 2536 2133 2566 quantum
2152 2531 2286 2568 Apronius
2298 2530 2465 2568 imperasset.

1358 2568 1514 2598 Verborum
1526 2567 1709 2597 contumelia.
1750 2565 1815 2596 Caes.
1833 2576 1859 2604 3.
1875 2566 1944 2597 Bell.
1957 2566 2039 2597 Civil.
2053 2576 2098 2603 71.
2120 2568 2187 2605 Quo
2204 2569 2292 2604 major
2311 2568 2435 2607 perfugae
2450 2568 2484 2598 fi-

1376 2607 1429 2636 des
1443 2606 1592 2635 haberetur
1602 2627 1609 2640 ,
1627 2604 1840 2634 commilitones
1850 2604 1995 2643 appellans
2007 2627 2015 2640 ,
2037 2607 2062 2635 ἃ
2074 2615 2174 2644 magna
2182 2606 2328 2636 verborum
2340 2613 2486 2636 contume.

1376 2645 1415 2674 lia
1426 2645 1596 2710 interrpgans
1607 2665 1615 2679 ,
1635 2642 1793 2672 solerentne
1803 2645 1924 2673 veterani
1936 2643 2038 2673 milites
2045 2644 2142 2682 'fugere
2155 2666 2163 2680 ,
2185 2645 2214 2673 in
2232 2645 2358 2674 omnium
2372 2645 2488 2683 conspe*

1382 2684 1428 2712 eiu
1441 2682 1511 2711 inter
1521 2682 1579 2711 icit.

1357 2718 1707 2751 Aculeicontumeliarmn.
1746 2718 1808 2749 Cic.
1821 2728 1848 2749 ι.
1858 2719 1896 2748 de
1908 2719 1985 2749 Orat.
2001 2728 2065 2750 222.
2088 2719 2120 2750 In
2131 2730 2188 2758 quo
2196 2719 2267 2750 nulli
2276 2719 2366 2750 aculei
2384 2726 2486 2751 contu-2

1384 2758 1530 2788 meliaru‘m
1540 2759 1658 2787 inerant.

1359 2797 1474 2826 Graves.
1497 2796 1565 2825 Hor.
1580 2795 1669 2833 Epod.
1686 2804 1726 2825 11.
1747 2802 1791 2830 30.

1361 2832 1726 2864 insanabilescontumeliae.
1750 2832 1808 2863 Cic.
1821 2833 1852 2863 in
1867 2833 2000 2869 Orat.89.

1360 2872 1485 2909 Insignis.
1527 2872 1559 2901 ln
1584 2883 1594 2900 1
1603 2881 1625 2900 Ν
1635 2881 1646 2901 s
1656 2882 1665 2900 1
1674 2881 1691 2900 c
1701 2881 1720 2899 Ν
1729 2880 1767 2900 rs.

1360 2912 1494 2948 Accipere
1505 2909 1704 2939 contumeliam
1718 2910 1746 2938 in
1755 2908 1793 2939 se.
1813 2908 1879 2939 Ter.
1889 2909 1959 2940 Eun.
1977 2920 2005 2945 4.
2021 2917 2046 2946 7.
2061 2919 2085 2939 ι.

1360 2951 1458 2978 Arcere
1467 2948 1547 2977 ferro.
1588 2947 1621 2977 In
1644 2957 1663 2976 A
1672 2957 1689 2975 a
1698 2956 1715 2976 c
1725 2957 1738 2975 iz
1746 2957 1773 2976 ο.

1360 2986 1540 3016 Commutare
1551 2984 1596 3014 sua
1605 2985 1669 3014 vita.
1704 2985 1736 3015 In
1757 2994 1774 3014 c
1783 2994 1858 3014 οΜΜ
1869 2993 1949 3014 uro.

1360 3024 1469 3054 Dicere.
1510 3023 1596 3053 Plaut.
1617 3022 1711 3052 Pseud.
1725 3033 1751 3056 4,
1764 3032 1790 3058 7.
1803 3033 1847 3060 77.
1870 3021 2076 3052 Contumeliam
2094 3022 2222 3060 fidices,
2243 3024 2351 3055 audies.

1360 3061 1536 3092 Descendere
1545 3061 1589 3091 ad.
1615 3061 1682 3090 Coes.
1696 3071 1719 3096 3.
1736 3061 1803 3090 Bell.
1818 3061 1897 3090 Civil.
1909 3066 1953 3096 83.
2145 3078 2150 3081 »

1360 3100 1449 3130 Edere
1469 3100 1597 3130 infandas
1614 3099 1800 3129 contumelias
1813 3100 1843 3128 in
1858 3099 1988 3136 aliquem.
2026 3098 2083 3129 Liv.
2106 3098 2138 3128 In
2157 3099 2258 3130 liberos
2270 3122 2278 3136 ,
2300 3101 2331 3130 in
2343 3102 2481 3140 ‘conjuges

1381 3138 1503 3167 infandae
1517 3137 1696 3167 contumeliae
1710 3135 1801 3167 editae.

1361 3173 1470 3206 Facere.
1491 3175 1555 3205 Ter.
1574 3175 1681 3205 Phorm.
1695 3186 1719 3210 5.
1737 3184 1764 3212 7.
1778 3183 1822 3212 79.

1362 3214 1457 3250 jacere
1471 3214 1500 3242 in
1518 3213 1650 3250 aliquem.
1693 3213 1721 3242 ln
1741 3220 1782 3247 JA
1792 3223 1826 3242 cr
1836 3222 1862 3242 o.
2045 3244 2047 3247 ¹

1361 3253 1510 3290 Imponere
1519 3251 1774 3289 plurimasinjurias
1785 3246 2022 3287 contumeliasque
2032 3249 2124 3279 alicui.
2149 3250 2207 3280 Cic.
2215 3253 2244 3280 6.
2256 3251 2330 3281 Verr.
2341 3260 2388 3282 20.

1361 3289 1515 3320 Incendere
1525 3289 1645 3327 aliquem
1654 3288 1837 3318 contumelia.
1860 3289 1950 3318 Tacit.
1971 3298 1993 3317 1.
2013 3289 2082 3317 Ann.
2095 3294 2141 3324 47.

1362 3327 1597 3365 Insequialiquem
1613 3327 1792 3356 contumelia.
1815 3327 1874 3356 Cic.
1894 3336 1935 3362 14.
1953 3327 2005 3355 Att.
2020 3329 2061 3354 16.

1320 3406 1323 3409 .
1361 3366 1524 3403 intorquere
1534 3365 1700 3403 gravissimas
1711 3364 1902 3393 contumelias.
1935 3364 1991 3393 Cic.
2004 3375 2030 3398 4.
2042 3363 2124 3392 Tusc.
2137 3374 2181 3400 77.
2205 3365 2323 3396 Alternis
2332 3366 2410 3397 enim
2421 3375 2480 3398 veh

1381 3404 1453 3434 sibus
1463 3405 1658 3440 intorquentur
1671 3404 1743 3431 inter
1754 3402 1850 3431 fratres
1866 3401 2027 3439 graviffimae
2038 3402 2229 3434 contumeliae.

1361 3439 1493 3471 Lacerare
1503 3441 1690 3470 contumeliis.
1714 3440 1771 3470 Cic.
1786 3450 1808 3469 1.
1826 3440 1944 3479 Philipp.
1960 3450 1985 3476 5.

1360 3480 1498 3510 Onerare.
1520 3479 1579 3508 Cic.
1593 3489 1618 3508 2.
1637 3479 1755 3516 Philipp.

1362 3518 1490 3555 Operire.
1513 3516 1570 3546 Cic.
1585 3519 1611 3545 6.
1624 3516 1700 3545 Verr.
1720 3521 1780 3549 με.
2234 3549 2237 3551 ,

1361 3556 1470 3586 Serv-ire
1481 3556 1507 3584 8(
1521 3554 1576 3583 Pati
1591 3553 1786 3583 contumeiias.
1824 3552 1883 3582 Cic.
1896 3553 1930 3582 ad
1941 3553 2014 3582 Brut.
2030 3556 2071 3582 16.
2093 3553 2192 3591 Neque
2208 3553 2323 3592 usquam
2340 3553 2406 3587 exul
2427 3555 2482 3588 esse

1381 3593 1490 3631 polium
1503 3614 1510 3628 ,
1532 3592 1598 3620 dum
1611 3592 1709 3621 servire
1720 3594 1745 3621 ἅ
1760 3591 1818 3629 pati
1834 3591 2019 3621 contumelias
2032 3591 2113 3629 pejus
2128 3593 2216 3622 odero
2230 3594 2310 3624 malis
2318 3595 2462 3626 omnibus.

1361 3630 1491 3661 Perferre.
1531 3629 1563 3658 In
1583 3639 1597 3657 i>
1607 3640 1621 3658 a
1630 3640 1646 3657 R
1656 3641 1668 3657 r
1680 3639 1716 3657 aa
1725 3639 1751 3658 0.

1362 3669 1476 3697 Vertere
1489 3668 1518 3695 in
1530 3667 1738 3696 contumeliam.
1761 3665 1825 3695 Caes
1842 3676 1864 3695 r.
1878 3664 1946 3696 Beli.
1958 3666 2076 3700 Civitg.

1361 3706 1466 3735 Vexare
1477 3705 1736 3741 aliquemomnibus
1748 3704 1936 3733 contumeliis.
1959 3705 2017 3734 Cic.
2032 3714 2054 3733 ι.
2071 3702 2107 3733 de
2123 3702 2188 3735 Nat.
2201 3704 2283 3736 Deor.
2297 3715 2342 3744 73.

1363 3742 1549 3773 Contumeliae
1558 3742 1718 3771 debilitatis.
1742 3742 1809 3771 Piin.
1822 3747 1847 3775 8.
1867 3741 1948 3778 Epist.
1965 3748 2006 3775 18-
2018 3742 2052 3771 ad
2066 3742 2204 3773 Rufinum.

1364 3780 1571 3812 Contumeliam
1585 3781 1610 3809 δι
1623 3780 1829 3817 Impudentiam
1842 3779 2018 3810 Athenienses
2027 3787 2157 3817 tanquam
2167 3780 2232 3811 deas
2241 3782 2353 3812 coluere
2363 3805 2370 3817 ,
2392 3785 2416 3813 ἃ
2428 3783 2482 3813 illis

1383 3829 1440 3849 aras
1451 3823 1615 3852 erexerunt,
1637 3825 1668 3846 ut
1684 3817 1775 3847 scribit
1787 3817 1937 3854 Pausanias.
1976 3818 2030 3847 Sed
2046 3819 2071 3847 ἃ
2092 3817 2149 3848 Cic.
2163 3818 2209 3848 lib.
2226 3829 2250 3849 2.
2267 3821 2302 3849 de
2320 3821 2412 3855 Legib.
2434 3828 2481 3854 28..

1383 3858 1457 3887 Nam
1468 3855 1536 3884 illud
1551 3877 1558 3889 ,
1581 3856 1689 3892 inquit,
1713 3855 1826 3884 Athenis
1837 3854 1966 3884 vitiosum
1975 3855 2013 3884 est
2024 3876 2032 3890 ,
2053 3857 2129 3892 quod
2141 3856 2261 3893 Cylonio
2275 3855 2376 3887 scelere
2389 3860 2485 3896 expia.

1385 3902 1415 3923 to
1428 3916 1435 3928 ,
1459 3893 1624 3930 Epimenide
1645 3893 1768 3922 Cretensi
1788 3892 1923 3922 suadente
1936 3913 1943 3926 ,
1973 3893 2100 3922 fecerunt
2115 3894 2299 3924 Contumeliae
2323 3896 2435 3930 fanum,
2457 3898 2484 3926 ἃ

1385 3931 1582 3970 Impudentiae.
1624 3930 1702 3961 Idem
1721 3932 1748 3961 &
1767 3930 1949 3969 Theophrast.
1980 3929 2028 3961 lib.
2053 3931 2088 3961 de
2106 3931 2242 3969 Legibus,
2264 3933 2289 3963 ἃ
2305 3933 2368 3962 lster
2387 3933 2434 3961 25¹0.
2456 3944 2484 3969 ⁴—

1893 3966 1979 3999 Rrrr
1999 3978 2016 3999 a
2390 3971 2485 4007 Quare
