2600 4177
19 2939 38 2950 χ
45 2931 47 2934 .

24 3854 29 3870 Ι

29 3958 39 3972 l

494 155 524 189 C
613 155 649 190 O
741 155 775 190 N

127 231 275 264 Consulem
288 234 368 265 alicui
380 236 498 273 optime.
538 235 597 265 Cic.
610 236 645 264 de
662 235 769 265 Ainicit.
784 247 826 271 50.
857 237 924 267 Non
941 237 978 266 est
997 239 1073 268 enim
1093 239 1247 269 inhumana

145 271 232 300 virtus
245 294 253 307 ‚
275 282 363 310 neque
374 274 507 302 immunis
518 295 526 307 ,
547 283 638 310 neque
649 273 765 310 superba
776 295 785 309 ,
807 285 866 312 quae
879 277 961 305 etiam
973 277 1093 314 populos
1105 277 1246 308 universos

137 309 213 336 tueri
230 331 237 342 ,
259 310 351 347 eisque
365 311 471 347 optime
482 310 624 340 consulere
633 310 726 340 soleat.

126 343 245 379 Optime
254 347 293 376 illi
306 347 460 377 consultum
475 348 534 377 vult
547 348 609 377 esse.
632 348 695 377 Ter.
709 349 816 378 Pliorni.
833 361 855 380 x.
867 359 891 387 3.
909 360 932 380 1.

126 381 216 412 sslicui
228 385 459 415 maleconsulere.
481 385 567 415 Plaut.
581 385 649 414 Asin.
670 397 694 421 ς.
707 396 732 415 2.
747 393 791 419 88.

220 421 354 452 Dicebam
366 429 442 460 pater
453 423 503 452 tibi
515 445 522 458 ‚
545 433 579 452 ne
593 424 671 452 matri
682 424 840 454 consuleres
856 426 935 455 male.

126 455 292 522 Cpnimodis
302 461 328 490 &
339 460 451 490 utilitati
464 461 621 499 aliquorum
634 462 778 492 consulere
788 485 796 499 ,
818 463 951 501 salutique
961 464 1066 494 servire.
1088 464 1148 494 Cic.
1166 473 1189 493 i.
1208 463 1247 501 Q

158 502 206 524 rat.
226 507 249 526 1.

126 530 300 564 Concordiae.
342 533 399 565 Liv.
418 544 462 572 34.
474 547 519 572 49.
538 542 606 566 extr.
629 537 795 568 Concordiae
807 539 834 567 in
850 539 1008 568 civitatibus
1018 540 1193 577 principes&
1205 549 1249 569 or-

147 570 227 601 dines
242 572 314 600 inter
324 572 350 602 se
359 595 366 607 ,
389 574 453 603 &in
469 584 620 604 commune
631 585 730 605 onmes
741 577 868 605 civitates
880 577 1067 606 consulerent.

127 607 261 644 Dignitati
273 609 397 647 alicujus.
419 612 477 642 Cic.
491 622 533 642 ιι.
552 613 626 642 Fam.
640 622 684 648 29.

126 644 336 677 Existimationi.
377 649 434 680 Cic.
449 661 473 686 5.
489 651 563 680 Verr.
579 660 623 680 22.
644 652 706 680 Hoc
722 661 807 688 quum
822 651 913 688 palam
931 653 1085 682 Decumani
1106 658 1166 682 tota
1186 663 1250 690 pro-

144 683 237 714 vincia
247 684 444 724 loquerentur,
466 696 601 725 tuumque
617 698 722 717 nomen
738 690 767 717 iri
780 697 874 718 tetam
897 691 969 728 turpi
988 692 1146 726 nefariaque
1165 692 1249 719 inter-

143 730 284 758 ponerent
296 745 303 757 ,
324 724 432 755 nihilne
441 727 577 756 tibivenit
588 728 616 754 in
629 734 753 756 mentem
766 727 961 757 existimationi
978 735 1032 757 tuae
1046 729 1210 758 consulere‘.>

124 757 224 789 Famae.
262 761 320 790 Cic.
334 772 357 798 3.
376 764 413 793 de
428 764 486 794 Fin.
504 775 546 800 57.
568 764 613 793 Sic
627 765 726 793 futurae
740 765 799 802 post
820 772 939 795 mortem
960 766 1058 801 famae,
1084 773 1179 796 tamen
1194 765 1249 796 esse

146 803 260 835 propter
270 809 326 828 rem
339 801 423 831 etiam
434 802 558 831 detracto
569 802 618 831 usu
628 801 840 832 consulendum.

124 834 217 864 Famae
229 835 284 866 late
295 838 421 875 alicujus.
462 840 494 870 In
516 850 532 868 r.
542 849 560 868 A
569 849 589 868 Τ
599 849 617 868 υ
628 850 649 869 s.

124 871 214 902 Fidei.
253 875 310 904 Cic.
322 886 372 914 pro
384 877 456 907 Coel.
469 887 515 907 21.
536 877 592 906 Sed
608 877 701 908 vestrae
715 876 856 914 sapientire
868 883 961 908 tamen
972 878 1009 908 est
1020 900 1027 913 ‚
1049 879 1173 914 Judices,
1194 879 1246 908 ἃς.

142 909 209 940 ideo
224 912 303 942 vobis
314 924 425 952 quoque
438 926 488 945 vos
498 915 607 945 causam
623 922 723 954 putare
738 915 791 945 esse
804 916 900 950 justam
912 917 1004 946 alieno
1018 917 1111 946 dolori
1131 917 1226 955 potius
1238 938 1246 952 ‚

144 958 227 985 quam
241 951 332 981 vestrae
345 953 411 983 fidei
422 953 595 983 consulendi.

124 985 264 1018 fortunis.
306 989 364 1021 Cic.
376 1003 403 1027 4.
415 991 490 1021 Fam.
501 1001 528 1027 9.
550 991 645 1020 Tuum
664 990 702 1020 est
719 989 862 1021 consulere
879 992 1054 1030 temporibus
1067 1013 1076 1028 ‚
1097 994 1123 1023 δι
1140 991 1248 1022 incolu-

143 1025 233 1054 mitati
246 1048 254 1061 ,
276 1027 303 1057 84
317 1029 380 1058 vitae
392 1051 400 1064 ,
422 1031 448 1060 &
460 1029 578 1058 fortunis
589 1029 654 1058 tuis.

122 1061 290 1093 Infirmitati.
314 1065 382 1096 Plin.
395 1067 479 1105 Epist.
490 1077 536 1097 20.
548 1067 597 1096 lib.
609 1076 637 1103 7.

122 1099 224 1130 Labori
236 1101 362 1139 alicujus.
386 1105 506 1142 Quintil.
519 1104 568 1134 lib.
582 1114 607 1141 3.
622 1113 683 1142 cap.
698 1113 722 1133 r.

123 1137 204 1168 Natis
216 1140 241 1168 ἀ
252 1140 390 1173 thalamis.
411 1144 509 1173 Senec.
520 1142 597 1174 Med.
611 1151 638 1179 7.
650 1151 674 1179 3.

142 1189 148 1195 κ
216 1177 368 1210 Consulere
381 1182 453 1211 natis
464 1180 548 1210 malle
559 1203 568 1215 ,
589 1189 673 1218 quam
682 1178 810 1209 thalamis
821 1202 829 1214 ‚
851 1189 921 1210 reor.
1226 1218 1233 1226 θ

125 1213 194 1243 Otio
206 1216 383 1252 posteritatis.
424 1219 483 1248 Cic.
495 1228 521 1248 2.
535 1218 609 1248 Fam.
624 1223 666 1251 18.
679 1224 746 1247 extr.
782 1219 837 1247 sed
849 1219 866 1247 si
881 1229 926 1248 nie
935 1219 1032 1249 audies
1042 1219 1140 1249 vitabis
1154 1220 1247 1248 inimi-

143 1253 240 1289 citias,
263 1256 288 1284 &
301 1256 466 1293 posteritatis
480 1257 539 1285 otio
550 1255 687 1285 consules.
727 1255 866 1298 [Pollerae
883 1258 970 1287 aetatis
988 1257 1164 1288 scribendum
1181 1267 1248 1287 con-

140 1289 260 1326 jeceram
274 1293 343 1323 olim
352 1316 360 1329 ,
381 1303 499 1330 eamque
512 1295 702 1330 conjecturam
713 1294 890 1324 certIilimam
902 1303 981 1333 puto.

122 1326 186 1357 Paci
198 1328 305 1368 semper
315 1332 353 1361 est
365 1332 577 1361 consulendum.
597 1332 658 1361 Cic.
672 1341 697 1361 1.
711 1330 770 1361 Off.
786 1337 831 1368 85.

122 1365 236 1397 Pudori.
258 1369 316 1399 Cic.
329 1379 355 1399 2.
367 1371 403 1399 de
418 1370 477 1400 Fiii.
492 1373 538 1398 60.

122 1403 291 1437 Rationibus
303 1407 419 1443 alicujus
431 1407 587 1446 prospicere
602 1408 628 1437 δε
637 1405 789 1437 consulere.
812 1406 871 1437 Cic.
883 1416 910 1444 7.
922 1407 997 1438 Fam.
1007 1416 1035 1439 2.
1158 1445 1164 1452 Ι

124 1441 173 1472 Via
184 1442 268 1481 longa
283 1444 355 1475 bene
375 1446 519 1476 consulere
539 1446 598 1476 sibi.
619 1445 715 1475 Tibul.
730 1445 781 1475 lib.
793 1454 819 1475 2.
831 1450 857 1475 6.
879 1446 941 1482 (Al.
954 1449 1005 1484 5.)
1024 1455 1070 1483 44.
1112 1445 1166 1476 Alii
1188 1445 1249 1477 lon-

142 1490 204 1517 gam
214 1492 369 1520 perperam.

66 1506 70 1507 ⁷
122 1518 210 1547 Saluti
221 1519 272 1548 suae
284 1542 292 1555 ‚
310 1530 343 1550 ac
359 1520 491 1556 militum.
514 1520 580 1551 Cres.
596 1532 620 1557 ς.
636 1520 704 1551 Bell.
718 1519 788 1550 Gall.
801 1530 846 1559 ²7·

120 1556 268 1593 Supremis
279 1558 343 1588 suis.
365 1559 394 1589 h.
410 1569 434 1590 e.
457 1561 498 1590 Ad
510 1560 594 1589 finem
605 1560 669 1589 vitae
680 1558 824 1596 respicere.
847 1558 939 1590 Tacit.
952 1569 996 1594 ις.
1010 1559 1079 1589 Ann.
1093 1563 1139 1595 64.

123 1593 259 1630 Tempori
272 1596 425 1627 consulere.
449 1598 466 1628 i.
478 1609 504 1628 e.
527 1598 636 1628 Habere
650 1597 786 1626 rationem
798 1599 940 1634 temporis.
962 1597 1022 1627 Cic.
1034 1604 1063 1632 4.
1074 1598 1190 1641 fana-9.

122 1631 274 1664 Consulere
285 1656 293 1668 ,
322 1635 478 1666 accusativo
497 1636 619 1675 personae
645 1636 773 1671 junctum
786 1657 794 1669 ‚
816 1635 950 1672 significat
973 1635 1068 1665 Petere
1091 1637 1248 1666 confilium.

143 1670 203 1700 Cic.
217 1681 270 1709 pro
278 1673 377 1709 Quint.
394 1683 438 1711 53.
460 1675 515 1706 Sed
525 1684 562 1704 ne
573 1673 629 1712 ipse
639 1672 755 1711 quidem
764 1679 792 1702 te
801 1672 971 1703 consuluisti.
993 1674 1048 1703 Sed
1058 1673 1148 1704 abesse
1159 1684 1174 1704 a
1184 1673 1246 1704 Nlff.

142 1709 255 1739 testatur
265 1709 353 1741 Urfin.

121 1745 257 1777 Consulas
269 1770 277 1784 ,
300 1749 410 1787 Antiqui
420 1748 565 1788 ponebant
574 1758 632 1778 non
642 1754 751 1778 tantum
783 1758 812 1777 ro
823 1748 978 1779 Consilium
994 1754 1073 1788 petas
1091 1750 1117 1779 ἀ
1130 1758 1249 1788 percon-

141 1786 208 1815 teris
220 1808 228 1821 ‚
251 1785 298 1816 sed
309 1789 393 1817 etiam
404 1798 455 1826 pro
464 1787 479 1823 J
483 1788 578 1817 udices
588 1789 614 1817 &
623 1788 732 1816 statuas.
781 1788 863 1817 estus.
1127 1826 1133 1831 .

120 1822 171 1860 Jus
180 1823 325 1855 consulere
334 1847 343 1860 ,
360 1835 411 1864 pro
423 1826 517 1855 Petere
527 1825 674 1854 confilium
685 1827 721 1854 de
733 1825 798 1859 iure.
841 1826 899 1854 Liv.
911 1834 955 1860 39.
967 1836 1014 1862 40.
1036 1826 1114 1856 ldem
1126 1836 1154 1870 in
1167 1836 1247 1864 pace,

143 1861 162 1890 fi
175 1862 219 1897 jus
230 1862 388 1893 consuleres
400 1885 409 1897 ,
430 1863 627 1901 peritissimus:
651 1863 668 1892 fi
684 1863 763 1893 causa
777 1864 882 1893 oranda
893 1863 975 1898 esset,
996 1863 1244 1901 eloquentissimus.

120 1898 186 1936 Jam
197 1910 246 1930 vos
254 1901 379 1934 consulo.
391 1901 515 1938 judices,
534 1901 600 1938 quid
610 1900 679 1930 mihi
690 1901 850 1931 faciendum
865 1902 976 1939 putetis.
1000 1901 1059 1931 Cic.
1072 1911 1098 1931 2.
1115 1901 1188 1945 Verr.
1200 1911 1246 1938 32,

122 1938 182 1975 Ego
193 1949 243 1975 pro
253 1945 282 1968 te
289 1940 344 1970 hoc
353 1939 479 1974 consulo,
495 1940 572 1976 quod
583 1946 613 1968 tu
625 1939 768 1969 consulere
781 1939 885 1970 oblitus
900 1950 939 1970 cs.
960 1939 1019 1969 Cic.
1027 1949 1079 1978 pro
1088 1940 1189 1977 Quint.
1201 1951 1246 1977 54.

121 1976 330 2013 Coniectorem.
354 1978 439 2007 Plaut.
452 1978 551 2016 Amph.
567 1989 591 2013 5.
608 1987 631 2007 1.
642 1986 688 2014 75.

120 2013 184 2044 Nec
194 2021 222 2044 te
232 2015 262 2044 id
273 2014 399 2045 consulo.
420 2015 479 2045 Cic.
491 2025 517 2052 7.
534 2017 587 2045 Att.
601 2025 642 2051 19.

121 2051 234 2091 Aliquid
249 2053 367 2083 alterum
376 2053 530 2084 consulere.
551 2053 636 2083 Plaut.
649 2053 727 2083 Men.
741 2063 767 2088 4.
782 2061 805 2089 3.
823 2056 869 2083 26.

214 2090 266 2121 Ibo
277 2114 285 2127 ,
307 2093 333 2122 ἃ
348 2092 490 2121 consulam
502 2092 575 2121 hanc
586 2101 643 2120 rem
655 2092 761 2121 amicos
774 2114 783 2128 ,
806 2093 873 2130 quid
890 2091 1050 2122 faciendum
1059 2091 1199 2123 censeant.

121 2127 249 2166 Aliquem
261 2139 310 2168 per
319 2129 432 2160 litteras.
456 2130 514 2159 Cic.
530 2140 572 2159 ii.
589 2130 664 2160 Fam.
674 2139 720 2165 29.

121 2166 282 2204 Apollinem
290 2168 430 2198 consuluit
441 2168 476 2197 de
486 2167 570 2197 bello.
599 2168 617 2197 i.
631 2177 656 2198 e.
677 2168 863 2206 Interrogavit
873 2177 908 2197 an
917 2168 1031 2198 deberet
1041 2167 1154 2200 bellare.
1194 2168 1248 2198 Au-

142 2206 204 2234 ἀοι·
214 2205 257 2235 De
268 2206 332 2236 viris
341 2206 423 2236 illust.
436 2216 495 2244 cap.
508 2215 550 2242 35.
563 2216 604 2244 pr.

114 2241 208 2279 Deos.
231 2243 318 2273 Ovid.
332 2253 358 2273 2.
374 2244 442 2274 Fast.
455 2250 520 2281 238.
827 2281 832 2287 ¹
1053 2282 1060 2288 ·

121 2279 213 2310 Deum
223 2281 364 2312 consuluit
372 2283 493 2319 auguriis
504 2302 511 2312 .
526 2291 586 2319 quae
596 2280 725 2319 prodigia
735 2280 908 2318 suscipienda
919 2280 1014 2311 effent.
1029 2280 1088 2311 Liv.
1096 2290 1166 2311 r.20.
1174 2286 1246 2312 extr.

122 2317 192 2348 Exta
203 2319 343 2357 spirantia..
381 2321 483 2350 Videre
497 2320 564 2357 quid
576 2319 632 2357 ipsa
643 2319 821 2356 portendant.
863 2319 935 2348 Nam
944 2329 978 2349 ex
990 2320 1167 2350 victimarum
1179 2329 1249 2357 quo-

142 2366 195 2393 que
203 2361 275 2387 extis
286 2357 424 2396 aruspices
435 2358 524 2388 futura
536 2356 707 2401 divinabant.
729 2356 805 2401 Virg.
815 2367 842 2392 4.
853 2356 915 2386 AEn.
926 2362 978 2401 64,Ἰ
1059 2396 1066 2402 .

122 2393 222 2425 Lucos.
242 2395 316 2434 Virg.
328 2404 354 2433 7.
369 2396 430 2426 AEn.
442 2402 487 2440 83..
509 2396 545 2425 de
557 2396 655 2425 Latino
665 2404 738 2432 rege.
762 2405 780 2424 i.
794 2405 818 2424 e.
836 2394 963 2425 Faunum
971 2405 1000 2425 in
1009 2395 1081 2426 lueis
1091 2395 1245 2426 consulere.

121 2433 210 2463 Nares
221 2433 373 2463 consulere.
399 2434 520 2464 martial.
533 2444 559 2469 9.
577 2437 622 2462 60.
787 2470 792 2475 ι

215 2471 363 2516 Consuluit
373 2481 454 2516 nares
465 2493 473 2507 ,
494 2482 528 2501 an
543 2471 650 2501 olerent
659 2480 712 2500 zera
728 2469 898 2500 Corinthon.

119 2507 707 2585 gssgfflssffl‘ss'ssgdffissss,ffleffi',35
770 2583 777 2591 ἢ

396 2601 434 2606 --
443 2586 518 2623 quod
530 2594 667 2623 quamque
678 2583 791 2613 decebit

201 2621 291 2661 Eligat
299 2645 307 2658 ,
328 2623 354 2653 &
365 2622 507 2662 speculum
519 2623 644 2653 consulat
652 2628 717 2652 ante
724 2622 825 2690 {unffi}
846 2669 881 2689 ue
901 2669 963 2690 eam
982 2658 1097 2699 usquam
1109 2661 1224 2692 invenio

120 2659 293 2737 qiaezzlldtgiib
302 2670 365 2729 ἓὲἓι
375 2662 557 2738 ,εἰξεᾳιξέἃᾳυιξὲ
563 2661 884 2743 ξὲἓέἒῶῒρῆῃΐυίἓπη
895 2699 941 2728 est.
1234 2683 1243 2700 ²

81 2734 105 2766 C
114 2746 131 2765 o
140 2739 206 2780 NSJ‘J
215 2748 231 2766 L
240 2747 254 2766 iz
262 2746 281 2781 ry
289 2747 303 2767 s
313 2759 322 2774 ,
343 2738 440 2782 Partic.
461 2735 675 2780 [μκπζόμὸὶυῶι]
692 2736 758 2780 Cic..
767 2746 795 2765 in
810 2737 887 2766 Orat.
906 2745 967 2773 ¹4³·
990 2737 1098 2767 Eodem
1114 2744 1242 2778 tempore

100 2793 103 2795 -
121 2776 147 2804 ἃ
159 2775 328 2805 discentibus
339 2775 527 2805 satisfacerent
537 2798 544 2811 ,
567 2777 593 2805 St
603 2774 821 2804 coniulennbus.

17 2835 22 2841 ,
79 2811 159 2842 CoN
169 2816 207 2842 εῠ
218 2823 301 2849 Lon,
324 2814 499 2850 [pannoe'opeou]
519 2814 637 2844 consuli.
659 2820 706 2848 ut,
727 2812 863 2842 Consulor
875 2813 910 2842 de
921 2812 974 2842 hac
985 2823 1024 2843 re.
1065 2813 1083 2843 i.
1100 2824 1125 2843 e.
1148 2814 1242 2844 Consi-

117 2850 190 2880 lium
213 2861 228 2880 a
245 2861 292 2881 me
317 2852 428 2889 petitur.
468 2851 527 2881 Cic.
543 2861 565 2887 3.
590 2852 663 2881 Verr.
681 2860 742 2880 120.
783 2851 876 2888 Quam
904 2852 1001 2881 inanes
1026 2853 1128 2882 domus
1143 2862 1240 2883 eorum

116 2889 261 2925 omnium,
282 2890 329 2926 qui
342 2890 377 2919 de
390 2890 451 2926 jure
463 2890 538 2920 civili
548 2889 656 2919 consuli
667 2888 764 2918 solent.
831 2926 836 2932 ι
862 2926 868 2931 .
935 2927 940 2932 ι
1093 2928 1098 2934 ”

117 2927 232 2956 Consuli
244 2928 359 2964 quidem
370 2934 397 2957 te
411 2938 427 2957 a
439 2927 543 2959 Caesare
553 2928 646 2957 scribis
656 2949 665 2960 ,
686 2926 732 2956 sed
745 2936 797 2963 ego
815 2925 869 2955 tibi
881 2926 915 2955 ab
933 2926 982 2956 illo
993 2927 1099 2958 consuli
1113 2928 1237 2959 mallem.

137 2964 195 2994 Cic.
209 2965 290 3003 Epist.
308 2975 350 2996 11.
363 2965 411 2995 lib.
423 2975 449 3002 7.
473 2976 533 3004 quae
544 2966 582 2995 est
598 2966 633 2995 ad
643 2965 816 2994 Trebatium.
840 2964 873 2993 H.
887 2965 926 2994 St.

116 3002 230 3033 Consuli
241 3003 363 3042 populus
378 3004 524 3033 dicebatur
534 3004 630 3034 Rornae
640 3025 648 3038 ‚
669 3002 714 3032 lex
727 3012 813 3039 quum
826 3003 982 3045 rogabatur.
1007 3002 1109 3048 Festus.
1150 3003 1239 3050 Roga3

134 3041 176 3070 tio
185 3041 223 3071 est
233 3063 241 3077 ‚
262 3042 354 3078 inquit
364 3063 372 3077 ,
394 3052 481 3079 quum
501 3042 623 3080 populus
644 3040 804 3070 consulitur.
844 3041 901 3070 Cic.
917 3051 940 3071 z.
958 3041 993 3085 dc
1004 3040 1097 3079 Legib.
1114 3052 1125 3070 r
1134 3052 1155 3071 i.
1180 3044 1238 3086 Qui

133 3085 292 3116 agent,n0n
303 3079 375 3117 plus,
385 3090 468 3117 quani
479 3080 514 3109 de
526 3080 637 3117 lingulis
650 3077 957 3113 rebuS,consulunto.Et
967 3089 996 3108 iu
1005 3079 1104 3108 Milon.
1113 3080 1238 3111 16.Niliil

135 3117 171 3145 de
184 3118 246 3153 ejus
254 3123 344 3147 morte
352 3117 475 3155 populus
487 3118 630 3147 consultus
639 3139 647 3151 ,
669 3116 746 3146 nulla
756 3116 868 3154 quaestio
877 3117 988 3146 decreta
995 3127 1010 3146 a
1019 3117 1121 3147 Senatu
1133 3119 1178 3148 est.

115 3154 232 3184 Consuli
242 3164 285 3184 res
295 3155 399 3184 dicitur
410 3177 418 3189 ,
439 3155 475 3185 de
486 3165 539 3193 qua
551 3156 586 3185 ad
597 3156 731 3185 Senatum
749 3154 865 3183 relatum
885 3155 923 3184 est
934 3177 942 3189 ‚
964 3161 995 3184 ut
1017 3163 1094 3193 patet
1115 3166 1150 3186 ex
1174 3156 1236 3194 lege

135 3193 253 3230 quadam
263 3193 356 3230 operis
365 3192 506 3229 faciendi,
530 3204 613 3231 quam
625 3194 688 3222 vide
702 3193 731 3222 in
741 3193 868 3222 dictione
887 3203 906 3221 1>
919 3203 934 3222 υ
946 3203 963 3222 u
973 3204 994 3222 M
1002 3203 1020 3222 ν
1029 3204 1063 3223 rs
1072 3204 1091 3223 A
1101 3204 1120 3223 τ
1129 3204 1167 3224 us.

116 3230 236 3260 Senatus
246 3231 317 3260 nihil
330 3231 491 3261 consulitur.
511 3231 568 3261 Cic.
580 3232 614 3260 ad
626 3232 723 3261 Odtav.

77 3269 102 3299 C
110 3279 127 3297 o
137 3278 157 3298 N
166 3279 178 3298 s
189 3279 205 3298 u
214 3278 258 3297 ιτ
267 3279 284 3297 υ
294 3278 316 3304 s,
327 3270 580 3305 a‚um.[ss⁸)=dL-91315]
592 3268 858 3305 Partic.aConsulor;
873 3268 1069 3305 Interrogatus,
1080 3280 1093 3298 a
1105 3279 1161 3307 quo
1170 3280 1237 3300 con-

115 3307 203 3336 filium
214 3307 334 3345 petitum
343 3306 395 3337 est:
417 3313 449 3336 ut
460 3328 469 3341 ,
491 3307 617 3337 Consulti
627 3307 730 3337 medici
742 3306 945 3345 responderunt
956 3307 1026 3336 nihil
1036 3308 1154 3345 periculi
1170 3309 1233 3338 effe.

67 3343 78 3348 ”
114 3345 173 3374 Cic.
185 3355 235 3381 pro
248 3345 340 3374 Domo
352 3354 397 3381 72.
418 3345 534 3374 Senatus
543 3347 657 3382 quidem
668 3367 677 3380 ‚
698 3346 777 3381 cujus
789 3345 978 3383 graviffimum
990 3346 1028 3374 est
1043 3345 1181 3381 judiciuin
1198 3347 1234 3378 de

112 3383 174 3420 jure
185 3384 279 3421 legum
293 3405 301 3418 ,
323 3382 542 3420 quotiescunque
552 3384 645 3413 deme
656 3383 813 3419 consultus,
836 3384 888 3413 διε.
916 3382 995 3412 Idem
1006 3393 1058 3421 pro
1072 3384 1172 3415 Milon.
1187 3390 1231 3417 16.

114 3421 192 3450 Nihil
202 3422 238 3450 de
247 3422 307 3457 ejus
320 3427 410 3450 morte
421 3421 541 3458 populus
551 3421 701 3451 consultus.

111 3459 154 3489 Re
165 3459 289 3488 consulta
299 3465 382 3496 atque
396 3458 546 3496 explorata.
582 3459 640 3488 Cic.
652 3469 677 3489 2.
693 3460 745 3488 Att.
761 3462 803 3488 16.
826 3457 961 3487 Nondum
979 3459 1111 3489 videlicet
1129 3460 1234 3492 litteras

129 3506 205 3527 meas
215 3497 327 3535 legerat,
338 3496 482 3534 quibusad
493 3506 569 3532 eum,
579 3506 607 3526 re
617 3497 742 3528 consulta
754 3498 780 3527 &
789 3496 943 3535 explorata,
955 3497 1163 3536 perscripseram
1174 3510 1234 3531 non

129 3535 235 3564 deberi.

111 3573 275 3602 Consultum
284 3582 317 3603 ac
329 3572 471 3611 provisum
482 3572 520 3602 est
532 3572 612 3607 mihi,
633 3578 671 3601 ut.
712 3572 772 3602 Cic.
786 3581 812 3601 2.
825 3572 855 3600 in
867 3571 947 3601 Catil.
963 3574 1009 3602 26.
1031 3572 1121 3608 Mihi,
1141 3581 1173 3604 ut
1184 3576 1233 3606 Ur.

130 3610 157 3639 bi
171 3610 226 3639 sine
232 3611 320 3640 vestro
329 3618 405 3641 metu
415 3621 448 3641 ac
459 3610 515 3640 sirie
527 3610 584 3640 ullo
593 3609 715 3640 tumultu
725 3610 788 3640 satis
799 3609 867 3639 esset
881 3609 1010 3647 praefidii‚
1031 3611 1188 3643 consultum
1199 3624 1232 3645 ac

150 3648 270 3678 rovisuni
280 3649 325 3678 est.

110 3658 276 3716 clinsuitum
287 3688 313 3716 &
326 3687 500 3724 exquisitum.
543 3685 601 3715 Cic.
614 3694 638 3714 τ.
651 3686 687 3714 de
697 3685 776 3715 Orat.
788 3694 856 3728 ue.¹
875 3685 1045 3722 Quanquam
1065 3687 1115 3725 ipsi
1134 3691 1231 3720 omnia

128 3734 248 3763 quorum
261 3725 403 3761 negotium
415 3725 454 3754 est
464 3747 472 3760 ‚
494 3723 618 3754 consulta
631 3724 664 3752 ad
675 3733 726 3752 nos
739 3725 764 3753 ἃ
775 3723 906 3761 exquisita
918 3723 1059 3754 deferunt.

109 3762 178 3794 Item
188 3762 468 3800 significatScientem
478 3765 503 3793 ἃ
515 3762 636 3801 peritum
646 3783 655 3797 ‚
675 3770 691 3790 a
707 3771 762 3798 quo
775 3763 836 3798 jure
852 3760 998 3792 confilium
1008 3769 1095 3801 petas.
1119 3763 1188 3795 Hor.
1203 3775 1228 3797 1.

128 3801 216 3832 Serm.
233 3811 256 3829 i.
270 3810 278 3829 1
305 3822 311 3829 .
342 3811 371 3820 κ
534 3809 538 3811 ’

286 3809 301 3837 7
395 3853 431 3859 —
443 3839 495 3868 eris
507 3844 536 3868 tu
545 3860 554 3874 ,
576 3837 623 3876 qui
635 3837 720 3866 modo
733 3836 831 3873 miles,

200 3875 356 3905 Mercator:
379 3881 408 3905 tu
418 3877 575 3912 consultus,
597 3876 683 3905 modo
693 3875 816 3904 rusticus.

106 3913 256 3945 Consultus
267 3935 275 3947 ,
297 3923 346 3950 pro
357 3913 562 3949 ,Iurisconsultm
584 3913 668 3942 Ovid.
681 3913 716 3942 de
727 3914 788 3942 Arte
803 3912 851 3943 lib.
861 3921 886 3943 1.

79 3959 81 3961 ’
198 3951 250 3982 lllo
263 3950 331 3987 saepe
343 3951 405 3981 loco
418 3953 525 3990 capitur
535 3951 678 3981 consultus
688 3960 799 3992 amore:
1037 3990 1043 3997 ⁸

234 3988 347 4026 Quique
355 3989 415 4020 aliis
426 3992 510 4026 cavit,
520 3999 578 4021 nou
584 3995 663 4020 cavet
674 3990 730 4027 ipie
738 3988 796 4018 fibi.
805 3988 882 4019 H.St.
904 3988 1140 4023 Al.fflno,ri.Extat
1149 3999 1222 4031 v.83‚

1753 165 1782 200 C
1882 167 1917 201 O
2002 166 2049 201 'N
2395 178 2461 210 661

1338 240 1511 277 Eloquentioe
1534 244 1696 282 consultus,
1718 246 1867 281 Eloquens.
1910 247 1969 278 [iv.
1987 257 2028 277 10.
2044 257 2088 278 22.
2121 248 2262 286 Callidos,
2285 251 2464 292 solertesque,

1359 280 1425 314 juris
1438 289 1519 316 arque
1536 282 1705 319 eloquentiae
1717 285 1868 315 consultos.

1339 315 1411 358 juris
1423 320 1447 346 ἃ
1462 320 1570 354 justitiae
1584 321 1734 352 consultus.
1776 323 1835 352 Cic.
1849 334 1875 357 9.
1892 323 2011 362 Philipp.
2027 334 2071 354 ii.
2104 323 2203 361 Neque
2218 327 2293 355 enim
2310 327 2357 356 ille
2378 330 2466 367 magis

1360 356 1426 388 juris
1442 357 1583 386 consultus
1595 381 1602 392 ,
1625 369 1707 393 quain
1725 361 1905 396 justitiaefuic.

1340 391 1444 421 Natura
1457 402 1503 423 aut
1519 395 1673 432 disciplina.
1715 399 1774 428 Cic.
1787 408 1836 437 pro
1851 399 1952 428 Caecin.
1964 404 2008 433 78.
2037 398 2077 428 lta
2096 399 2182 436 justus
2200 401 2225 429 ἃ
2237 400 2329 430 bonus
2349 403 2389 431 vir
2408 404 2464 440 est,

1361 436 1391 457 ut
1404 439 1500 461 natura
1513 454 1520 466 ,
1542 443 1598 462 nori
1614 435 1758 472 disciplina
1768 458 1776 471 ,
1799 437 1940 466 consultus
1952 437 2007 466 esse
2018 437 2152 466 videatur.

1341 467 1582 505 Consultusji1ris‚
1605 473 1631 500 S:
1644 474 1721 502 actor
1732 474 1871 504 causarum
1885 476 2041 504 mediocris.
2066 475 2132 504 Hor.
2147 476 2176 504 in
2188 476 2251 504 Arte
2261 474 2334 505 Puer.
2348 481 2410 512 369.

1341 505 1491 535 Consultus
1508 509 1639 537 universae
1658 510 1821 548 disciplinae.
1861 512 1999 541 Columel.
2013 513 2060 542 lib.
2077 523 2118 542 it.
2131 523 2194 551 cap.
2213 524 2235 543 i.
2268 513 2466 545 Verumtamen

1363 550 1391 570 ut
1401 545 1533 573 iiniversae
1545 546 1697 583 disciplina:
1711 551 1755 578 vix
1766 551 1886 586 aliquem
1899 550 2067 585 consultum,
2081 551 2116 580 sic
2130 551 2265 588 plurimos
2275 553 2395 588 partium
2407 555 2467 589 ejus

1360 581 1485 611 invenias
1496 584 1637 619 magistros
1651 607 1659 619 ,
1682 596 1730 622 per
1742 598 1812 623 quos
1823 587 1931 617 efficere
1946 598 2031 624 queas
2042 590 2196 626 perse-<stum
2207 589 2341 619 villicum.

1342 617 1564 649 Consultiflinius
1575 622 1642 657 juris
1656 623 1785 653 scientia:
1810 627 1910 654 Auctor
1921 627 1956 655 de
1973 626 2042 656 Viris
2055 626 2151 656 lllustr.
2164 638 2208 661 ‹¹4›
2235 627 2398 664 Eloquentia
2413 630 2468 666 pri-

1360 664 1439 689 πως,
1461 659 1528 693 juris
1538 658 1650 688 scientia
1664 662 1897 698 consultiffimus,
1919 664 2032 699 ingenio
2049 664 2260 700 sapientissimus
2272 666 2332 696 fuit.
2356 668 2415 696 Cic.
2429 668 2466 696 de

1362 692 1432 722 Clar.
1444 695 1520 724 Orat.
1536 702 1597 729 148.
1621 698 1691 727 Nam
1701 708 1731 728 ut
1742 701 1827 738 paulo
1838 708 1902 730 ante
1918 702 1977 730 dixi
1991 724 1998 735 ,
2019 702 2210 733 consultorum
2222 703 2339 734 alterum
2350 704 2468 735 disertis-

1360 729 1458 760 simum
1470 755 1478 765 .
1500 733 1664 764 disertorum
1678 737 1794 767 alterum
1809 738 2040 769 consultissimum
2054 740 2141 770 faisse.

1339 766 1389 795 Vir
1405 770 1627 801 consultissimus.
1652 773 1707 803 Liv.
1725 786 1746 804 i.
1769 782 1807 810 ¹8·
1829 787 1869 813 pr.

1342 804 1475 837 Consulta
1485 807 1546 837 sunt
1560 810 1679 839 conlilia.
1703 813 1789 842 Plaut.
1801 814 1885 843 Truc.
1908 823 1931 842 1.
1942 823 1966 843 2.
1981 823 2007 850 7.

1342 842 1473 874 Consulta
1483 846 1566 876 verba
1578 869 1585 882 ‚
1609 848 1795 880 Prudenter&
1809 851 1934 881 consulte
1947 852 2028 882 dicia.
2051 853 2135 883 Ovid.
2151 863 2174 884 r.
2189 854 2225 883 de
2240 855 2301 885 Arte
2311 856 2369 886 Am.
2380 862 2426 894 83.

1422 883 1463 911 Sit
1474 884 1523 913 tibi
1535 886 1678 916 credibilis
1689 887 1776 917 sermo
1789 910 1796 923 ,
1818 889 2000 926 consultaque
2011 891 2103 921 verba.

1302 913 1351 947 Co
1360 928 1379 948 Ν
1388 929 1400 948 s
1411 930 1426 948 u
1437 931 1481 949 ιτ
1491 931 1508 950 υ
1517 933 1546 957 Μ,
1560 924 1577 952 i.
1588 933 1615 953 n.
1637 923 1789 961 [βέληιωι]
1809 927 1960 956 Decretum
1973 949 1980 963 ‚
2003 928 2142 958 statutum.
2164 929 2232 960 Hor.
2246 941 2268 960 r.
2281 932 2361 970 Epist.
2372 935 2463 968 r6.4r.

1436 958 1626 995 Quiconsulta
1636 968 1745 999 patrum
1755 985 1763 997 ,
1785 965 1831 1000 qui
1844 965 1935 1001 leges,
1954 966 2171 1001 juraqueservat.
2256 968 2315 999 Cic.
2331 980 2355 1000 2.
2370 971 2405 1000 de
2417 971 2466 1000 Le-

1341 994 1399 1031 gib.
1411 1000 1457 1062 32.
1481 997 1618 1064 Fagtaque
1630 1001 1656 1029 ἃ
1668 1001 1794 1031 consulta
1808 1002 1924 1032 fortium
1943 1012 1975 1032 ac
1989 1003 2156 1041 sapientium
2173 1005 2348 1045 sempiternis
2367 1019 2466 1039 monu-

1342 1042 1408 1062 men
1424 1044 1446 1063 is
1461 1044 1512 1071 pro
1535 1046 1590 1066 ere.

1341 1070 1374 1100 In
1390 1073 1518 1102 manibus
1532 1074 1656 1104 consulta
1670 1075 1789 1113 alicujus
1800 1077 1863 1107 effe.
1885 1077 1933 1107 Sil.
1946 1078 1993 1108 lib.
2005 1088 2030 1115 7.
2045 1087 2090 1115 ις.

1434 1110 1500 1139 Nori
1511 1121 1575 1141 cum
1586 1112 1722 1143 Flaminio
1738 1114 1788 1144 tibi
1800 1126 1842 1146 res
1854 1138 1862 1152 ‚
1883 1126 1937 1146 nec
1950 1116 2060 1147 fervida
2073 1118 2192 1148 Gracchi

1431 1147 1464 1177 In
1480 1149 1608 1179 manibus
1621 1152 1756 1182 consulta.

1337 1183 1443 1228 Petere.
1468 1186 1539 1223 Virg.
1553 1192 1579 1217 6.
1593 1188 1654 1218 AEn.
1672 1200 1732 1225 15¹-
1757 1191 1831 1221 Dum
1848 1191 1973 1222 consulta
1988 1193 2069 1230 petis.
2115 1194 2133 1223 i.
2147 1203 2171 1224 e.
2193 1194 2334 1233 Responsa
2350 1197 2412 1228 Dei.

1340 1221 1410 1252 Belli
1425 1224 1550 1254 consulta
1564 1236 1621 1255 non
1633 1228 1710 1257 stant.
1733 1229 1781 1259 Sil.
1796 1229 1842 1258 lib.
1857 1241 1884 1265 4.
1896 1239 1941 1265 43.

1394 1263 1428 1290 At
1438 1272 1494 1291 non
1506 1265 1532 1293 ἃ
1547 1274 1637 1294 rerum
1648 1275 1728 1297 curas
1740 1289 1748 1304 ,
1770 1267 1953 1305 consultaque
1964 1267 2030 1298 belli

1394 1299 1473 1329 Stare
1482 1301 1589 1338 probat.

1339 1336 1491 1374 Consulto,
1513 1339 1667 1377 ablativus,
1687 1344 1734 1380 qui
1748 1344 1808 1373 vice
1818 1342 1954 1373 infinitivi
1966 1343 2122 1382 usurpatur.
2143 1351 2191 1380 ut,
2214 1346 2295 1384 Opus
2310 1348 2347 1377 est
2358 1349 2467 1380 consul-

1358 1382 1388 1404 to
1399 1397 1407 1410 ‚
1438 1377 1455 1406 i.
1467 1387 1491 1406 e.
1514 1377 1676 1409 Consulere.
1716 1380 1823 1410 Sallust.
1841 1381 1921 1410 Catil.
1938 1392 1961 1411 c.
1994 1406 1997 1410 .
2012 1386 2038 1412 6.
2054 1390 2125 1413 extr.
2159 1384 2231 1414 Nam
2257 1386 2283 1414 8<
2308 1387 2467 1424 priusquam

1357 1413 1500 1482 lffi‘ipCas't
1519 1416 1665 1484 cxclmsulto:
1691 1420 1717 1449 ἃ
1738 1420 1885 1458 postquam
1902 1429 1957 1449 con
1973 1420 2077 1451 ulueris
2088 1443 2096 1457 ‚
2117 1428 2225 1451 mature
2242 1422 2315 1453 facio
2328 1435 2400 1462 opus
2416 1427 2465 1456 est.

1405 1462 1413 1480 l
1457 1463 1487 1482 or
1503 1477 1507 1482 .
1556 1475 1562 1483 .

1300 1486 1426 1519 Consu
1436 1502 1452 1519 i.
1462 1500 1505 1520 τε
1515 1514 1522 1527 ,
1547 1492 1614 1529 Ady.
1638 1491 1833 1530 [βελώμὲζιίωε]
1855 1495 2015 1526 Prudenter.
2038 1496 2124 1527 Plaut.
2138 1497 2212 1527 Rud.
2226 1510 2252 1535 4.
2265 1508 2289 1535 7.
2302 1509 2345 1536 14.

1434 1528 1484 1558 llle
1498 1531 1542 1566 qui
1554 1530 1679 1560 consulte
1690 1554 1697 1565 ,
1719 1535 1802 1562 docte
1812 1556 1820 1568 ‚
1842 1540 1924 1567 atque
1936 1536 2022 1564 astute
2035 1543 2125 1565 cavet.

1340 1565 1472 1596 Ferocius
1483 1577 1565 1604 quani
1580 1569 1732 1600 consultius
1747 1581 1805 1600 rem
1815 1581 1918 1609 gerere.
1943 1572 2000 1602 Liv.
2010 1582 2055 1602 22.
2067 1583 2113 1609 24.

1342 1604 1454 1634 Avidius
1470 1615 1553 1642 quam
1566 1607 1727 1638 consultius.
1750 1609 1840 1639 Tacit.
1852 1619 1876 1638 2.
1892 1610 1957 1640 Hist.
1973 1620 2018 1646 24.

1302 1640 1350 1671 Co
1360 1652 1401 1671 Ns
1411 1652 1428 1671 u
1438 1653 1453 1671 L
1463 1652 1483 1671 τ
1494 1654 1510 1672 o
1519 1666 1526 1678 ,
1551 1646 1616 1674 Λᾶν.
1638 1646 1724 1676 aliud.
1747 1645 1924 1684 [ἐξεπίτηδὶε]
1945 1648 1973 1678 h.
1985 1660 2009 1678 e.
2031 1648 2103 1678 Cum
2114 1649 2230 1679 consilio
2241 1673 2248 1687 ‚
2274 1652 2301 1681 ἃ
2311 1661 2368 1682 non
2380 1658 2470 1684 temen

1340 1690 1379 1710 re.
1402 1680 1489 1710 Plaut.
1505 1682 1582 1712 Poen.
1595 1692 1620 1719 3.
1635 1694 1658 1718 ς.
1670 1694 1715 1720 43.

1422 1719 1555 1749 Consulto
1568 1720 1623 1750 hoc
1635 1721 1739 1752 factum
1752 1724 1807 1760 est,
1828 1724 1897 1753 milii
1919 1729 1950 1753 ut
1965 1725 2070 1754 insidiae
2084 1724 2194 1756 fierent.
2290 1727 2341 1757 Pro
2362 1729 2467 1760 eodem

1340 1755 1447 1823 1(jelllius
1458 1758 1548 1793 dixit,
1571 1759 1702 1791 Consulta
1716 1771 1817 1800 opera,
1837 1762 1886 1791 lib.
1898 1765 1924 1792 6.
1936 1772 1998 1800 cap.
2013 1773 2055 1801 17.
2078 1763 2144 1792 Nori
2154 1763 2255 1801 sponte
2267 1787 2275 1801 ,
2297 1776 2389 1804 neque
2401 1776 2469 1796 con-

1355 1805 1370 1823 υ
1384 1804 1408 1823 ta
1421 1805 1514 1831 opera.

1340 1832 1477 1862 Consulto
1491 1835 1517 1864 ὁὶ
1527 1834 1653 1865 Fortuito
1663 1858 1671 1871 ,
1691 1838 1838 1867 contraria.
1861 1837 1920 1867 Cic.
1935 1847 1956 1867 r.
1969 1839 2004 1867 de
2015 1838 2109 1877 Legib.
2125 1849 2170 1874 ας.
2193 1840 2230 1868 Ut
2241 1850 2272 1870 ea
2282 1851 2342 1878 quae
2351 1843 2470 1880 gignun-

1361 1878 1405 1900 tur
1415 1893 1422 1906 ,
1445 1873 1548 1902 donata
1559 1873 1687 1903 consulto
1698 1877 1779 1905 nobis
1789 1899 1796 1910 ,
1818 1886 1875 1905 non
1885 1877 2000 1906 fortuito
2011 1885 2073 1906 nata
2085 1878 2244 1907 videantur.

1302 1907 1424 1938 Consu
1434 1920 1477 1938 m·
1487 1921 1504 1939 u
1514 1920 1526 1940 s
1539 1933 1547 1946 ,
1567 1913 1606 1940 us.
1631 1923 1668 1941 m.
1691 1913 1759 1943 Haec
1771 1924 1825 1943 vox
1838 1917 1960 1944 occurrit
1972 1916 2000 1944 in
2013 1915 2137 1952 Lexici53
2160 1915 2206 1945 sed
2220 1925 2311 1946 ortum
2324 1917 2401 1947 suurn
2418 1919 2469 1948 dii-

1339 1947 1407 1977 xiffe
1416 1948 1526 1977 videtur
1536 1959 1550 1979 a
1562 1950 1663 1979 vitiosis
1674 1950 1843 1982 leetionibus
1854 1954 1881 1981 in
1893 1952 1949 1982 Liv.
1964 1963 1987 1988 3.
2003 1958 2048 1983 62.
2073 1954 2207 1983 Consultn
2228 1954 2357 1992 Collegae.
2394 1956 2470 1986 Cori-

1339 1985 1411 2015 sulto
1422 1986 1545 2017 Gronov.
1558 1997 1584 2025 q.
1597 1988 1636 2017 ibi
1647 1989 1721 2019 vide.
1734 1991 1760 2020 &
1774 1991 1803 2020 in
1818 1991 1886 2021 Plin.
1901 1999 1925 2028 3.
1938 2001 1985 2022 20.
2005 1992 2103 2022 Vetere
2113 1992 2240 2022 consultu
2252 2000 2371 2031 patrum.
2395 1995 2470 2024 Con-

1339 2022 1411 2053 sulto
1434 2025 1571 2054 Harduin.
1861 2039 1872 2053 ο

1300 2059 1531 2092 Consua-ros
1545 2085 1553 2098 ,
1573 2064 1638 2093 oris.
1661 2074 1698 2094 m.
1722 2062 1865 2102 [μηπςιὲς]
1884 2077 1899 2096 a
1914 2067 2000 2097 verbo
2019 2067 2162 2103 Consulo;
2186 2068 2243 2104 Qui
2260 2068 2408 2100 confilium
2427 2081 2474 2101 ca-

1338 2100 1390 2167 ipit.
1411 2101 1490 2167 dCic.
1500 2110 1552 2139 pro
1563 2101 1679 2132 Muren.
1689 2112 1735 2133 22.
1758 2104 1861 2142 vigilas
1871 2110 1903 2134 tu
1915 2105 1950 2135 de
1960 2107 2061 2143 nocte,
2082 2112 2113 2136 ut
2134 2106 2339 2137 consultoribus
2353 2109 2409 2138 tuis
2429 2119 2472 2139 re-

1352 2147 1407 2173 pon
1431 2148 1484 2168 eas.

1336 2175 1488 2206 Consultor
1506 2176 1591 2207 etiam
1610 2177 1658 2207 ille
1681 2177 1802 2214 dicitur,
1829 2179 1887 2216 Qui
1907 2180 1956 2210 dat
1974 2181 2131 2211 consilium.
2172 2181 2280 2213 Sallust.
2298 2183 2326 2212 in
2338 2184 2467 2221 Jugurth.

1358 2224 1420 2252 cap.
1439 2224 1500 2251 ¹03-
1513 2222 1583 2244 extr.
1606 2215 1695 2246 Simul
1707 2217 1742 2246 ab
1757 2227 1792 2247 eo
1806 2219 1906 2254 petiit,
1927 2226 1959 2248 ut
1979 2220 2088 2255 fautor,
2110 2219 2306 2258 consultorque
2324 2222 2370 2251 sibi
2387 2223 2465 2253 adsit.

1358 2252 1432 2282 Varr.
1445 2262 1470 2289 3.
1483 2253 1519 2282 de
1531 2253 1563 2282 R.
1578 2253 1610 2283 R.
1623 2263 1720 2292 capa.
1738 2265 1779 2292 pr.
1802 2256 1934 2294 Opinor,
1952 2257 2077 2294 inquam,
2099 2267 2157 2286 non
2167 2257 2254 2288 solum
2270 2261 2346 2296 quod
2356 2261 2468 2297 dicitur,

1358 2289 1467 2320 Malum
1489 2291 1635 2321 confilium
1655 2292 1806 2323 consultori
1822 2294 1877 2324 eise
1898 2295 2063 2332 peffimum:
2086 2295 2134 2325 sed
2152 2297 2236 2325 etiam
2252 2296 2358 2327 bonurn
2379 2299 2468 2328 conli-

1356 2328 1425 2358 lium
1441 2351 1449 2364 ‚
1471 2329 1683 2364 quiconsulit&
1698 2333 1744 2368 qui
1759 2332 1929 2368 consulitur,
1952 2333 2059 2362 bonum
2080 2333 2251 2363 habendum.
2292 2335 2371 2372 [Ubi
2395 2337 2469 2366 Con.

1358 2366 1443 2396 sultor
1456 2365 1621 2404 intelligitur
1632 2370 1657 2398 ἃ
1668 2369 1726 2406 Qui
1740 2370 1829 2407 petit,
1850 2371 1877 2401 δι
1887 2370 1945 2407 Qui
1958 2370 2008 2401 dat
2020 2372 2174 2402 confilium.

1300 2403 1569 2439 CONSULTRiX,
1590 2407 1652 2435 icis.
1673 2407 1692 2436 f.
1715 2406 1888 2443 [veeste-risse]

1338 2442 1497 2510 Congulssix
1511 2444 1549 2510 &D
1551 2444 1666 2480 provida
1674 2445 1826 2475 utilitatum
1836 2447 2136 2485 opportunitatumque
2146 2448 2390 2480 omniumNatura.
2403 2450 2465 2482 Cic.

1358 2490 1384 2510 2.
1420 2491 1434 2510 e
1475 2487 1510 2509 at.
1553 2491 1609 2510 eor.
1626 2487 1669 2517 58.

1300 2517 1548 2548 CONSULTORt
1559 2529 1599 2549 us
1611 2541 1619 2554 ,
1640 2529 1671 2556 a,
1693 2529 1750 2549 um.
1773 2521 1834 2556 Adi.
1858 2527 1908 2557 ut,
1930 2522 2105 2553 Consultoria
2118 2523 2215 2554 hostia.
2239 2524 2276 2554 Ea
2287 2532 2381 2556 autem
2397 2534 2456 2558 erat

1339 2566 1393 2594 qua
1403 2557 1499 2586 divina
1509 2557 1637 2587 voluntas
1650 2567 1699 2595 per
1708 2564 1771 2588 exta
1782 2559 1993 2596 disquirebatur.
2015 2561 2058 2591 De
2073 2562 2126 2591 hac
2143 2562 2215 2599 Virg.
2228 2575 2253 2598 4.
2270 2564 2330 2595 ffin.
2347 2575 2388 2601 57.

1500 2609 1539 2615 —
1549 2596 1652 2625 mactat
1662 2595 1746 2626 lectas
1757 2597 1792 2626 de
1803 2607 1881 2627 more
1894 2598 2032 2629 bidentes.
2148 2600 2212 2629 Duo
2225 2602 2300 2630 enim
2315 2603 2466 2634 hostiarum

1339 2640 1440 2669 genera
1451 2641 1466 2661 a
1481 2632 1627 2662 Macrobio
1646 2643 1669 2670 3.
1689 2635 1745 2664 Sat.
1761 2646 1785 2670 ς.
1807 2644 2022 2673 enumerantur,
2045 2648 2160 2676 quarum
2173 2639 2258 2669 altera
2272 2641 2404 2670 Animalis
2418 2652 2465 2670 vo-

1338 2677 1435 2705 catur,
1459 2671 1662 2707 quumidcirco
1674 2671 1760 2701 solum
1772 2673 1860 2702 hostia
1875 2674 2067 2710 mactabatur,
2089 2685 2120 2705 ut
2144 2678 2204 2712 ejus
2226 2678 2335 2710 anima,
2357 2679 2411 2708 hoc
2424 2680 2464 2709 est

1337 2707 1447 2745 sanguis
1459 2710 1484 2738 Sc
1494 2709 1549 2738 vita
1560 2731 1568 2744 ,
1591 2710 1645 2739 deo
1655 2710 1737 2740 alicui
1747 2710 1902 2742 offerretur.
1945 2714 2033 2743 Altera
2044 2713 2231 2750 Consultoria,
2254 2717 2333 2751 cujus
2352 2725 2416 2746 exta
2428 2719 2462 2747 ab

1339 2746 1464 2784 aruspice
1475 2746 1574 2785 inspici
1584 2747 1724 2784 solebant,
1747 2751 1773 2778 ἃ
1786 2749 1871 2779 desim
1882 2749 2010 2781 voluntas
2020 2752 2120 2781 exiliis
2132 2754 2279 2790 explorari.

1301 2783 1324 2814 C
1333 2794 1349 2812 o
1359 2793 1399 2813 us
1408 2795 1427 2813 u
1437 2795 1463 2820 L,
1474 2784 1538 2816 silis.
1552 2795 1588 2815 ni.
1612 2785 1770 2822 [ὕπατῶυ]
1790 2788 1881 2824 Maj0r
1891 2790 2062 2826 magistratus
2073 2798 2130 2819 erat
2140 2791 2234 2821 Romae
2256 2792 2347 2824 incinit
2359 2793 2460 2824 Festus.

1338 2822 1471 2852 Consules
1483 2833 1568 2860 quare
1580 2824 1749 2860 dicerentur,
1762 2826 1883 2855 ostendit
1893 2826 1976 2856 Varro
1985 2829 2021 2857 de
2033 2828 2092 2857 Vita
2103 2828 2167 2866 Pop.
2180 2830 2260 2859 Rom.
2270 2829 2319 2859 lib.
2331 2840 2356 2860 2.
2373 2832 2462 2868 Quod

1337 2860 1423 2890 iidem
1433 2861 1600 2891 dicebantur
1609 2862 1758 2898 Consules,
1780 2865 1806 2893 Sc
1819 2864 1964 2894 Praetores:
1986 2867 2061 2903 quod
2076 2867 2202 2903 praeirent
2214 2868 2321 2905 populo
2331 2891 2338 2902 ,
2360 2869 2461 2898 Praeto.

1335 2908 1396 2933 res;
1421 2899 1497 2936 quod
1518 2899 1694 2930 consulerent
1710 2901 1841 2936 Senatui,
1866 2903 2009 2934 Consules.
2033 2904 2099 2933 Haec
2110 2905 2227 2934 Nonius.
2259 2906 2372 2936 AtVarr.
2386 2909 2460 2944 4.de

1335 2936 1366 2965 L.
1379 2936 1406 2966 L.
1425 2947 1466 2973 14·
1491 2937 1614 2974 Consul,
1636 2939 1746 2976 inquit,
1767 2942 1947 2976 nominatus,
1969 2942 2044 2980 quod
2065 2942 2223 2972 consuleret
2236 2944 2461 2980 populum&sc-

1335 2980 1442 3004 natum.
1465 2975 1514 3003 nisi
1536 2976 1615 3006 illinc
1635 2977 1747 3015 potius,
1769 2979 1846 3008 unde
1860 2980 1961 3013 Accius
1972 2981 2010 3009 ait
2021 2981 2049 3008 in
2060 2980 2154 3011 Bruto.
2177 2983 2224 3015 qui
2238 2983 2312 3012 recte
2323 2984 2458 3019 consulat,

1335 3012 1440 3042 Consul
1462 3012 1517 3042 fiat.
1558 3014 1680 3051 Quintil.
1707 3015 1757 3045 lib.
1774 3026 1870 3054 r.cap.
1889 3027 1930 3046 io.
1954 3018 2076 3048 dubitari
2089 3018 2163 3055 posse
2176 3020 2261 3048 dicit.
2284 3030 2318 3049 an
2336 3022 2458 3051 aconsu.

1333 3050 1421 3080 lendo
1441 3051 1549 3081 dicatur
1566 3053 1685 3088 Consul,
1706 3063 1741 3083 ari
1758 3055 1946 3089 ajudicando.
1987 3056 2058 3086 Nam
2080 3058 2106 3086 «St
2125 3056 2179 3085 hoc
2192 3057 2336 3087 consulere
2351 3068 2460 3091 veteres

1333 3097 1515 3118 vocaverunt.
1557 3089 1639 3120 Unde
1659 3091 1751 3121 adbuc
1770 3100 1895 3123 remanet
1913 3093 1999 3129 illud,
2027 3093 2116 3132 Rogat
2130 3095 2196 3124 boni
2216 3096 2362 3131 consulas,
2391 3099 2407 3126 i.
2430 3110 2455 3129 e.

1332 3126 1442 3156 Bonum
1462 3128 1581 3163 judices.
1619 3129 1686 3158 Haec
1704 3130 1826 3166 Quintil.
1869 3131 1958 3168 Hujus
1976 3132 2213 3169 interpretationis
2231 3135 2360 3164 meminit
2372 3137 2457 3167 etiam

1332 3164 1391 3194 Liv.
1404 3174 1429 3201 3.
1444 3175 1468 3200 9.
1492 3165 1551 3195 Cic.
1563 3167 1592 3196 in
1607 3167 1752 3204 Pison.23.
1800 3169 1901 3198 Animo
1925 3169 2072 3199 Consulem
2096 3170 2150 3200 effe
2170 3179 2299 3209 oportet,
2320 3174 2455 3211 consilio,

1333 3202 1410 3246 fide,-
1426 3205 1574 3270 ἦνένίῑεῑε,
1601 3206 1765 3243 vigilantia,
1797 3216 1881 3242 aira,
1911 3213 1973 3236 toto
1994 3208 2116 3245 denique
2135 3218 2250 3239 munere
2271 3210 2456 3249 Consulatus,

1332 3250 1411 3270 omni
1422 3252 1438 3269 o
1471 3252 1522 3271 eio.

1331 3278 1659 3347 PssiniifuLeJreCconsules,
1680 3280 1710 3310 L.
1726 3281 1828 3317 Junius
1847 3281 1967 3318 Brutus,
1989 3283 2015 3313 ἃ
2037 3282 2068 3312 L.
2088 3283 2256 3321 Tarquinius
2278 3285 2453 3326 Collatinus,

1374 3326 1432 3345 nno
1476 3341 1481 3346 .
1518 3341 1526 3347 .
1543 3328 1608 3354 245.
2488 3359 2499 3362 „

1331 3354 1446 3385 Veteres
1460 3356 1589 3386 dixerunt
1600 3356 1683 3386 Cosul
1695 3367 1745 3394 pro
1759 3357 1884 3394 Consul,
1906 3358 2037 3395 utCojux
2054 3368 2106 3396 pro
2128 3360 2278 3398 Coniunx3
2302 3363 2378 3392 unde
2394 3363 2456 3394 bre.

1349 3393 1572 3428 vesistaeNotae,
1598 3404 1668 3424 cos.
1687 3398 1713 3424 ὁὶ
1732 3405 1825 3424 coss.

1331 3430 1432 3461 Pacete
1441 3431 1547 3467 junoni
1557 3432 1671 3470 Sospitae
1683 3432 1815 3462 Consules
1829 3443 1927 3464 omnes
1940 3434 2048 3464 necesse
2060 3442 2128 3467 erat.
2150 3436 2210 3467 Cic.
2220 3447 2275 3476 pro
2286 3438 2398 3470 Mureti.
2406 3450 2452 3476 90.

1349 3469 1473 3498 Subaudi
1485 3471 1572 3499 Sacra.
1608 3473 1625 3499 i.
1638 3480 1662 3498 e.
1686 3471 1854 3501 Sacrificare.

1329 3506 1434 3543 AEquus
1450 3508 1561 3537 Consul.
1585 3508 1633 3537 Sil.
1646 3508 1693 3537 lib.
1707 3517 1748 3544 13.
1764 3514 1828 3544 269.

1325 3544 1492 3582 Capillatus.
1511 3545 1611 3581 Juven.
1629 3557 1652 3581 5.
1669 3547 1722 3575 Sat.
1738 3557 1780 3581 ³0·

1328 3582 1504 3620 imperiosus.
1526 3583 1584 3613 Cic.
1597 3583 1655 3613 [³0st
1664 3585 1723 3615 red.
1740 3585 1769 3614 in
1779 3584 1871 3614 Senat.
1887 3593 1929 3615 ιι.

1328 3619 1430 3656 Major.
1470 3621 1501 3651 ln
1525 3632 1543 3649 M
1556 3631 1602 3650 AG
1613 3632 1633 3650 N
1644 3632 1692 3651 us.

1326 3657 1478 3696 Popularis.
1502 3659 1559 3688 Cic.
1574 3668 1599 3688 2.
1615 3660 1651 3688 de
1663 3660 1735 3696 Lege
1747 3658 1805 3696 Agr.
1823 3667 1848 3694 τ.

1326 3696 1592 3734 Acciperedeplebe
1604 3697 1765 3727 Consulem.
1807 3698 1836 3727 ln
1859 3707 2027 3729 Acctl’m.

1326 3735 1422 3772 Agere.
1464 3734 1493 3763 ln
1528 3743 1607 3763 AGo.

1325 3772 1471 3801 Declarare
1482 3771 1611 3809 aliquem.
1634 3772 1684 3801 Cic
1706 3782 1730 3800 2.
1747 3772 1783 3801 de
1793 3771 1865 3809 Lege
1876 3773 1936 3810 Agr.
1951 3783 1977 3808 4.

1319 3809 1523 3847 Defignatusin
1534 3811 1656 3839 civitate.
1680 3810 1736 3839 Cic.
1752 3819 1801 3847 pro
1817 3810 1928 3840 Muren.
1943 3821 1966 3840 i.
1980 3813 2005 3841 Sc
2017 3821 2043 3842 2.
2080 3811 2112 3843 V.
2130 3813 2160 3843 in
2180 3823 2314 3846 ussit-1:⁸³0.
2336 3817 2370 3847 H.
2387 3817 2425 3847 St.

1325 3848 1427 3877 Dicere
1441 3847 1589 3882 Consules,
1611 3848 1719 3877 Creare.
1742 3847 1799 3876 Liv.
1811 3852 1856 3877 26.
1869 3857 1914 3877 22.
1929 3848 1980 3879 bis.

1324 3885 1401 3915 Facti
1412 3885 1467 3914 fine
1477 3885 1594 3922 repulsa.
1617 3886 1675 3915 Cic.
1688 3895 1715 3914 2.
1735 3886 1771 3914 de
1783 3885 1854 3923 Lege
1866 3889 1925 3924 Agr.
1939 3896 1964 3924 3.

1323 3923 1472 3959 Imponere
1485 3923 1600 3960 populo.
1640 3924 1670 3953 Iri
1702 3934 1764 3952 ιΜΡ
1775 3929 1793 3952 ο·
1804 3934 1859 3953 No.

1322 3960 1495 3989 Renuntiare
1507 3961 1626 3997 aliquem
1677 3961 1727 3990 Cic
1751 3962 1918 3998 proMuren.
1935 3971 1957 3992 r.
1980 3962 2033 3993 Illo
2054 3964 2117 3997 die.
2139 3974 2194 3993 cuo
2208 3965 2346 4004 auspicato
2360 3968 2445 3996 corni-

1341 3998 1387 4028 ti'is
1402 3999 1564 4029 centuriatis
1581 3999 1610 4029 L.
1624 3999 1774 4030 Murenam
1786 4000 1935 4030 Consulem
1951 4003 2123 4038 renuntiavi,
2143 4004 2195 4032 dcc.

1816 4038 1841 4068 O
1851 4048 1867 4070 o
1878 4048 1895 4067 o
1906 4048 1923 4067 o
1945 4049 1958 4077 3
2333 4041 2444 4072 Relatio
