2604 4222
143 138 213 179 646
612 122 641 157 C
736 117 771 153 Ο
867 108 902 148 N

181 212 305 245 Movere.
327 209 447 248 Quintil.
461 208 509 238 lib.
523 214 548 243 3.
562 214 621 243 cap.
634 205 660 232 6.

181 251 242 284 Niti
253 252 281 279 iri
293 249 461 284 conjectura.
501 244 531 273 V.
554 252 572 272 N
582 253 591 270 i
600 251 619 270 τ
628 249 680 283 οικ.
901 266 907 273 .

184 289 328 326 Percipere
337 286 494 319 coniectura
504 281 602 317 aliqua.
623 279 678 306 Cic.
690 283 741 312 pro
751 271 822 308 Lege
830 265 928 299 Manil.
936 266 982 294 26.

184 326 305 356 Positain
316 324 481 358 conicetura.
504 319 562 360 Cic²
578 327 598 345 i.
615 315 690 344 Fam.
705 322 726 346 ς.
740 348 745 353 ι
896 342 901 348 ⁸
923 341 929 347 ι

184 363 309 394 Profiteri
320 361 489 391 somniorum
498 355 690 389 coniceturarn
715 348 771 377 Cic.
783 354 807 374 2.
822 343 857 372 de
868 341 961 372 Divm.
978 346 1040 373 129.

186 398 515 471 gigiidieeireeccdbnjlgc‘ctiilrrgs
536 387 909 458 cCice.lit.OAt[i):.⁰¹i¹ioP¹e¹titionis
919 413 1015 443 nostrae
1026 433 1033 446 ,
1056 416 1140 447 quam
1154 405 1208 436 tibi
1219 404 1291 434 sum-

207 485 259 505 mae
275 484 344 504 cura?
355 472 407 502 efl‘e
417 471 470 500 seio
484 491 492 504 ,
513 463 668 502 hujusmodi
682 461 750 491 ratio
758 458 795 487 est
808 479 816 493 ,
833 453 908 492 quod
922 452 1014 482 adhuc
1030 442 1291 484 conjecturaprovi-

209 514 266 542 deri
284 511 372 549 possit.
522 542 527 548 -
569 540 575 546 .
652 537 658 543 .
699 535 705 541 ⁶

189 551 318 587 Quaerere
329 546 484 582 conjeetura
494 539 605 576 aliquid.
628 537 685 566 Cre.
698 544 728 564 in
736 534 812 564 Orat.
831 532 893 560 126.

188 587 318 626 Reperire
328 584 492 619 conjectura.
516 579 598 608 Plaut.
610 575 686 605 Trin.
702 584 727 606 4.
744 581 768 600 2.
787 572 831 607 76.

269 623 351 659 Quod
362 622 395 650 ad
405 617 562 655 exemplum
579 614 616 643 est
628 635 636 649 ,
656 610 812 655 conjectura
822 603 968 649 si'reperire
981 599 1122 639 possumus
1129 594 1151 639 9.

189 661 330 693 Revocare
339 659 372 688 ad
381 657 567 692 conjcrfturam
578 651 668 687 aliqua
679 651 912 684 interpretatione.
935 640 993 669 Cic.
1006 648 1032 667 ι.
1045 637 1080 665 de
1088 634 1182 663 Divin.
1192 633 1238 661 66.

189 698 313 728 Scribere
326 697 360 726 ad
370 695 554 731 conjecturam
568 689 651 719 alieni
666 685 754 715 sensus
766 706 773 719 ,
794 680 902 724 nonfad
916 677 1053 719 judicium
1069 674 1157 702 tuum.
1180 669 1211 698 V.
1231 678 1251 697 A
1261 676 1290 697 D.

189 736 310 768 Trahere
321 734 477 768 conjectura
488 727 591 766 aliquid
603 735 637 756 ex
647 725 737 761 aliqua
754 731 791 751 re.
832 718 890 762 Cic.
902 727 927 747 2.
941 717 976 759 de
989 715 1078 743 Divm.
1094 718 1154 753 ηπ..
1176 707 1237 743 Jam
1257 713 1292 734 ex

206 772 362 802 insanorum
383 777 430 799 aut
440 768 580 798 ebriorum
595 764 655 794 vilis
670 756 884 790 innumerabilia
897 753 1057 790 conJectura
1077 747 1148 778 trahi
1163 743 1291 784 possunt,

208 820 266 848 quae
278 811 368 838 futura
379 808 534 837 videantur.
586 839 591 845 ⁸
616 839 622 845 Ι

188 848 300 883 conjeci
306 855 380 875 uram
389 845 525 874 Rlietores
534 842 690 877 accipiunt,
711 845 729 874 p

206 885 255 914 fia:
278 884 409 950 quoniam
424 878 589 917 conjecturis
603 875 681 906 causa
698 883 750 904 cori

270 932 283 950 a

187 924 402 996 Αἱὶέτῐςυεῐηηέηὶίε
413 977 421 991 ,
441 965 456 985 a
468 953 627 990 conjectura
635 973 644 987 ,
660 960 675 980 a
686 948 765 986 signis
773 944 852 976 causa
860 941 1020 973 traducitur.
1039 938 1096 968 Cic.
1109 944 1159 974 pro
1170 932 1289 963 Coel.66.

150 997 173 1027 C
181 1007 241 1031 oNJ
253 1007 265 1025 R
275 1006 292 1025 c
301 1005 320 1024 T
329 1006 346 1024 u
358 1005 373 1024 R
383 998 399 1024 Ᾰ
408 1005 424 1023 ι.
433 1004 442 1022 ι
451 1003 463 1023 s
476 1015 484 1029 ,
503 1001 527 1022 e.
550 985 689 1027 [mamis
701 988 716 1022 ]
735 984 819 1022 Quod
833 982 991 1018 conjectura
1000 975 1148 1013 colligitur.
1170 968 1290 1009 Quintil.

186 1035 468 1107 ΙιὶιτὲίὲὲξὲῗπῗέΞΝι-ῶεε
483 1088 491 1102 ,
510 1066 528 1095 i.
541 1075 566 1095 e.
588 1064 657 1100 Qiae
666 1061 721 1091 fine
729 1059 775 1089 suo
786 1058 854 1094 saepe
868 1060 983 1090 carent,
1003 1050 1080 1090 quod
1100 1049 1212 1079 incertae
1229 1044 1292 1075 sunt

206 1111 231 1139 δι
245 1109 299 1137 sine
310 1107 394 1137 stabili
411 1105 602 1135 fundamento.
624 1099 692 1143 Cels.
705 1097 805 1136 praefat.
818 1094 866 1124 lib.
880 1103 903 1122 1.

186 1147 278 1175 Causae
289 1143 494 1180 conjediurales.
514 1139 631 1176 Quintil.
645 1138 725 1170 lib.3.
738 1136 834 1178 „COp-⁶·
854 1169 860 1177 ,
899 1167 906 1174 .
1006 1164 1013 1171 .

186 1184 277 1213 Causae
285 1181 485 1219 conjecturales
499 1177 636 1207 versantur
648 1176 675 1204 in
687 1174 806 1210 judiciis.
828 1169 886 1198 Cle·
898 1175 929 1197 m
938 1165 1040 1204 Topic.
1054 1173 1098 1201 50.

187 1220 352 1250 Constitutio
363 1216 565 1254 conjet‘turalis.
587 1215 644 1243 Cic.
655 1223 680 1242 2.
694 1212 728 1241 de
737 1210 843 1240 invent.
858 1216 902 1241 14.

185 1259 279 1288 Genus
289 1267 372 1287 omne
382 1253 575 1291 conjesturale.
597 1252 653 1281 Cic.
665 1261 689 1279 2.
707 1249 740 1278 de
754 1246 846 1290 Di'vin.
859 1247 904 1274 26.
988 1278 994 1283 ¹
1103 1274 1109 1281 ⁸

186 1296 278 1325 Status
289 1293 489 1331 conjecturalis.
528 1290 604 1320 Aufr.
616 1289 650 1318 ad
663 1283 819 1317 Heremlib.
833 1292 858 1311 α.
875 1286 901 1316 8.
923 1274 1124 1314 ConJet‘turalis
1138 1273 1185 1308 est,
1205 1279 1292 1308 quum

203 1335 239 1362 de
249 1334 320 1362 tacto
333 1330 514 1362 controversia
523 1328 569 1358 est.
605 1325 724 1363 Quintil.
736 1332 760 1359 3.
769 1325 796 1351 6.
819 1319 941 1358 Quaestio
948 1312 1141 1352 coniecturalis
1151 1309 1198 1340 vel
1208 1310 1292 1340 finiti-

148 1371 534 1442 CongIiaetustssAtrTssit,
552 1401 619 1432 Adv.
640 1399 727 1430 Idem.
748 1396 844 1427 Sidon.
859 1399 885 1428 8.
897 1392 979 1431 Epist.
996 1399 1039 1420 11.
1061 1384 1292 1424 Conjeeturaliter

188 1446 299 1483 gestum.
806 1471 810 1477 Ι
1250 1460 1252 1463 ,

146 1482 172 1514 C
180 1494 196 1512 ο
207 1493 225 1511 Ν
238 1492 246 1513 i
257 1492 269 1510 ε
278 1492 296 1511 c
304 1484 347 1510 τῦ
356 1490 371 1509 κ
382 1490 398 1509 o
410 1501 417 1514 ,
437 1473 614 1515 [πλάζομαι]
633 1477 688 1504 are.
709 1472 770 1502 Seri.
793 1469 841 1499 lib.
854 1477 879 1504 7.
896 1467 960 1511 Nat.
974 1465 1074 1503 Quaest.
1087 1472 1132 1499 ²9·
1142 1467 1213 1491 extr.
1235 1460 1293 1504 No-

186 1521 226 1549 bis
235 1514 325 1549 rimari
338 1518 400 1553 illa,
421 1518 445 1547 Sc
457 1515 644 1550 conjecturare
658 1514 685 1541 in
695 1509 805 1540 occulto
817 1512 924 1537 tantum
937 1504 1003 1548 licet
1012 1525 1020 1538 ‚
1036 1511 1094 1547 'uec
1110 1509 1176 1544 cum
1189 1499 1292 1528 fiducia

184 1557 364 1590 inveniendi,
385 1564 437 1584 nec
447 1554 499 1583 line
509 1552 561 1590 spe.
602 1551 657 1581 Sed
667 1547 822 1579 Gronovius
836 1554 852 1575 e
864 1542 1058 1580 manuscriptis
1067 1539 1134 1576 legit
1145 1559 1153 1574 ‚
1174 1537 1208 1567 Et
1226 1545 1293 1565 con·

185 1596 290 1632 ficetura
300 1596 338 1624 ire
349 1594 377 1622 in
391 1591 498 1622 occulta
508 1596 614 1619 tantum
625 1588 699 1618 licet.
753 1619 760 1627 Ω
847 1615 853 1628 Ι
1019 1613 1025 1625 r
1216 1610 1221 1620 Ι

146 1632 195 1664 CO
207 1643 224 1661 N
235 1641 247 1668 J
258 1642 272 1661 Β
281 1643 298 1662 c
307 1641 350 1661 To
362 1652 370 1666 ,
401 1628 571 1666 [qugd-{uptun
599 1625 685 1663 ἁνιςίζω
696 1645 705 1660 ,
738 1619 889 1657 πωππαζω
900 1639 910 1655 ,
935 1626 1102 1653 τεκμεαξιμαι
1112 1633 1121 1647 ,
1142 1610 1292 1648 nupseram]

185 1674 240 1700 ᾗτε.
282 1669 345 1700 Ter.
359 1668 425 1698 Eun.
443 1676 502 1702 3.4.
516 1675 540 1702 5.
754 1698 759 1704 .
829 1696 835 1702 ι
888 1695 895 1702 ,
1087 1688 1094 1696 ,
1182 1688 1188 1693 ,

241 1707 332 1736 Homo
344 1706 400 1743 ipse
410 1704 540 1740 nuffiuam
556 1702 594 1732 est
603 1723 611 1736 ,
628 1707 716 1738 neque
725 1698 781 1728 scio
790 1695 857 1734 quid
866 1694 958 1729 dicam
969 1715 977 1729 ‚
991 1696 1038 1722 aut
1048 1688 1116 1728 quid
1124 1688 1292 1724 conJeeiem.

185 1743 282 1776 Utrum
294 1745 323 1774 sit
334 1745 362 1773 in
373 1753 400 1772 re
412 1765 420 1778 ‚
441 1742 585 1777 conjectat.
609 1737 726 1775 Quintil.
739 1736 791 1778 lib.
800 1744 825 1770 7.
840 1743 900 1771 cap.
914 1742 942 1767 4.

184 1783 352 1820 Arguinento
368 1780 471 1818 aliquid
489 1779 653 1814 conjectare.
693 1775 761 1804 Plin.
774 1773 822 1802 lib.
842 1780 866 1800 2.
883 1779 943 1808 cap.
952 1776 999 1804 4²·
1036 1763 1161 1796 Densitas
1178 1771 1272 1793 earum
1283 1782 1292 1798 ,

204 1819 356 1857 corpusque
367 1817 439 1847 haud
453 1816 538 1846 dubio
549 1815 718 1850 conjectatur
728 1814 897 1849 argumento.
1140 1840 1146 1846 ¹
1189 1838 1195 1844 Ι

186 1857 295 1888 Eventu
306 1856 409 1893 aliquid
420 1855 582 1891 conjectare.
624 1852 680 1880 Liv.
695 1861 716 1884 ς.
728 1859 772 1879 21.
793 1853 861 1877 extr.
883 1845 970 1889 quue
982 1851 1064 1886 omen
1077 1837 1236 1882 pertinuisse
1245 1847 1295 1875 po-

202 1896 370 1925 steaeventu
378 1903 434 1923 rem
443 1888 757 1927 conjeetantibus,visum
766 1886 801 1915 ad
810 1886 1018 1914 damnationem
1027 1879 1107 1918 ipsius
1115 1875 1290 1909 Camilli,&c.

186 1931 270 1961 Vultu
284 1931 462 1961 offensionem
473 1929 636 1965 conjectare.
658 1926 749 1956 Tacit.
762 1934 786 1954 i.
802 1925 873 1953 Ann.
888 1930 930 1950 12.

187 1970 342 2008 opiniones
352 1969 516 2005 conjectare.
540 1966 594 1995 Liv.
608 1974 653 2000 ²9·
1086 1992 1093 1998 ·
1257 1987 1264 1994 .

186 2007 237 2038 Pro
249 2006 392 2073 Conjicplre
402 2007 430 2035 in
448 2006 534 2043 prima
545 2001 759 2041 significatione:
780 2004 811 2029 ut
822 2021 830 2035 ,
850 1996 882 2029 Iri
896 2003 1036 2026 carcerem
1056 1991 1179 2030 aliquem
1200 1997 1296 2026 conje-

207 2046 287 2075 &are
309 2045 348 2074 Ge
373 2066 378 2073 .
410 2063 415 2069 ·
429 2053 471 2073 io.

152 2082 175 2112 C
184 2092 200 2111 o
210 2091 228 2111 N
238 2092 249 2117 J
259 2092 272 2111 iz
282 2091 299 2111 c
308 2091 353 2111 TA
364 2053 455 2110 ixii-1311
464 2101 473 2116 ,
496 2079 564 2109 Adv.
584 2077 658 2116 apud
675 2073 887 2107 Tertullianum.
1179 2103 1186 2109 .

154 2120 176 2150 C
187 2130 203 2148 o
214 2129 250 2154 NJ
262 2129 274 2148 r
283 2128 300 2149 c
309 2128 354 2148 TA
364 2128 383 2147 T
393 2128 409 2147 υ
420 2128 432 2147 s
444 2140 452 2153 ,
473 2127 488 2147 a
498 2139 507 2152 ,
527 2126 584 2146 um.
605 2114 686 2153 Apul.
703 2114 738 2144 de
757 2112 816 2142 Deo
832 2111 937 2140 Socrat.
951 2117 980 2147 p.
992 2109 1056 2141 668.
1076 2103 1212 2136 Potentiae
1228 2110 1295 2133 vero

192 2157 289 2186 animis
299 2157 459 2192 conjedatae
469 2176 477 2190 ,
497 2155 548 2184 ἃς.
805 2185 811 2192 .
864 2184 869 2191 Ι
1203 2178 1210 2184 ι

154 2194 202 2224 Co
214 2204 250 2229 NJ
262 2203 326 2223 sca*
336 2202 398 2222 ATi
409 2203 425 2221 o
435 2214 444 2228 ,
461 2192 530 2222 onis.
547 2191 565 2220 f.
587 2186 754 2226 [ςυχασμὶς]
772 2185 841 2230 Plin.
851 2183 899 2214 lib.
913 2191 1035 2225 10.·cap.
1047 2189 1092 2217 75.
1114 2179 1211 2210 Somni
1223 2185 1296 2215 quae-

192 2232 240 2261 ssio
250 2241 305 2260 nori
314 2230 455 2260 obscuram
469 2228 701 2265 conjectationem
711 2225 800 2254 habet.
826 2233 843 2252 i.
857 2232 880 2252 e.
899 2221 1102 2265 Conjeeturam.

155 2269 177 2298 C
187 2279 203 2297 o
212 2278 250 2303 NJ
260 2279 272 2297 s
281 2278 297 2298 c
307 2278 325 2297 T
334 2277 353 2297 A
363 2277 382 2296 T
390 2277 406 2296 o
416 2277 430 2296 a
440 2278 449 2296 1
460 2277 478 2296 u
487 2276 498 2296 s
509 2288 517 2301 ,
538 2276 569 2300 a,
590 2274 647 2294 um.
667 2270 713 2298 ut,
735 2261 938 2297 Coniectatoria
947 2262 1126 2297 argumenta..
1138 2252 1208 2284 Gell.
1217 2262 1260 2297 '14
1268 2261 1293 2288 3.

154 2306 177 2336 C
185 2316 201 2336 o
210 2316 227 2335 N
238 2316 249 2341 J
261 2316 274 2334 ri
283 2315 300 2335 c
309 2315 328 2334 τ
338 2315 355 2334 A
364 2315 383 2334 N
394 2313 407 2334 ετ.
418 2315 435 2333 Α
445 2327 452 2340 ,
470 2313 556 2333 orum.
575 2312 602 2332 n.
620 2302 658 2339 pl.
681 2298 905 2330 Ge11.P1aefat.&
915 2300 942 2326 6.
951 2304 977 2332 7.
998 2293 1111 2324 Alfenus
1119 2302 1148 2321 iri
1159 2291 1296 2328 conjecta-

191 2353 305 2373 neorum
318 2343 388 2372 libro
403 2342 540 2377 secundo,
559 2341 610 2370 διο.
1110 2362 1111 2365 ,
1164 2366 1170 2373 ,

153 2381 201 2411 Co
212 2390 228 2410 N
239 2390 250 2416 J
260 2390 297 2410 sc
307 2389 326 2408 T
336 2390 352 2409 A
366 2388 423 2408 aiu
434 2391 454 2409 Μ
465 2401 472 2415 ,
494 2380 511 2408 i.
532 2388 559 2407 n.
582 2374 710 2413 [elisam]
730 2373 832 2404 Efficax
840 2377 922 2408 atque
936 2369 1100 2413 perfeetum.
1140 2366 1198 2410 Cic.
1214 2374 1240 2401 4.
1259 2364 1296 2394 de

191 2418 276 2449 finib.
301 2418 370 2447 Illud
384 2427 448 2446 vero
463 2416 578 2446 minime
599 2413 797 2449 conjectarium
811 2432 819 2453 ,³
841 2409 887 2439 sed
897 2409 933 2453 ⁸in
954 2416 1050 2451 primis
1066 2405 1152 2434 hebes
1173 2402 1294 2432 illorum.

191 2457 297 2486 Nonius
314 2465 337 2484 2.
359 2465 418 2489 175.
440 2455 472 2484 Et
492 2452 633 2484 Ononiast.
663 2451 722 2479 Vet.
745 2449 952 2484 Conjec'tarium
965 2467 973 2480 ,
995 2455 1084 2487 ευςωςρν.
1125 2441 1216 2485 [Non
1234 2440 1297 2470 sub-

191 2494 352 2527 stantivum,
375 2492 418 2521 sed
433 2492 599 2527 adjectivum
616 2493 744 2518 neutrum
763 2487 809 2516 est.
849 2485 992 2515 Mercerus
1006 2482 1096 2512 edidit
1119 2480 1298 2517 ConJeetura-

193 2531 262 2561 rium
274 2530 348 2569 apud
359 2529 433 2559 Non.
1026 2556 1032 2563 ⁸
1163 2555 1168 2561 Ι
1197 2554 1203 2561 ·

155 2569 228 2599 CON
239 2579 246 2597 i
259 2580 274 2597 1.
284 2579 301 2597 A
313 2590 321 2604 ,
342 2577 371 2598 ae.
394 2567 412 2597 f.
434 2567 485 2597 five
507 2566 649 2596 CoNtLiz
659 2585 667 2599 ,
687 2571 725 2592 es.
747 2559 854 2597 [vilan]
874 2558 944 2589 Olus
956 2557 994 2587 est
1007 2561 1104 2587 cicutae
1112 2552 1295 2598 simillimum,

212 2607 290 2635 uoda
303 2605 460 2635 Dioscoride
476 2603 593 2642 Myrrhis
612 2600 774 2639 appellatur.
813 2597 922 2634 Legitur
942 2596 997 2625 hoc
1010 2603 1113 2623 nomen
1137 2602 1166 2621 in
1186 2591 1296 2635 quibiis-

193 2618 256 2672 dam
267 2643 430 2673 Dioscoridis
440 2640 643 2679 exemplaribus
655 2648 661 2667 τ
683 2645 836 2675 quanquam
845 2635 984 2664 doetiores
994 2632 1091 2661 malint
1100 2639 1246 2660 numerare
1256 2639 1298 2658 in-

193 2688 232 2710 ter
242 2691 272 2710 ea
286 2690 344 2716 quae
356 2680 476 2718 scriptori
493 2679 558 2708 huic
569 2676 698 2716 paulatim
709 2678 895 2704 accreverunt.
932 2670 1072 2701 Nicander
1085 2674 1159 2699 certe
1172 2669 1202 2697 in
1220 2666 1296 2698 The·

193 2720 271 2747 riacis
281 2717 408 2747 Conilam
423 2717 538 2746 eandem
551 2716 617 2744 facit
627 2723 691 2744 curn
704 2712 834 2749 origano.
875 2710 907 2740 V.
928 2718 946 2739 c
954 2719 972 2738 υ
981 2717 1001 2737 Ν
1011 2719 1020 2737 1
1029 2718 1044 2736 i.
1053 2717 1083 2737 A.

157 2757 423 2791 CONimisaieA,
450 2754 480 2783 V.
503 2760 721 2783 coNissarca.
1176 2778 1211 2786 ..

158 2794 205 2823 Cf)
216 2797 324 2827 ΝῑοΝ,
345 2792 361 2822 i.
384 2801 410 2821 n.
433 2788 567 2828 [adaman]
588 2789 683 2819 Graeco
694 2786 807 2817 nomine
826 2782 980 2824 appellatur
996 2781 1087 2812 Herba
1105 2778 1297 2824 perniciosissi-

193 2841 254 2864 ma,
276 2830 387 2868 publica
401 2827 602 2859 Atheniensium
620 2835 704 2864 poena
719 2824 880 2858 nobilitata,
900 2831 983 2859 quarn
994 2820 1082 2850 Latini
1102 2820 1228 2848 Cicutam
1250 2827 1298 2855 ap.

195 2868 305 2905 pellant.
328 2867 456 2898 Galenus.
473 2867 500 2896 8<
514 2864 604 2895 Diosc.
617 2874 644 2899 4.
660 2872 704 2900 77.
718 2864 743 2892 &
755 2865 780 2891 6.
795 2869 835 2891 11.
1015 2895 1023 2904 .
1268 2894 1275 2900 ι

159 2906 297 2935 CoNiSA
310 2900 806 2941 Los‚[wi0nz<a]velCoN1ss
818 2905 927 2932 ALUS,
948 2894 1146 2937 [wiona&]
1166 2893 1297 2923 Sudorin

195 2943 322 2982 palaestris
335 2942 360 2972 se
370 2941 559 2971 exercentium
570 2961 578 2974 ,
599 2938 744 2968 conferens
760 2937 787 2965 in
798 2935 928 2965 tenuibus
941 2930 1162 2977 simplicibusque
1173 2931 1299 2961 sordibus

196 2982 322 3011 mixtum,
344 2986 372 3009 ut
382 2986 504 3008 tumores
515 2983 610 3015 praeter
619 2982 742 3005 naturam
755 2983 802 3012 per
811 2972 928 3002 halitum
940 2971 1053 3008 digerat.
1091 2969 1132 2999 Ex
1143 2969 1251 2999 Galerio
1263 2969 1299 2999 de

195 3018 288 3055 Simpl,
302 3015 552 3047 Medicamfacult.
566 3014 613 3043 lib.
631 3023 672 3042 io.
891 3046 896 3052 ι
1191 3044 1197 3050 .

115 3066 118 3077 ·
161 3055 183 3085 C
193 3058 209 3085 ὅ
219 3065 237 3084 Ν
248 3066 254 3083 ι
265 3064 295 3084 ss
305 3065 320 3083 A
331 3065 345 3083 ι
355 3064 372 3083 υ
383 3063 395 3083 s
408 3074 416 3089 ,
437 3054 454 3082 i.
477 3063 513 3082 m.
534 3049 732 3088 [κοιίωκλῶψ]
753 3047 826 3077 Deus
835 3046 944 3075 habitus
960 3045 998 3074 est
1012 3044 1085 3082 apud
1098 3043 1278 3074 Athenienses
1289 3066 1298 3081 ,

199 3094 244 3127 qui
258 3092 333 3121 simili
343 3092 397 3121 sere
406 3091 456 3120 ritu
468 3090 608 3119 colebatur
634 3098 670 3118 uo
678 3086 753 3125 apud
766 3084 964 3122 Lampsacenos
975 3083 1092 3120 Priapus.
1104 3082 1298 3112 Aue'torStrab.

199 3130 243 3157 lib.
258 3139 296 3164 η.
312 3139 372 3167 pag.
389 3134 447 3164 588.
471 3127 585 3158 Casaub.
611 3099 641 3156 V.
663 3123 728 3155 Cael.
742 3120 834 3154 Rhod.
849 3121 898 3151 lib.
909 3131 935 3158 7.
949 3129 1010 3158 cap.
1021 3123 1065 3150 26.

163 3166 395 3200 CONiSCARR,
424 3166 454 3195 V.
476 3174 607 3194 conus.
1251 3177 1254 3183 ·

164 3203 186 3232 C
196 3206 275 3232 (mis
285 3215 292 3232 i
301 3214 317 3233 υ
327 3214 362 3236 Μ,
382 3206 400 3233 i.
416 3213 442 3232 ri.
465 3202 607 3238 [xviimi]
627 3198 804 3230 Teuthrania:
815 3195 951 3235 oppidum
964 3216 974 3232 ,
993 3203 1051 3224 non
1064 3193 1162 3233 procul
1182 3203 1199 3223 a
1212 3193 1299 3225 Cai'co

202 3242 284 3270 fluvio
296 3262 304 3275 ,
324 3241 535 3278 cujusmeminit
551 3239 618 3268 Plin.
629 3238 676 3267 lib.
691 3248 714 3272 ς.
730 3245 790 3273 cap.
808 3244 850 3270 30.
904 3270 909 3276 ·

166 3277 188 3306 C
198 3280 238 3306 ὅΝ
252 3287 304 3307 ,ετ
315 3280 351 3307 ῖς
363 3289 378 3306 υ
388 3287 416 3313 g,
436 3287 450 3307 a
461 3300 468 3313 ‚
489 3286 545 3306 um,
567 3272 721 3313 [wimiis]
741 3280 788 3308 ut,
809 3270 951 3301 Conisticae
961 3278 1034 3304 aves,
1054 3279 1112 3306 quae
1127 3279 1141 3298 a
1157 3268 1301 3299 nonnullis

204 3315 394 3344 Pulveratrices
405 3315 577 3352 appellantur
588 3335 596 3349 ,
616 3319 732 3347 utroque
748 3310 861 3340 nornine
873 3309 907 3337 ab
918 3316 1013 3337 earum
1034 3305 1233 3336 consuetudine
1254 3307 1301 3336 de-

203 3352 300 3385 ducto„
324 3353 397 3388 quod
410 3352 435 3381 se
449 3352 551 3389 pulveri
563 3350 667 3380 soleant
678 3350 849 3385 immergere.
888 3345 953 3375 Cael.
966 3344 1056 3374 Rhod.
1068 3343 1115 3373 lib.
1133 3349 1173 3378 18.
1184 3353 1243 3381 cap.
1255 3355 1300 3380 40.

203 3398 235 3418 ex
254 3389 345 3419 Athen.
363 3389 399 3418 lib
421 3399 444 3424 φ.
459 3391 484 3420 8ι
498 3389 570 3419 Arist.
583 3387 648 3417 Hist.
666 3388 713 3416 An.
730 3395 756 3423 7.

168 3424 279 3454 GoNis
295 3428 351 3455 rEiz
363 3434 424 3455 iiiia
437 3448 444 3461 ,
465 3428 482 3456 i.
503 3436 530 3455 n.
551 3423 728 3462 [nsueti'wv]
748 3423 836 3452 Locus
855 3421 883 3450 in
898 3417 1036 3458 palaestra,
1058 3417 1103 3447 ubi
1116 3417 1230 3455 pulvere
1242 3418 1301 3456 post

207 3463 360 3492 unctionem
372 3464 485 3493 Athletae
494 3462 720 3500 adspergebantur
733 3482 742 3496 ,
762 3466 792 3490 ut
801 3457 993 3497 prehensiones
1003 3455 1088 3485 essent
1099 3453 1241 3486 firmiores.
1261 3456 1303 3485 Vi-

205 3506 273 3528 fluv·
289 3509 310 3533 5-
325 3510 363 3530 11.
389 3501 417 3530 V.
439 3502 520 3530 etiam
535 3498 689 3529 Mercurial.
704 3499 738 3527 de
754 3501 815 3527 Arte
831 3496 962 3533 gymnasi.
977 3503 999 3522 1.
1016 3499 1041 3528 3.

169 3534 192 3564 C
202 3546 218 3564 o
228 3546 249 3579 N.
257 3547 263 3563 i
272 3546 283 3564 s
293 3547 310 3564 τ
320 3547 336 3566 o
347 3548 359 3565 P.
368 3547 381 3580 *s
391 3547 418 3580 ¹.⁵
430 3560 437 3571 ,
459 3537 631 3574 [animem]
654 3535 722 3566 Urbs
733 3535 870 3573 Hispaniae
882 3532 1027 3567 citerioris,
1048 3530 1174 3560 intractu
1184 3529 1301 3568 Celtico,

170 3609 193 3639 C
204 3581 418 3645 gubitis‘rnbegiinit
427 3574 721 3642 Srimgeiibsiibaminis
748 3609 802 3639 uod
813 3608 898 3638 farina
908 3604 1049 3643 conspersa
1062 3605 1209 3636 faciebant.
1230 3605 1304 3635 Afra-

208 3655 268 3675 nius
281 3656 328 3683 pro
339 3647 442 3677 Ornatu
454 3650 478 3678 &
488 3648 597 3678 excultu
611 3648 707 3685 posuit.
744 3648 795 3676 est.
817 3646 865 3675 ubi
886 3645 916 3673 V.
939 3651 998 3673 not.

171 3683 217 3712 Co
228 3692 264 3717 NJ
274 3693 289 3712 u
301 3693 341 3712 cu
355 3694 372 3711 Ν
385 3695 425 3713 oo
435 3695 449 3712 ι
461 3707 468 3718 ,
489 3688 535 3716 ari.
560 3686 635 3723 Vulg.
655 3685 767 3722 interpr.
780 3685 862 3713 Sirac.
879 3691 921 3718 37.
933 3692 960 3717 4.

170 3720 640 3786 CQNJURZthNJuGALis,
660 3722 980 3757 CONJUGAL1TBR‚
1000 3717 1233 3752 Conuoium
1249 3718 1301 3746 Sec.

235 3779 240 3785 .
283 3766 299 3784 o
353 3767 359 3785 i
391 3781 396 3786 .
430 3770 435 3776 ·
457 3781 462 3788 .

171 3767 320 3836 COWNJPUG
332 3803 365 3837 ⁰2
388 3769 528 3838 [σῑὲἢέὶῳ]
546 3799 600 3825 ΐιτα.
622 3796 692 3832 quasi
703 3791 1065 3831 Adunumjuguma'lligare.
1082 3791 1140 3821 Cic.
1158 3800 1180 3820 r.
1194 3790 1301 3834 oss-58.

210 3831 304 3866 astque
315 3835 542 3866 eaJucuniliilirna
552 3834 669 3862 amicitia
680 3855 687 3867 ,
709 3842 789 3870 quam
805 3831 952 3861 similitudo
966 3839 1072 3859 morum
1086 3829 1253 3865 conjugavit.

175 3868 220 3898 co
229 3879 244 3911 Ν
254 3878 264 3902 J
275 3878 290 3896 υ
301 3877 318 3896 G
330 3872 352 3911 ii.
361 3878 373 3895 i·
384 3879 399 3896 c
411 3879 422 3897 s
433 3890 440 3902 ,
462 3877 476 3897 a
488 3891 495 3902 ,
518 3879 570 3897 um.
594 3871 744 3905 Coniugata
756 3870 827 3907 apud
845 3869 980 3898 Rhetores
992 3889 1001 3902 ,
1022 3874 1051 3896 ut
1067 3867 1195 3895 Ciceroni
1207 3867 1235 3894 in
1246 3865 1304 3895 To-

206 3915 263 3943 pic.
275 3915 316 3935 ia.
327 3906 454 3936 dicuntur
464 3927 471 3941 ,
493 3906 561 3942 Quae
571 3906 633 3935 sunt
640 3916 674 3935 ex
685 3907 772 3936 verbis
781 3907 888 3943 generis
895 3905 1026 3941 ejusdem.
1066 3903 1197 3939 Ejusdem
1210 3911 1305 3934 autem

732 845 760 864 ro
775 833 815 863 Eo
830 832 898 862 statu
916 837 1001 866 quum
1013 823 1077 854 faeti
1088 823 1125 852 est
1133 825 1292 861 controver-

753 871 890 901 firmatur:
914 869 939 898 δι
958 863 1185 896 constitutionem
1198 865 1292 892 conie-

1812 89 1841 125 C
1937 91 1972 126 O
2069 91 2106 126 N

1380 175 1487 214 generis
1497 172 1581 204 verba
1590 171 1652 201 sunt
1663 192 1681 214 ,⁸
1691 180 1752 209 quae
1764 169 1824 202 orta
1838 172 1872 202 ab
1882 182 1939 202 uno
1955 173 2029 202 varie
2042 177 2267 202 commutantur:
2300 177 2331 202 ut
2359 171 2476 210 Sapiens
2486 178 2506 210 ,'

1379 215 1539 251 Sapienter,
1560 211 1709 253 Sapientia.
1752 209 1817 240 Haec
1836 210 1981 240 verborum
1996 211 2157 248 conjugatio
2169 234 2175 243 .
2198 207 2303 246 συζυγίαι
2322 210 2422 240 dicitur
2434 232 2442 245 ‚
2462 219 2499 241 ex

1381 261 1434 317 qu?
1444 247 1635 287 hujuscemodi
1644 247 1682 276 est
1694 254 1888 284 argumentum
1899 270 1907 284 ,
1928 249 1955 277 Si
1965 248 2148 286 compascuus
2159 258 2224 285 ager
2233 248 2271 278 est
2280 269 2288 284 ‚
2309 248 2354 284 jus
2372 249 2411 278 est
2423 256 2499 278 com·

1403 299 1416 317 a
1429 298 1500 317 cere.

1381 300 1571 362 IConiugatus,
1592 322 1678 352 Uxori
1691 322 1812 358 iunctus.
1835 322 1972 358 Augustin.
1985 321 2104 352 Confeff.
2117 325 2141 353 6.
2158 331 2199 356 η.
2212 332 2253 360 pr.

1346 364 1440 397 CONJ
1451 373 1467 391 υ
1478 373 1496 391 G
1507 371 1617 403 arrio,¹
1634 360 1708 403 onis.
1729 359 1747 389 f.
1771 360 1921 396 briganam,
1941 360 2068 396 augustea]
2097 360 2155 390 Cic.
2170 359 2206 389 de
2217 360 2325 389 Sene&
2342 367 2384 395 52.
2415 358 2501 395 Cujus

1383 400 1497 438 quidem
1509 408 1566 427 non
1580 397 1683 427 utilitas
1696 406 1740 425 me
1751 396 1838 427 solum
1849 419 1856 432 ,
1879 403 1909 426 ut
1919 405 1983 427 ante
1995 398 2054 427 dixi
2064 420 2072 432 ,
2093 397 2140 427 sed
2153 397 2235 427 etiam
2248 397 2356 428 cultura
2366 398 2391 427 8<
2403 402 2502 428 natura

1382 438 1440 476 ipsa
1459 437 1581 480 delcetat
1593 434 1828 479 adminiculorum
1848 435 1977 471 ordines,
2005 436 2130 474 capitum
2149 435 2309 473 conjugatio
2317 456 2326 471 ‚
2353 433 2480 472 religatio
2488 455 2500 472 ‚

1408 482 1546 512 ropagatio
1558 481 1664 502 vitium.

1385 487 1551 549 (plonjugatio
1582 507 1730 546 [συζυνῖοι]
1760 509 1836 548 apud
1854 509 2055 539 Grammaticos
2064 532 2073 546 ,
2094 510 2132 539 est
2152 509 2330 547 Consequens
2353 508 2502 541 verborum

1403 550 1564 581 declinatio.
1605 547 1771 584 Coniugatio
1787 554 1879 577 autern
1891 545 2051 577 nominatur
2060 569 2068 582 ,
2088 546 2132 577 vel
2143 555 2255 586 propter
2264 547 2426 584 conjugatas
2435 556 2503 576 com

1403 589 1531 618 sonantes
1543 608 1551 622 ‚
1572 586 1626 615 hoc
1635 585 1672 614 est
1681 591 1827 622 cognatas,
1848 595 1883 615 ex
1895 584 1994 620 quibus
2005 585 2146 623 pleraeque
2155 586 2229 622 apud
2242 585 2351 614 Graecos
2370 585 2503 621 conjuga-

1403 628 1494 656 tiones
1505 623 1626 662 regulam
1636 622 1766 652 sumunt:
1787 623 1831 652 vel
1849 623 1924 660 quod
1937 632 1993 652 una
2009 622 2164 659 eademque
2177 623 2286 652 ratione
2305 622 2503 653 declinationis

1403 664 1521 702 plurima
1530 662 1714 697 conjugantur
1723 660 1896 698 verba,qu0d
1906 660 1940 690 ad
1951 660 2112 690 Latinorum
2123 660 2344 690 nominationem
2353 660 2442 698 aptius
2451 659 2500 690 est.
2556 657 2560 661 ⁴

1384 701 1552 739 Conjugatio
1564 721 1572 735 ,
1594 699 1702 728 Coitus.
1732 698 1818 728 Solin.
1833 708 1896 736 cap.
1910 707 1954 735 39.
1976 698 2012 728 de
2024 698 2089 728 ursis
2100 698 2270 728 coeuntibus
2282 707 2289 728 :
2313 697 2395 728 Velut
2406 698 2503 728 huma-

1404 741 1447 769 nis
1457 736 1699 775 conjugationibus
1710 736 1885 773 copulantur.

1383 777 1434 807 Pro
1444 778 1539 814 quavis
1553 774 1761 810 Coniunt‘tione
1771 776 1795 804 ἀ
1809 773 1992 812 copulatione
2000 771 2093 811 posuit
2104 772 2184 811 Apul.
2196 772 2244 803 lib.
2260 781 2284 809 ς.
2296 771 2401 803 Florid.

1347 817 1368 846 C
1378 826 1394 845 e
1405 825 1423 844 N
1433 825 1443 850 J
1455 817 1471 844 ῠ
1481 824 1499 843 c,
1508 818 1524 843 ἲ.
1534 823 1578 842 To
1590 823 1605 841 a
1616 835 1623 847 ,
1646 812 1709 841 oris.
1732 821 1769 841 m.
1792 808 1974 849 [συξώιιτῆς]
1993 818 2040 848 ut,
2061 811 2133 841 Boni
2146 812 2249 842 amoris
2259 810 2440 849 coniugator:
2464 808 2502 841 de
2559 802 2561 805 ¹
2584 801 2587 809 ⁴

1385 854 1511 891 Hymene
1522 851 1630 880 dietum
1645 859 1660 879 a
1675 849 1774 879 Catull.
1786 860 1829 886 59.
1840 860 1885 886 45.
2417 866 2418 869 =

1346 892 1525 925 CONJucA
1537 911 1546 925 ‚
1565 899 1596 918 aa.
1618 888 1638 917 f.
1660 887 1780 924 Conjux.
1802 888 1882 926 Apul.
1895 890 1921 916 6.
1937 886 2007 916 Met.
2017 896 2044 924 p.
2061 895 2123 922 ¹7⁴·
2143 885 2242 924 Magni
2251 885 2329 922 Jovis
2338 886 2502 924 germana&

1383 929 1511 965 conjuga.
1544 926 1618 956 conf.
1634 925 1682 955 lib.
1692 936 1718 961 9.
1741 935 1803 964 pag.
1814 935 1878 963 2²3·
1911 924 2041 955 Elmenh.
2063 925 2111 962 qui
2130 930 2225 954 tamen
2245 924 2404 962 Conjugem
2413 944 2423 960 ,
2442 931 2503 955 non

1383 966 1538 1002 Coniugam
1549 963 1673 994 exhibet.
2288 980 2294 990 .
2485 970 2496 986 κ

1344 1004 1391 1035 Co
1402 1014 1419 1033 Ν
1428 1014 1439 1039 J
1448 1006 1465 1033 ῠ
1477 1013 1494 1032 c
1504 1013 1541 1032 us
1552 1024 1560 1037 ,
1581 1012 1596 1031 a
1609 1024 1617 1036 ,
1638 1011 1694 1030 um.
1717 1000 1769 1037 Adj
1802 998 1970 1038 [σύζυγῶυ]
1990 1000 2076 1037 Quod
2088 1000 2269 1038 conjugatum
2278 1000 2326 1030 est.
2365 998 2435 1029 Plin.
2449 997 2504 1030 lib.·

1382 1048 1408 1076 8.
1421 1052 1481 1079 cap.
1497 1050 1542 1074 υ.
1563 1040 1598 1069 de
1607 1038 1747 1077 aspidibus
1755 1060 1763 1075 ,
1785 1038 1910 1076 Conjuga
1920 1039 2008 1068 ferme
2017 1045 2150 1076 vagantur
2161 1060 2169 1073 ,
2190 1048 2244 1068 nec
2252 1038 2301 1067 nili
2312 1047 2377 1068 cum
2387 1046 2503 1075 compa-

1382 1089 1411 1110 re
1427 1081 1483 1108 vita
1492 1078 1540 1108 est.
1581 1077 1599 1107 i.
1614 1087 1639 1106 e.
1662 1076 1816 1114 conjugata
1830 1078 1857 1107 &
1872 1077 1968 1113 juncta
1982 1077 2055 1114 quasi
2068 1076 2258 1107 matrimonio.
2289 1075 2347 1106 Sed
2363 1075 2501 1106 Harduin.

1383 1127 1418 1147 ex
1429 1117 1507 1147 MSS.
1521 1116 1587 1153 Reg⁴
1605 1115 1674 1151 legit
1683 1114 1829 1152 Conjugia.

1344 1153 1391 1186 Co
1403 1165 1422 1185 Ν
1431 1166 1443 1191 J
1453 1165 1471 1185 u
1480 1165 1499 1199 o
1508 1156 1525 1183 ῠ
1535 1164 1577 1198 uu
1586 1163 1598 1183 s
1610 1174 1618 1189 ‚
1631 1163 1646 1182 a
1656 1175 1663 1187 ,
1680 1162 1736 1182 um.
1757 1153 1818 1196 Adj.
1841 1159 1873 1182 ut
1881 1174 1890 1188 ,
1900 1151 2069 1196 ‘Conjugula
2077 1157 2192 1190 myrtus,
2204 1151 2279 1196 apud
2290 1150 2427 1196 Catonem
2438 1160 2502 1189 cap.

1382 1191 1821 1267 Ji1³32}ss{¹?1}‚}¹.2·01¹‚53<53{3}312¹.¹23⁵
1831 1189 2505 1266 aaa&{tiitggiiaeffifl‘gtisz‘ssffl'gtssss:

1344 1267 1368 1299 C
1377 1279 1393 1298 o
1404 1279 1422 1299 N
1431 1279 1443 1304 J
1453 1279 1470 1297 u
1479 1278 1497 1297 c
1506 1279 1515 1297 1
1527 1278 1546 1297 u
1555 1278 1575 1296 Μ
1586 1288 1596 1303 ,
1617 1268 1635 1296 i.
1660 1276 1688 1296 n.
1709 1266 1859 1303 [συζυνκ]
1881 1266 2102 1297 Matrimonium.
2145 1266 2203 1296 Cic.
2217 1277 2247 1300 4·
2257 1265 2294 1294 de
2310 1264 2370 1294 Fin.
2384 1274 2426 1301 17.
2448 1263 2505 1293 Pri-

1383 1309 1478 1344 mique
1488 1316 1522 1336 ex
1531 1304 1662 1334 omnibus
1676 1303 1848 1343 philosophis
1861 1314 1876 1334 a
1892 1310 1989 1334 natura
2003 1304 2137 1334 tributum
2157 1303 2211 1334 effe
2227 1303 2403 1338 docuerunt,
2423 1308 2456 1331 ut
2473 1301 2505 1332 hi

1382 1346 1429 1382 qui
1443 1344 1578 1382 procreati
1588 1342 1675 1372 effent
1689 1364 1697 1378 ‚
1718 1352 1733 1372 a
1741 1341 1965 1381 procreatoribus
1974 1347 2132 1372 amarentur
2143 1363 2151 1378 ,
2173 1343 2199 1372 δι
2216 1342 2245 1371 id
2257 1341 2333 1379 quod
2343 1347 2503 1377 temporum

1382 1383 1483 1412 ordine
1492 1381 1632 1418 antiquius
1642 1402 1651 1416 ,
1673 1387 1704 1410 ut
1715 1380 1845 1419 conjugia
1858 1380 1979 1409 virorum
1988 1381 2014 1410 &
2024 1389 2144 1410 uxorum
2156 1390 2172 1409 a
2182 1385 2281 1410 natura
2287 1378 2439 1416 coniunsta
2446 1376 2503 1409 effe

1382 1422 1509 1450 dicerent
1522 1441 1529 1454 ,
1551 1429 1603 1456 qua
1614 1428 1648 1448 ex
1659 1419 1742 1457 stirpe
1753 1419 1892 1448 orirentur
1903 1417 2032 1448 amicitiae
2040 1418 2251 1456 cognationum.

1383 1458 1441 1488 Dos
1452 1458 1585 1495 conjugii.
1608 1456 1692 1486 Ovid.
1711 1466 1752 1492 1⁴-
1771 1456 1840 1486 Met.
1852 1462 1915 1492 298.

1381 1496 1463 1528 Fides
1475 1496 1575 1526 saerata
1586 1494 1722 1532 conjugii.
1742 1494 1806 1524 Sen.
1818 1495 1946 1533 Agant-v.
1961 1502 2008 1532 79.

1474 1534 1509 1564 Et
1519 1533 1643 1570 conjugii
1653 1532 1752 1563 sacrata
1761 1531 1831 1564 fides

1478 1571 1597 1609 Fugiunt
1608 1570 1692 1600 aulas.

1382 1609 1504 1648 Sponsor
1515 1611 1540 1640 &
1550 1608 1636 1638 obses.
1660 1608 1744 1638 Ovid.
1758 1617 1783 1638 2.
1798 1608 1882 1647 Epist.
1899 1617 1944 1644 34.

1382 1649 1518 1686 Tempus.
1550 1647 1565 1676 i.
1576 1657 1601 1677 e.
1624 1646 1689 1676 Dies
1701 1646 1869 1685 nuptiarum.
1892 1644 1977 1676 Ovid.
1991 1653 2038 1675 21.
2051 1643 2137 1684 Epist.
2149 1653 2197 1683 45.

1382 1686 1462 1717 Felix
1474 1686 1615 1723 conjugio.
1638 1684 1724 1715 Ovid.
1738 1696 1763 1721 4.
1776 1685 1812 1715 de
1822 1685 1901 1715 Pont.
1916 1693 1959 1715 ιι.
1975 1692 2020 1714 22.

1382 1724 1482 1754 Rudis.
1504 1723 1589 1753 Ovid.
1603 1733 1630 1759 4.
1645 1722 1713 1752 Fast.
1728 1726 1788 1759 336.

1383 1762 1552 1800 eonjugium
1561 1761 1633 1790 filiae.
1674 1759 1733 1791 Cic.
1743 1764 1769 1791 6.
1787 1761 1842 1791 att.
1853 1765 1880 1795 3.
1902 1759 2021 1791 Laetatus
2034 1758 2096 1791 sum
2117 1758 2203 1792 etiam
2225 1756 2354 1791 sermone
2370 1755 2446 1790 Piliae
2464 1756 2502 1788 de

1402 1800 1535 1838 conjugio
1548 1798 1649 1828 Tulliae
1664 1808 1742 1829 meae.

1383 1838 1534 1875 Antiquum
1545 1837 1717 1874 conjugium.
1740 1836 1812 1874 Virg.
1821 1845 1849 1873 4.
1863 1835 1927 1869 IEn.
1937 1844 2004 1874 431.

1384 1876 1459 1906 Dira.
1484 1875 1571 1905 Valer.
1583 1884 1609 1904 2.
1626 1876 1727 1912 Argon.
1743 1883 1805 1911 ¹72·

1384 1913 1575 1944 Fortunatum.
1597 1912 1680 1942 Ovid.
1695 1921 1721 1943 2.
1734 1912 1804 1943 Met.
1816 1916 1882 1950 δοῖ.

1384 1951 1519 1981 Liberale.
1561 1950 1593 1980 V.
1616 1961 1632 1979 1.
1641 1961 1650 1979 r
1660 1960 1731 1981 issa.

1384 1989 1521 2020 Maritale.
1562 1988 1595 2018 In
1615 1998 1637 2017 M
1647 1998 1667 2017 A
1677 1998 1711 2018 ar
1722 1997 1742 2017 τ
1750 1998 1769 2018 u
1778 1997 1800 2018 s.

1384 2027 1525 2057 Solennia.
1546 2026 1637 2056 Tacit.
1652 2036 1693 2062 ις.
1712 2027 1781 2056 Ann.
1797 2033 1842 2063 37.

1385 2065 1552 2103 Superbum.
1574 2064 1646 2102 Virg.
1663 2073 1686 2100 3.
1702 2064 1763 2095 AEn.
1775 2073 1841 2099 475.

1385 2104 1549 2141 Abruptum.
1589 2101 1621 2131 Iri
1643 2113 1660 2131 A
1668 2112 1683 2130 Β
1692 2113 1708 2131 R
1718 2112 1735 2131 u
1745 2112 1766 2131 Μ
1775 2111 1790 2130 i‘
1799 2111 1825 2131 ο.

1386 2142 1491 2178 adepta
1502 2140 1666 2177 eonjugium
1675 2140 1791 2178 regium.
1831 2137 1863 2168 In
1882 2148 1932 2168 An
1940 2149 1950 2168 r
1958 2148 1991 2169 1³1
2000 2147 2013 2169 s
2023 2148 2042 2168 c
2050 2147 2104 2170 ox.

1385 2178 1446 2209 Des
1462 2179 1567 2208 ondere
1576 2178 1623 2206 sibi
1636 2179 1767 2216 coniugia
1775 2176 1896 2208 alterius.
1916 2177 1981 2208 Seri.
1995 2177 2098 2208 Troad.
2111 2184 2137 2208 1.

1386 2216 1421 2246 Di
1447 2226 1514 2246 erre.
1536 2215 1657 2252 Propert.
1674 2216 1722 2245 lib.
1737 2225 1764 2246 2.
1777 2225 1803 2251 9.
1815 2225 1839 2249 ς.

1384 2254 1519 2284 Fraudata
1528 2254 1659 2291 conjugio
1669 2253 1776 2291 sponsa.
1797 2251 1882 2283 Ovid.
1893 2256 1920 2283 6.
1933 2252 2017 2292 Epist.
2030 2255 2094 2290 163.

1384 2291 1457 2322 Frui.
1482 2291 1568 2322 Ovid.
1583 2302 1606 2326 ς.
1620 2291 1686 2321 fast.
1702 2297 1765 2327 528·

1384 2329 1488 2360 Petere.
1511 2329 1595 2359 Ovid.
1610 2339 1652 2359 10.
1670 2330 1741 2359 Met.
1754 2338 1820 2365 413.

1383 2367 1468 2398 Potiti
1479 2367 1590 2396 alterius
1601 2389 1609 2402 ,
1632 2367 1747 2397 Alterius
1759 2375 1876 2397 uxorem
1885 2366 1997 2397 ducere.
2018 2362 2092 2404 Virg.
2104 2373 2131 2402 3.
2145 2363 2208 2396 AEn.
2222 2364 2288 2403 296.

1464 2405 1604 2442 conjugio
1615 2404 1734 2435 AEacidae
1745 2405 1838 2443 Pyrrhi
1846 2427 1855 2442 ‚
1876 2404 2043 2443 sceptrisque
2051 2404 2186 2443 potitum.

1387 2439 1515 2474 Prodere.
1540 2443 1611 2480 Virg.
1620 2454 1647 2479 4.
1660 2443 1722 2474 I-En.
1733 2451 1796 2480 431.

1463 2481 1542 2525 ‚Non
1553 2481 1608 2524 jain
1620 2481 1782 2520 conjugium
1789 2480 1934 2518 antiquum
1944 2501 1954 2517 ,
1975 2479 2052 2518 quod
2060 2478 2207 2518 prodidit,
2223 2487 2284 2510 oro.

1386 2518 1667 2586 Pssgiiiitstegingiiisd.
1679 2566 1723 2586 20.
1736 2556 1819 2595 Epist.
1834 2565 1896 2593 139.

1387 2594 1526 2625 Solutum.
1550 2594 1650 2630 Juven.
1663 2605 1688 2631 9.
1700 2595 1755 2625 Sat.
1769 2600 1815 2629 80·

1693 2648 1731 2654 ·-—
1740 2631 1796 2668 jam
1812 2641 1892 2669 paene
1907 2630 2028 2669 solutum

1468 2668 1678 2712 Coniugiumnin
1694 2670 1788 2700 multis
1800 2669 1929 2699 domibus
1941 2668 2056 2699 servavit
2066 2667 2186 2699 adulter.

1387 2703 1503 2738 Timere
1518 2707 1566 2736 suo
1582 2708 1724 2744 conjugio.
1745 2708 1809 2738 Sen.
1824 2704 1941 2745 Hippol.
1956 2716 1981 2744 3.

1388 2744 1577 2782 eonjugium,
1599 2755 1649 2782 pro
1661 2745 1826 2775 Concordia.
1850 2746 1934 2776 Ovid.
1950 2754 1991 2774 11.
2006 2743 2076 2774 Met.
2088 2752 2153 2781 297.

1483 2782 1563 2812 Culta
1576 2783 1644 2812 mihi
1656 2793 1711 2821 pax
1720 2784 1758 2813 est
1769 2805 1777 2818 ,
1798 2784 1874 2821 pacis
1889 2782 1956 2812 mihi
1968 2791 2032 2812 cura
2041 2782 2155 2811 tuendae
2181 2802 2184 2803 γ

1482 2820 1667 2858 Conjugiique
1678 2821 1730 2850 suit
1739 2843 1747 2856 ,
1767 2822 1842 2851 fratri
1849 2821 1906 2852 fera
1917 2820 1990 2850 bella
1999 2819 2156 2858 placebant.

1411 2857 1604 2893 Matrimonii,
1627 2858 1778 2888 Connubii.
2332 2879 2338 2882 -

1389 2895 1558 2933 Coniugium
1570 2917 1578 2931 ,
1598 2906 1649 2934 pro
1661 2896 1832 2934 Coniugatis.
1870 2895 1940 2925 Plin.
1953 2895 2001 2925 lib.
2014 2904 2056 2925 10.
2069 2904 2131 2933 cap.
2147 2903 2188 2924 12.
2217 2893 2314 2931 ltaque
2328 2893 2417 2931 parvis
2430 2892 2460 2922 in
2468 2892 2507 2922 vi-

1408 2935 1446 2963 cis
1458 2943 1514 2962 non
1524 2933 1585 2972 plus
1597 2935 1661 2963 bina
1672 2935 1801 2973 conjugia
1812 2934 1890 2964 sunt:
1913 2935 1985 2963 circa
1997 2933 2156 2962 Cranonem
2167 2931 2282 2969 quidem
2295 2930 2439 2961 Theffaliae
2457 2929 2507 2960 sin-

1407 2971 1469 3015 gula
1482 2978 1633 3009 perpetuo:
1654 2973 1794 3009 genitores
1806 2971 1893 3001 soboli
1904 2971 1969 3001 loco
1980 2971 2094 3001 cedunt.
2121 2970 2191 3001 Bina
2200 2969 2334 3008 conjugia
2344 2976 2427 3000 vocat
2436 2967 2506 2998 Bim

1410 3019 1486 3047 paria
1496 3031 1503 3043 ,
1526 3009 1595 3039 duos
1609 3019 1697 3039 mares
1709 3032 1716 3044 ,
1738 3009 1899 3040 actoridem
1909 3009 2035 3039 feminas.

1391 3046 1578 3085 Coniugium,
1600 3057 1650 3085 pro
1667 3048 1758 3078 Coitu.
1783 3048 1854 3084 Virg.
1867 3056 1889 3083 3.
1902 3047 2000 3090 Geo=g3
2013 3055 2078 3082 275.

1484 3121 1629 3159 Coniugiis
1641 3129 1726 3152 vento
1737 3085 1869 3160 grai-iffi?
1885 3084 1940 3114 fine
1951 3084 2036 3151 umDe
2048 3120 2180 3157 equabus.

2101 1493 2209 1531 —jura
2221 1490 2373 1532 pudorque

2364 2477 2384 2509 i.
2393 2487 2420 2509 e.
2448 2475 2506 2509 nei

2238 2817 2255 2855 [
2264 2817 2354 2848 Immo
2364 2813 2506 2855 conjugii,

1355 3158 1378 3190 C
1387 3169 1404 3188 0
1414 3168 1455 3194 NJ
1466 3169 1483 3187 u
1494 3169 1512 3187 o
1521 3163 1536 3187 Ᾰ
1546 3171 1560 3187 t
1571 3169 1597 3188 is
1608 3181 1616 3194 ,
1638 3170 1662 3190 e.
1685 3159 1848 3198 [συζυγῶν]
1876 3159 1963 3197 Quod
1981 3159 2016 3190 ad
2031 3158 2196 3197 conjugium
2212 3157 2345 3197 pertinet.
2379 3162 2419 3193 ut,
2436 3155 2509 3186 Con·
2550 3143 2557 3180 ἶ

1391 3197 1491 3234 jugalis
1501 3203 1585 3226 torus.

1392 3236 1437 3266 Dii
1448 3233 1608 3271 conjugale-s
1621 3234 1769 3269 dicuntur,

1413 3316 1471 3339 cat:
1495 3309 1571 3346 Quid
1584 3309 1692 3340 necesse
1709 3316 1785 3345 erat,
1806 3310 1915 3346 inquit,
1936 3310 2073 3339 nubentes
2090 3309 2289 3338 commendare
2304 3307 2358 3337 diis
2377 3307 2510 3345 nuptiali-

1413 3347 1482 3381 bus,
1504 3354 1533 3375 ut
1549 3347 1619 3390 bene
1630 3349 1714 3382 conju
1736 3349 1865 3377 arentur?
1887 3347 2047 3377 Plutarchus
2066 3346 2240 3383 problemate
2257 3355 2283 3375 α.
2296 3344 2405 3378 scribit,
2427 3345 2511 3382 quin.

1413 3394 1467 3422 que
1482 3384 1550 3413 deos
1567 3386 1690 3414 invocari
1723 3384 1806 3415 olitos
1820 3385 1854 3414 ab
1872 3385 1906 3414 iis
1926 3385 1971 3421 qui
1989 3385 2168 3415 matrimonio
2190 3384 2388 3420 jungerentur,
2408 3381 2509 3418 Jovem

1412 3421 1556 3457 adultum,
1577 3422 1717 3457 Junoiiem
1729 3423 1872 3457 adultam,
1895 3422 2030 3452 Venerem
2040 3423 2206 3455 Suadelam,
2228 3423 2254 3450 &
2276 3421 2304 3449 in
2325 3419 2420 3458 primis
2444 3418 2507 3449 Dia-

1412 3470 1477 3489 nam
1490 3482 1497 3494 ,
1519 3470 1599 3496 quam
1613 3462 1696 3489 etiam
1707 3461 1735 3489 iu
1743 3468 1822 3498 partu
1834 3459 2011 3490 &doloribus
2023 3459 2302 3489 mulieresinvocant.
2332 3456 2416 3487 Obid
2429 3457 2509 3494 quin·
2523 3470 2534 3485 ·.
2553 3459 2558 3466 ”

1413 3507 1466 3535 que
1477 3499 1672 3527 tantummodo
1691 3499 1764 3527 faces
1782 3498 1810 3527 in
1827 3498 1931 3536 nuptiis
1954 3498 2163 3532 accendebant,
2184 3506 2250 3533 quas
2269 3493 2510 3539 Cereostappe'ila..
2565 3513 2568 3521 .

1414 3536 1486 3564 bant.
1531 3534 1613 3565 Ovid.
1626 3535 1672 3565 lib.
1693 3545 1714 3565 r.
1734 3535 1803 3565 Met.
1816 3541 1879 3571 483.
1900 3534 2202 3572 Taedasjugalesvocat
2216 3555 2224 3566 ,
2244 3542 2304 3570 quae
2323 3541 2403 3562 novis
2414 3531 2509 3570 nuptis

1413 3574 1535 3616 quinque
1546 3573 1779 3620 praeterebantur,
1800 3583 1886 3610 quum
1896 3574 1980 3603 nodtu
1999 3573 2171 3615 ducebantur
2185 3571 2223 3615 ad
2241 3570 2380 3614 maritima.
2422 3570 2510 3607 Augu·
2542 3584 2548 3589 .
2570 3562 2573 3566 ⁵

1413 3611 1474 3640 stin.
1487 3611 1521 3639 de
1537 3612 1616 3640 Livit.
1635 3611 1684 3640 Dei
1703 3610 1751 3640 lib.
1764 3614 1788 3640 ⁶.
1802 3620 1862 3648 cip.
1877 3620 1901 3646 9.
1937 3611 2008 3640 Deos
2022 3608 2182 3647 conjugales
2196 3608 2238 3638 his
2254 3607 2345 3637 verbis
2362 3606 2506 3641 recenset,
2547 3623 2550 3631 ι

1414 3648 1510 3684 Quum
1520 3657 1577 3677 mas
1588 3650 1612 3677 ἃ
1627 3648 1730 3677 femina
1744 3649 1951 3685 conjunguntur
1962 3670 1970 3683 ,
1990 3647 2138 3678 adhibetur
2151 3647 2220 3675 deus
2238 3645 2401 3681 Jugatinus:
2423 3653 2508 3682 quum

1415 3686 1530 3727 domum
1542 3685 1580 3714 est
1590 3686 1754 3715 deducenda
1773 3695 1832 3721 quae
1851 3686 1949 3721 nubit,
1969 3686 2116 3715 adhibetur
2132 3684 2200 3713 deus
2221 3683 2410 3712 Domiducus:
2433 3689 2463 3711 ut
2479 3683 2510 3712 in

1416 3723 1502 3751 domo
1514 3723 1558 3757 lit,
1579 3724 1726 3752 adhibetur
1737 3724 1804 3752 deus
1818 3723 1976 3753 Domitius:
1998 3730 2029 3752 ut
2040 3728 2149 3752 maneat
2159 3730 2225 3750 cum
2234 3721 2293 3750 viro
2304 3743 2310 3750 .
2337 3719 2447 3749 additur
2457 3718 2509 3748 dea

1414 3759 1580 3802 Manturna:
1605 3761 1770 3797 Virginenlis
1780 3761 1848 3794 dea,
1872 3769 1902 3790 ut
1923 3761 2022 3798 virgini
2040 3769 2112 3789 zona
2129 3758 2264 3788 solvatur:
2287 3759 2356 3787 deus
2371 3757 2508 3793 Subigus,

1415 3804 1447 3826 ut
1457 3807 1514 3826 viro
1525 3796 1675 3835 subigatur:
1700 3799 1750 3828 deri
1763 3799 1870 3832 Prema,
1891 3805 1921 3827 ut
1931 3798 2038 3827 subacta
2048 3806 2083 3826 ne
2095 3796 2119 3825 sc
2128 3803 2325 3828 commoveat,
2343 3795 2508 3832 comprima-

1415 3841 1475 3864 tur:
1501 3835 1618 3872 Priapus,
1633 3835 1712 3873 super
1723 3835 1803 3872 cujus
1815 3835 2040 3865 immanissimum
2053 3836 2076 3864 ἃ
2085 3834 2269 3871 turpissimum
2279 3832 2410 3862 fascinum
2420 3831 2511 3861 sedere

1416 3881 1488 3900 nova
1500 3873 1760 3915 nuptajubebatur:
1786 3874 1894 3908 Venus,
1917 3882 1976 3910 quae
1987 3873 2023 3902 ob
2036 3872 2091 3901 hoc
2110 3872 2194 3900 etiam
2214 3871 2315 3900 dicitur
2332 3876 2509 3907 nuncupata,

1416 3909 1493 3948 qumi
1504 3909 1559 3940 fine
1570 3920 1629 3947 eius
1646 3912 1673 3942 vi
1693 3912 1800 3942 femina
1814 3912 1892 3949 virgo
1911 3909 1966 3941 effe
1983 3920 2043 3940 non
2063 3908 2182 3939 delinat:
2204 3909 2257 3939 dea
2273 3907 2430 3943 Partunda‚
2451 3914 2513 3972 que

1578 3968 1580 3971 .
2422 3953 2458 3982 pa

1791 3233 1848 3272 Qui
1859 3235 1995 3272 conjugiis
2005 3233 2139 3271 praesunt,
2159 3233 2244 3269 Juno,
2262 3231 2366 3267 Venus,
2387 3231 2508 3269 Hymen.
2550 3259 2562 3270 ,.

1411 3272 1512 3302 Seri.in
1528 3272 1601 3301 Med.
1619 3283 1640 3301 i.
1665 3272 1801 3310 Augustin.
1811 3274 1846 3302 de
1855 3273 1915 3302 Civ.
1929 3272 1979 3302 Dei
1991 3271 2038 3302 lib.
2053 3282 2079 3307 4.
2091 3280 2150 3309 cap.
2162 3281 2206 3300 21.
2232 3271 2303 3300 Deos
2313 3270 2508 3308 nuptialesvo-
2549 3300 2554 3302 ,
