2604 4222
120 156 191 188 662
550 148 580 182 C
676 148 712 182 O
805 144 839 180 N

166 231 276 262 Relatio
290 230 445 260 consulum.
467 229 557 259 Tacit.
574 238 598 257 1.
615 228 684 256 Ann.
699 237 740 263 ¹3-

168 270 197 300 Si
209 270 334 299 canimus
346 268 421 298 silvas
436 289 444 302 ,
464 267 535 296 silvae
544 267 596 296 sint
611 264 728 307 Consule
738 264 837 301 dignae.
858 261 930 305 yirg.
942 270 970 296 4.
980 257 1039 289 Ecl.
1053 266 1078 295 3.

171 307 328 344 Quinquies
338 306 433 335 consul
445 305 486 335 Μ.
502 303 657 335 Marcellus.
680 302 736 330 Cic.
748 311 774 330 2.
788 301 822 329 de
834 299 980 342 Divin..77.
1064 333 1070 339 ⁶

172 345 209 381 Q.
227 344 350 374 maximo
361 344 486 380 quintum
497 340 621 372 Consule.
661 339 756 368 Cic.in
766 338 840 367 Brut.
850 345 895 373 72.
926 345 945 365 1.
965 344 990 365 e.
1015 334 1154 370 Quintum
1175 327 1279 360 Consu-

194 383 282 412 latum
293 388 411 419 gerente.
678 414 682 419 Ι

174 420 289 450 Sextum
300 418 400 448 Consul
412 416 524 447 Marius.
546 415 602 444 Cic.
616 415 644 443 in
656 413 743 443 Pison.
762 423 804 442 ιο.

175 458 331 495 Septimum
342 455 442 485 Consul
455 454 563 483 Marius.
587 452 644 481 Cic.
657 461 680 486 3.
697 452 731 480 de
743 451 804 480 Nat.
817 449 899 493 Deor.
912 453 958 482 81.
1008 485 1014 491 ι
1097 482 1103 489 ⁸
1193 481 1199 488 .

182 494 328 525 Consulem
339 516 347 528 ,
363 502 412 531 pro
424 496 501 521 Anno
511 497 599 528 poetae
609 489 738 519 dicebant
749 510 757 524 ,
775 496 907 525 quoniam
918 485 1029 524 singulis
1039 491 1118 514 annis
1134 489 1201 511 novi
1214 480 1281 510 sem-

196 543 244 571 per
255 530 384 561 Consules
396 529 563 559 creabantur.
587 527 705 557 Martial.
722 536 744 555 r.
759 530 800 555 16.

268 569 312 598 Bis
321 569 374 604 jam
389 576 466 604 paene
479 566 527 594 tibi
541 564 642 594 Consul
654 564 804 593 tricesimus
819 562 918 597 instat,
1053 597 1060 603 ·

306 605 338 634 Et
349 610 473 634 numerat
485 612 585 640 paucos
598 603 644 631 vix
654 608 700 631 tua
709 602 763 631 vita
771 601 838 630 dies.
933 598 994 628 Nec
1012 596 1060 627 soli
1076 600 1166 633 poetae
1186 594 1223 638 sic
1242 593 1283 622 lo-

199 650 337 681 quuntur,
367 642 628 671 verum&0ratores
643 639 702 677 ipsi.
743 639 799 668 Cic.
821 639 850 667 in
868 637 942 667 Brut.
955 642 1032 680 28'7.⁴
1064 634 1100 663 Ut
1119 633 1136 662 si
1155 642 1216 676 quis
1236 631 1284 660 Fa-

197 683 274 711 lerno
283 681 349 709 vino
363 679 530 713 delestetun
551 677 639 706 sedeo
649 686 701 706 nec
711 678 747 706 ita
761 686 833 705 novo
844 698 851 710 ,
872 682 904 704 ut
913 669 1223 717 proxim-ileonsulibus
1237 679 1284 698 na-

198 725 256 749 tum
272 717 352 747 velit:
374 726 425 745 nec
438 715 568 745 rursusita
579 721 670 744 vetere
681 737 689 749 ,
710 723 740 744 ut
753 714 901 752 Opimium
915 719 961 741 aut
977 714 1104 752 Anicium
1112 708 1264 752 *Consulem
1274 727 1283 741 ,

198 762 304 793 quaerat.
345 755 475 784 Proximis
485 752 665 787 Consulibus,
686 753 703 781 i.
715 762 738 781 e.
761 755 839 781 Anno
854 750 882 780 su
905 751 1000 779 eriore.
1040 751 1168 789 Anicium
1182 743 1285 774 Consu-

199 794 263 827 lem,
284 794 301 822 i.
314 802 337 821 e.
357 794 464 822 Annum
473 791 506 820 ab
517 790 589 819 Urbe
599 790 719 819 Condita
730 791 879 827 quingente
893 796 980 817 imum
989 789 1197 827 nonagesimum
1208 791 1286 819 quar-

198 838 274 860 tum:
296 840 350 865 quo
369 830 481 867 quidem
499 837 572 857 anno
586 827 615 856 L.
633 828 743 857 Anicius
761 827 856 857 Gallus
874 835 938 855 cum
958 825 997 854 m.
1011 821 1142 852 Cornelio
1159 820 1284 857 Cethego

199 867 298 897 Consul
307 867 365 896 suit.
407 866 522 896 Romani
531 867 635 902 quippe
645 875 732 895 annos
742 875 791 903 per
803 863 936 906 Consules
944 860 1137 905 numerabant,
1161 860 1187 888 ἃ
1200 867 1283 895 quam

197 913 274 935 vetus
282 905 348 934 esset
357 905 450 933 vinum
461 913 494 932 ex
507 903 671 932 Consulibus
683 903 832 932 discebant.
874 902 947 931 Hinc
960 909 997 929 ait
1008 897 1126 929 Martial.
1144 906 1186 933 13.
1201 906 1261 925 ιιι.

258 943 299 972 De
309 941 472 971 Sinuessanis
481 948 616 970 venerunt
631 941 742 970 Massica
750 940 834 978 prelis
849 949 855 968 :

295 980 413 1009 Condita
426 989 479 1016 quo
496 980 592 1014 quaeris
607 978 744 1008 Consule?
765 977 858 1007 nullus
875 981 940 1005 erat.
1034 974 1053 1003 i.
1065 983 1088 1003 e.
1112 973 1282 1019 Ante'quam

198 1016 330 1047 Consules
339 1017 424 1046 essent
437 1038 445 1052 ,
466 1016 595 1045 diffusum
605 1017 668 1045 fuit.
708 1016 835 1046 Ostendit
845 1014 1014 1043 vetustatem.
1055 1011 1103 1040 Vel
1116 1010 1263 1055 Consulem
1273 1030 1282 1043 ,

197 1056 307 1085 Nomen
320 1055 402 1092 ipsius
412 1054 536 1083 Consulis
546 1054 674 1091 scriptum
687 1054 715 1082 in
726 1054 816 1082 doliis.
837 1053 865 1080 in
877 1051 975 1088 quibus
984 1048 1203 1093 inscribebantur
1211 1047 1284 1075 Con-

196 1092 285 1121 sulum
294 1093 408 1121 nomina
419 1113 426 1126 ,
447 1092 547 1128 quibus
557 1091 721 1121 Consulibus
732 1092 826 1119 vinum
836 1089 981 1118 conditum
993 1087 1084 1116 fuisset
1095 1109 1115 1129 ,ῃ
1124 1093 1155 1130 ut
1166 1095 1200 1114 ex
1211 1084 1284 1113 Niar-

196 1130 262 1159 tiale
273 1152 280 1164 ,
303 1131 327 1159 8<
340 1140 373 1158 ex
386 1130 491 1159 Horatii
504 1129 573 1158 libro
585 1130 666 1158 tertio
676 1151 683 1165 ‚
705 1130 758 1158 ode
768 1127 894 1165 vigesima
906 1127 995 1165 prima
1007 1127 1136 1162 cognosci
1146 1122 1245 1162 potest.

178 1167 296 1197 Consule
311 1169 431 1205 primum
441 1189 449 1202 ,
469 1168 541 1196 facto
550 1166 668 1197 Consule
676 1168 787 1197 iterum.
808 1164 897 1194 Catul.
912 1174 973 1200 1¹4-
988 1174 999 1193 ι
1013 1184 1022 1198 ,
1041 1172 1068 1192 2.

178 1205 221 1234 Te
232 1205 359 1234 Consule.
381 1205 451 1242 Virg.
464 1217 490 1240 4.
505 1204 560 1234 Ecl.
574 1215 615 1234 11.
1142 1237 1147 1243 Ι

178 1242 281 1273 Consul
312 1241 491 1279 hastamo-
503 1265 512 1277 ,
552 1252 568 1272 a
588 1242 722 1272 Cicerone
765 1246 880 1270 vocatur
913 1239 1046 1269 Caninius
1077 1235 1193 1267 Rebilus
1204 1258 1212 1270 ‚
1235 1273 1240 1279 ,
1253 1238 1283 1264 ut

196 1281 280 1310 refert
292 1280 451 1310 Macrobius
462 1281 516 1309 Sat.
528 1289 553 1309 2.
565 1289 589 1316 3.
631 1280 691 1309 Hoc
709 1278 744 1308 sic
757 1278 876 1316 explicat
892 1276 1057 1307 Turnebus:
1082 1274 1172 1319 Verbo
1193 1272 1283 1317 philo-

195 1318 346 1356 sophorum
356 1318 417 1348 usus
426 1318 478 1347 est:
499 1318 544 1354 qui
555 1316 711 1354 λψ9ιῶρηπι
723 1323 822 1345 vocant
831 1325 863 1345 ea
873 1337 881 1349 ,
903 1325 962 1352 quae
974 1315 1080 1344 ratione
1091 1315 1116 1342 Sc
1127 1312 1286 1348 intelligen-

196 1357 235 1384 tia
249 1356 524 1392 comprehenduntur
535 1357 560 1385 Sc
571 1355 778 1392 percipiuntur,
799 1363 857 1383 non
873 1353 921 1382 sub
936 1352 1043 1381 sensum
1058 1351 1162 1380 cadunt
1175 1372 1185 1393 ³.
1203 1348 1283 1393 utnab

197 1393 294 1422 iisdem
308 1401 448 1430 ponuntur
463 1391 542 1427 ἀρχιὰ
560 1392 725 1428 λοῃῇεώςητοᾳ
735 1414 743 1425 ,
765 1391 901 1430 principia
911 1400 1003 1419 rerum
1013 1388 1119 1418 sensum
1129 1388 1263 1425 fugientia
1273 1408 1282 1421 ‚

197 1438 229 1460 ut
239 1432 357 1460 atomi&
371 1431 499 1459 materia:
521 1430 567 1459 sed
579 1432 604 1460 St
616 1429 720 1468 sapiens
730 1430 884 1459 Stoicorum
895 1450 902 1462 .
924 1428 970 1465 qui
986 1436 1127 1463 nunquam
1138 1426 1190 1469 fiiit
1200 1447 1208 1461 ‚
1230 1433 1283 1453 nec

198 1469 306 1497 futurus
316 1468 371 1503 est,
391 1467 570 1504 λιυξῑτῶςητῶ·
581 1468 665 1497 etiarn
681 1467 797 1502 dicitur,
817 1473 848 1496 ut
858 1468 884 1496 ἀ
896 1466 1029 1495 Caninius
1043 1465 1100 1493 diei
1110 1473 1192 1493 unius
1210 1463 1284 1492 Con—

196 1505 237 1535 sul
247 1527 255 1540 ,
275 1515 357 1542 quem
367 1511 479 1542 propter
490 1506 648 1534 brevitatem
661 1504 776 1534 dieculae
786 1506 867 1534 unius
878 1526 886 1539 ,
907 1504 1028 1541 cogitare
1038 1502 1166 1531 homines
1186 1501 1281 1544 potius

197 1543 347 1572 Consulem
357 1543 435 1572 fuisse
446 1565 454 1578 ,
475 1552 556 1580 quam
577 1542 723 1572 Consulem
737 1543 832 1572 videre
845 1547 1004 1580 potuerunt.
1057 1539 1166 1576 [Quasi
1182 1541 1285 1567 dixeris

197 1580 352 1610 Insensilem
366 1580 505 1610 consulem
515 1603 523 1616 ,
553 1580 641 1610 Graeci
656 1581 730 1609 enim
744 1583 812 1616 λόγῳ
824 1577 926 1616 9εωςηπέ
956 1579 1025 1614 (Sic
1047 1578 1123 1607 enim
1145 1577 1284 1612 disjuntfte

197 1617 394 1654 scribendum)
415 1628 446 1647 ea
458 1624 557 1648 vocant
567 1640 575 1653 ,
597 1628 656 1655 quae
669 1618 774 1647 sensum
787 1618 914 1654 fugiunt,
936 1618 962 1647 &
973 1616 1028 1645 sola
1043 1617 1150 1645 ratione
1162 1614 1286 1652 speetan-

197 1662 249 1685 tur.
285 1655 382 1685 Mente
395 1655 468 1685 sensa
477 1657 615 1686 convertit
633 1655 731 1685 Caelius
753 1655 914 1685 Aurelianus
934 1656 1011 1684 Acut.
1025 1663 1050 1682 2.
1072 1657 1113 1682 16.
1126 1658 1170 1686 98.
1193 1651 1284 1681 Insen-

198 1693 224 1722 sa
242 1693 344 1722 Chron.
361 1701 384 1728 3.
398 1703 424 1723 2.
440 1693 523 1731 segm.
536 1704 577 1729 19.
598 1694 646 1723 ubi
656 1703 798 1731 perperam
810 1694 901 1723 editur
912 1691 1054 1723 immensa.
1091 1691 1164 1720 Alibi
1182 1688 1284 1728 simpli-

197 1731 265 1760 citer
278 1730 421 1766 Latentia,
441 1739 473 1760 ut
483 1731 583 1761 Chron.
601 1742 624 1767 ς.
640 1741 682 1760 10.
700 1742 761 1765 ιος.

142 1769 188 1799 Co
196 1778 215 1797 N
225 1778 237 1798 s
247 1778 265 1797 υ
275 1780 291 1797 ι.
299 1772 315 1797 K
326 1778 345 1797 τ
354 1779 372 1798 υ
380 1778 392 1798 s
403 1790 411 1804 ‚
433 1770 471 1798 sis,
493 1778 529 1798 m.
552 1769 712 1804 [ι’πκτεὶα]
732 1768 864 1799 Officium
877 1767 920 1798 vel
935 1768 1054 1804 dignitas
1065 1788 1072 1801 ,
1094 1765 1147 1795 five
1158 1765 1284 1802 Tempus

178 1816 234 1843 quo
254 1805 355 1836 Consul
374 1806 402 1834 in
422 1806 514 1835 officio
528 1808 574 1837 est.
615 1806 682 1837 Plin.
696 1806 743 1837 lib.
759 1816 801 1843 14.
816 1817 877 1845 cap.
896 1816 940 1843 15.
961 1805 1051 1844 Epulo
1070 1813 1135 1835 vero
1153 1804 1184 1833 in
1199 1803 1283 1833 tertio

177 1843 328 1873 Consulatu
337 1843 384 1873 suo
397 1843 548 1873 Falernum.

179 1881 325 1912 Honorum
335 1882 432 1919 populi
441 1881 503 1911 finis
512 1883 550 1911 est
560 1881 732 1912 Consulatus.
754 1881 812 1911 Cic.
825 1891 876 1920 pro
887 1880 977 1911 Plane.
993 1883 1038 1910 60.
1205 1917 1211 1923 .

178 1918 341 1949 Consulatus
365 1919 526 1949 ordinarius.
566 1920 642 1949 Suet.
660 1920 689 1949 in
704 1920 808 1949 Domit.
823 1929 884 1957 cap.
898 1929 924 1949 2.
954 1919 984 1949 In
1004 1919 1050 1947 sex
1069 1916 1282 1951 Consulatibus‚

196 1956 306 1985 nonnisi
317 1966 402 1985 unum
422 1958 590 1986 ordinarium
606 1957 691 1995 gessit.
729 1957 761 1987 In
779 1967 834 1995 quo
848 1958 978 1994 quaeritur
1001 1957 1061 1993 quis
1080 1956 1234 1985 ordinarius
1254 1954 1285 1983 lit

197 1994 316 2024 Consul:
337 2004 400 2023 eurn
411 1994 445 2024 fic
454 1995 622 2033 appellatum
633 2005 695 2025 reor
705 2004 768 2030 ,·ex
781 1996 860 2032 cujus
867 1996 982 2024 nomine
992 1995 1058 2023 anni
1069 1994 1229 2032 supputatio
1241 2002 1284 2021 or-

196 2032 350 2061 dinabatur.
372 2032 402 2061 id
416 2032 452 2061 est
467 2034 544 2069 cujus
556 2042 659 2062 nomen
673 2034 701 2062 in
716 2033 829 2069 litteris,
851 2035 876 2063 δι
893 2032 1080 2061 instrumentis
1091 2053 1099 2067 ‚
1122 2032 1148 2060 ἃ
1166 2032 1196 2060 in
1210 2030 1284 2059 fastis

197 2068 381 2104 scribebatur,
402 2070 448 2106 qui
472 2070 592 2107 denique
616 2071 745 2100 Calendis
764 2071 900 2106 Januariis
918 2070 1054 2099 honorem
1072 2069 1169 2098 inibat.
1210 2069 1283 2097 Nam

198 2114 276 2136 aetate
287 2107 484 2144 Imperatorum
495 2117 582 2137 annus
592 2108 621 2137 in
631 2109 733 2138 multos
750 2109 926 2138 dividebatur
939 2107 1088 2137 Consules:
1110 2107 1156 2136 sed
1175 2106 1224 2136 soli
1237 2107 1283 2142 qui

196 2145 261 2173 anni
276 2145 356 2173 initio
368 2144 476 2174 inibant
488 2145 623 2175 honorem
635 2167 644 2181 ,
665 2147 796 2175 ordinarii
817 2146 1016 2181 censebantur,
1036 2143 1282 2180 honoratioresque

197 2189 282 2211 erant.
323 2183 428 2211 Seneca
438 2204 446 2217 ‚
473 2182 621 2212 Consulem
632 2193 676 2213 me
685 2184 767 2218 fecit,
788 2183 835 2213 sed
847 2193 905 2212 non
918 2183 1099 2212 ordinarium.
1120 2182 1152 2212 Id
1163 2192 1178 2212 a
1191 2182 1282 2212 Dione

197 2219 245 2248 lib.
261 2227 304 2255 43.
317 2221 398 2248 etiam
410 2219 543 2250 scribitur.
580 2221 645 2250 Haec
655 2231 689 2251 ex
701 2221 826 2251 Turnebi
841 2220 949 2252 Advers.
963 2231 986 2257 5.
1005 2230 1049 2250 ιο.

177 2257 313 2287 Abdicare
324 2257 349 2286 se
360 2257 518 2288 Consulatu.
556 2258 588 2289 In
609 2268 629 2287 A
639 2270 653 2287 ιι
662 2270 682 2288 D
692 2270 700 2287 ι
711 2269 728 2288 c
737 2269 765 2289 o.
818 2273 821 2275 “

176 2295 265 2324 Abire.
305 2294 336 2324 In
356 2305 376 2323 A
384 2305 399 2323 s
409 2305 423 2323 a
432 2305 458 2324 o.

176 2331 303 2369 Adipisci.
326 2331 383 2361 Cic.
398 2342 448 2370 pro
459 2332 568 2363 Muren.
583 2342 624 2369 53.
638 2335 664 2364 Sc
674 2333 778 2372 passim.

174 2369 288 2407 Capere.
326 2369 355 2399 ln
379 2379 502 2400 cario.

175 2406 371 2444 comprobare.
394 2408 450 2437 Cic.
465 2408 523 2437 Post
532 2408 588 2437 red.
605 2409 633 2437 in
644 2408 734 2438 Senat.
746 2411 792 2439 26.

176 2444 397 2474 Communicare.
433 2446 464 2475 ln
484 2456 501 2474 c
511 2456 527 2474 o
536 2456 557 2474 M
565 2457 586 2474 M
596 2456 614 2475 υ
625 2456 645 2475 Ν
653 2457 662 2475 ι
672 2456 690 2476 c
699 2456 725 2476 0.

176 2482 318 2511 Conferre.
358 2482 390 2512 ln
409 2492 451 2511 co
460 2493 478 2511 N
489 2494 500 2512 ε
512 2493 548 2512 aa
558 2494 584 2513 o.

176 2519 320 2556 Consequi.
342 2519 398 2549 Cic.
413 2531 462 2558 pro
475 2521 582 2550 Μυκη.
593 2526 638 2557 8ς.

176 2557 340 2594 Exploratus
357 2559 382 2587 ἀ
402 2559 476 2586 domi
493 2559 622 2588 conditus
645 2556 816 2589 Consulatus.
857 2559 915 2589 Cic.
933 2569 984 2598 pro
999 2559 1108 2589 Muren.
1119 2569 1164 2596 49.
1183 2556 1282 2589 Vultus

195 2595 347 2632 cratipsius
364 2595 462 2632 plenus
471 2595 586 2630 furoris,
607 2597 680 2624 oculi
690 2595 814 2631 sceleris,
835 2597 922 2627 sermo
944 2599 1123 2635 arrogantiae:
1147 2598 1183 2626 lic
1207 2604 1238 2626 ut
1257 2598 1283 2627 ei

194 2633 248 2667 jam
259 2632 418 2670 exploratus
431 2634 456 2662 δι
471 2633 547 2662 domi
558 2634 685 2663 conditus
695 2633 856 2664 Consulatus
867 2637 1015 2665 videretur.
1056 2636 1094 2664 De
1114 2635 1243 2664 Catilina.

177 2669 385 2700 Constituebant
393 2671 564 2706 grandiorem
575 2677 680 2700 aeratem
692 2672 727 2700 ad
738 2671 917 2703 Consulatum
929 2695 938 2709 ‚
959 2673 1154 2704 adolescentiae
1173 2673 1283 2703 temeri-

198 2714 280 2736 tatem
291 2707 461 2737 verebantur.
485 2708 541 2737 Cic.
555 2720 577 2743 ς.
594 2708 710 2746 Philipp.
722 2717 767 2746 47.

176 2744 284 2774 Cerere.
307 2745 365 2775 Cic.
382 2755 406 2775 1.
422 2746 458 2775 de
470 2745 540 2783 Lege
551 2748 610 2783 Agr.
623 2756 667 2780 25.

175 2781 292 2819 lngredi.
334 2783 451 2819 Quintil.
465 2783 511 2813 lib.
529 2787 555 2813 6.
569 2793 627 2821 cap.
645 2793 668 2813 1.
690 2783 818 2814 Persuasit
833 2785 909 2814 enim
926 2785 995 2814 nihil
1007 2786 1060 2816 esse
1070 2786 1105 2815 ad
1121 2786 1282 2824 praesentem

194 2830 283 2886 {erum
294 2820 390 2850 statum
405 2821 500 2851 utilius
511 2843 519 2857 ‚
540 2831 622 2859 quam
634 2822 724 2860 pridie
748 2822 883 2853 Calendas
901 2822 1042 2858 januarias
1057 2825 1164 2861 ingredi
1180 2824 1283 2854 Consu-

207 2863 289 2887 atum.

176 2894 256 2924 lnire.
297 2894 327 2925 ln
346 2906 355 2924 ι
366 2905 386 2924 Ν
396 2906 409 2925 ιι
417 2905 442 2926 ο.

176 2932 315 2962 invadere.
356 2933 384 2962 ln
407 2945 414 2961 i
426 2943 446 2962 N
455 2944 471 2962 v
484 2944 501 2963 A
511 2944 529 2963 n
538 2943 565 2963 o.

176 2970 317 2999 Obtinere.
340 2970 397 3000 Cic.
407 2981 456 3008 pro
469 2972 577 3001 Muren.
590 2980 614 3001 1.

176 3007 268 3073 Pfficre
282 3008 385 3038 aditum
393 3010 427 3038 ad
441 3009 619 3039 Consulatum
634 3018 692 3038 non
703 3009 788 3047 magis
795 3009 934 3040 nobilitati
942 3019 1022 3048 quam
1035 3011 1137 3042 virtuti.
1161 3011 1218 3042 Cic.
1231 3021 1282 3050 pro

229 3055 304 3074 uren.
316 3055 358 3081 17·

177 3081 343 3112 Perfunctus.
384 3082 414 3112 ln
434 3092 449 3111 P
457 3092 471 3112 iz
481 3093 497 3112 a
506 3094 520 3112 ιτ
528 3093 547 3113 υ
557 3093 577 3113 Ν
587 3094 605 3112 c
615 3094 632 3113 o
640 3094 665 3113 ι’..

178 3119 277 3148 Petere.
300 3120 357 3149 Cic.
369 3130 418 3157 pro
432 3120 540 3151 Μυκη.
555 3131 581 3158 7.

177 3156 315 3194 Suscipere
328 3168 390 3187 cum
401 3158 565 3188 Tribunatu.
593 3159 652 3189 Cic.
665 3168 691 3188 α.
704 3159 740 3188 de
754 3159 825 3196 Lege
839 3160 897 3196 Agr.
914 3170 955 3195 ι4.
979 3161 1047 3196 [Sed
1060 3160 1210 3198 legendum
1223 3162 1282 3192 Bel-

197 3193 252 3223 lum
262 3195 352 3261 nesciso
363 3196 503 3261 ‘29⁰⁰'0d0
513 3196 595 3226 habet
605 3196 760 3235 susceptum
771 3197 927 3228 consulatus
937 3208 1000 3227 cum
1010 3199 1157 3230 tribunatu.
1196 3201 1282 3230 Mini-

197 3240 240 3260 me
254 3241 317 3260 vero
350 3243 365 3262 u
379 3242 410 3261 ce
433 3241 483 3262 tus.

179 3268 314 3298 Sustinere
324 3242 740 3308 titulariiConsulatus,tanquam
750 3278 864 3302 truncus
874 3278 956 3310 atque
967 3273 1281 3311 stipes.Cic.inPison.i9.

146 3305 166 3334 C
175 3315 268 3371 ‘Phliu
279 3310 317 3335 ιλ
328 3317 342 3335 a
353 3318 361 3335 1
371 3317 383 3336 s
394 3330 402 3342 ‚
421 3319 445 3337 e.
465 3308 631 3345 [akra-rixis]
651 3316 691 3345 ut,
712 3310 865 3339 Consularis
875 3311 925 3346 vir,
940 3311 996 3347 Qui
1009 3311 1110 3340 Consul
1121 3312 1180 3342 fuit.
1193 3312 1280 3347 cies.

221 3353 226 3370 1
239 3353 246 3370 Ι
289 3366 295 3372 .
311 3354 321 3372 1
347 3367 352 3373 .

181 3354 420 3422 IlitusflpConsularis
436 3404 444 3416 ,
464 3382 496 3412 ln
519 3393 573 3419 qua
597 3382 745 3413 Consulem
764 3384 817 3414 esse
835 3384 946 3414 licebat.
987 3384 1045 3415 Cic.
1060 3396 1084 3420 5.
1105 3386 1222 3424 Philipp.
1237 3393 1282 3423 48.

201 3416 275 3460 Quid
287 3419 403 3448 Macedo
419 3419 588 3456 Alexander,
609 3431 694 3458 quum
709 3422 743 3451 ab
755 3423 868 3451 ineunte
882 3430 961 3452 aetate
981 3433 1023 3452 res
1040 3425 1172 3453 maximas
1191 3434 1284 3460 gerere

201 3463 243 3483 coe
266 3454 322 3497 isset
332 3478 338 3489 ‚
350 3466 451 3499 'nonne
465 3459 492 3486 in
503 3460 584 3487 tertio
594 3459 763 3488 &tricesimo
773 3469 847 3489 anno
856 3467 972 3489 mortem
985 3461 1080 3490 obiit?
1102 3471 1161 3498 quae
1172 3461 1208 3490 est
1218 3470 1282 3492 aetas

200 3494 246 3520 nol
260 3502 293 3521 ris
304 3492 408 3528 legibus
422 3496 518 3524 decem
531 3497 610 3525 annis
622 3497 712 3524 minor
722 3518 731 3529 .
755 3507 837 3534 quarn
851 3497 1014 3528 Consularis.
1035 3499 1065 3528 V.
1086 3501 1182 3529 Annus
1193 3509 1282 3535 meus,

200 3529 303 3561 noster,
322 3532 406 3559 vester
417 3553 425 3565 ,
445 3534 495 3561 &e
518 3534 545 3561 in
568 3543 587 3561 A
598 3543 645 3562 NN
657 3544 672 3562 u
683 3544 704 3564 ³.

183 3565 311 3602 Auspicia.
334 3568 390 3595 CiC.
403 3579 452 3603 pro
464 3571 570 3599 Mur-en,
589 3580 610 3599 ι,

182 3602 313 3669 nggixtiliis
319 3603 489 3642 Consularis,
509 3607 623 3636 Summa
637 3608 759 3645 cognitio
782 3609 930 3640 vocabatur
941 3632 950 3646 ‚
970 3611 1045 3649 apud
1059 3610 1179 3649 Quintil.
1194 3611 1242 3641 lib.
1256 3620 1281 3649 3.

181 3676 300 3720 Com-itia
316 3676 479 3719 Consularia.
502 3680 558 3710 Cic.
571 3691 596 3717 9.
619 3680 669 3710 Att.
684 3692 708 3717 9.

182 3713 294 3757 Pamilia
306 3716 451 3759 consul-aris
463 3739 471 3752 ,
492 3718 562 3754 Quae
579 3720 701 3749 consules
712 3720 816 3751 habuit.
838 3721 895 3751 Cic.
908 3732 959 3760 pro
968 3722 1060 3753 Plane.
1078 3733 1121 3759 59.

181 3751 302 3795 Femina.
341 3756 413 3795 Suet.
432 3764 459 3781 in
473 3756 578 3798 August.
593 3766 652 3794 cap.
670 3762 713 3793 69.
737 3759 850 3794 Objecit
865 3762 890 3790 3<
911 3762 1042 3790 seminam
1065 3760 1245 3791 Consularem
1268 3771 1284 3792 e

200 3787 320 3832 ¹¹.'‘³.¹'m⁰
333 3798 380 3817 viri
393 3798 481 3831 coram
492 3802 520 3820 in
531 3794 686 3823 cubiculum
699 3796 854 3825 abductam.
896 3798 1055 3828 Consulares
1064 3807 1158 3829 autem
1167 3799 1285 3830 feminas

198 3827 317 3855 dicimus
330 3847 337 3858 .
359 3827 546 3858 Consularium
556 3841 662 3860 uxores.
683 3832 701 3863 l.
716 3843 741 3862 ι.
755 3833 788 3862 D.
801 3835 835 3862 tie
847 3834 1034 3865 Senatoribus.

179 3862 339 3900 imperium.
362 3865 419 3892 Cic.
433 3866 461 3892 in
474 3866 558 3895 Pison.
574 3873 617 3902 38.

179 3900 277 3929 Liclor.
300 3899 364 3929 Hor.
377 3910 402 3929 2.
417 3902 504 3930 Carm.
523 3910 563 3932 if».
576 3914 600 3939 9.

180 3937 453 4012 ιὲὲὲἑιὶιιιὲεοηῆιὴιι
466 3940 561 3968 restitit
582 3942 619 3970 vis
629 3939 787 3973 Tribunitia
808 3953 1018 3984 nonnunquam.
1040 3946 1099 3979 Cic.
1113 3957 1139 3980 α.
1163 3947 1199 3980 de
1211 3947 1284 3988 Lege

1811 98 2137 164 coN‘

1374 212 1450 241 Loco
1461 207 1603 239 Consulari
1614 207 1779 237 sententiam
1790 209 1889 238 dicere.
1915 210 1973 239 Cic.
1990 220 2011 239 i.
2024 210 2145 248 Philipp.
2161 219 2205 243 ις.

1377 249 1527 278 Numerus.
1567 246 1625 276 Cic.
1637 255 1663 275 2.
1677 246 1797 284 Philipp.
1813 255 1852 283 ιζ.
1873 247 1931 283 Qui
1944 247 2001 277 duo
2016 258 2031 277 e
2045 248 2187 277 Consulari
2200 256 2317 277 numero
2328 246 2401 278 sunt.

1377 286 1522 314 Officium.
1545 283 1602 313 Cic.
1616 293 1667 322 pro
1679 284 1771 313 Rabir.
1785 285 1864 321 perd.
1876 295 1923 314 reo
1934 307 1942 321 ‚
1956 295 1983 315 2.

1377 323 1538 352 Provinciae.
1561 322 1620 351 Cic.
1635 331 1684 359 pro
1694 321 1785 349 Domo
1798 331 1842 356 24.

1376 361 1480 389 Vinum
1491 359 1648 389 Consulare.
1671 358 1793 388 martial.
1807 368 1832 394 7.
1844 367 1889 396 79.
1911 359 1943 389 V.
1960 359 2085 390 Turneb.
2096 369 2140 397 ²5·
2150 369 2195 395 24.
2205 360 2231 389 8<
2242 359 2321 398 supra
2334 360 2363 389 in
2372 366 2493 388 CONSUL„

1340 399 1363 428 C
1374 409 1389 427 o
1401 408 1419 427 N
1430 407 1496 464 sgr.
1505 408 1524 426 A
1532 407 1547 425 a
1556 399 1567 426 ῑ
1575 407 1595 425 T
1605 407 1619 426 n
1627 406 1659 432 a,
1681 397 1748 426 Adv.
1772 396 1949 433 [tham-max]
1969 397 2027 428 Liv.
2038 409 2064 434 4.
2078 408 2121 428 ιο.
2148 398 2210 428 Vita
2229 397 2322 427 omnis
2341 396 2495 426 consulari.
2581 413 2588 429 f

1378 445 1444 465 tera
1476 446 1499 464 a.

1341 474 1365 504 C
1373 484 1389 502 o
1399 483 1418 502 N
1428 483 1439 502 s
1448 483 1465 501 u
1475 484 1490 501 i,
1500 482 1518 500 A
1529 482 1545 500 a
1553 472 1565 501 i
1573 481 1593 500 τ
1602 481 1622 500 A
1630 481 1642 500 s
1651 493 1660 506 ‚
1681 471 1742 501 atis.
1763 472 1782 501 f.
1805 471 1910 502 Munus
1931 472 2059 502 Consulis
2069 495 2078 508 ‚
2100 473 2145 503 seu
2166 473 2341 503 Consulatus.
2380 471 2494 501 Theod.

1380 512 1398 540 l.
1414 515 1440 540 6.
1455 510 1524 539 Cod.
1537 517 1556 539 t.
1572 519 1612 544 ιι).
1637 508 1844 539 Consularitatis
1854 510 1962 540 honore
1973 510 2093 541 functus.
2133 511 2163 540 V.
2186 512 2269 541 etiam
2281 507 2493 540 fabrett.1nscr.

1381 560 1408 586 p.
1421 558 1465 583 99.
1487 547 1534 576 ubi
1549 548 1645 576 eadem
1663 556 1716 575 vox
1731 549 1880 577 invenitur.

1342 586 1365 616 C
1373 597 1389 615 o
1400 596 1418 614 N
1428 596 1439 614 s
1449 596 1465 614 u
1474 596 1489 614 L
1498 595 1517 614 τ
1526 595 1544 613 o
1554 606 1563 618 ,
1584 582 1773 620 [βελόᾷομω]
1793 588 1848 615 are.
1870 585 2017 622 Frequent.
2033 595 2048 614 a
2063 585 2195 615 Consule.
2213 585 2252 615 est
2268 586 2364 623 Quum
2378 589 2426 614 aut
2435 583 2499 620 plu-

1380 634 1423 653 res
1433 624 1468 653 de
1480 632 1509 652 re
1518 623 1563 651 vel
1572 622 1654 652 rebus
1668 622 1825 653 deliberant
1836 645 1844 658 ,
1865 630 1913 653 aut
1929 633 2001 653 unus
2014 623 2107 653 secum
2126 624 2161 653 de
2180 623 2286 654 duabus
2306 630 2354 653 aut
2370 622 2496 661 pluribus

1380 660 1616 696 deliberatrebus‚
1638 666 1668 689 ut
1679 662 1827 691 Senatores
1838 661 2005 691 consultant.
2043 661 2109 691 Caes.
2121 672 2145 697 ς.
2157 661 2226 692 Bell.
2239 661 2309 691 Gall.
2323 671 2366 698 5¹·
2389 660 2497 690 Omnes

1380 700 1437 729 fere
1448 699 1543 727 (jalliae
1551 699 1675 727 civitates
1685 699 1720 727 de
1733 699 1807 728 bello
1819 699 2023 729 consultabant.

1381 736 1542 767 Consultare
1562 736 1667 772 aliquid
1689 738 1714 766 ἃ
1729 746 1885 774 procurare.
1926 736 1984 767 Liv.
2003 747 2027 767 ι.
2042 746 2087 766 21.
2101 745 2144 775 pr.
2176 736 2217 766 Ad
2238 736 2299 766 haec
2317 735 2498 766 consultanda

1399 774 1629 828 procurandaque
1640 774 1851 818 ,umultitudine
1867 776 1945 805 omni
1963 785 1979 805 a
1999 776 2026 805 vi
2041 777 2067 805 δι
2080 775 2164 804 armis
2182 773 2332 810 conversa,
2356 775 2408 804 &c
2447 773 2499 803 Lo-

1379 812 1540 880 qulliblcliadiz
1550 812 1751 894 [Siz‘bltisiisltare
1758 850 1795 894 de
1805 860 1832 880 re
1844 851 1944 888 aliqua.
1968 850 2027 880 Cic.
2043 858 2068 886 3.
2087 849 2144 880 Off.
2157 858 2184 887 7.

1379 887 1422 918 De
1434 896 1560 925 tempore
1570 888 1673 918 futuro.
1695 887 1817 924 Quintil.
1827 889 1874 918 lib.
1891 898 1914 925 3.
1933 898 1995 926 cap.
2007 893 2033 921 8.

1379 925 1541 955 Consultare
1553 925 1633 963 Reip.
1673 925 1780 955 Sallust.
1792 926 1871 957 Catil.
1885 937 1946 964 cap.
1959 931 1984 955 6.
2009 924 2118 955 Delecti
2132 925 2231 963 quibus
2241 934 2343 963 corpus
2362 925 2441 956 annis
2457 926 2499 957 in⁴

1397 964 1508 993 firmum
1520 984 1529 998 ,
1548 964 1694 1000 ingenium
1708 963 1840 1002 sapientia
1848 964 1974 994 validum
1983 970 2041 994 erat
2050 985 2058 999 ‚
2080 963 2200 1001 Reipub.
2211 962 2412 994 consultabant.
2441 965 2458 994 i.
2469 975 2496 995 e.

1396 1001 1570 1069 {enefibcium
1583 1002 1612 1031 in
1622 1002 1724 1040 Remp.
1737 1004 1927 1033 conferebant.
1983 1002 2095 1039 [Immo
2107 1000 2259 1031 Consilium
2273 1001 2420 1040 publicum
2432 1012 2498 1033 con-

1426 1048 1480 1069 itue
1502 1047 1558 1069 ant.
2015 1056 2018 1061 ι

1378 1077 1540 1108 Consultare
1554 1087 1588 1107 ex
1604 1087 1633 1106 re
1647 1076 1701 1107 sua.
1724 1077 1809 1109 Plaut.
1820 1079 1891 1109 Asin.
1905 1087 1930 1115 3.
1946 1088 1969 1108 1.
1984 1087 2029 1114 ξς.

1472 1116 1568 1145 Meum
1580 1122 1664 1152 caput
1673 1116 1849 1155 contemples
1863 1139 1871 1152 ‚
1894 1117 1911 1146 si
1923 1117 2038 1154 quidem
2048 1125 2084 1146 ex
2095 1125 2124 1145 re
2135 1115 2276 1146 consultas
2285 1120 2342 1146 tua.

1377 1153 1454 1185 Male
1464 1154 1550 1183 corde
1560 1153 1723 1183 consultare.
1748 1154 1833 1184 Plaut.
1843 1155 1927 1185 Truc.
1939 1164 1966 1184 2.
1980 1164 2003 1184 1.
2021 1164 2064 1190 ις.
2086 1153 2193 1183 Blande
2208 1154 2334 1191 alloqui,
2353 1154 2426 1185 male
2437 1164 2497 1185 core

1396 1193 1432 1221 de
1445 1191 1598 1222 consultare
1609 1213 1617 1226 ,
1639 1191 1712 1222 bene
1721 1190 1798 1230 loqui
1810 1193 1913 1230 lingua.

1376 1230 1505 1266 Aliquem
1518 1229 1681 1258 consultare.
1705 1230 1790 1260 Plaut.
1802 1231 1887 1260 Milit.
1900 1242 1926 1265 4.
1944 1239 1988 1266 34.
2019 1230 2036 1260 i.
2052 1239 2076 1259 e.
2099 1228 2251 1259 Consilium
2261 1235 2364 1267 petere.

1376 1270 1446 1299 Aves
1459 1267 1623 1297 consultare.
1652 1267 1720 1297 Plin.
1733 1268 1763 1297 in
1779 1268 1875 1307 Paneg.
1887 1278 1948 1306 cap.
1962 1272 2007 1305 7⁶·
2021 1274 2092 1298 extr.
2114 1266 2177 1297 Una
2188 1274 2247 1296 erat
2257 1268 2288 1296 in
2296 1267 2394 1296 limine
2407 1276 2494 1304 mora,

1395 1305 1551 1336 consultare
1560 1315 1623 1335 aves
1634 1327 1642 1341 ‚
1663 1307 1836 1345 revererique
1849 1308 1999 1337 numinum
2009 1306 2151 1337 monitus:
2171 1314 2257 1335 nemo
2269 1304 2496 1344 proturbabatur,

1396 1354 1482 1373 nemo
1494 1343 1717 1373 submovebatur.

1376 1382 1599 1413 Deliberationes
1609 1381 1773 1412 consultare.
1814 1382 1917 1412 Austor
1926 1381 1962 1412 ad
1973 1381 2095 1411 Herenn.
2111 1389 2136 1417 3.
2148 1389 2174 1410 2.
2196 1379 2269 1410 Item
2280 1380 2497 1411 deliberationes

1377 1421 1496 1489 cparstiiln
1507 1419 1569 1457 ipsae
1579 1420 1726 1486 prolptfffrsq
1734 1418 1929 1488 οοιιὲιιίῑειῃέεὲ
1940 1420 2020 1450 sunt:
2041 1426 2074 1450 ut
2084 1419 2103 1449 si
2115 1417 2252 1449 deliberet
2258 1419 2375 1450 Senatus
2387 1441 2395 1455 ‚
2409 1421 2461 1450 διο.

1402 1469 1438 1489 on
1453 1468 1469 1487 u
1483 1466 1539 1487 tare
1547 1466 1611 1486 cum
1634 1467 1651 1487 n
1673 1465 1771 1488 nitivo.
1813 1468 1820 1486 i
1836 1481 1841 1487 .
1866 1468 1873 1487 i
1896 1481 1902 1488 .
1932 1481 1938 1488 .
1952 1467 2016 1495 347.

1456 1495 1622 1525 Consultant
1631 1497 1764 1525 mandare
1774 1496 1849 1526 duci.

1338 1533 1361 1566 C
1369 1545 1402 1603 <b
1394 1544 1414 1563 N
1420 1544 1434 1578 s
1442 1544 1461 1563 u
1466 1545 1487 1608 3.
1494 1537 1539 1578 τῇ
1550 1543 1594 1609 Ίὲο
1602 1543 1618 1561 a
1629 1555 1637 1569 ‚
1659 1535 1723 1564 fitis.
1745 1544 1782 1564 m.
1805 1534 1863 1571 Qui
1872 1533 2019 1564 consilium
2027 1534 2108 1572 petit.
2130 1532 2301 1571 Pomponius
2312 1531 2332 1562 1.
2345 1541 2372 1562 ι.
2385 1531 2447 1570 Dig.
2461 1532 2496 1563 de

1406 1583 1425 1601 ri
1448 1595 1453 1602 .
1484 1581 1547 1601 uris.
1578 1594 1583 1600 .
1633 1593 1639 1600 .

1339 1611 1362 1642 C
1372 1621 1388 1640 o
1397 1621 1416 1640 N
1426 1583 1462 1640 gu
1473 1621 1489 1638 1.
1497 1619 1518 1638 τ
1526 1620 1545 1638 A
1556 1619 1576 1638 τ
1584 1580 1638 1645 1³05,
1660 1609 1731 1639 finis.
1754 1609 1773 1639 s.
1795 1609 1928 1647 [συμςκλὴ
1937 1630 1946 1646 ,
1963 1607 2116 1645 egueniae]
2135 1608 2201 1638 Ter.
2211 1607 2281 1638 Hec.
2294 1617 2320 1642 4.
2332 1617 2358 1642 4.
2370 1612 2415 1641 ²8·

1456 1647 1540 1677 Nulla
1549 1647 1600 1676 tibi
1612 1669 1620 1682 ,
1643 1647 1784 1685 Pamphile
1794 1670 1802 1682 ,
1824 1648 1872 1678 hic
1882 1648 1939 1684 jam
1950 1647 2118 1677 consultatio
2129 1646 2176 1676 est.
2294 1645 2351 1675 Cic.
2361 1651 2386 1679 8.
2400 1649 2452 1674 Att.
2464 1655 2492 1681 4.

1375 1686 1434 1724 Ego
1444 1695 1543 1715 navem
1558 1686 1670 1723 paravi:
1690 1691 1751 1715 tuas
1761 1686 1866 1716 litteras
1874 1694 1969 1716 tamen
1981 1686 2120 1723 expecto,
2146 1690 2178 1714 ut
2195 1682 2280 1714 sciam
2298 1683 2366 1721 quid
2384 1683 2495 1721 respon-

1376 1725 1461 1753 deant
1474 1724 1672 1753 consultationi
1685 1733 1764 1753 meae.

1375 1762 1580 1793 Deliberatio&
1592 1761 1767 1791 consultatio.
1808 1761 1868 1792 Cic.
1882 1770 1906 1798 3.
1920 1761 1979 1792 Off.
1994 1771 2037 1797 ςο.
2060 1760 2222 1799 Sapientem
2242 1761 2269 1790 δι
2287 1758 2395 1789 bonum
2405 1759 2494 1789 virum

1395 1800 1525 1837 fingimus
1537 1809 1543 1828 :
1565 1799 1600 1828 de
1611 1800 1671 1835 ejus
1681 1800 1883 1830 deliberatione
1894 1802 1919 1830 ἃ.
1930 1799 2133 1829 consultatione
2144 1798 2300 1836 quaerimus.

1375 1838 1566 1875 Quaestionem
1576 1837 1713 1867 infinitam
1726 1860 1734 1873 ‚
1755 1848 1816 1876 quae
1827 1838 1920 1868 Graece
1934 1835 1993 1871 91'015
2004 1837 2108 1867 dicitur
2119 1858 2127 1872 ,
2149 1836 2248 1865 Cicero
2260 1840 2343 1866 vocat
2354 1832 2496 1865 Consulta-

1396 1877 1503 1905 tionem
1517 1897 1526 1909 ‚
1548 1877 1572 1904 ἃ
1586 1885 1601 1904 a
1616 1875 1808 1905 Controversia
1823 1876 1965 1913 distinguit
1976 1876 2005 1904 in
2019 1875 2110 1904 Partit.
2122 1874 2237 1904 Rhetor.
2251 1884 2277 1910 4.

1376 1914 1458 1952 Apud
1475 1913 1505 1942 C.
1517 1913 1649 1943 Caesarem
1661 1913 1827 1944 consultatio
1841 1910 1879 1944 de
1888 1923 1973 1952 poena
1980 1912 2126 1944 Theodori
2136 1912 2260 1951 ponitur.
2284 1910 2403 1948 Quintil.
2415 1909 2493 1947 lib.3.

1394 1961 1425 1981 ca
1449 1974 1456 1981 .
1475 1957 1500 1985 8.

1375 1962 1514 2028 Progoiita
1524 1988 1698 2019 consultatio.
1721 1989 1841 2027 Quintil.
1852 1989 1900 2020 lib.
1919 1998 1943 2027 3.
1959 1998 2020 2027 cap.
2034 1994 2062 2023 8.

1375 2027 1548 2058 Consultatio
1560 2028 1640 2095 ¹alpigd
1651 2028 1728 2058 Suet.
1748 2029 1794 2059 ubi
1806 2028 1958 2066 legendum
1970 2026 2170 2057 Consalutatio.
2203 2024 2236 2056 V.
2257 2025 2287 2055 iii
2307 2034 2349 2054 co
2359 2033 2380 2053 N
2388 2033 2401 2053 s
2410 2033 2430 2053 A
2438 2034 2455 2052 ι,
2465 2033 2497 2053 u-

1396 2074 1416 2094 T
1428 2076 1446 2095 Λ
1454 2076 1474 2094 Τ
1483 2077 1491 2094 ι
1501 2075 1528 2094 o.
1588 2088 1595 2095 .
1628 2073 1646 2095 t.

1339 2103 1361 2133 C
1371 2113 1388 2132 o
1398 2113 1418 2133 N
1428 2113 1439 2134 s
1450 2106 1489 2132 ῑΜ
1498 2105 1510 2132 i
1519 2114 1535 2132 1.
1543 2113 1552 2131 1
1561 2113 1572 2133 s
1584 2125 1592 2138 .
1612 2113 1637 2133 e.
1658 2103 1803 2140 [ilmt&]
1823 2104 1870 2133 cui
1878 2103 2016 2133 contraria
2026 2102 2089 2132 sunt
2098 2101 2241 2131 Dissimilis
2251 2107 2333 2137 atque
2344 2099 2495 2142 Absimilis,

1376 2141 1513 2208 p'uaeffunt
1524 2141 1647 2177 ejusdem
1657 2141 1870 2179 significationis.
1912 2141 1998 2171 Plaut.
2009 2140 2110 2179 Amph.
2125 2150 2149 2170 ι.
2164 2150 2187 2170 ι.
2198 2144 2263 2176 287.
2285 2138 2357 2169 Tam
2370 2137 2496 2168 consinii-

1389 2189 1410 2208 is
1423 2189 1437 2208 e
1473 2187 1498 2208 at
1521 2189 1554 2208 ue
1565 2189 1579 2208 e
1600 2189 1626 2208 0.

1377 2189 1663 2247 Carmenqconsigmile.
1685 2216 1770 2248 Ovid.
1784 2226 1810 2255 3.
1826 2218 1862 2248 de
1871 2217 1950 2248 Pont.
1960 2225 1986 2254 7.
2001 2224 2028 2254 3.

1377 2254 1472 2284 Causa.
1504 2254 1611 2285 Lucret.
1620 2266 1647 2291 4.
1659 2264 1724 2292 234.

1378 2292 1472 2322 Color.
1494 2292 1602 2322 Lucret.
1614 2302 1640 2323 2.
1653 2296 1717 2327 80⁶·

1376 2329 1533 2361 Consimilis
1543 2330 1632 2361 ludus.
1656 2331 1720 2361 Ter.
1734 2328 1804 2361 Eun.
1820 2339 1844 2367 3.
1861 2342 1884 2368 ς.
1898 2336 1943 2368 38.

1533 2382 1571 2390 ··—*
1582 2371 1607 2399 8<
1617 2370 1679 2406 quia
1692 2369 1866 2400 consimilem
1876 2369 1975 2400 luserat

1376 2440 1401 2473 R
1422 2444 1440 2473 t·
1467 2402 1529 2473 jain
1537 2406 1605 2474 olirtn
1615 2406 1665 2479 illp3
1673 2407 1781 2437 ludum.

1405 2454 1418 2473 a
1434 2454 1469 2474 io.
1515 2454 1579 2474 uere
1594 2467 1600 2474 .
1615 2454 1638 2474 1.
1687 2455 1713 2475 2.

1375 2481 1548 2516 Consimilis,
1571 2457 1693 2519 genitivi)
1705 2482 1841 2518 junctum.
1863 2481 1928 2513 Ter.
1943 2482 2081 2513 Heaum.
2094 2491 2121 2517 4.
2136 2489 2179 2516 13.
2410 2516 2416 2523 Ι

1468 2520 1552 2556 Cujus
1565 2531 1624 2550 mos
1634 2522 1756 2551 maxime
1765 2520 1803 2550 est
1812 2521 1962 2551 consimilis
1970 2521 2086 2550 vestrum
2101 2541 2110 2555 ‚
2131 2520 2159 2548 hi
2179 2518 2206 2548 se
2225 2517 2261 2547 ad
2279 2526 2328 2546 vos
2340 2514 2493 2554 applicant.
2540 2550 2545 2559 k

1393 2557 1452 2586 Cic.
1468 2567 1491 2587 1.
1507 2558 1542 2587 de
1555 2558 1631 2588 Orat.
1644 2569 1705 2594 149.
1727 2558 1811 2588 Causa
1822 2558 1913 2597 aliqua
1922 2558 2011 2598 posita
2020 2557 2155 2589 consimili
2164 2556 2307 2587 causarum
2321 2564 2424 2590 earum,
2436 2563 2496 2591 quae

1395 2596 1424 2623 in
1436 2595 1528 2625 forum
1539 2596 1709 2626 deferuntur.

1374 2632 1532 2663 Consimilis
1546 2655 1554 2669 ‚
1574 2635 1679 2664 dativo.
1720 2633 1785 2663 Ter.
1803 2633 1903 2663 Heaut.
1921 2643 1947 2665 2.
1960 2645 1985 2669 4.
1998 2643 2026 2663 2.
2420 2667 2426 2673 ,
2509 2666 2514 2673 ,

1467 2671 1499 2700 ld
1509 2681 1572 2701 curn
1583 2672 1707 2702 studuisti
1719 2694 1728 2708 ‚
1751 2673 1791 2701 isti
1803 2672 1898 2701 formae
1908 2681 1999 2702 mores
2006 2678 2040 2701 ut
2047 2669 2204 2700 consimiles
2212 2668 2313 2698 forent.
2394 2667 2452 2711 Cic.
2467 2675 2494 2696 2.
2545 2706 2549 2709 ᾖ

1392 2707 1513 2747 Philipp.
1529 2715 1574 2744 28.
1601 2711 1686 2747 Quod
1699 2720 1785 2747 quum
1796 2720 1855 2740 rem
1864 2709 1991 2747 gestisset,
2012 2708 2184 2739 consimilem
2192 2706 2274 2737 rebus
2284 2706 2318 2735 iis
2329 2727 2338 2742 ‚
2359 2714 2425 2742 quas
2437 2703 2495 2742 ipse

1396 2746 1541 2783 gesseram,
1564 2758 1608 2777 me
1621 2748 1790 2785 potissimum
1802 2770 1810 2782 ,
1833 2750 1886 2777 (sic.

1378 2783 1465 2821 Quod
1476 2785 1513 2814 est
1523 2785 1673 2815 consimilis
1685 2785 1818 2815 moribus.
1839 2785 1904 2815 Ter.
1916 2785 2016 2815 Heaut.
2032 2795 2056 2818 ς.
2072 2792 2094 2821 3.
2109 2787 2151 2813 16.
2416 2818 2421 2823 ¹
2437 2816 2443 2823 .
2552 2813 2554 2817 ,

1338 2820 1360 2850 C
1373 2832 1390 2850 o
1401 2831 1419 2850 N
1428 2832 1440 2851 s
1451 2833 1488 2851 im
1500 2834 1508 2851 ι
1518 2825 1552 2852 Li
1562 2833 1581 2851 T
1591 2833 1605 2852 a
1614 2833 1640 2859 a,
1655 2824 1721 2853 Adv.
1736 2823 1808 2853 Gell.
1817 2832 1888 2860 17.9.
1902 2823 2011 2853 Surculi
2022 2822 2109 2852 derasi
2117 2829 2199 2859 atque
2208 2818 2298 2849 ornati
2308 2817 2496 2848 consimiliter·
2554 2829 2558 2838 =

1338 2859 1646 2896 CON81M1Li'TAs,
1667 2862 1726 2891 atis.
1749 2862 1767 2891 f.
1791 2862 1931 2897 Augustin.
2300 2881 2302 2883 >

1337 2896 1411 2926 CoN
1423 2907 1454 2927 si
1467 2902 1633 2927 Μιιιτῦι)
1645 2910 1681 2934 0,
1702 2899 1766 2928 inis.
1789 2899 1808 2928 f.
1830 2899 1890 2933 ‚lCr.
1905 2898 2013 2928 inCod.

1337 2933 1360 2963 C
1370 2944 1387 2964 o
1400 2944 1418 2964 N
1429 2945 1441 2964 s
1449 2946 1458 2963 1
1466 2945 1486 2964 N
1495 2945 1514 2964 o
1522 2946 1531 2964 1
1541 2946 1552 2965 s
1560 2957 1568 2968 .
1589 2937 1752 2966 Nicomedis
1763 2937 1897 2974 Bithyniae
1905 2937 1976 2973 regis
1986 2945 2066 2970 uxor,
2088 2944 2148 2978 quai
2158 2943 2173 2964 a
2183 2942 2251 2963 cane
2264 2931 2382 2962 lacerata
2396 2929 2492 2966 fertur,

1376 2979 1490 3010 propter
1502 2973 1674 3004 lasciviorem
1683 2985 1748 3004 cum
1761 2976 1859 3004 marito
1870 2976 1977 3011 jocum.
2001 2973 2069 3002 Plin.
2080 2972 2128 3002 lib.
2142 2977 2167 3005 8.
2181 2981 2242 3007 cap.
2254 2981 2299 3005 4ο.
2406 3007 2410 3011 η

1338 3009 1361 3038 C
1373 3020 1419 3076 0¹N
1428 3020 1506 3054 satvr
1515 3022 1562 3078 ufim
1574 3034 1582 3046 ‚
1602 3023 1653 3050 pro
1672 3013 1813 3051 Consepto
1830 3012 1971 3050 usurpavit
1984 3011 2105 3045 Ennius,
2126 3010 2192 3039 teste
2204 3008 2291 3039 Festo.
2332 3007 2495 3043 Conliptum
2541 3027 2545 3030 .
2562 3010 2565 3015 '

1376 3058 1391 3076 c
1404 3058 1461 3077 avis
1491 3058 1524 3078 rae
1548 3059 1623 3079 xum.

1337 3083 1360 3114 C
1371 3095 1387 3114 o
1398 3095 1416 3114 N
1428 3095 1439 3115 s
1450 3059 1549 3121 ιξτο,
1570 3088 1695 3122 constiti,
1718 3088 1868 3117 constitum
1881 3109 1889 3122 ,
1910 3086 2042 3123 ἷζε-κτίζων,
2067 3084 2214 3120 wvt‘rocpeau]
2236 3085 2292 3113 Ere.
2311 3092 2327 3111 a
2338 3081 2398 3111 Con
2415 3083 2440 3111 ἅ
2453 3081 2498 3110 Si·
2544 3107 2546 3111 ,

1375 3123 1415 3153 sto
1425 3125 1624 3162 compositum3
1643 3125 1776 3163 significat
1787 3126 1873 3159 Stare,
1885 3123 1930 3155 vel
1939 3125 2051 3163 proprie
2063 3123 2125 3153 Una
2134 3123 2210 3152 stare.
2226 3121 2310 3151 Plaut.
2325 3119 2375 3149 Aul
2390 3129 2494 3156 34¹5·

1430 3162 1490 3196 Jam
1503 3162 1577 3192 hunc
1587 3173 1644 3192 non
1656 3163 1741 3193 ausim
1754 3164 1894 3201 praeterire
1905 3185 1913 3198 ‚
1935 3163 2001 3200 quin
2018 3162 2159 3192 consistam
2177 3163 2202 3189 ὃ(
2217 3159 2370 3195 colloquar.
2428 3152 2494 3186 Ter.
2529 3163 2535 3170 ‘

1376 3199 1454 3228 Adel.
1466 3209 1491 3228 2.
1508 3209 1530 3229 1.
1543 3210 1569 3229 2.
1593 3201 1688 3230 Otiose
1697 3211 1773 3230 nunc
1785 3202 1841 3234 jam
1855 3201 1932 3230 illico
1949 3202 1995 3229 hic
2006 3199 2128 3228 consiste.
2171 3197 2226 3226 Ubi
2239 3197 2382 3226 Donatus:
2403 3193 2498 3238 Consi-

1375 3239 1445 3266 {tere
1456 3258 1463 3271 .
1485 3237 1523 3266 est
1535 3239 1668 3268 Audacter
1677 3240 1703 3268 δι
1714 3239 1870 3268 constanter
1883 3240 1958 3268 stare.
2009 3237 2186 3273 [Constitum
2197 3235 2293 3272 partic.
2308 3243 2364 3262 non
2373 3233 2434 3276 legi.
2542 3272 2544 3277 .
2565 3271 2568 3277 Ι

1376 3274 1525 3318 Consistere
1540 3276 1566 3305 Sc
1576 3277 1751 3306 commorari.
1791 3276 1850 3305 Cic.
1865 3286 1915 3313 pro
1928 3275 2005 3305 Rosc.
2017 3271 2233 3316 Com-4821&
2245 3272 2313 3301 mihi
2328 3277 2426 3300 veritas
2438 3278 2496 3298 ma·
2553 3296 2561 3315 ‚⁴

1376 3313 1791 3387 οὲἓῖηέῬέἓὲἀεὲεἳέῗᾞὲἓέ
1801 3314 1981 3389 332335325‘
1992 3311 2256 3382 cgissiiss‘iiifflts'.
2279 3345 2452 3381 Minimeque
2465 3344 2494 3372 in
2540 3328 2553 3374 “,

1394 3388 1501 3417 lubrico
1512 3388 1660 3418 versabitur
1670 3411 1678 3425 ,
1700 3391 1725 3419 ἃ
1735 3388 1753 3419 si
1765 3389 1849 3419 semel
1863 3390 2016 3418 constiterit
2026 3409 2033 3423 ,
2055 3396 2196 3423 nunquam
2212 3385 2301 3428 cadet.

1376 3424 1453 3454 Vires
1462 3426 1611 3469 prohibent
1622 3426 1768 3456 consistere
1777 3437 1837 3462 me,
1859 3429 1876 3455 i.
1887 3436 1911 3456 e.
1934 3427 1980 3456 Ob
1999 3426 2099 3456 virium
2115 3421 2337 3454 imbecillitatem
2354 3418 2494 3449 subsistere

1377 3464 1904 3544 aeii‘gffziflsissaissinlitus..
1918 3510 1942 3537 ³.
1954 3507 2000 3536 2..

1378 3539 1660 3576 Constititnusquam.
1683 3541 1741 3570 Cic.
1759 3550 1799 3568 ιι.
1813 3540 1887 3570 Fam.
1905 3549 1944 3576 ¹3-
2296 3571 2301 3576 .

1376 3576 1505 3642 Co¹nstitit
1515 3587 1578 3643 auat
1589 3577 1674 3621 altero
1686 3577 1823 3607 hocloco.
1865 3577 1952 3607 Plaut.
1964 3575 2029 3606 Cist.
2042 3585 2069 3611 4.
2080 3583 2106 3604 2.
2121 3581 2165 3610 30.
2186 3571 2218 3602 In
2226 3570 2282 3601 hoe
2293 3580 2348 3606 jam
2359 3570 2422 3600 1000
2430 3575 2495 3598 cum
2540 3588 2544 3601 ψ

1396 3623 1410 3641 ἢ
1425 3622 1482 3642 [ero
1494 3624 1547 3643 con
1573 3623 1624 3644 itit.

1377 3651 1507 3680 Constitit
1517 3653 1562 3681 vix
1572 3653 1697 3682 triduum
1708 3652 1802 3682 Romae
1812 3652 1873 3690 post
1883 3651 2054 3690 quaesturam.
2076 3648 2136 3679 Cic.
2148 3656 2173 3685 3.
2188 3647 2264 3678 Verr.
2278 3655 2340 3676 ior.

1376 3691 1448 3718 Ante
1458 3689 1564 3718 oculos.
1588 3690 1673 3720 Ovid.
1690 3700 1734 3725 ις.
1748 3690 1831 3728 Epist.
1846 3695 1907 3720 ιω.
2352 3694 2354 3698 “

1376 3729 1448 3755 Ante
1459 3728 1544 3763 pedes
1558 3727 1683 3763 alicujus.
1706 3727 1808 3757 Lucan.
1820 3737 1846 3757 2.
1863 3738 1926 3764 <09-

1376 3765 1447 3793 Ante
1458 3762 1550 3793 vultus
1558 3764 1684 3803 alicujus.
1706 3766 1791 3795 Ovid.
1803 3775 1847 3795 20.
1866 3765 1950 3803 Epist.
1966 3773 2012 3803 75.

1377 3801 1503 3839 Propius.
1528 3803 1612 3832 Ovid.
1630 3814 1654 3839 3.
1666 3804 1702 3832 de
1712 3805 1775 3833 Arte
1785 3805 1844 3833 Am.
1858 3809 1924 3840 467.

1378 3839 1490 3868 Contra.
1515 3839 1586 3877 Virg.
1605 3850 1648 3869 12.
1662 3841 1723 3870 AEn.
1736 3850 1800 3878 ²7¹·

1375 3874 1417 3906 Ex
1430 3877 1535 3905 diverso
1551 3878 1699 3908 consistens
1711 3885 1853 3916 patronus.
1877 3875 1997 3914 Quintil.
2010 3871 2058 3905 lib.
2068 3886 2094 3911 4.
2107 3884 2168 3913 cap.
2188 3882 2210 3904 t.
2233 3883 2260 3912 p.
2273 3882 2336 3911 307.
2378 3909 2385 3915 ι
2452 3904 2458 3912 ,

1377 3914 1409 3944 In
1422 3915 1513 3951 aliquo
1529 3915 1591 3945 loco
1609 3916 1763 3947 consistere.
1804 3915 1870 3946 Caes.
1881 3929 1908 3952 4.
1930 3914 1995 3944 Bell.
2010 3913 2081 3944 Gan.
2093 3917 2139 3944 26.
2171 3912 2262 3943 Nostri
2281 3909 2361 3941 simul
2376 3918 2405 3938 m
2421 3905 2496 3937 arido

1396 3953 1591 3983 constiterunt.

1376 3989 1409 4020 In
1419 3991 1488 4020 acie.
1513 3991 1603 4022 Tacit.
1615 4001 1643 4022 2.
1661 3993 1732 4023 Ann.
1746 3997 1792 4027 80.
2465 3979 2499 4010 1⁸²
