2641 4187
625 119 1212 173 PRAEFATIO

60 224 160 263 facile
181 231 358 265 recurrat,
385 231 641 270 quemcunque
663 220 812 257 denium
833 221 1033 260 sermonem
1058 223 1225 261 adhibue-

62 275 108 310 ris
125 281 164 310 ut
178 274 317 311 alterius
332 272 373 308 sit
392 272 587 317 interpres,
622 281 777 315 cumque
800 270 866 306 suis
886 271 1116 308 solummodo
1139 284 1225 309 con-

62 322 148 360 sulat
159 325 219 372 qui
241 320 428 359 vernacule
448 324 628 365 exponat,
655 318 751 353 unde
768 317 806 354 fit
828 321 968 356 utinter
990 323 1006 366 †
1033 320 1126 357 istius
1140 334 1227 368 gen-

62 375 107 410 tis
129 373 258 409 limites
275 368 468 407 istiusmodi
491 367 624 404 Lexica
642 367 713 402 fere
732 369 1004 411 contineantur,
1033 381 1149 417 neque
1167 370 1228 405 ali-

63 423 102 460 bi
117 419 356 460 innotescant,
385 423 522 454 mutato
539 414 689 451 consilio
706 417 1037 463 interpretationem
1052 417 1227 455 Gallicam

64 470 209 509 recocto
232 480 342 515 opere
362 475 401 504 ut
424 464 588 502 inutilem
610 463 766 500 resecuit.
815 464 872 501 Ad
900 467 1099 503 testimonia
1129 467 1228 514 quod

65 520 212 559 attinet,
237 517 372 554 sumnia
397 513 583 552 nobiscum
616 513 685 549 fide
709 515 782 560 egit
809 512 1015 551 STEPHAN
1027 528 1083 552 us.
1134 516 1229 552 Nam

64 567 228 618 quamvis
254 572 381 614 praeter
409 576 448 601 ea
488 574 566 612 quae
595 564 740 610 propria
772 561 901 599 iectura
931 564 1228 611 suppeditaverat,

65 617 221 666 plurima
247 627 293 652 ex
319 614 452 655 Calepino
470 611 612 660 aliisque
639 613 700 660 qui
722 611 978 649 antecedebant
1005 613 1166 655 corrasit,
1207 613 1231 649 si

66 676 161 715 quos
184 671 305 702 tamen
329 662 485 700 auctores
506 660 635 697 adduci
660 659 829 696 sentiebat
848 662 965 698 minus
984 662 1160 704 idoneos,
1191 664 1232 698 iis

63 714 201 760 rejestis
213 741 223 755 ,
250 713 475 761 probatiores
494 710 610 746 multo
625 709 805 750 adhibuit,
836 710 921 746 &ut
931 711 1066 748 nullam
1082 713 1232 760 gratiam

65 762 181 801 abesse
203 761 347 803 sineret,
375 762 481 798 etiam
509 757 835 807 probatissimorum
866 759 1067 796 testimonia
1091 772 1169 808 quae
1195 762 1232 796 in

65 812 143 849 aliis
165 811 379 848 diffionariis
397 809 484 858 saepe
506 814 674 854 corrupta
694 806 924 854 legebantur,
954 821 1062 857 quarn
1085 808 1234 846 fideliffi.

67 873 126 898 me
143 862 263 908 potuit
280 859 355 897 fieri
369 887 378 902 ,
406 870 498 907 pene
513 858 636 895 omnia
657 856 814 892 restituit.
864 854 920 892 Ad
940 858 1106 895 ordinem
1126 859 1234 895 etiam

67 910 333 959 alphabeticum
365 921 448 946 cum
475 907 673 956 plurimum
695 907 859 941 conferre
888 906 1031 944 videbat
1055 914 1096 944 ut
1126 908 1233 944 etiam

67 958 268 1007 composita
282 959 344 997 suo
363 959 448 995 loco
462 986 470 999 ,
499 967 576 992 non
594 961 634 991 ut
653 954 740 1002 saepe
758 953 817 996 fit,
846 956 883 990 in
902 955 1018 992 alieno
1034 984 1043 998 ,
1073 955 1110 993 id
1130 957 1177 993 est
1196 957 1234 992 in

67 1009 134 1048 suis
162 1008 381 1057 simplicibus
412 1011 667 1056 quaererentur,
704 1015 783 1040 eam
805 1005 912 1041 etiam
935 1016 1082 1052 operam
1105 1004 1237 1042 utilissi-

68 1068 168 1096 mam
200 1058 280 1095 sane
304 1057 477 1106 praestitit,
513 1053 609 1091 unde
635 1052 838 1089 mirandum
866 1056 1012 1100 (potius
1040 1067 1084 1091 an
1109 1054 1237 1091 dolen..

67 1107 210 1154 dum?)
238 1106 492 1156 posterioribus
516 1103 725 1140 hominibus
751 1109 825 1138 tam
850 1102 1007 1139 inscitam
1039 1101 1237 1150 dispositio-

71 1169 158 1195 nem
182 1157 324 1205 placere
352 1153 525 1203 potuisse,
568 1160 607 1188 ut
635 1151 923 1200 unumquodque
954 1153 1172 1189 vocabulum
1198 1154 1236 1189 in

69 1206 166 1245 suam
194 1205 288 1255 quafi
308 1213 454 1253 gentem
479 1203 515 1239 &
540 1200 710 1238 familiam
739 1200 885 1237 dubiam
915 1201 1107 1250 aliquando
1127 1203 1163 1238 &
1184 1203 1239 1238 in-

69 1262 205 1292 certam
226 1254 468 1302 dispertirem,
495 1250 592 1288 unde
618 1250 764 1287 taedium
797 1249 996 1287 consulenti
1021 1252 1057 1287 Sc
1078 1251 1238 1288 molestia

70 1304 200 1354 absque
217 1304 355 1352 ingenti
374 1302 503 1339 fruetus
525 1299 639 1347 specie
659 1297 836 1346 saepiffime
861 1300 998 1335 oboriri
1020 1300 1117 1337 solet.
1171 1301 1240 1337 lin-

70 1355 261 1392 mo‘etiam
286 1351 490 1389 mirandum
510 1350 668 1386 maxime
697 1351 825 1382 Henrico
856 1347 930 1384 filio
961 1349 1029 1385 tale
1046 1350 1181 1399 aliquid
1203 1351 1240 1386 in

71 1408 231 1441 mentem
253 1401 402 1443 venisse,
428 1408 468 1438 ut
492 1405 618 1447 praeter
645 1397 839 1434 istiusmodi
874 1397 1134 1436 distinfflonem
1164 1411 1241 1447 quae

71 1452 135 1490 sibi
151 1453 189 1489 in
210 1451 340 1489 Graeco
357 1450 538 1488 Thesauro
561 1447 793 1484 veliementer
814 1447 970 1494 placuit,
998 1449 1058 1484 ubi
1077 1448 1240 1495 profecto

71 1504 255 1550 integrum
287 1507 361 1537 erat
381 1498 578 1549 quamlibet
602 1496 793 1537 adhibere,
830 1496 898 1532 tale
921 1498 1027 1533 etiam
1056 1508 1244 1534 commen-

71 1559 151 1589 tum
165 1553 202 1587 in
221 1557 411 1598 paternum
430 1558 576 1597 quoque
590 1545 809 1582 Thesaurum
828 1545 1067 1583 meditaretur.
1096 1546 1242 1583 Laevum

71 1601 284 1641 hominem,
313 1600 349 1635 δε
368 1599 535 1636 omnium
571 1606 663 1646 quos
706 1594 780 1630 vidi
807 1593 951 1642 pessime
979 1596 1142 1632 feriatum
1174 1595 1239 1641 [a]!

73 1649 236 1689 Nomina
258 1649 413 1696 denique
432 1646 578 1695 propria
605 1643 743 1681 admisit
765 1643 838 1680 fere
868 1644 975 1681 nulla.
1025 1645 1173 1682 Utinam
1197 1657 1243 1682 ne

73 1711 191 1738 unum
201 1698 367 1748 quidem!
393 1696 488 1734 Nam
505 1705 709 1744 quanquam
722 1693 812 1730 adeo
832 1705 908 1730 rara
927 1701 1117 1731 occurrant
1130 1701 1168 1730 ut
1182 1695 1243 1731 vix

75 1749 205 1797 viginti
225 1747 347 1796 passim
373 1748 411 1783 in
432 1752 514 1782 toto
542 1755 652 1792 opere
675 1744 921 1784 inveniantur,
950 1756 989 1780 ea
1014 1746 1137 1792 potius
1159 1755 1244 1780 cum

73 1799 208 1836 caeteris
227 1809 272 1834 ex
288 1796 502 1833 dictionariis
519 1793 564 1831 ad
578 1805 657 1830 eam
672 1805 748 1829 rem
766 1793 989 1829 concinnatis
1001 1821 1009 1835 ,
1039 1793 1083 1830 ad
1101 1804 1178 1842 quae
1199 1792 1242 1829 sc.

74 1847 248 1884 lectorem
265 1845 431 1882 amandat
459 1855 567 1893 quam
585 1854 630 1879 ex
652 1841 856 1889 hujusmodi
878 1853 988 1890 opere
1005 1843 1113 1891 quaeri
1136 1853 1246 1889 opor-

75 1897 182 1934 tebat.
232 1895 334 1933 Licet
346 1894 501 1942 denique
517 1903 600 1929 eum
618 1893 678 1940 qui
691 1890 898 1939 profiteatur
917 1892 949 1928 se
968 1892 1082 1928 nullas
1097 1891 1170 1928 fere
1182 1902 1246 1927 vo-

76 1958 136 1983 ces
156 1944 304 1982 inserere
326 1943 389 1980 nisi
408 1949 592 1993 quotquot
610 1953 655 1977 ex
684 1941 806 1989 aliquo
830 1940 971 1977 auftore
995 1948 1143 1988 recepto
1162 1951 1247 1989 pro-

75 1994 324 2043 batiffimoque
342 1991 589 2030 commendari
612 1996 798 2038 poterant,
826 1990 916 2027 intra
942 2002 1053 2027 aureae
1077 1989 1248 2028 Latinita-

76 2046 123 2082 tis
143 2044 274 2081 limites
298 2044 330 2080 se
349 2049 388 2080 ut
410 2042 609 2090 plurimum
639 2041 826 2076 continere
857 2039 1024 2082 decebat,
1053 2039 1246 2089 aliquando

78 2101 201 2131 tamen
232 2092 278 2130 ad
305 2093 456 2129 ferream
482 2090 741 2137 barbaramque
770 2100 863 2137 pene
897 2088 929 2125 se
956 2089 1072 2126 delabi
1105 2090 1245 2137 patitur.

77 2143 208 2192 Neque
229 2142 305 2179 haec
323 2140 532 2189 increpandi
553 2140 675 2176 animo
693 2138 855 2175 dicimus.
906 2138 1001 2175 Nam
1015 2139 1077 2186 qui
1095 2138 1249 2176 Thesau-

79 2205 161 2231 rum
176 2191 216 2230 L.
229 2191 268 2230 L.
281 2191 491 2231 meditetur,
518 2200 724 2238 quanquam
739 2199 824 2224 cum
847 2186 869 2224 S
880 2199 904 2224 T
914 2199 960 2224 ΕΡ
972 2200 1063 2224 HAN
1075 2200 1098 2224 o
1126 2188 1248 2224 nostro

79 2255 128 2281 ex
156 2244 289 2276 Terentio
302 2267 312 2284 ‚
339 2243 492 2280 Cicerone,
519 2238 625 2272 Plauto
642 2237 843 2286 caeterisque
859 2236 1017 2273 melioris
1037 2244 1133 2274 notae
1152 2237 1251 2285 spiri-

82 2300 159 2330 tum
178 2292 410 2338 animumque
435 2289 562 2329 ducat,
589 2286 758 2323 nonnihil
784 2294 905 2323 tamen
932 2297 951 2323 c
1044 2287 1175 2323 eodem
1205 2298 1250 2323 ex

81 2341 228 2387 Apuleio,
254 2339 404 2380 Palladio,
431 2337 547 2379 Persio,
572 2336 732 2378 Martiali,
760 2336 824 2380 Jul.
844 2339 975 2372 firmite,
998 2339 1127 2377 Lucano,
1158 2335 1252 2369 Clau-

82 2392 186 2432 diano,
209 2391 342 2434 Justino,
371 2390 493 2428 Curtio,
519 2385 704 2429 Lampridio,
729 2384 897 2421 nonnihil
913 2396 1060 2434 quoque
1077 2397 1122 2421 ex
1138 2384 1250 2433 JCtis,

84 2452 130 2478 ex
159 2443 249 2480 Caio,
275 2437 386 2478 Paulo,
416 2436 558 2480 Ulpiano,
585 2434 651 2471 &c.
696 2433 759 2471 fibi
785 2434 922 2470 adnasci
953 2434 990 2471 δε
1020 2434 1252 2471 adhaerescere

83 2490 228 2530 lubens,
252 2486 398 2525 videbit.
449 2485 495 2523 At
510 2484 761 2522 STEPHANO
793 2491 913 2520 tamen
945 2484 1153 2531 neutiquam
1176 2483 1255 2520 sunt

84 2536 328 2577 condonanda
349 2547 427 2586 quae
450 2547 496 2572 ex
513 2534 585 2582 ipsa
603 2533 735 2570 sentina
759 2531 967 2571 Barbarismi
985 2533 1187 2580 depromit,
1218 2534 1254 2570 δε

84 2600 165 2640 quae
194 2599 273 2624 non
296 2585 415 2622 dicam
439 2596 458 2621 a
476 2582 722 2632 probatiffimo
751 2582 893 2619 auctore
914 2581 973 2618 sed
993 2594 1011 2619 a
1028 2582 1130 2619 nullo
1153 2593 1256 2619 com-

83 2636 324 2680 mendentur3
349 2634 609 2674 MYMPHUR,
635 2631 839 2672 SUBTAL,
868 2631 1256 2674 SUBTEGULANEA‚

85 2687 440 2725 Permissum,
467 2682 664 2731 ApeiAre,
693 2681 760 2718 &c.
813 2681 905 2727 Quae
926 2693 945 2717 a
963 2681 1093 2718 Graecis
1115 2687 1256 2718 mutua-

87 2744 144 2774 tur
161 2748 181 2773 a
202 2735 303 2772 nullo
327 2733 458 2771 Latino
483 2733 666 2780 scriptore
690 2731 870 2778 usurpata,
899 2729 1253 2773 OSTRAcismus,

87 2785 247 2827 Poris,
281 2783 585 2822 parmenas,
611 2780 812 2822 ACARUS,
836 2781 904 2816 διο.
963 2779 1176 2817 Condonari
1202 2786 1256 2816 ut-

89 2846 232 2883 cunque
249 2832 379 2881 possint
397 2843 476 2880 quae
492 2829 598 2867 finxit
616 2831 752 2867 incuria
773 2835 834 2866 aut
860 2829 965 2866 lectio
998 2830 1104 2865 nimis
1123 2840 1255 2877 prope-

89 2890 184 2926 rata,
217 2882 518 2921 Aii‘iu‘raono,
545 2878 783 2917 Aci-:mnu
808 2878 909 2926 quod
940 2878 1179 2915 ACETARIA
1205 2890 1258 2915 re-

89 2933 177 2971 ctius
192 2932 370 2972 scribitur,
397 2931 450 2967 uti
465 2928 581 2965 modo
609 2935 782 2965 occurrat.
834 2926 1047 2966 Condonari
1064 2929 1170 2964 etiam
1184 2927 1257 2963 sor-

89 2982 190 3024 tasse,
217 2993 296 3030 quae
314 2979 459 3017 adducit
476 2990 523 3014 ex
544 2979 648 3015 unius
666 2980 774 3012 Perotti
787 2977 1010 3018 austoritate³
1039 2983 1079 3012 ut
1094 2974 1130 3014 N
1137 2988 1222 3019 EQU
1231 2989 1260 3013 1-

91 3044 195 3074 Tus,
215 3032 282 3068 &c
320 3041 406 3067 cum
432 3027 623 3065 hominem
643 3026 751 3075 sapiat
786 3026 908 3062 alienae
938 3025 1130 3074 diligentia:
1151 3037 1260 3074 quam

90 3082 156 3119 suae
170 3081 367 3130 aequiorem
390 3078 647 3114 aestimatorem.
698 3075 828 3124 Neque
850 3074 1011 3123 profesto
1030 3076 1067 3111 in
1090 3087 1130 3112 ea
1153 3087 1261 3119 mgisq-

90 3134 167 3175 γίᾳ,
200 3129 315 3166 modo
342 3139 388 3165 ne
414 3127 570 3164 nimium
597 3125 803 3173 pinguescat
826 3124 937 3165 liber,
977 3123 1175 3172 quidquam
1203 3123 1260 3160 vel

90 3179 224 3218 fraudis
245 3178 302 3215 vel
324 3177 459 3224 inJuriae
475 3174 741 3212 consulentibus
763 3175 872 3220 objici
890 3174 1026 3219 senti0;
1050 3171 1075 3210 fi
1094 3184 1261 3221 unaquae-

92 3242 163 3279 que
181 3240 257 3265 vox
271 3227 368 3265 suam
383 3225 502 3262 secum
522 3224 656 3261 adferat
673 3223 823 3257 αὖθεντίσιν
834 3251 844 3265 ,
872 3222 941 3260 five
957 3221 997 3259 sit
1011 3223 1155 3257 Ciceronis
1166 3222 1261 3259 usur-

90 3280 207 3328 pantis
221 3305 231 3320 ‚
253 3275 324 3313 sive
344 3277 454 3310 Perotti
470 3272 677 3310 adducentis
691 3300 702 3315 ,
728 3274 910 3321 integrum
930 3274 1062 3308 interea
1079 3270 1120 3307 fit
1137 3271 1261 3308 ledori

93 3328 202 3366 fidem
219 3327 315 3364 suam
332 3324 389 3361 vel
410 3322 579 3361 adhibere
601 3322 659 3359 vel
682 3324 897 3370 reprimere,
923 3320 1038 3359 modo
1067 3322 1158 3357 inter
1181 3323 1262 3355 Cice-

93 3389 192 3412 ronem
211 3377 249 3414 ὅτ,
266 3379 417 3411 Perottum
435 3371 675 3410 internoscere
700 3372 736 3409 δε
760 3370 952 3418 dijudicare
968 3371 1112 3418 poterit.

427 3468 531 3519 Jaffls
554 3471 680 3520 utique
698 3476 771 3507 tam
793 3468 968 3517 praeclaris
994 3467 1236 3505 fundamentis
1250 3494 1260 3509 ,

95 3499 164 3528 ω’·
183 3499 254 3538 ms·
275 3499 358 3534 ¹³³⁶*
385 3527 559 3569 quantum
577 3519 709 3557 deinde
724 3530 843 3568 operae
856 3518 1144 3567 Typographicae
1157 3516 1264 3554 relin-

134 3707 182 3744 [a]
202 3707 223 3723 “
243 3706 331 3745 Spero
352 3710 447 3735 autem
466 3704 527 3735 fore
549 3709 582 3734 ut
606 3705 729 3743 paternis
747 3701 852 3742 vigiliis
864 3710 940 3732 meae
960 3700 1111 3739 aliquando
1133 3700 1260 3735 addens,

97 3747 120 3764 ‘⁶
139 3745 212 3776 illud
230 3743 366 3775 Thesauri
387 3743 493 3773 Latinae
516 3741 631 3781 Linguae
653 3753 725 3782 opus
742 3752 808 3773 cuin
829 3740 891 3770 aliis
909 3738 1009 3775 rebus,
1029 3748 1085 3768 mm
1098 3748 1162 3767 vero
1175 3748 1267 3766 vocum

1282 122 1404 176 Edit.
1442 126 1636 181 Londin.
1667 145 1687 183 1
1704 147 1742 198 7
1755 148 1784 202 3
1795 148 1837 203 ς.

1277 229 1434 274 quebant
1443 233 1517 273 otii,
1532 240 1652 271 totum
1663 236 1697 271 id
1710 237 1746 272 in
1758 238 1917 285 legendis
1927 240 1956 278 L

1278 276 1730 332 consuiiipsit,aiiniimqiiei
1743 294 1812 330 536
1822 287 1952 326 ditlion

1279 333 1458 362 revocato.
1486 329 1578 366 Nam
1589 342 1672 368 cuni
1686 346 1721 369 m

2373 166 2431 219 13

1960 245 2061 299 utinte
2076 247 2205 294 lingua:
2216 252 2433 299 principibus

1850 338 1858 345 r
1878 339 1882 344 .
1957 303 2028 329 ario
2044 298 2102 331 luo
2115 297 2434 347 clanlitadprelum

1281 371 1304 406 d
1373 372 1380 376 .
1570 381 1575 386 Ι
1643 383 1648 387 ι
1725 334 1968 381 ultalechone‚
1998 354 2202 394 magnoque
2215 348 2435 394 usuplurima

1307 373 1393 408 eelle
1419 386 1610 432 cognovit,
1639 382 1807 432 idemque
1831 387 1874 422 ab
1895 387 1967 424 aliis
1986 395 2121 439 accepit
2139 421 2147 433 ‚
2177 395 2327 441 plurima
2350 399 2436 434 item

1283 422 1462 458 emendari
1481 427 1597 471 polle,
1626 442 1770 469 manuni
1791 437 1891 482 operi
1908 438 2035 475 iteruin
2057 441 2237 486 admovit,
2266 444 2302 480 Sc
2329 458 2346 481 a
2373 447 2437 482 do-

1283 467 1429 522 diffinio
1450 484 1595 529 quoqu—e
1613 481 1783 532 quicquid
1798 485 1833 519 in
1853 484 1925 521 hoc
1947 491 2213 527 commentandi
2231 504 2361 540 genere
2379 508 2438 530 nn-

1284 518 1452 560 notallet,
1480 533 1690 563 nominatim
1716 532 1787 566 Gul.
1813 534 1938 575 Rudaeo,
1973 539 2086 571 Lazaro
2109 541 2221 586 Ryfio,
2243 542 2349 584 jacobo
2379 547 2438 576 Tus

1279 566 1348 608 fimo
1370 567 1572 606 Graecarum
1597 573 1773 615 literarum
1800 580 1915 629 Regio
1941 582 2009 620 Pro

1376 617 1380 621 ι
1405 617 1410 622 .
1667 624 1670 627 1
2014 585 2134 622 sessore
2164 592 2308 635 accepit.
2360 591 2437 628 Mu-

1284 616 1495 699 ξιῗέιιῐιὲἰοιῃ
1508 630 1638 656 vocum
1652 625 1979 679 lormularuinque,
2007 634 2040 669 8<
2058 634 2258 672 Nominum
2275 643 2439 686 proprio-

1375 692 1384 704 9

1335 713 1340 718 Π
1400 678 1569 719 quorum
1589 670 1775 726 absentiam
1799 681 1963 717 nonnulli
1987 684 2055 729 jain
2089 685 2234 721 moleste
2264 688 2437 729 serebant,

1285 711 1741 762 adjectionelocupletavit,
1770 735 1844 760 xiv
1862 727 1934 764 Cui.
1948 730 2036 767 Dec.
2058 739 2158 776 1536.
2178 736 2212 777 Π
2228 733 2288 770 sol.
2318 736 2438 773 Unum

1286 768 1360 813 erat
1377 762 1482 817 qnod
1503 762 1710 823 Lector-ibus
1728 769 1794 806 suis
1818 775 2042 815 vehementer
2060 782 2273 828 placiturum
2297 784 2372 820 fore
2394 788 2442 820 vi-

1288 809 1431 864 sum-est
1453 810 1710 867 Lonipilatori,
1742 828 1779 854 ut
1800 832 1882 858 cum
1905 826 2063 870 plurimae
2084 831 2123 866 lc.
2146 842 2250 867 voces
2270 834 2366 870 nulla
2385 846 2442 870 au-

1288 856 1447 895 &oritate
1470 862 1587 903 enisae,
1617 864 1718 920 nullo
1743 869 1950 908 vadimonio
1969 876 2060 912 l'ultae
2081 879 2287 926 quibusdam
2307 882 2442 918 idcirco

1288 912 1458 961 tanquam
1481 921 1608 956 parum
1630 911 1762 951 Latinae
1782 920 1898 955 minus
1919 925 2175 969 probabantur,
2205 940 2252 965 ea:
2269 931 2337 976 jam
2364 930 2443 967 suos

1290 955 1445 1012 sisterent
1464 959 1631 996 auctores.
1683 963 1752 999 Sed
1771 977 1854 1002 cum
1875 972 2043 1013 Calepinum
2061 975 2164 1011 video
2177 1004 2185 1017 ,
2213 981 2359 1012 l’erottum
2375 979 2443 1015 Sec.

1288 1004 1440 1047 adduci,
1466 1019 1587 1064 curam
1603 1009 1710 1065 laudo
1727 1014 2010 1063 &diligentiam‚
2044 1024 2175 1059 exitum
2187 1024 2363 1068 desidero,
2389 1030 2444 1072 †††

1291 1065 1410 1102 neque
1428 1067 1534 1093 voces
1554 1058 1690 1096 idcirco
1713 1068 1880 1112 tanquam
1902 1064 2099 1105 Latiniores
2120 1072 2217 1108 saeile
2236 1086 2296 1111 ero
2318 1078 2446 1122 proba-

1290 1108 1400 1139 turus.
1448 1104 1660 1162 Sermonem
1681 1109 1859 1149 Gallicum
1888 1114 2005 1152 adhuc
2032 1120 2174 1156 retinuit
2197 1122 2446 1169 interpretem,

1291 1162 1369 1207 non
1387 1152 1450 1209 suo
1470 1154 1616 1193 consilio
1635 1158 1734 1201 usus,
1760 1160 1818 1197 sed
1842 1162 1995 1200 aliorum
2013 1167 2188 1204 voluntati
2206 1181 2223 1205 a
2243 1173 2368 1219 quibus
2389 1175 2447 1210 vix

1291 1200 1470 1239 dissentire
1489 1210 1651 1251 poterat,
1680 1209 1833 1247 nimium
1850 1212 1989 1249 sbrtasse
2008 1215 2231 1264 obl'equutuS.

1293 1320 1363 1349 Edit·
1383 1321 1453 1360 :thes
1476 1333 1556 1362 ¹543·
1636 1302 1756 1342 Tertia
1772 1307 1809 1344 &
1830 1307 1956 1347 ultima
1980 1309 2118 1354 Editio,
2155 1326 2261 1362 quam
2288 1328 2452 1363 procura*

1592 1353 1643 1388 vit
1658 1354 1730 1401 ipse
1753 1355 2041 1405 STEPHANUS,
2062 1361 2195 1409 prodiit
2215 1364 2354 1410 hujusce
2372 1370 2452 1403 anni

1295 1394 1408 1431 aestate
1430 1407 1501 1434 xii
1520 1397 1562 1435 se.
1590 1399 1735 1441 Calend.
1755 1404 1836 1460 Jun.
1851 1406 1950 1445 Paris.
1972 1421 2017 1446 ex
2033 1408 2090 1447 sua
2108 1410 2284 1454 Officina,
2315 1414 2451 1451 2.Voll.

1295 1442 1357 1498 iol.
1411 1444 1506 1502 Cum
1532 1447 1598 1484 Vir
1618 1453 1854 1493 meritissimus
1877 1457 1966 1493 nihil
1987 1458 2081 1495 aliud
2102 1462 2139 1496 in
2166 1463 2286 1497 animo
2305 1462 2457 1500 habuisse

1297 1492 1437 1548 vid-etur
1458 1495 1521 1551 nisi
1541 1504 1586 1554 ut·
1601 1498 1780 1549 frequenti
1805 1504 1978 1548 lenione,
2007 1511 2345 1558 communicatoque
2374 1524 2455 1549 cum

1298 1552 1380 1577 viris
1404 1542 1604 1602 dotliffimis
1632 1551 1800 1594 consilio,
1833 1566 1925 1602 opus
1948 1557 2007 1592 vix
2029 1556 2151 1594 sedulo
2182 1559 2389 1596 inchoatum
2422 1565 2456 1596 &e

1298 1590 1394 1638 quasi
1417 1593 1555 1648 rudiori
1579 1595 1642 1654 filo
1667 1600 1936 1646 adumbratum,
1965 1605 2067 1642 latius
2092 1606 2283 1655 aliquando
2307 1609 2458 1656 expliea-

1296 1651 1334 1695 re
1361 1641 1397 1676 ἂι
1413 1654 1450 1678 in
1469 1642 1747 1701 splendidiorem
1771 1653 1902 1690 vestem
1916 1654 2081 1691 evolvere
2101 1655 2234 1703 posset,
2263 1657 2363 1693 facile
2384 1669 2459 1695 eru«

1297 1688 1518 1748 ditoledtori
1541 1693 1692 1750 liquebit
1714 1699 1903 1739 hominem
1929 1705 2108 1751 prioribus
2134 1706 2284 1750 vestigiis
2312 1706 2461 1742 insisten-

1297 1744 1370 1794 tem
1380 1751 1451 1786 Jam
1472 1745 1677 1799 iinperieeta
1695 1751 1817 1786 omnia
1832 1752 2035 1799 perpolire,
2064 1752 2369 1793 obl'curis‘lucem.
2399 1756 2461 1792 du-

1297 1787 1640 1844 biis-austoritatem
1665 1796 1802 1835 addere.
1854 1799 2151 1849 Interpretatione
2188 1805 2296 1851 igitur
2327 1803 2460 1840 Gallica

1298 1845 1440 1884 penitus
1463 1840 1647 1886 exulante,
1673 1849 1918 1892 praetermiffa,
1948 1862 2106 1898 quorum
2125 1851 2282 1889 infinitus
2298 1852 2369 1888 fere
2391 1863 2462 1889 erat

1298 1898 1489 1942 numerus,
1516 1892 1704 1938 accedere,
1733 1897 1934 1935 testimonia
1950 1927 1960 1941 ,
1989 1911 2066 1948 quae
2092 1903 2222 1948 partim
2236 1903 2463 1950 ignoratione

1300 1935 1374 1972 loct
1390 1947 1558 1993 corrupte
1588 1950 1689 1979 antea
1710 1944 1938 1993 legebantur,
1967 1951 2097 1995 partim
2120 1952 2272 1987 omnino
2300 1951 2462 1990 deerant.

1300 1988 1482 2041 augeriq&
1498 1990 1629 2027 restitui
1648 1992 1771 2030 voluit.
1823 1996 2043 2044 Syllabarum
2062 2000 2273 2047 quantitates
2298 2002 2368 2046 jam
2396 2001 2465 2047 pri-

1303 2045 1404 2090 mum
1422 2038 1557 2075 lumina
1584 2051 1666 2077 cura
1693 2043 1884 2091 expedivit.
1931 2045 2031 2083 Loca
2053 2050 2209 2084 cremanus,
2237 2050 2363 2090 Catonis,
2395 2053 2468 2083 Var-

1301 2096 1409 2139 ronis,
1429 2087 1612 2130 columellae,
1640 2090 1748 2134 Plinii,
1780 2094 1916 2138 Caefiirtk,
1943 2098 2047 2131 Livii,
2071 2097 2246 2139 Martialis,
2274 2097 2382 2140 Perfii,
2409 2101 2466 2142 Ju-

1303 2134 1435 2189 venalu,
1466 2137 1604 2183 Virgilii,
1629 2139 1928 2194 reliquorumque
1954 2143 2146 2182 Poetarum
2172 2148 2268 2192 juxta
2294 2145 2466 2183 editiones

1303 2183 1434 2241 quibus
1465 2197 1504 2221 ea
1534 2186 1725 2226 hominum
1759 2199 1837 2228 aetas
1864 2193 2045 2236 utebatur,
2085 2194 2277 2232 fidelillime
2309 2195 2465 2232 adduxit.

1307 2232 1400 2288 Luni
1422 2233 1523 2280 plura
1538 2234 1606 2272 sint
1629 2250 1707 2286 quae
1721 2239 1818 2278 hunc
1841 2241 2020 2285 Thesaurum
2034 2268 2044 2284 ,
2072 2243 2156 2280 licet
2170 2244 2219 2281 sui
2234 2246 2372 2292 generis
2390 2256 2467 2291 per-

1304 2280 1545 2340 fedissimum,
1573 2292 1745 2335 tanquam
1781 2291 1869 2326 naevi
1901 2293 2166 2334 contaminent,
2205 2293 2279 2330 duo
2313 2296 2470 2330 maxime

1305 2331 1621 2371 animadvertimus
1651 2348 1730 2385 quae
1753 2338 1832 2375 sunt
1864 2339 2091 2377 illustrissima.
2139 2341 2183 2378 Et
2205 2341 2303 2390 quod
2323 2342 2469 2379 audon-

1306 2386 1395 2416 tates
1415 2381 1561 2438 exclusit
1584 2386 1758 2432 optimas,
1788 2389 1823 2424 δε
1850 2389 1950 2436 quod
1975 2389 2111 2426 admiiit
2138 2390 2351 2427 deterrimas
2403 2390 2469 2428 Ex-

1307 2429 1410 2466 clusit
1426 2458 1435 2472 ,
1465 2431 1557 2474 dixi,
1587 2445 1672 2478 cuin
1699 2435 1736 2472 id
1762 2439 1881 2484 potius
1910 2445 1982 2474 erat
2010 2441 2182 2486 temporis
2210 2441 2466 2479 infortunium.

1309 2479 1410 2528 quod
1424 2481 1622 2518 nonnullos
1643 2483 1813 2522 Austores
1835 2485 1982 2523 Latinos
2007 2488 2173 2525 nondum
2200 2501 2245 2525 ex
2264 2489 2364 2536 prelo
2377 2500 2472 2526 rece-

1309 2536 1419 2577 perat.
1453 2530 1599 2585 ·Neque
1620 2534 1718 2570 enim
1743 2547 1783 2571 ea
1807 2542 1887 2571 aetas
1916 2536 2022 2577 vidit,
2062 2544 2122 2573 aut
2146 2545 2242 2574 certe
2273 2549 2397 2584 parum
2424 2545 2471 2574 at-

1311 2586 1408 2616 tente
1426 2579 1516 2616 vidit
1532 2580 1616 2617 S‘rit
1628 2593 1808 2620 PHANUS
1820 2611 1829 2626 ,
1859 2587 1890 2619 P.
1914 2586 1980 2631 Syri
1997 2585 2180 2623 sententias
2195 2614 2205 2628 ,
2234 2585 2378 2623 fabulas
2395 2587 2471 2620 Phae-

1311 2627 1378 2664 dri,
1415 2631 1557 2663 Gratiam
1584 2631 1748 2675 Faliscum,
1779 2636 1949 2680 Hyginum,
1984 2633 2115 2668 Solinurn
2128 2660 2138 2677 ‚
2174 2639 2379 2682 Panegyricos,
2418 2639 2473 2668 Hi-

1299 2680 1402 2732 storiae
1429 2679 1567 2724 Augusta
1593 2679 1742 2723 scriptores
1758 2706 1769 2723 ‚
1817 2694 1900 2718 cum
1943 2682 2105 2730 plurimis
2139 2684 2224 2720 aliis.
2293 2684 2473 2721 Prodierat

1338 2725 1459 2764 uidem
1481 2727 1622 2762 Manilius
1646 2729 1773 2767 saeculo
1796 2730 1998 2778 superiore,
2025 2732 2082 2768 sed
2096 2744 2182 2770 cum
2204 2735 2335 2770 caeteris
2355 2732 2473 2780 negle-

1309 2779 1395 2813 ctis„
1441 2775 1642 2819 Nondum,
1684 2786 1746 2816 aut
1766 2779 1933 2817 nondum
1956 2780 2032 2816 satis
2066 2784 2202 2815 Veterum
2234 2785 2387 2816 Poetarum
2414 2784 2474 2815 Hi-

1301 2829 1532 2872 storicorumque
1564 2826 1736 2872 fragmenta
1785 2830 1824 2865 in
1870 2841 1983 2866 unum
2027 2838 2220 2878 coegerant
2254 2830 2331 2867 Viri
2371 2829 2474 2865 indu-

1311 2873 1529 2912 striofiffimi:
1556 2874 1733 2913 Nondum
1752 2879 1856 2914 etiam
1877 2891 1917 2915 ea
1943 2877 2111 2915 Latinitas
2138 2891 2216 2927 quae
2241 2891 2316 2915 non
2350 2877 2410 2914 nisi
2436 2880 2475 2914 in

1312 2924 1559 2962 Marmoribus
1576 2924 1742 2973 Saxisque
1760 2928 1934 2975 reperitur
1947 2956 1957 2969 ,
1983 2939 2066 2964 cura
2082 2931 2293 2968 Gruterorum‚
2320 2926 2475 2973 Boiffizrdo.

1312 2987 1399 3009 rum,
1435 2972 1659 3022 aliorumque
1678 2975 1740 3012 sub
1763 2976 1904 3024 prelum
1922 2976 2080 3013 subierat.
2130 2976 2272 3022 Quibus
2293 2987 2383 3024 quos
2410 2986 2476 3023 op-

1314 3024 1420 3072 ponit
1445 3021 1508 3067 (id
1532 3024 1630 3061 enim
1646 3031 1721 3060 erat
1739 3024 1962 3070 secundum)
1986 3025 2082 3074 quali
2099 3037 2223 3062 eorum
2245 3024 2409 3071 jac‘turam
2422 3037 2476 3060 re-

1314 3073 1452 3109 dimere
1475 3071 1604 3113 vellet,
1634 3072 1975 3111 Commentatorum
2002 3076 2228 3123 antiquorum
2257 3073 2475 3114 colluviem,

1315 3127 1484 3170 praeterea
1506 3133 1552 3157 eX
1578 3120 1875 3165 Recentioribus,
1905 3126 2096 3157 Laurentium
2127 3123 2256 3162 Vallam,
2284 3122 2478 3156 Hermolaum

1315 3170 1492 3210 Barbarum,
1519 3170 1673 3214 Ruellium,
1701 3172 1854 3214 Budaeum,
1879 3174 2019 3219 Buyfium,
2045 3171 2169 3205 Caelium
2185 3169 2378 3216 Rhodiginum
2391 3181 2478 3207 cum

1317 3218 1600 3267 Lexicographis
1641 3231 1710 3257 uos
1725 3232 1823 3268 pone
1839 3221 2052 3270 sequebatur.
2102 3218 2206 3255 Unde
2232 3220 2350 3255 evenit
2375 3227 2413 3255 ut
2432 3231 2477 3255 ex

1317 3268 1526 3317 AEqualibus
1546 3267 1614 3304 five
1652 3269 1826 3318 hilologis
1843 3269 1911 3306 five
1921 3268 2138 3306 Lexicorum
2156 3268 2382 3315 scriptoribus
2400 3267 2479 3315 plu-

1318 3320 1408 3355 rima
1421 3317 1635 3359 desumeret,
1650 3330 1727 3366 quae
1747 3321 1926 3367 ignoravit
1935 3317 2115 3360 Vetusta33
2141 3316 2171 3353 A
2181 3328 2196 3352 s
2206 3328 2321 3352 Timr
2333 3329 2354 3353 A
2364 3329 2382 3353 B
2395 3328 2437 3354 ru
2447 3328 2479 3353 M

1320 3380 1365 3404 ex
1386 3369 1550 3410 Sipmitin03
1575 3366 1893 3405 Asinosomm
1916 3378 1961 3403 ex
1988 3367 2085 3403 Valla,⁸
2114 3363 2477 3402 Comnrxnours

1320 3428 1366 3453 ex
1382 3414 1514 3453 eodem
1534 3417 1699 3459 Sipontin03
1725 3418 1812 3454 item
1829 3414 2477 3456 COMBiNARzCOMBINATiO,

1321 3467 1389 3502 &o
1441 3463 1688 3502 CHEOPINA
1729 3478 1774 3502 ex
1805 3465 1927 3503 Budae05
1964 3463 2139 3504 CHR1A,
2181 3462 2480 3500 Cnavsopmr-

1322 3526 1454 3555 SIUM,
1482 3512 1755 3557 Parmam,
1789 3514 2087 3599 Pniharoaizs,
2123 3523 2206 3549 cum
2233 3511 2376 3548 infinitis
2407 3512 2479 3595 seire

2402 3572 2421 3595 a
2450 3571 2478 3595 is

1321 3699 1344 3714 “
1362 3697 1510 3735 dispafirione
1531 3698 1555 3724 ei
1573 3695 1648 3733 simili
1669 3706 1720 3733 qua
1737 3697 1764 3724 in
1780 3696 1867 3723 Grecis
1886 3695 1944 3733 usus
1968 3696 2047 3732 snm,
2072 3693 2242 3724 luculentius
2261 3691 2413 3723 reddam*
2445 3695 2481 3722 H.

1321 3737 1402 3773 Steph.
1424 3736 1499 3766 Praef.
1510 3736 1598 3765 Graec.
1609 3734 1690 3764 Thes.

89 3821 2486 3849 ...--.—--—--.----———-—---————-——-————=————--—-—---

117 3906 154 3947 “li
173 3905 193 3935 l.
214 3903 310 3938 Intra,
329 3904 356 3933 &
375 3903 464 3947 paulo⁸
475 3908 542 3933 ante
555 3902 688 3942 Exponit.

135 3944 173 3981 ῆ-
198 3941 314 3972 Duobus
327 3940 530 3971 voluminibus.

1361 3894 1417 3930 *3st
1440 3893 1459 3922 i.
1472 3902 1497 3924 e.
1519 3891 1672 3922 Consilium
1690 3891 1848 3922 collectoris
1868 3901 1925 3921 non
1940 3890 2071 3928 assequor.
