2604 4222
193 84 239 120 98

734 64 772 100 AE
868 61 888 96 S

770 144 786 173 e
805 141 928 173 nullam,
947 132 1100 166 vendidisse
1125 135 1223 169 proeter
1242 129 1347 158 fruetus

252 156 398 187 hominem
412 155 496 183 video
515 151 672 181 auc‘tionem
695 144 769 175 feciss
1121 170 1126 174 Ι

848 178 939 207 alieno
948 174 1025 204 nullo
1037 194 1044 207 ,
1064 170 1149 200 sedin
1160 168 1212 197 suis
1227 166 1347 196 numinis

255 195 316 224 suos
328 192 397 222 nihil
411 200 534 228 unquam
546 211 554 223 ,
576 196 632 217 non
643 184 727 213 inodo
739 184 767 211 in
781 190 833 210 cere

256 231 352 260 multis
369 229 422 258 effe
434 252 440 263 ,
461 238 493 257 ac
508 227 613 262 semper
632 221 718 252 fuiffe.
963 249 967 253 ⁴
985 248 989 252 ἑ
1232 242 1237 247 “

782 254 838 282 Cic.
856 260 897 279 11.
921 247 1041 285 Philipp.
1056 254 1097 279 13.
1120 244 1145 273 O
1163 243 1306 272 hominem
1315 241 1351 269 ri-

235 268 320 301 Exire
333 278 383 296 :ere
393 267 485 295 alieno
497 287 504 298 ,
522 261 641 293 Liberari
651 258 760 288 debitis.

259 306 384 335 diculuin
397 327 405 339 ,
430 305 474 341 qui
488 302 512 331 se
523 301 597 330 exire
608 308 658 327 rere
667 296 757 325 alieno
769 294 877 329 putaret
886 286 960 324 posse
974 307 982 319 ,
1003 293 1088 320 quum
1099 281 1232 310 venderet
1243 278 1344 307 aliena!

239 345 286 376 Εἷς
296 343 416 372 alienum
432 347 589 370 exonerare.
611 334 683 364 Paul.
700 333 728 360 in
739 330 756 358 l.
772 325 936 365 profectitia.
959 323 992 351 D.
1009 322 1050 350 De
1059 321 1118 356 jure
1132 319 1250 347 dotium.

239 381 367 413 Habere,
388 380 413 407 h.
435 389 458 407 e.
482 377 597 405 Debere.
629 372 688 400 Cic.
703 379 725 403 ς.
751 366 825 396 Fam.
839 367 863 391 6.
903 361 999 403 Itaque
1018 367 1092 387 nunc
1109 366 1153 385 me
1162 355 1230 384 scito
1242 359 1350 384 tantum

259 419 359 448 habere
370 417 428 445 :eris
444 414 526 444 alieni
541 435 548 447 ‚
570 418 601 440 ut
614 408 724 445 cupiam
737 403 895 437 conjurare,
917 401 934 427 11
946 398 1088 435 quisquam
1103 394 1226 431 recipiat.

238 455 364 487 Incidere
377 455 404 483 in
418 464 452 482 <es
463 453 593 481 alienum.
615 446 671 475 Cic.
683 453 707 472 2.
726 442 754 469 in
767 438 846 468 Catil.
858 447 902 466 20.
933 436 963 464 V.
988 446 997 463 1
1007 444 1026 463 N
1036 444 1053 463 c
1063 445 1071 461 1
1081 443 1098 461 i>
1108 442 1133 460 o.

240 492 439 525 Inveteruscere
450 497 545 519 eorum
561 495 596 514 aes
606 483 726 512 alienum
745 487 801 506 non
811 474 965 513 patiebatur
978 472 1094 505 Atticus,
1118 478 1208 505 neque
1221 465 1355 503 multipli-

261 531 355 559 candis
369 528 455 557 usuris
465 525 592 555 crescere.
611 517 721 549 Cornel.
739 515 834 551 Nepos
846 514 875 542 in
883 512 943 541 Vita
957 510 1048 540 Attici.
1071 508 1101 537 C.
1118 517 1143 536 2.

241 568 376 598 Laborare
383 575 416 594 cx
429 574 479 593 aere
491 563 590 592 alieno.
611 556 675 586 Caes.
689 565 711 591 3.
730 552 796 582 Bell.
809 550 889 580 Civil.
899 559 943 579 22.
964 548 1079 578 Interim
1088 544 1160 576 Milo
1179 552 1247 581 quos
1258 550 1293 572 ex
1301 549 1352 570 aere

262 605 352 634 alieno
369 603 489 632 laborare
501 596 693 628 arbitrabatur,
715 589 878 620 solicitabat.

242 643 345 674 Levat-e
356 641 381 669 se
397 650 448 669 rere
459 638 559 666 alieno.
600 633 631 661 V.
654 643 670 659 ι,
681 640 719 659 tv
731 639 756 657 o.

242 680 369 711 Liberare
389 677 413 706 se
429 675 549 704 inaximo
559 680 610 700 aere
621 669 721 698 alieno.
745 666 803 695 Cic.
821 674 864 699 14.
886 663 939 692 Att.
951 671 997 691 20.

242 715 519 748 Luerezesalienum.
539 710 565 739 h.
588 718 612 737 e.
634 705 793 737 Diss'olvere.
816 702 892 731 Curt.
907 700 956 730 lib.
971 709 1013 728 10.
1025 706 1110 733 2.25.

242 756 380 786 Minuere.
421 751 452 779 V.
475 761 495 778 Μ
506 756 606 777 iNuo.

242 792 331 822 Obrui
347 800 398 819 sere
410 788 510 817 alieno.
550 785 582 813 V.
612 790 740 812 osRuo.

244 830 422 864 Obstringere'
435 833 532 855 omnes
539 822 643 852 amicos
654 829 705 848 aere
712 818 812 847 alieno.
834 814 892 845 Cic.
908 823 949 842 11.
973 812 1048 842 Fam.
1062 819 1104 838 10.

245 866 397 904 Oppressus
418 873 469 893 are
483 862 584 891 alieno.
607 859 663 888 Cic.
679 866 728 894 pro
741 855 819 884 Font.
835 864 859 883 1.

241 903 398 934 Per-solvere
407 912 442 930 aes
451 900 582 929 alienum.
605 896 672 926 Plin.
688 893 767 931 Epist.
782 891 828 920 lib.
839 902 863 927 9.
880 889 916 917 ad
926 886 1080 916 Paulinum.

243 941 373 972 Reddere
392 939 483 969 causas
494 937 552 967 aeris
570 934 662 964 alieni.
684 933 747 961 Sen.
763 930 797 959 de
811 926 905 958 Benef.
917 925 966 954 lib.
978 934 1003 953 2.
1017 932 1077 960 cap.
1089 925 1115 954 8.

244 980 412 1016 Relinquere
430 986 465 1006 aes
480 976 610 1005 alienum.
633 971 690 1000 Cic.
710 979 760 1007 pro
779 967 878 1002 Quint.

243 1019 409 1048 Succurrere
427 1014 471 1043 a=ri
490 1013 590 1042 alieno.
612 1010 675 1039 Seri.
691 1007 725 1036 de
740 1004 833 1035 Benef.
850 1002 897 1031 lib.
909 1010 933 1029 2.
947 1009 1007 1036 cap.
1018 1007 1042 1034 7.

244 1055 389 1092 Suscipere
398 1052 514 1087 alicujus
525 1060 559 1079 aes
570 1048 693 1077 alienum
703 1067 711 1079 ,
731 1043 769 1072 est
779 1039 948 1071 Provinciam
959 1036 1092 1072 suscipere
1102 1030 1226 1061 solvendi
1234 1029 1292 1064 ejus
1302 1035 1360 1056 cre«

265 1091 411 1122 (litoribus.
434 1090 492 1119 Cic.
505 1098 530 1117 2.
554 1085 611 1116 Off.
622 1095 663 1121 55.
691 1079 827 1111 Liberales
839 1083 932 1106 autem
948 1074 993 1108 qui
1013 1073 1065 1102 suis
1077 1068 1253 1100 facultatibus
1261 1072 1307 1094 aut
1316 1074 1360 1093 ca-

264 1137 328 1169 ptos
340 1140 354 1158 a
362 1126 537 1167 praedonibus
548 1124 703 1156 redimunt,
723 1124 771 1148 aut
785 1126 819 1146 aes
829 1115 951 1145 alienum
960 1111 1111 1148 suscipiunt
1123 1107 1291 1139 amicorum,
1313 1108 1360 1131 aut

263 1170 293 1198 in
303 1167 420 1197 filiarum
438 1163 622 1194 collocatione
633 1160 772 1193 adiuvant.

245 1206 380 1235 Vacillare
389 1205 418 1232 in
431 1210 523 1231 vetere
535 1210 586 1229 aere
594 1198 695 1227 alieno.
719 1194 776 1223 Cic.
791 1202 814 1220 1.
839 1188 918 1219 Catil.
932 1197 976 1217 21.

247 1245 294 1276 ffis
312 1242 571 1272 cii‘cunl'oraneuni,
612 1246 641 1264 ro
662 1230 848 1263 Foeneratitio.
871 1227 929 1256 Cic.
953 1235 979 1254 2.
1001 1223 1092 1252 Ater.
1130 1218 1319 1249 Tusculanum
1335 1215 1362 1243 δε

266 1280 466 1319 Pompeianum
485 1287 529 1306 me
539 1275 593 1304 val<
604 1284 618 1302 e
633 1271 788 1301 delectant,
810 1265 858 1295 nisi
874 1263 949 1301 quod
960 1272 1005 1291 me
1025 1259 1114 1297 ipsum
1130 1257 1210 1286 illum
1220 1254 1362 1284 vindicem

267 1320 327 1349 aeris
342 1317 425 1347 alieni
436 1338 444 1351 ,
465 1325 516 1344 ¹rere
525 1323 583 1342 non
595 1309 739 1340 Corinthio
748 1329 755 1341 ,
775 1305 822 1334 sed
832 1304 885 1332 hoc
894 1300 1103 1331 circuntbraneo
1115 1296 1275 1324 obruerunt.
1315 1290 1362 1320 [Ἐς

266 1363 349 1387 vocat
359 1354 599 1384 circumforaneum
613 1371 622 1384 ,
643 1346 718 1385 quod
729 1344 762 1373 ab
772 1340 930 1379 argentariis
938 1334 1138 1367 foenerantibus
1147 1332 1262 1361 sumitur
1271 1352 1279 1365 ,
1315 1337 1363 1365 qui

267 1394 395 1424 tabernas
413 1390 553 1421 habebant
569 1389 599 1417 in
634 1383 766 1414 orticibus
782 1381 853 1409 circa
868 1378 967 1407 forum.

250 1433 297 1464 JEs
311 1441 397 1470 grave.
424 1429 533 1459 Servius
558 1427 588 1454 in
625 1425 666 1452 ¹¹n.
681 1425 707 1450 6.
762 1418 818 1454 Qui
836 1426 886 1454 pro
909 1415 981 1447 hoc,
1010 1419 1061 1440 aere
1080 1408 1152 1446 gravi
1169 1406 1288 1448 donatus
1308 1402 1362 1444 est?

268 1472 288 1500 i.
308 1480 331 1499 e.
356 1466 456 1498 Maffis.
496 1465 528 1493 V.
550 1464 670 1493 Gronov.
685 1459 720 1488 de
730 1456 790 1486 Pec.
810 1455 869 1484 Vet.
880 1463 908 1491 p.
920 1461 984 1488 241.
1000 1449 1054 1485 seq.
1073 1449 1100 1477 ὁὶ
1119 1443 1288 1475 Peculiarem
1296 1441 1366 1470 Peri-

269 1508 347 1537 zonii
357 1507 391 1535 de
400 1514 433 1534 eo
444 1512 546 1541 argum.
556 1499 710 1530 ‹fiatribam.
1070 1522 1074 1527 Ι

250 1546 298 1578 JEs
308 1545 438 1583 fignatum
450 1543 476 1572 δι
487 1541 573 1570 Grave
584 1561 593 1573 ,
614 1537 803 1575 opponuntur.
824 1529 882 1559 Liv.
892 1524 999 1556 Decad.
1013 1533 1038 1552 1.
1057 1521 1105 1551 lib.
1122 1532 1149 1556 4.
1189 1518 1280 1561 Patres
1293 1516 1365 1545 bene

271 1589 461 1621 coeptamrem
469 1577 671 1617 perseveranter
681 1571 752 1602 tueri
763 1592 770 1605 ,
791 1567 916 1598 conferre
926 1563 975 1601 ipsi
988 1561 1079 1600 primi.
1119 1558 1154 1587 Et
1165 1566 1228 1594 quia
1237 1555 1365 1583 nondum

269 1626 415 1658 argentum
425 1617 559 1654 lignatum
571 1620 646 1647 erat,
664 1620 699 1640 aes
744 1616 792 1637 ave
802 1603 925 1644 plaustris
943 1600 1055 1638 quidam
1070 1597 1104 1627 ad
1123 1595 1247 1626 ¹‘erarium
1265 1601 1366 1622 conve-

271 1660 385 1691 hentes,
403 1654 551 1694 speciosam
570 1652 654 1681 etiam
668 1658 702 1678 co
726 1646 847 1675 ationem
864 1639 1010 1670 faciebant.

251 1696 285 1728 In
294 1706 345 1725 aere
357 1703 420 1723 meo
433 1692 471 1722 est
482 1714 490 1727 ,
511 1691 589 1720 aliter
598 1687 699 1725 accipit
716 1684 773 1713 Cic,
788 1692 797 1710 1
824 1705 829 1710 .
856 1679 930 1709 Fam.
949 1681 994 1705 62.
1034 1673 1069 1703 Et
1084 1669 1244 1700 mehercule
1259 1668 1368 1705 semper

271 1734 307 1764 sic
317 1733 409 1763 animo
419 1730 521 1764 habui,
541 1734 569 1757 te
582 1727 613 1755 in
627 1734 691 1755 meo
709 1731 761 1752 aare
773 1730 788 1749 e
811 1729 835 1748 e.
857 1719 875 1746 i.
897 1726 921 1745 e.
942 1714 1018 1744 luter
1028 1711 1133 1752 amicos
1147 1717 1225 1737 meos
1241 1706 1303 1735 esse.
1334 1705 1367 1733 In

271 1782 323 1802 aere
339 1770 415 1799 enim
428 1777 491 1796 meo
506 1766 563 1800 est,
583 1764 659 1793 idem
677 1761 715 1790 est
738 1757 814 1796 quod
834 1764 947 1788 meum,
979 1753 1005 1781 «Sc
1024 1751 1054 1778 in
1069 1749 1149 1777 bonis
1168 1746 1238 1775 meis
1250 1743 1307 1778 est,
1328 1749 1367 1771 at„

270 1809 367 1847 quein
392 1805 473 1836 censu
492 1813 563 1833 ineo.
594 1802 673 1831 Idem
699 1809 740 1834 15.
762 1796 838 1826 Fam.
861 1803 903 1828 14.
944 1789 985 1820 M.
1001 1787 1118 1831 Eabium
1133 1783 1209 1821 quod
1222 1782 1291 1811 mihi
1302 1780 1368 1823 ῑιιῃὶἶ

271 1857 338 1877 cum
354 1853 400 1875 tua
417 1841 662 1873 commendatione
680 1837 728 1866 das
739 1857 747 1870 ,
780 1831 889 1862 nullum
904 1830 935 1858 in
956 1837 990 1867 eo
1002 1826 1075 1854 racio
1094 1821 1233 1865 questum.
1282 1817 1369 1848 Multi

272 1886 348 1915 enim
362 1883 426 1912 anni
447 1880 525 1913 sunt,
547 1888 612 1908 cum
632 1875 681 1905 ille
700 1875 729 1903 in
749 1881 800 1901 zere
815 1879 878 1899 meo
898 1867 954 1901 est,
975 1867 1001 1894 ἃ
1019 1874 1033 1892 a
1045 1871 1090 1891 nie
1108 1859 1231 1897 diligitur
1246 1858 1298 1886 &c

253 1924 316 1956 AEre
332 1931 395 1950 meo
413 1929 457 1948 nie
474 1916 595 1946 lacessis:
623 1915 641 1943 i.
663 1923 687 1942 e.
714 1911 860 1947 Jocantem
873 1907 937 1943 joco
959 1898 1192 1942 excipis-*Plana
1212 1895 1319 1925 Poenul.
1342 1903 1366 1922 1.

273 1972 299 1990 2.
313 1966 357 1994 85.
396 1957 544 1987 Enimvero
554 1963 606 1982 aere
619 1961 683 1981 meo
695 1959 740 1978 me
758 1945 863 1976 lacelIis
875 1966 883 1979 ,
899 1942 980 1971 ludos
997 1942 1023 1969 Sc
1040 1936 1152 1967 delicias
1161 1935 1236 1963 facis.

254 1999 301 2031 AEs
316 1997 434 2026 militare
444 2016 452 2029 ,
475 1992 591 2022 Pecunia
611 1999 671 2027 quae
690 1989 719 2016 in
735 1981 904 2022 stipendium
915 1979 1036 2008 militum
1051 1976 1086 2004 de
1105 1973 1198 2003 aerario
1211 1982 1226 2001 a
1236 1968 1370 2001 Tribunis

275 2035 373 2065 zerariis
384 2031 556 2062 adnumerari
575 2026 709 2065 Quaestori
725 2022 837 2053 tolebat.
877 2017 1017 2048 Asconius.

255 2073 318 2105 AEre
330 2071 443 2111 publico
458 2069 544 2099 fixum
554 2061 837 2096 Senatusconmlmm.
859 2057 948 2087 Tacit.
966 2064 1008 2083 12.
1029 2051 1101 2094 Ann-
1116 2058 1158 2091 53.
1184 2047 1219 2077 Et
1235 2042 1371 2088 fixumxest

273 2121 325 2142 aere
335 2102 791 2148 publieoSenatusconsultum,quo
800 2096 945 2126 libertinus
952 2089 1063 2121 sestertii
1069 2094 1110 2117 ter
1122 2085 1222 2115 millies
1231 2083 1370 2122 posseflor,

274 2149 394 2185 antiquae
403 2144 573 2184 parsimoniae
586 2140 712 2171 laudibus
721 2135 922 2167 cumulabatur.
935 2129 1046 2168 Quiain
1054 2136 1089 2156 aes
1097 2124 1292 2154 incidebantur
1300 2121 1326 2150 S.
1338 2119 1368 2149 C.

256 2187 320 2218 AEra
336 2185 439 2224 lupinis
456 2183 523 2220 quid
535 2181 642 2210 distent.
665 2178 731 2207 Hor.
749 2185 772 2204 1.
794 2172 875 2211 Epist.
888 2180 913 2208 7.
925 2179 970 2205 23.

339 2223 398 2253 Nec
411 2229 504 2250 tamen
515 2220 622 2256 ignorat
635 2216 701 2253 quid
711 2214 812 2243 distent
823 2220 875 2239 aera
893 2207 1005 2245 lupinis.
1043 2204 1062 2233 i.
1083 2213 1108 2231 e.
1130 2201 1274 2238 Quantum
1291 2205 1374 2234 pecu-

276 2263 324 2291 nia
343 2259 451 2289 ditferat
469 2257 595 2294 alupinis
607 2278 615 2291 ,
634 2253 775 2291 legumine
794 2247 931 2278 vilissimo.
952 2246 1059 2273 Acron:
1082 2240 1153 2276 Quae
1172 2234 1375 2279 (indifferentia

275 2301 348 2329 inter
361 2298 449 2327 bonos
464 2298 489 2326 Sc
509 2294 604 2324 malos.
647 2292 772 2321 Erasmus
795 2287 824 2315 in
841 2283 960 2314 Chiliad.
987 2282 1006 2310 i.
1024 2290 1048 2308 e.
1069 2277 1156 2308 Novit
1172 2276 1319 2304 dilcrimen
1335 2281 1376 2300 re-

277 2346 340 2368 rum
356 2336 452 2364 vilium
466 2336 491 2363 δε
511 2330 703 2370 preciosarum.
745 2326 808 2363 Agit
820 2330 913 2352 autem
931 2316 1109 2358 Horatiusde
1130 2315 1162 2343 iis
1179 2313 1226 2350 qui
1243 2309 1377 2339 beneficia

279 2384 337 2405 non
364 2375 402 2403 ita
419 2372 566 2402 conferunt
581 2370 611 2398 in
629 2366 738 2405 quosvis
752 2386 761 2400 ,
781 2362 867 2392 veluti
885 2358 1030 2394 abjiciant:
1053 2354 1099 2383 led
1112 2354 1151 2382 ita
1169 2349 1325 2390 collocant,
1346 2352 1378 2375 ut:

278 2412 440 2450 expendant
458 2411 483 2439 Sc
501 2409 560 2443 ejus
584 2406 714 2435 meritum
733 2412 765 2432 ac
791 2400 957 2437 dignitatem
977 2394 1023 2424 cui
1036 2391 1164 2431 praestant
1175 2411 1182 2425 ,
1210 2389 1237 2418 &
1252 2394 1378 2425 precium

281 2450 406 2480 muneris
423 2447 498 2485 quod
516 2445 676 2482 largiuntur.

261 2488 387 2521 AEribus,
410 2484 549 2524 pluraliter
559 2483 592 2512 ab
606 2481 678 2511 ffire.
700 2479 718 2508 i.
739 2487 763 2506 e.
784 2475 964 2507 IEraniento,
986 2469 1056 2499 dicit
1069 2467 1147 2497 Cato.
1168 2463 1270 2494 Festus.

262 2527 332 2558 AEris
350 2525 433 2553 faber.
474 2522 505 2551 V.
527 2532 541 2550 s
551 2530 568 2549 Α
578 2531 593 2548 Β
603 2529 617 2548 E
627 2529 651 2547 R.

262 2565 332 2596 AEris
350 2563 418 2596 flos,
444 2562 458 2596 [
466 2556 552 2594 χαλκὲ
576 2555 679 2589 boica]
701 2552 942 2584 Medicamentum
953 2546 1006 2581 est,
1029 2544 1107 2580 cujus
1120 2542 1190 2571 vires
1207 2540 1243 2569 sic
1256 2537 1381 2577 perstrin-

282 2602 324 2631 xit
335 2599 430 2629 Galen.
450 2597 499 2626 lib.
518 2588 552 2632 9.'
563 2593 687 2631 Simplic.
709 2590 859 2620 Medicam.
886 2586 949 2616 Flos
965 2584 1023 2613 aeris
1036 2581 1195 2611 tenuiorum
1213 2577 1333 2615 partium
1345 2574 1384 2602 fa-

283 2638 393 2669 cultatis
401 2636 439 2664 est
451 2658 459 2669 ,
484 2643 566 2671 quam
578 2638 626 2661 aut
636 2640 671 2660 aes
680 2629 770 2659 ustum
785 2649 793 2661 ,
814 2633 861 2655 aut
873 2624 992 2661 squama.
1031 2620 1135 2650 Merito
1145 2618 1236 2653 itaque
1251 2624 1286 2643 ex
1300 2622 1334 2642 eo
1345 2612 1383 2640 fir-

284 2677 336 2706 eris
352 2674 473 2711 collyriis
485 2676 632 2706 extergunt
645 2690 653 2703 ,
676 2667 858 2701 auferuntque
868 2659 1077 2699 superciliorum
1091 2664 1203 2694 magnas
1216 2652 1382 2691 asperitates,

287 2723 354 2751 quas
368 2718 470 2741 vocant
488 2708 608 2746 Sycoses.
648 2705 680 2734 V.
702 2713 749 2732 AER
762 2713 779 2730 A
790 2713 810 2730 M
821 2711 834 2729 i:
845 2710 874 2729 Ν.

267 2752 336 2784 ffiris
352 2750 480 2788 squama,
503 2742 594 2782 [λεπὶς
604 2742 713 2780 χαλκεῖ]
734 2739 914 2770 Medieamen
929 2734 966 2764 est
976 2733 1011 2763 ad
1027 2730 1114 2762 multa
1130 2729 1215 2763 utile,
1236 2727 1314 2763 cujus
1328 2735 1385 2754 me-

287 2790 369 2819 minit
376 2786 472 2817 Galen.
482 2784 559 2820 Iib.9.
566 2781 699 2827 xSimplic.
718 2777 868 2808 Medicam.
883 2776 908 2804 Sc
915 2771 1042 2802 latiss'ime
1052 2769 1173 2799 Dioscor.
1184 2767 1232 2796 Iib.
1240 2778 1262 2802 ς.
1274 2773 1383 2805 capae.

269 2829 315 2860 AEs
335 2826 442 2859 ustum,
470 2824 585 2858 [χαλιωτ
606 2813 791 2851 κεκωυρᾶόῑῷυ]
817 2813 1058 2843 Medicamentum
1071 2808 1126 2843 est,
1153 2804 1276 2836 cicatrici
1289 2803 1387 2833 ulceri-

289 2867 340 2895 bus
350 2860 516 2892 inducenda:
530 2857 617 2892 utile,
646 2855 681 2884 de
700 2863 755 2893 quo
767 2850 890 2881 Dioscor.
909 2848 956 2877 lib.
977 2858 1001 2882 ς.

267 2905 357 2935 Acuta
372 2910 439 2934 sera,
461 2901 546 2927 Acute
560 2894 692 2924 sonantia.
714 2891 781 2920 Hor.
801 2900 823 2918 1.
844 2888 934 2917 Carm.
958 2888 1000 2915 16.
1018 2889 1044 2919 8.

269 2940 457 2978 AEgineticum
480 2944 524 2964 aes.
564 2933 596 2962 V.
619 2930 766 2962 Deliacum
779 2937 823 2956 aes.

269 2981 378 3017 Arguta.
401 2975 448 3005 Sil.
467 2972 515 3003 lib.
535 2981 577 3008 17.

350 3015 463 3044 Circum
480 3017 575 3047 arguta
593 3006 665 3037 cavis
682 3003 829 3033 tinnitibus
849 3009 917 3035 aera,
938 2997 1072 3035 simulque

350 3051 499 3082 Certabant
516 3056 600 3076 rauco
614 3042 767 3073 resonantia
782 3047 913 3078 tympana
931 3035 1021 3074 pulsu.

271 3093 418 3123 Cancrum.
442 3088 513 3123 Virg.
528 3095 553 3120 9.
572 3083 632 3113 ffin.
654 3089 715 3116 503.

351 3129 385 3158 At
400 3126 466 3156 tuba
475 3122 624 3154 terribilem
646 3119 766 3148 sonitum
776 3113 875 3152 procul
892 3121 943 3141 aere
965 3119 1068 3139 canoro

1159 3106 1310 3143 Increpuit.

271 3167 384 3196 Cavum.
409 3165 427 3194 i.
451 3173 474 3192 e.
498 3160 580 3191 Tuba
597 3166 673 3187 aerea.
714 3154 786 3190 Virg.
806 3150 915 3219 thAEn'
940 3158 1003 3183 240.

429 3217 466 3222 --
486 3200 533 3229 dat
551 3197 657 3234 {ignum
676 3192 788 3231 specula
850 3188 929 3217 senus
954 3185 987 3214 ab
1007 3184 1062 3213 alta
1140 3182 1203 3212 AEre
1226 3180 1309 3210 Cavo.

272 3242 377 3270 Cavum
399 3249 449 3273 tes,
469 3247 521 3275 pro
537 3235 603 3264 Vase
614 3241 683 3262 aereo
703 3234 865 3260 concavato.
888 3223 969 3254 Ovid.
984 3234 1010 3258 4.
1029 3221 1098 3250 Met.
1112 3230 1174 3256 504.

274 3280 347 3309 Cavo
358 3288 409 3306 mre
419 3276 542 3313 clypeus.
563 3273 637 3308 Virg.
651 3279 675 3306 3.
701 3268 763 3298 AEn.
778 3268 841 3299 286.

352 3316 414 3345 ffire
432 3323 499 3343 cavo
516 3311 647 3348 clypeum
666 3305 759 3343 magni
778 3303 915 3341 gestamen
935 3297 1048 3328 Abantis

354 3352 474 3381 Postibus
491 3348 606 3378 adversis
624 3346 688 3382 figo.
724 3342 850 3375 Servius,
878 3337 947 3368 AEris
968 3335 1042 3365 cavi:
1064 3340 1095 3362 ut
1114 3331 1209 3362 Pulcra
1223 3330 1310 3368 prole.

274 3391 443 3421 Concavum.
477 3386 560 3416 Ovid.
573 3397 598 3420 4.
621 3384 690 3413 Met.
708 3391 754 3416 29·

431 3442 467 3446 —
486 3422 656 3461 impulsaque
677 3426 808 3456 tympana
833 3413 932 3453 palmis

353 3464 534 3498 concavaque
552 3470 603 3490 tera
619 3459 717 3487 sonant
728 3478 736 3491 ,
753 3455 892 3491 longoque
912 3448 1047 3479 foramine
1067 3446 1166 3476 buxus.

274 3501 462 3532 Cordubense.
505 3499 534 3527 V.
553 3496 745 3526 Sallustianum
765 3502 809 3522 aes.

272 3539 423 3570 Corinthia.
446 3536 513 3566 Plin.
532 3535 580 3564 lib.
604 3544 648 3571 34.
665 3542 725 3570 cap.
745 3540 771 3559 2.
811 3528 852 3558 Ex
871 3526 920 3556 illa
930 3530 1023 3554 autem
1040 3521 1152 3557 antiqua
1167 3517 1273 3556 gloria,
1294 3516 1389 3548 Corin-

292 3578 382 3606 thium
402 3585 437 3604 aes
449 3574 568 3603 maxime
581 3571 724 3600 laudatur:
742 3568 797 3597 hoc
812 3565 887 3595 casus
898 3562 1015 3594 miscuit.
1045 3560 1076 3588 V.
1096 3568 1113 3587 c
1122 3568 1138 3586 ο
1149 3566 1182 3585 Ri
1194 3565 1212 3583 Ν
1224 3565 1243 3583 Τ
1253 3564 1274 3583 Η
1284 3565 1293 3582 1
1303 3564 1320 3583 o
1330 3563 1350 3583 s.

273 3614 451 3652 Crepitantia.
484 3611 555 3647 Virg.
575 3621 601 3644 4.
619 3610 717 3644 Georg.
733 3615 793 3641 151.

273 3653 421 3682 Decorum.
447 3649 516 3685 Virg.
530 3659 556 3682 4.
572 3647 633 3676 AEn.
646 3650 709 3679 489.
729 3653 778 3681 pro
797 3639 962 3673 Orichalc0‚
982 3644 1013 3665 ut
1031 3634 1069 3664 ait
1078 3632 1195 3663 Servius.

272 3690 427 3719 Deliacum.
456 3686 523 3714 l'lin.
544 3684 591 3712 lib.
609 3692 652 3719 34.
673 3692 732 3718 cap.
750 3691 774 3709 2.
807 3676 995 3714 Antiquissima
1013 3673 1072 3702 aeris
1096 3670 1180 3708 gloria
1200 3666 1313 3696 Deliaco
1327 3665 1388 3695 fuit.

292 3728 325 3756 Et
335 3726 417 3763 paulo
427 3724 496 3762 post,
510 3722 635 3751 Proxima
648 3717 866 3754 lausiEginctieo
876 3716 936 3743 fuit.
958 3711 1048 3744 Insula
1057 3712 1083 3739 ὁὶ
1093 3708 1148 3747 ipsa
1155 3716 1208 3736 nec
1219 3715 1254 3734 aes
1265 3705 1390 3741 gignens,

296 3765 342 3794 sed
358 3763 529 3792 officinarum
545 3764 728 3795 temperatura
749 3754 902 3782 nobilitata.

273 3802 418 3841 Ephyreia.
447 3799 518 3834 Virg.
541 3807 566 3825 2.
592 3798 689 3829 [leorg.
712 3796 775 3828 464.

356 3837 500 3872 llluliisque
520 3844 585 3862 auro
607 3832 710 3863 vestes,
733 3828 922 3865 Ei.›byre'i'¹.iq11e
942 3834 1001 3854 aera.
1042 3822 1096 3852 Ubi
1107 3820 1235 3853 Servius,
1256 3816 1391 3855 Ephyreia

293 3887 360 3906 aera:
389 3873 540 3905 Corinthia,
551 3880 611 3907 qua:
623 3868 715 3897 laudat
725 3868 808 3895 ctiam
821 3866 935 3893 Cicero:
960 3861 1158 3898 namEphyrus
1166 3858 1204 3888 est
1213 3854 1370 3886 Corinthus.

274 3914 402 3945 Exere-im
419 3909 497 3948 pulsu
512 3919 571 3938 tera.
612 3906 643 3935 V.
672 3905 780 3935 Tacent
798 3912 856 3932 zera.

1895 38 1932 73 JE
2029 37 2050 71 S

1428 123 1554 153 Fulvum.
1584 122 1669 152 Ovid.
1687 131 1709 150 1.
1733 119 1801 150 Met.
1824 130 1885 153 ιις.

1429 160 1583 191 Livianum.
1625 160 1656 187 V.
1685 158 1875 187 Sallustianum
1890 166 1934 185 aes.
2580 149 2582 192 1

1431 198 1598 240 Marianum.
1637 196 1667 224 V.
1691 195 1882 225 Sallustianum
1898 203 1941 223 aeS.
2580 194 2581 208 ³

1431 235 1574 266 Micantia.
1600 235 1618 263 i.
1637 244 1661 262 e.
1682 235 1761 262 Arma
1777 243 1852 262 terea.
1876 232 1948 267 Virg.
1976 239 2002 259 2.
2019 229 2079 259 ffin.
2097 235 2161 264 734.

1435 272 1598 317 Operpsurn.
1621 271 1638 300 i.
1657 281 1681 299 e.
1703 270 1807 308 Magno
1819 279 1902 307 opere
1919 271 1945 298 δε
1963 265 2259 296 artifieiofiibricatum.
2282 261 2366 292 Ovid.
2380 260 2543 298 &Epist-31*-
2581 255 2584 282 ἶ

1434 311 1579 377 P-iighium.
1601 309 1628 338 h.
1651 318 1674 337 e.
1697 307 1848 346 Cyprium:
1878 306 1985 344 Paphos
1997 305 2073 333 enim
2087 302 2171 340 Cypri
2187 301 2224 330 est
2239 300 2385 339 oppidum.
2419 298 2502 328 Ovid.
2516 300 2548 329 in
2581 287 2584 327 l
2602 317 2604 323 .

1490 358 1517 375 ιη
1535 358 1598 382 440.
2582 330 2583 346 ἶ
2600 333 2604 357 3

1436 383 1564 451 Rr²39⁰um
1576 406 1583 419 ,
1592 393 1654 451 ἔτι)
1665 382 1770 420 Clypeo
1780 392 1849 412 aereo
1863 404 1871 417 ,
1891 382 1927 411 ad
1943 379 1991 409 teli
2011 380 2114 408 tactum
2125 399 2133 413 ,
2154 385 2267 405 raucum
2283 374 2382 404 sonum
2396 373 2546 404 emittente.
2582 351 2587 392 i
2601 361 2604 372 Ι

1482 433 1529 458 irg.
1545 432 1568 450 2.
1626 430 1653 449 n.
1670 429 1729 456 503.
2582 420 2587 439 ῑ.

1438 460 1527 528 Βὲιοί
1543 459 1600 525 ae6ris
1619 467 1710 487 canor.
1734 459 1761 488 h.
1785 468 1808 488 e.
1831 456 1973 486 Tubarum
1992 453 2111 491 clangor.
2132 451 2204 489 Virg.
2216 461 2242 487 4.
2263 450 2362 487 Georg.
2375 457 2418 486 71·
2438 447 2511 477 conf.
2522 447 2548 479 6.
2582 444 2604 478 Μ’

1495 507 1521 525 n.
1542 507 1551 525 1
1579 507 1602 530 ς.
2583 479 2584 487 ¹

1440 536 1606 567 Recurvum.
1627 532 1729 562 Lucan.
1745 533 1792 561 lib.
1818 542 1842 561 1.
1861 540 1925 567 432.

1569 609 1574 614 .
1599 587 1636 591 —
1655 580 1722 607 quos
1740 580 1790 599 aere
1806 578 1920 599 recurvo

1463 648 1481 677 d
1524 609 1676 638 Stridentes
1700 618 1796 637 acuere
1817 607 1900 636 tubae.
1939 604 1967 634 h.
1989 614 2013 634 e.
2035 603 2109 633 Litui
2126 601 2222 632 inflexi
2241 601 2391 631 incitavere
2411 599 2447 629 ad
2459 599 2554 630 ineun-
2587 621 2591 629 .

1483 657 1526 676 ain
1548 657 1577 675 ni
1599 655 1670 675 nam.
2595 638 2599 642 “

1444 656 1596 715 Βεῃίιίὲιιεὲ.
1618 683 1688 720 Virg.
1701 693 1726 712 2.
1753 683 1927 720 Georg.282.
2566 656 2604 703 «il

1448 722 1580 754 Rotunda
1600 730 1651 750 aera
1664 743 1672 756 ,
1692 731 1743 758 pro
1754 720 1902 757 Cymbalis.
1924 718 2044 755 Propert.
2061 726 2087 751 4.
2107 725 2133 753 7.
2147 719 2192 745 61.
2562 731 2563 734 =
2584 691 2587 719 l

1526 760 1588 795 Qua
1598 758 1741 801 numerosa
1755 758 1822 787 fides
1833 780 1840 793 ‚
1861 765 1968 794 quaque
1981 765 2032 784 aera
2051 755 2169 783 rotunda
2188 751 2315 790 Cybebes
2560 742 2563 745 .

1514 835 1519 840 ι
1564 796 1756 833 Mithratisque
1769 795 1865 824 sonant
1882 794 1967 831 Lydia
1987 792 2090 830 plectra
2108 792 2207 821 choris.
2288 789 2327 818 Ea
2345 788 2422 818 enim
2443 798 2506 819 vera
2521 786 2559 819 est
2590 791 2593 814 Γ

1468 835 1604 873 scriptura
1617 856 1626 869 ,
1647 834 1713 862 teste
1726 833 1874 862 Turnebo:
1896 842 1954 860 non
1971 838 2003 859 ut
2019 830 2128 866 editur,

1552 910 1558 915 ι
1607 888 1643 892 -—
1662 881 1769 914 quaque
1789 877 1860 900 errat
1878 869 1957 898 turba
1978 867 2115 905 Cybelles.

1451 908 1839 952 Sallustianum‚·L1Vianum.
1869 907 1937 937 Plin.
1953 906 2000 935 lib.
2019 915 2061 942 34.
2078 916 2138 943 cap.
2151 913 2177 933 2.
2205 903 2365 933 Proximum
2375 901 2500 930 bonitate
2511 900 2562 931 fuis

1468 947 1661 990 Sallustianum
1670 957 1699 990 iqn
1707 946 1881 989 Centronuni
1890 945 1984 981 alpino
1996 945 2083 973 tractu
2092 966 2099 979 ,
2115 952 2173 972 non
2182 941 2257 978 longi
2268 939 2390 978 &ipsum
2400 939 2457 968 aevi.
2498 939 2563 968 Suc.-
2592 945 2596 954 ¹

1469 986 1601 1021 cellitque
1614 983 1798 1027 erLivianum
1810 984 1839 1012 in
1857 982 1953 1012 Gallia.
1990 982 2144 1019 Utrumque
2161 990 2176 1009 a
2191 978 2366 1008 metallorum
2379 976 2501 1006 dominis
2517 986 2564 1014 ap.

1469 1023 1617 1065 pellatumf
1634 1021 1709 1065 .¹lh¹d
1728 1021 1761 1050 ab
1777 1022 1866 1050 amico
1889 1020 1946 1049 divi
1962 1019 2088 1056 Augusti,
2109 1019 2163 1048 hoc
2180 1027 2195 1046 a
2213 1017 2349 1053 conjuge:
2370 1014 2474 1043 velocis
2492 1014 2565 1044 defe-
2589 1023 2590 1036 ι

1470 1063 1540 1103 ctus.
1581 1059 1726 1103 Livianum
1745 1069 1854 1096 quoque
1864 1057 2097 1087 certeadmodum
2115 1056 2246 1092 exiguum
2269 1053 2417 1082 invenitur.
2455 1052 2567 1084 Summa

1472 1098 1561 1141 gloria
1568 1107 1643 1126 nunc
1653 1107 1682 1126 in
1692 1097 1847 1126 Marianum
1860 1094 2003 1125 conversa:
2024 1095 2099 1131 quod
2117 1096 2144 1124 Sc
2165 1090 2343 1122 Cordubense
2359 1090 2468 1118 dicitur.
2563 1086 2569 1091 ”

1453 1137 1580 1217 ὃὲἓίιῑηὲει
1590 1145 1668 1202 ἔρξαι,
1691 1134 1755 1164 Vasa
1768 1144 1836 1164 aerea
1848 1157 1855 1169 ,
1877 1133 1976 1170 quibus
1997 1132 2146 1162 utebantur
2162 1137 2291 1168 tempore
2307 1128 2417 1158 Saturni
2433 1128 2464 1157 in
2481 1125 2575 1158 faerit.»

1520 1185 1542 1202 ·.
1568 1196 1573 1202 .
1609 1183 1643 1202 a.
1661 1183 1704 1208 59.

1538 1213 1640 1240 Aurum
1650 1209 1718 1253 ‘vasa
1732 1210 1847 1244 Num,
1877 1208 2057 1244 Saturniaque
2078 1206 2194 1244 impulit
2207 1215 2267 1236 aera.

1455 1249 1573 1281 Sonans.
1603 1248 1686 1278 Ovrd.
1701 1258 1742 1277 12.
1764 1248 1833 1277 Met.
1849 1251 1894 1282 46.
1917 1247 1952 1275 de
1969 1246 2041 1274 fama
2053 1244 2196 1282 loquitur,

1614 1302 1651 1306 -
1672 1291 1731 1329 tota
1749 1286 1787 1314 est
1801 1295 1837 1314 ex
1857 1294 1908 1313 aere
1922 1284 2040 1317 sonanti,

1535 1324 1610 1353 Tota
1623 1323 1733 1366 fremit,
1753 1332 1890 1359 vocesque
1904 1321 1987 1351 refert
1997 1343 2005 1357 ,
2028 1321 2163 1357 iteratque
2177 1317 2253 1356 quod
2264 1316 2350 1348 audit.

1476 1362 1512 1392 ad
1525 1361 1579 1391 loc.
1592 1371 1639 1398 qui
1652 1361 1734 1398 legit,
1755 1370 1789 1389 ex
1800 1361 1856 1390 Ore
1864 1360 1982 1389 sonanti.

1458 1402 1607 1431 Sonorum.
1629 1398 1726 1428 Claud.
1744 1408 1767 1435 3.
1790 1398 1887 1435 Paneg.
1912 1408 1973 1433 119.

1460 1438 1619 1468 Stridentia.
1640 1436 1713 1473 Virg.
1731 1448 1758 1472 4.
1783 1436 1880 1472 Georg.
1894 1444 1954 1472 173.
2528 1445 2532 1453 x
2593 1441 2604 1452 ιι

1458 1475 1619 1520 Temesaea,
1640 1484 1656 1503 a
1672 1473 1788 1516 Temese
1797 1474 1903 1511 oppido
1915 1473 2013 1516 Cypri,
2035 1472 2064 1500 in
2074 1480 2129 1508 quo
2139 1470 2280 1508 praecipua
2293 1468 2352 1498 aeris
2360 1467 2470 1498 bonitas
2483 1466 2510 1496 ἀ
2521 1466 2574 1497 fd*
2590 1451 2604 1502 {i

1478 1514 1562 1557 tilitas
1574 1512 1626 1542 fuit
1637 1534 1645 1546 ,
1666 1519 1698 1541 ut
1708 1512 1791 1541 tradit
1808 1511 1895 1541 Strab.
1914 1511 1962 1540 lib.
1982 1514 2007 1540 6.
2032 1509 2116 1539 Ovid.
2130 1519 2153 1545 5.
2175 1508 2242 1538 Fast.
2257 1516 2321 1543 441.
2595 1504 2604 1531 ι’

1459 1550 1601 1586 Tinnula,
1620 1550 1782 1579 Tinnientia
1796 1559 1827 1578 ac
1836 1548 1998 1578 resonantia.
2029 1547 2113 1576 Ovid.
2125 1558 2152 1583 4.
2175 1546 2245 1576 Met.
2260 1553 2326 1583 393.

1459 1589 1590 1631 Vetusta,
1610 1588 1727 1617 Moneta
1737 1594 1824 1618 vetus.
1849 1587 1932 1616 Ovid.
1954 1597 1976 1615 1.
1998 1585 2066 1616 Fast.
2089 1594 2155 1615 220.

1460 1627 1548 1657 Unca.
1570 1636 1597 1669 ι..
1610 1636 1634 1655 e.
1657 1626 1746 1655 Hami.
1768 1625 1851 1654 Ovid.
1867 1635 1892 1654 2.
1916 1625 1950 1653 de
1960 1624 2048 1653 Ponto
2062 1632 2087 1660 7.
2104 1633 2145 1651 io.
2596 1604 2601 1637 ’ἶ

1542 1664 1600 1701 Qu
1616 1663 1700 1706 semel
1718 1664 1755 1693 est
1775 1663 1851 1691 laesus
1869 1662 1958 1691 fallaci
1976 1661 2055 1699 piscis
2069 1660 2103 1689 ab
2122 1660 2224 1695 hamo,
2596 1660 2598 1663 “

1580 1701 1718 1731 Omnibus
1730 1710 1801 1730 unca
1811 1701 1880 1729 cibis
1894 1710 1946 1729 aera
1959 1699 2062 1729 subesse
2081 1704 2168 1736 putat.
2597 1677 2604 1726 l

1463 1740 1642 1777 Concrepant
1661 1749 1720 1768 aera.
1748 1738 1832 1768 Ovid.
1852 1749 1874 1774 5.
1895 1738 1962 1768 Fast.
1980 1747 2043 1773 44¹-
2597 1741 2604 1771 ,ι

2393 1315 2426 1346 V.
2442 1310 2604 1377 Buxmauffl?¹

1464 1778 1590 1822 Conflare
1615 1787 1658 1806 aes.
1689 1776 1716 1806 h.
1737 1786 1761 1806 e.
1792 1775 2008 1813 Liquefaciendo
2028 1772 2215 1804 commiscere.
2244 1771 2312 1801 Plin.
2326 1771 2374 1800 lib.
2396 1779 2422 1808 7.
2451 1779 2511 1807 cap.
2533 1770 2576 1803 56.
2602 1764 2604 1768 ⁸

1482 1817 1528 1846 ffls
1543 1815 1663 1844 conflare
1675 1816 1862 1851 &temperare
1873 1812 2027 1843 Aristoteles
2038 1811 2147 1850 Lydum
2160 1809 2282 1848 Scythen
2288 1807 2445 1838 monstrasse
2457 1817 2464 1837 ε
2486 1806 2578 1837 Theo·
2597 1821 2604 1832 ιι

1483 1854 1606 1891 phrastus
1628 1853 1726 1882 Delam
1745 1852 1796 1881 Phr
1808 1861 1877 1889 'gem
1895 1857 1982 1889 putat.
2598 1835 2604 1846 ’Ἴ

1463 1892 1585 1922 Domare
1605 1900 1665 1919 aera.
1687 1890 1714 1919 h.
1733 1862 1887 1932 e.·lllalleis
1900 1886 2182 1922 tundendomollire,
2200 1885 2392 1922 &inlongum
2401 1883 2523 1913 latumve
2531 1880 2580 1911 du<
2592 1900 2599 1908 .,

1485 1939 1555 1959 cere.
1578 1929 1644 1957 Stat.
1660 1939 1682 1957 1.
1705 1926 1792 1956 Achil.
1814 1937 1856 1964 30.

1464 1967 1574 2010 Ducere
1589 1966 1762 2008 aliquemnex
1783 1975 1843 1994 aere.
1864 1965 1882 1993 i.
1905 1974 1929 1993 e.
1951 1963 2014 1993 AEre
2032 1962 2110 1997 fuso,
2132 1967 2180 1991 aut
2197 1960 2303 1990 malleis
2322 1960 2352 1988 in
2361 1959 2476 1988 laminas
2498 1956 2604 1989 duitor·

1485 2004 1809 2080 elixipgingereffireffigsszre,
1828 2002 2036 2040 repraesentare:
2075 2010 2140 2029 narn
2150 1999 2181 2029 id
2196 2008 2306 2037 quoque
2322 1997 2424 2027 ducere
2441 1994 2579 2033 fignificat.
2599 1987 2604 2003 ’“

1533 2119 1537 2123 1
1562 2118 1567 2123 .
1622 2096 1660 2100 —-
1678 2079 1781 2108 ducent
1796 2079 1874 2107 vivos
1891 2077 1926 2106 de
1945 2086 2081 2106 marmore
2099 2074 2201 2105 vultus.
2286 2072 2355 2103 PIin.
2370 2071 2419 2102 lib.
2432 2081 2457 2108 7.
2467 2081 2527 2108 cap.
2541 2077 2582 2106 37*
2603 2053 2604 2071 l

1487 2118 1583 2150 Edixit
1603 2116 1756 2146 Alexander
1772 2116 1869 2153 nequis
1891 2114 1979 2153 ipsum
1994 2114 2063 2143 alius
2077 2123 2158 2150 quam
2177 2111 2306 2150 Appelles
2322 2111 2451 2149 pingeret
2504 2115 2585 2146 quam
2603 2101 2604 2104 Ἴ

1488 2154 1645 2193 Pyrgoteles
1660 2154 1811 2192 sculperet,
1832 2163 1914 2190 quam
1933 2152 2064 2190 Lysippus
2083 2160 2118 2180 ex
2135 2161 2187 2179 aere
2204 2151 2326 2180 duceret.
2465 2131 2475 2146 ’
2535 2172 2537 2175 .

1469 2195 1578 2226 Ducere
1591 2203 1642 2236 ἷξε,
1662 2192 1749 2222 Idem.
1778 2192 1845 2221 Hor.
1857 2201 1883 2220 2.
1905 2190 1987 2228 Epist.
2008 2200 2030 2218 1.
2047 2199 2111 2224 241.

1549 2232 1648 2275 Edicto
1667 2230 1755 2259 vetuit
1767 2252 1775 2264 ,
1797 2239 1832 2258 ne
1853 2229 1913 2266 quis
1930 2228 1956 2257 se
1973 2234 2070 2265 praeter
2090 2225 2237 2265 Appellem

1550 2269 1691 2311 Pingeret‚
1712 2275 1759 2296 aut
1769 2267 1837 2296 alius
1849 2266 1966 2304 Lylippo
1987 2265 2101 2294 duceret
2117 2274 2169 2293 :era

1550 2307 1638 2337 Fortis
1658 2305 1804 2335 Alexandri
1819 2304 1926 2334 vultum
1947 2303 2108 2332 simulantia.

1470 2346 1616 2389 Excudere
1630 2354 1682 2373 a‘ra
1693 2343 1832 2386 spirantia.
1854 2342 1880 2372 h.
1900 2352 1924 2371 e.
1947 2342 2054 2371 Statuas
2071 2347 2128 2370 tam
2147 2338 2249 2369 affabre
2267 2337 2375 2368 efficere
2413 2340 2446 2366 ut
2463 2335 2587 2366 animatae

1490 2384 1645 2414 videantur.
1667 2382 1738 2418 Virg.
1752 2384 1777 2410 6.
1797 2380 1859 2410 AEn.
1876 2385 1940 2415 848-
2382 2358 2392 2374 ³
2466 2383 2467 2386 ¹

1553 2419 1700 2450 Excudent
1714 2419 1759 2448 alii
1774 2418 1902 2456 spirantia
1914 2416 2027 2446 mollius
2043 2425 2103 2445 aera.

1472 2459 1599 2491 Incidere
1616 2458 1646 2486 in
1666 2466 1734 2492 rere,
1755 2458 1781 2486 δι
1799 2457 1829 2484 in
1841 2465 1884 2485 aes.
1926 2455 1957 2484 V.
1980 2463 2126 2483 inemo.

1474 2497 1577 2528 Mutari
1592 2505 1652 2526 aere.
1693 2494 1723 2524 V.
1749 2503 1860 2523 Μυτο.

1474 2536 1584 2566 Tacent
1599 2544 1659 2563 aera.
1680 2533 1746 2562 Stat.
1763 2542 1785 2560 1.
1809 2530 1895 2560 Ac‘nil.
1907 2538 1972 2566 427.

1439 2578 1472 2611 ΡΞ
1485 2585 1496 2602 ν,
1506 2578 1522 2602 Tr
1531 2584 1551 2601 Μ
1562 2583 1575 2601 F.
1585 2582 1604 2601 N
1615 2594 1623 2607 ,
1643 2571 1708 2601 inis.
1728 2580 1755 2598 n.
1780 2568 1858 2598 Idem
1871 2568 1946 2604 quod
1960 2566 2016 2596 AEs.
2039 2565 2257 2596 Commodianus
2266 2564 2391 2594 Instrut‘t.
2406 2572 2450 2592 20.
2473 2561 2508 2592 Et
2517 2560 2604 2590 Deos*

1477 2611 1583 2643 audetis
1593 2610 1720 2639 aeramine
1730 2608 1820 2636 dicere
1833 2606 1913 2635 fusos.
1937 2605 1982 2635 Sic
1992 2605 2055 2634 flos
2069 2604 2203 2633 aeraminis
2215 2602 2290 2641 apud
2302 2602 2356 2631 Th.
2369 2600 2495 2630 Priscian.
2509 2609 2532 2628 1.
2544 2607 2588 2628 22.
2600 2617 2604 2627 .

1478 2651 1496 2680 i.
1522 2659 1546 2678 e.
1568 2648 1629 2678 Flos
1639 2646 1717 2681 ffiris,
1730 2645 1763 2689 de
1775 2654 1828 2682 quo
1841 2643 1928 2681 supra.
2566 2632 2587 2648 ⁰

1440 2690 1474 2722 ΖΕ
1483 2700 1499 2717 R
1509 2697 1528 2716 Α
1537 2697 1557 2715 Μ
1567 2696 1581 2715 ιι
1590 2696 1609 2714 Ν
1618 2695 1666 2713 TU
1674 2695 1694 2713 Μ
1704 2706 1712 2718 ,
1733 2694 1750 2712 1.
1773 2693 1800 2711 n.
1825 2682 1936 2710 denom.
1960 2678 2138 2715 [χάλκωκοι]
2157 2678 2230 2708 Sunt
2242 2684 2334 2707 autem
2344 2677 2510 2709 AEramenta,
2519 2673 2604 2712 Ope-⁴

1479 2737 1508 2756 ra
1535 2734 1571 2753 ex
1593 2733 1644 2752 aere
1665 2722 1753 2755 facta,
1779 2718 2015 2758 quemadmodum
2035 2717 2211 2746 Ferramenta
2229 2726 2263 2746 ex
2283 2716 2364 2744 ferro.
2392 2712 2460 2743 Pli'n.
2481 2712 2529 2742 lib.
2548 2720 2590 2748 35.

1481 2773 1541 2801 cap.
1560 2772 1600 2798 ις.
1637 2761 1670 2790 In
1688 2758 1793 2796 reliquo
1806 2757 1854 2787 usu
1870 2756 2025 2786 aeramentis
2037 2755 2162 2783 illinitur.

1443 2803 1528 2835 IERA
1538 2810 1552 2828 R
1563 2811 1571 2828 1
1581 2809 1621 2842 A,
1640 2808 1671 2827 τε.
1695 2795 1864 2833 [Zamae-J
1886 2793 1978 2823 Herba
1993 2793 2031 2822 est
2043 2814 2051 2828 ,
2073 2801 2156 2829 quam
2167 2792 2203 2822 fic
2214 2792 2297 2821 vertit
2312 2789 2487 2820 Theodorus.
2526 2785 2604 2818 Her-,¹

1482 2838 1589 2869 molaus
1610 2846 1640 2865 in
1664 2835 1731 2864 Plin.
2595 2828 2597 2833 ’

1443 2878 1477 2912 AE
1488 2888 1503 2905 R
1513 2886 1531 2905 A
1541 2886 1557 2903 R
1567 2886 1575 2903 1
1586 2885 1603 2903 A
1614 2896 1622 2910 ,
1650 2883 1681 2902 ae.
1712 2871 1779 2901 Plin.
1800 2870 1848 2899 lib.
1860 2879 1903 2906 34.
1922 2879 1982 2906 cap.
1995 2877 2036 2904 13.
2072 2866 2233 2896 Etiamnum
2247 2867 2276 2895 iri
2291 2865 2388 2895 aerariis
2411 2862 2604 2901 repeslllntul'j*

1483 2924 1543 2952 quae
1553 2918 1655 2954 vocant
1662 2908 1878 2947 Pompholygem
1890 2909 1915 2936 &
1925 2906 2049 2949 Spodon.
2090 2905 2161 2940 [Ubi
2175 2905 2257 2934 Hasd.
2280 2904 2312 2933 ln
2323 2901 2489 2935 fornacibus,
2500 2901 2528 2928 in
2538 2898 2595 2937 qui.-

1484 2953 1535 2981 bus
1544 2961 1578 2980 aes
1593 2957 1687 2979 uritur.
1711 2948 1781 2977 Cum
1796 2956 1859 2974 vero
1869 2945 1933 2973 alibi
1946 2944 2059 2973 fflrarias
2067 2942 2182 2971 fabricas
2192 2944 2218 2971 δι
2228 2942 2352 2971 officinas
2365 2939 2474 2973 dixerit,
2488 2937 2596 2966 videtur

1481 2990 1529 3019 hic
1545 2998 1654 3026 quoque
1667 2987 1696 3015 id
1707 2985 1827 3014 nominis
1839 2981 2013 3018 subintelligi.
2045 2980 2075 3009 V.
2098 2990 2163 3009 mox
2178 2991 2201 3008 [τε
2211 2990 2228 3008 ιι
2237 2990 2256 3008 A
2266 2990 2282 3007 R
2291 2990 2299 3007 1
2309 2989 2327 3007 υ
2337 2988 2358 3007 s.
2380 2978 2463 3006 Varro
2476 2976 2510 3005 de
2521 2974 2550 3004 L.
2563 2972 2593 3003 L.

1483 3037 1510 3071 7..
1522 3036 1563 3063 33.
1581 3025 1691 3064 proprie
1702 3024 1727 3052 ei
1740 3023 1803 3065 loco
1818 3021 1949 3053 vindicat,
1962 3020 2010 3048 ubi
2028 3029 2050 3046 ΑΞ
2060 3028 2071 3047 s
2093 3017 2204 3046 lavatur.
2245 3015 2504 3048 Etubilaveturaes‚
2524 3012 2596 3043 AEra-

1481 3075 1551 3099 nas,
1575 3073 1632 3093 non
1646 3061 1809 3092 fflrel'dvmsss
1820 3058 1964 3087 nominari.
2006 3056 2061 3085 Has
2071 3055 2156 3084 Catu·
2166 3056 2201 3084 de
2209 3055 2237 3084 B.
2250 3055 2282 3084 G.
2302 3064 2324 3089 3.
2337 3064 2381 3082 21.
2403 3052 2518 3082 ffirarias
2534 3049 2596 3079 Stri-

1484 3105 1574 3132 &curas
1588 3099 1725 3143 appellare
1735 3098 1850 3140 videtur.
1875 3096 1919 3124 Sic
1930 3095 2042 3124 enimin
2054 3093 2149 3123 Fuerni
2159 3093 2229 3122 libro
2241 3092 2304 3127 effe,
2321 3082 2517 3120 testatur'FuIV.
2529 3086 2596 3117 Ursi-

1484 3151 1546 3171 nus.
1568 3139 1599 3169 In
1613 3139 1694 3176 editis
1704 3135 1832 3165 omnibus
1842 3134 1968 3163 Sedturze.
1999 3132 2028 3160 V.
2050 3142 2062 3159 s
2071 3141 2090 3159 “r
2102 3141 2115 3159 ιι
2126 3142 2134 3159 ι
2145 3141 2161 3160 c
2170 3141 2189 3159 T
2200 3141 2217 3159 o
2226 3141 2242 3158 R
2252 3140 2280 3159 A.
2311 3129 2417 3158 Locum
2428 3127 2500 3155 Varr.
2514 3125 2597 3154 adn0-‘

1485 3184 1554 3207 tarat
1564 3178 1617 3213 jam
1628 3175 1662 3205 H.
1675 3176 1713 3217 St.
1727 3177 1753 3203 oz
1762 3174 1834 3201 recte
1849 3171 1967 3205 monuit,
1976 3169 2182 3204 AEi·arice,ariiiii,
2190 3168 2227 3205 pl.
2240 3177 2315 3196 num.
2327 3165 2501 3195 scribendum
2510 3161 2594 3192 fuisse.

1448 3216 1481 3249 ΖΕ
1490 3227 1506 3245 R
1515 3226 1534 3244 A
1544 3225 1577 3243 R1
1590 3224 1636 3243 UM
1645 3235 1653 3247 ,
1682 3222 1710 3241 ii.
1741 3221 1767 3239 n.
1799 3211 1813 3245 [
1834 3210 1878 3236 οὖν
1905 3205 2019 3242 damaim
2048 3204 2183 3244 χξκκαᾶτων
2214 3207 2308 3240 περ-ἕπον
2325 3205 2340 3239 ]
2369 3202 2487 3232 Pecunia
2510 3199 2598 3239 publi-

1486 3264 1519 3296 ca
1528 3262 1585 3281 uno
1599 3252 1626 3280 in
1639 3251 1703 3279 Ioco
1714 3248 1835 3282 condita,
1853 3252 1914 3275 tum
1928 3245 2005 3274 locus
2016 3266 2024 3279 .,
2042 3244 2087 3273 ubi
2099 3244 2214 3280 reposita
2224 3243 2269 3272 est.
2305 3241 2375 3271 Alias
2391 3241 2464 3269 Gaza
2479 3245 2596 3276 quoque.

1485 3291 1587 3337 {west—us,
1607 3285 1818 3331 AErariumsane
1828 3283 1949 3321 populus
1969 3282 2108 3311 Romanus
2129 3283 2157 3309 in
2171 3281 2229 3310 rede
2243 3280 2351 3309 Saturni
2367 3278 2469 3307 habuit.
2504 3274 2595 3312 Οἱς-’3.

1492 3329 1571 3370 fulc.
1582 3333 1626 3369 48.
1658 3326 1690 3355 ht
1703 3324 1816 3368 quidem
1829 3323 1864 3364 C..
1873 3320 2011 3349 Gracchus
2029 3329 2113 3356 quum
2125 3319 2282 3355 largitiones
2293 3317 2425 3345 maximas
2438 3313 2557 3349 feciss'et,
2571 3313 2598 3343 ἀ

1486 3366 1625 3395 efludisset
1636 3371 1759 3392 aerarlum
1768 3383 1776 3396 ,
1791 3360 1879 3388 verbis
1892 3367 1984 3387 tamen
1995 3356 2308 3386 defendebat-ferarium.

1486 3404 1560 3441 Nep.
1571 3402 1676 3444 Aristid.
1693 3400 1723 3429 C.
1739 3409 1762 3435 3.
1785 3398 1848 3433 Ejus
1858 3396 1968 3426 arbitrio
1985 3405 2002 3424 c
2011 3405 2027 3423 c
2038 3404 2054 3423 c
2065 3405 2082 3423 c
2092 3406 2105 3422 L
2114 3403 2131 3422 x
2157 3393 2259 3423 talenta
2274 3390 2420 3428 quotannis
2430 3388 2529 3419 Delum
2544 3385 2601 3417 coh

1506 3441 1569 3470 lata.
1592 3440 1624 3469 Id
1632 3448 1706 3468 enim
1716 3444 1864 3466 commune
1873 3434 1996 3463 <erarium
2005 3432 2057 3461 effe
2066 3431 2222 3461 voluerunt.
2246 3430 2284 3459 Id.
2300 3431 2352 3458 Att.
2366 3428 2396 3457 C.
2411 3433 2435 3460 8.
2458 3426 2599 3463 Excogita-

1505 3485 1566 3518 tum
1575 3478 1613 3506 est
1625 3486 1640 3506 a
1653 3474 1817 3513 quibusdum
1831 3494 1839 3507 ,
1867 3479 1897 3500 ut
1916 3471 2052 3509 privatum
2065 3470 2187 3499 aerarium
2208 3468 2316 3497 Caesaris
2329 3464 2550 3495 interfectoribus
2566 3462 2598 3492 ab

1506 3515 1626 3552 Equitib.
1646 3514 1694 3543 Ro.
1708 3511 1916 3541 constitueretur
1930 3531 1938 3543 ,
1960 3510 2010 3538 Sec.

1487 3554 1624 3588 ,ffirarium
1634 3550 1731 3588 populi
1743 3571 1750 3584 ,
1769 3547 1858 3578 fiscus
1869 3547 2001 3584 principis
2011 3545 2120 3574 dicitur.
2159 3543 2302 3573 Interdum
2311 3547 2405 3570 tamen
2417 3549 2466 3578 pro
2477 3538 2575 3568 eodem
2584 3545 2599 3566 a

1507 3589 1704 3626 jureconsultis
1716 3586 1865 3623 usurpatur.
1898 3583 2024 3612 Martian.
2043 3582 2059 3611 l.
2076 3593 2098 3611 i.
2117 3583 2138 3620 §.
2155 3593 2178 3616 5·
2193 3581 2225 3610 D.
2257 3580 2295 3609 Ad
2310 3579 2327 3608 I.
2349 3577 2459 3607 Cornel.
2476 3575 2596 3606 defaltis.

1482 3638 1490 3645 “
1508 3628 1582 3657 Paul.
1594 3627 1611 3656 l.
1627 3637 1666 3661 13.
1690 3626 1723 3655 D.
1740 3624 1843 3659 dejure
1857 3621 1911 3650 fise.
1950 3621 1979 3649 V.
2003 3631 2015 3648 ιἵ
2027 3630 2138 3648 iscus.

1488 3666 1623 3696 ffirarium
1638 3664 1773 3702 privatum
1782 3661 1820 3704 'de
1832 3659 1963 3695 Principis
1983 3658 2076 3687 aerario
2088 3680 2095 3692 ,
2114 3657 2149 3686 ad
2161 3654 2364 3684 distint‘tionem
2380 3652 2484 3682 Publici
2498 3674 2506 3686 ‚
2527 3647 2600 3688 apud

1511 3702 1615 3731 Vulcat.
1629 3701 1761 3743 Gallican.
1781 3709 1808 3727 in
1819 3697 1894 3740 llvid.
1909 3695 1976 3726 Cass'.
1997 3697 2026 3724 C.
2042 3705 2066 3731 7.
2104 3695 2219 3723 Senatus
2230 3692 2308 3720 illum
2320 3691 2425 3720 hostem
2437 3688 2598 3727 appellavit,

1508 3740 1636 3782 bonaque
1661 3748 1719 3772 eius
1738 3736 1908 3775 proscriplit:
1941 3743 2001 3770 quze
2017 3733 2171 3761 Antoninus
2193 3731 2221 3759 in
2238 3731 2374 3767 privatum
2398 3728 2520 3756 aeriirium
2537 3733 2600 3754 con-

1508 3787 1565 3843 },retri
1585 3777 1675 3843 nffiluist
1685 3796 1691 3808 ,
1718 3784 1799 3812 quare
1813 3773 1905 3801 senatu
1918 3771 2096 3809 praecipiente
2108 3792 2116 3805 ,
2131 3770 2160 3798 in
2182 3768 2306 3797 aerarium
2325 3764 2469 3804 publicum
2483 3763 2545 3793 sunt
2561 3771 2600 3795 re-

1520 3826 1533 3843 u
1548 3826 1570 3843 ii.
1629 3837 1634 3843 .
1672 3821 1691 3842 t.

1488 3853 1622 3885 fletui-ium
1641 3850 1787 3889 publicum
1803 3846 1877 3886 apud
1894 3845 2061 3876 recentiores
2079 3830 2345 3874 Historicosintrods
2356 3850 2420 3871 cum
2432 3839 2494 3869 satis
2511 3837 2543 3867 sit
2563 3835 2600 3867 di-

2541 3881 2598 3904 cere
