2604 4222
210 84 277 121 134
621 69 648 103 A
747 67 779 102 G
880 65 911 100 U

216 159 438 189 AGRrPeiNA.
461 152 596 189 Cognom.
619 149 706 179 Foem.
733 148 784 177 Ro.
806 145 839 176 ab
856 144 974 182 Agrippa
991 140 1153 172 deduc'tum.
1193 138 1261 183 Ejus
1277 146 1368 168 nomi-

211 181 220 191 ο
248 193 292 225 nis
307 200 361 222 tres
375 185 559 221 celebrantur.
598 187 667 216 Duae
687 186 726 215 M.
749 185 875 222 Agrippae
887 183 958 215 fiiiae,
975 181 1059 223 altera
1075 188 1109 207 ex
1128 178 1279 223 lfomponia
1291 199 1298 212 ,
1326 179 1371 206 At-

249 232 298 262 tici
313 231 405 268 neptis
443 238 503 266 quae
525 225 640 255 Tiberio
661 223 757 252 Caesari
778 223 919 259 primuni,
948 218 1051 247 deinde
1071 215 1261 261 Al¹n¹⁰,(¹²¹119
1282 222 1370 252 nupta

250 270 321 300 fuit·
345 252 430 296 altera
445 276 479 295 ex
505 264 595 300 Julia,
629 260 739 297 Augusti
751 259 860 296 neptis,
889 266 948 293 quae
972 255 1137 284 Germanico
1160 252 1254 295 Caesari
1282 261 1370 289 nupta

251 291 323 337 fuit'
344 304 476 339 Caligulae
492 308 593 334 mater,
628 310 644 328 a
661 297 775 327 Tiberio
796 295 914 331 relegata
937 294 963 322 δι
985 292 1020 320 ad
1039 297 1159 334 mortem
1178 290 1299 333 denique
1324 299 1371 319 [ες-

252 345 300 374 dio
315 329 501 372 'aerumnarum
518 340 631 372 adusta,
661 335 756 365 Tertia
781 333 863 367 hujus
880 333 906 360 Sc
922 329 1081 373 Germanici
1105 327 1160 357 filia
1172 349 1180 363 ,
1215 335 1306 374 neptis
1326 328 1366 357 M.

253 383 271 413 A
295 382 313 410 ri
325 391 335 403 ³
358 390 379 409 ξε
428 388 487 416 quae
503 386 537 406 ex
552 374 676 404 Domitio
696 369 878 400 Ahenobarbo
892 377 983 405 priore
999 372 1098 409 marito
1121 365 1370 412 N'eronenilssaexsa-

252 391 425 455 regmkglbniiit
465 415 531 444 dein
545 412 641 449 Crispo
661 409 801 441 Passieno,
830 416 861 435 ac
884 405 974 435 tertiis
990 411 1098 442 nuptiis
1114 403 1159 433 Ti.
1177 403 1370 449 Clapdiofig-

251 457 301 486 sari
319 456 413 492 juncia
426 438 443 489 ,³
454 452 610 487 eodemque
626 455 736 477 veneno
760 450 859 473 necato
871 466 878 480 ,
899 443 1039 481 postremo
1058 452 1073 471 a
1084 441 1196 471 Nerone
1210 441 1240 471 1⁴.
1262 442 1369 470 insidiis

251 499 408 533 praeventa,
425 489 531 520 crudeli
549 492 637 531 morte
653 484 743 525 pei-iit.
779 519 785 525 η
1034 518 1040 523 .
1093 517 1099 523 ι
1167 517 1172 522 .
1209 517 1215 523 ‘

216 534 237 563 A
246 543 264 562 c
274 542 289 560 R
299 543 308 560 1
319 541 333 559 Ρ
343 541 357 559 P
366 541 375 558 i
385 539 405 558 N
416 539 435 557 A
447 551 455 562 ,
476 528 491 562 [
503 523 665 560 A’ygmmrn]
685 521 800 557 Insignis
825 518 890 548 urbs
912 517 1065 548 Germaniae
1091 517 1245 551 inferioris,
1266 522 1368 545 metro-

274 570 325 598 olis
363 569 389 597 δι
404 564 514 595 colonia
530 562 598 591 olim
614 560 814 589 Romanorum.
854 556 923 586 Haec
935 556 1115 593 Pomponius.
1138 554 1257 598 Colonia
1276 555 1369 592 Agrip-

253 580 318 636 pina
333 590 453 640 5(inquit
468 596 682 632 volaterranus)
713 595 754 625 M.
776 594 902 638 Agrippae
919 599 1154 637 monumentum,
1186 603 1233 636 qui
1252 592 1302 621 hos
1319 602 1368 635 pp-

251 617 335 674 Pulos
357 652 373 670 a
391 641 417 670 se
443 640 530 668 vistos
553 646 584 665 ac
610 634 736 664 volentes
763 633 794 661 in
819 638 976 662 citeriorem
995 641 1084 669 ripam
1107 630 1200 674 Rheni
1234 630 1365 673 traduxit.

252 655 396 713 Cornelius
413 676 528 707 Tacitus
544 680 639 702 tamen
662 681 704 701 12.
727 671 797 700 Ann.
818 679 863 707 27.
903 670 975 700 Rem
992 670 1031 698 ita
1043 669 1186 712 prodidit}
1207 669 1365 710 Agrippina,

251 729 306 757 quo
323 718 380 747 vini
394 715 468 744 suam
480 712 561 742 sociis
577 719 688 748 quoque
703 708 865 738 nationibus
887 708 1053 752 ostentaret,
1074 716 1103 735 in
1118 706 1256 749 oppidum
1283 706 1367 734 Ubio-

250 767 311 787 rum
359 755 388 782 in
414 762 468 790 quo
489 750 581 787 genita
599 754 674 783 erat,
704 752 850 776 veteranos
873 745 1069 782 coloniamque
1090 744 1193 787 deduci
1216 750 1364 781 impetrat,

251 795 296 824 cui
312 777 418 821 riomen
437 789 561 818 inditum
580 796 615 816 ex
636 784 773 815 vocabulo
792 784 885 822 ipsius.
934 785 973 813 Ac
995 784 1066 812 forte
1079 782 1236 825 acciderat,
1257 788 1288 811 ut
1305 791 1366 810 eam

251 837 361 867 gentem
378 828 477 857 Rheno
494 823 684 862 transgressam
702 832 768 852 avus
786 823 908 865 Agrippa
925 822 955 864 iri
972 821 1058 864 fidem
1072 825 1228 863 acciperet.
1326 858 1331 862 ι

211 863 540 902 ΛᾶκιΡΡιΝεΝειε,
570 872 594 892 e.
626 862 687 895 Adi.
710 868 742 890 ut
759 859 878 889 Colonia
894 859 1105 901 Agrippinensis.
1137 857 1228 901 Tacit.
1249 867 1272 886 1.
1296 856 1364 886 Hist.

250 911 292 943 5⁶·
307 916 333 941 4.
352 905 403 934 Sto.
442 902 476 932 Et
497 899 726 939 Agrippinenses,
745 897 868 933 Incolae,
898 897 966 926 olim
986 896 1067 931 Ubii;
1101 894 1192 925 Tacit.
1222 895 1257 924 de
1273 895 1364 924 Germ.

209 948 411 1015 Agii'igi’us,
442 975 630 1014 [becumen]
659 973 816 1004 Laconibus
846 972 948 1001 dicitur
969 970 1040 1001 Olea
1051 970 1164 1014 ¹sterilis.
1201 970 1276 1000 Hinc
1296 970 1368 999 illud.

246 1019 321 1056 vulgi
340 1018 465 1047 sermone
477 1011 591 1049 tritum,
612 1012 737 1042 Sterilior
751 1013 865 1049 agrippo
877 1032 885 1045 ‚
908 1010 943 1039 de
963 1010 996 1039 iis
1010 1019 1057 1046 qui
1070 1016 1202 1038 extremae
1221 1008 1285 1053 sunt
1293 1019 1367 1052 'pau-

245 1057 380 1097 pertatis,
400 1063 490 1091 neque
513 1053 662 1090 quicquam
679 1050 843 1080 facultatum
862 1047 1010 1085 possident.
1052 1047 1179 1090 Quadrat
1199 1047 1225 1077 Sc
1241 1057 1271 1076 in
1292 1056 1368 1084 igna-

245 1105 295 1126 vos
333 1093 494 1129 nulliusque
502 1090 641 1119 industriae
651 1089 787 1117 homines.
817 1086 898 1116 Auth.
913 1085 1077 1128 Zenodotus
1090 1085 1234 1128 &Surdas
1281 1123 1286 1129 ,
1348 1122 1354 1129 ι

209 1135 231 1165 A
241 1144 260 1163 G
270 1144 287 1163 R
297 1117 327 1162 1⁷s
338 1144 347 1161 1
358 1142 369 1161 s
380 1154 388 1167 ,
410 1129 502 1160 Herba
512 1130 537 1159 St
548 1127 698 1157 dulcedine
712 1125 867 1163 praecipua,
889 1124 915 1153 δι
927 1123 1094 1167 hominibus
1113 1132 1146 1152 ac
1168 1130 1302 1167 jumentis
1313 1128 1367 1152 uti-

245 1172 299 1202 lis:
337 1179 391 1208 qua
417 1167 590 1206 potissimum
619 1164 798 1195 vescebantur
822 1163 954 1199 AEgyptii.
1000 1161 1116 1191 Diodor.
1147 1160 1232 1192 Sicul.
1261 1161 1311 1190 lib.
1337 1170 1364 1191 2.

207 1218 352 1280 Agsspiuls
394 1255 410 1274 a
423 1266 432 1279 ,
453 1253 511 1274 um.
532 1241 593 1278 Adj.
618 1250 653 1270 ex
672 1240 717 1270 Gr.
749 1237 849 1275 3731&
869 1236 971 1272 Ferus,
996 1237 1116 1275 agrestis.
1136 1236 1281 1266 Tribuitur
1302 1236 1366 1280 Arii-

243 1268 373 1316 malibus'
403 1282 524 1321 plantis,
554 1279 636 1309 rebus
664 1276 843 1307 naturalibus.
918 1275 964 1304 Sic
992 1275 1106 1319 Agrium
1126 1275 1257 1318 Nicrum,
1292 1274 1362 1318 Plin.

244 1323 294 1353 lib.
319 1306 382 1359 31.'
397 1330 456 1358 cap.
485 1328 527 1347 10.
553 1318 588 1346 de
613 1316 686 1346 Nitri
713 1314 861 1353 generibus
885 1313 1012 1350 loquens.
1054 1312 1150 1342 Minus
1178 1319 1263 1342 etiam
1282 1312 1313 1356 fit
1334 1322 1364 1342 in

245 1361 383 1395 Thracia,
413 1356 491 1394 juxta
509 1355 667 1393 Philippos,
697 1352 840 1382 sordidum
858 1358 948 1385 terra,
983 1351 1059 1388 quod
1073 1349 1226 1394 'appellant
1240 1352 1362 1388 Agrium.

244 1398 391 1429 Tribuitur
409 1398 436 1426 Sc
455 1394 580 1428 morbis,
611 1391 751 1421 ulceribus
770 1391 821 1420 ἃς.
871 1389 902 1432 V.
926 1389 1015 1432 Supra
1040 1398 1169 1432 acina:
1243 1426 1247 1432 Ι
1274 1427 1279 1432 1

207 1438 371 1470 Aofflus,
393 1432 547 1470 [Χγςκῷω]
568 1429 753 1460 Parthaeaonis
767 1450 775 1463 ,
795 1427 893 1457 Martis
917 1426 986 1461 filu,
1007 1426 1098 1461 filius,
1119 1436 1167 1463 qui
1182 1426 1294 1470 ut'vidit
1307 1426 1363 1455 Oe-

243 1484 330 1506 neum
350 1474 464 1502 fratrem
478 1469 578 1499 orbum
599 1467 692 1497 liberis
711 1467 815 1496 faCtum
829 1487 838 1500 ,
869 1470 999 1502 egentem
1019 1474 1106 1502 regno
1125 1464 1250 1508 expulit,
1281 1470 1364 1501 atque

242 1513 302 1551 ipse
321 1519 437 1548 regnum
454 1507 581 1546 possedit.
631 1505 759 1543 Hyginus
781 1503 845 1533 Fab.
865 1512 971 1545 ccxxv.
1014 1502 1090 1531 Hinc
1115 1508 1261 1545 corrigitur
1284 1502 1364 1531 locus

245 1550 343 1582 Ovidii
361 1549 389 1578 in
412 1546 526 1577 Heroid.
548 1543 630 1582 Epist.
650 1553 674 1578 9.
702 1551 762 1579 153.
786 1542 833 1579 qui
850 1541 880 1569 in
896 1539 1026 1584 omnibus
1050 1540 1277 1584 exemplaribus,
1302 1550 1364 1577 quaa·

241 1588 314 1620 mihi·
329 1587 425 1618 videre
441 1583 559 1620 contigit
572 1604 580 1616 ,
599 1587 746 1619 corruptus
760 1580 817 1615 est,
838 1579 865 1609 ἃ
885 1588 901 1608 a
918 1588 1032 1608 nemine
1052 1584 1239 1617 interpretum
1255 1578 1364 1608 intelle-

242 1629 312 1658 stus.
352 1624 441 1654 Locus
460 1629 553 1651 autem
568 1619 615 1649 ille
630 1619 686 1648 est:
888 1654 894 1660 ⁶
1099 1655 1105 1661 ἢ
1247 1654 1252 1659 .

286 1684 288 1686 v
317 1663 380 1693 Heu
400 1662 500 1691 devota
522 1658 640 1688 domus!
661 1656 730 1686 solio
745 1655 822 1685 sedet
840 1664 929 1685 acrior
944 1653 1010 1684 alto.
1051 1654 1106 1683 Ubi
1121 1664 1172 1692 pro
1191 1654 1301 1697 Acrior,
1321 1663 1363 1683 re-

243 1703 313 1742 poni
332 1700 417 1730 debet
437 1698 547 1736 Agrius,
569 1698 595 1726 ἃ
614 1695 669 1724 hoc
690 1694 777 1724 modo
796 1693 870 1731 legi,
963 1709 1001 1713 —
1020 1691 1089 1721 solio
1098 1692 1278 1736 sedetAgrius
1293 1691 1359 1736 alto.

242 1741 309 1777 Quo
332 1741 358 1769 ἃ
372 1736 463 1768 versus
485 1735 584 1774 planus
602 1733 656 1768 est,
686 1734 713 1763 δε
736 1732 873 1761 sententia
891 1736 984 1769 poetae
1002 1729 1081 1759 clara.
1138 1730 1194 1760 Hic
1213 1736 1292 1774 pater
1309 1731 1365 1774 suit:

240 1777 373 1809 Thersitae
387 1776 547 1805 Graecorum
559 1770 726 1809 turpissimi,
747 1769 832 1800 Ovid.
855 1778 879 1806 3.
908 1778 944 1798 ex
964 1768 1063 1804 Ponto,
1083 1778 1108 1804 9.
1129 1778 1154 1804 9.
1197 1768 1262 1798 Fuit
1277 1773 1363 1798 etiam

242 1817 338 1854 Agrius
351 1815 438 1848 Puer,
460 1812 495 1841 de
510 1820 566 1854 qup
585 1810 652 1840 Stat.
663 1807 877 1852 9.'Theb.266.
970 1844 976 1850 ι
1109 1843 1115 1849 Ι
1137 1844 1142 1849 .
1158 1844 1164 1850 ι

203 1855 252 1887 Ac.
261 1864 304 1884 Ro
313 1863 358 1882 LA
388 1853 415 1881 Sc
432 1848 590 1888 Hyberbius
603 1847 638 1876 ad
648 1856 717 1876 arcis
730 1844 902 1875 Atheniensis
918 1844 1025 1874 radices
1039 1843 1182 1874 domiciha
1203 1844 1364 1875 habuerunt

241 1899 412 1928 omnemque
427 1887 564 1917 ambitum
578 1894 722 1928 murorum
738 1884 807 1913 arcis
824 1883 952 1927 fecerunt
962 1905 970 1918 ,
1000 1888 1100 1926 praeter
1116 1891 1178 1912 eam
1196 1882 1362 1921 particulam

242 1939 325 1968 quam
338 1929 441 1958 Cimon
455 1925 589 1969 Miltiadge
604 1923 677 1952 filius
691 1922 853 1968 construxit.
892 1920 1003 1964 Pausan.
1022 1921 1117 1964 insitt.
1152 1950 1153 1955 ¹
1205 1959 1210 1964 .
1235 1959 1241 1966 ·

203 1969 352 2002 AGRON,
377 1965 481 1995 Primus
501 1973 548 2001 qui
566 1967 639 1992 inter
655 1960 816 1991 Heraclidas
836 1957 928 1990 Sardis
945 1964 1071 1996 regnavit
1084 1980 1093 1994 ‚
1114 1963 1146 1988 ut
1161 1956 1255 1989 scribit
1274 1959 1362 1990 Hero·

241 2006 300 2036 dot.
317 2004 363 2034 lib.
382 2013 404 2032 1.

239 2045 331 2082 Agron
342 2065 350 2078 ,
371 2040 508 2083 Medicus.
549 2038 581 2068 V.
603 2047 622 2066 A
632 2046 674 2066 ca
683 2046 700 2080 o
709 2045 744 2079 N..
939 2072 946 2079 .
1027 2073 1033 2078 ·

240 2083 333 2118 Agron
348 2103 356 2116 ,
377 2079 446 2109 Nini
463 2077 535 2107 filius
549 2099 557 2113 ,
578 2085 594 2104 a
604 2075 704 2105 Graecis
717 2074 808 2104 dietus
818 2095 827 2110 ,
852 2073 929 2111 quod
937 2082 968 2102 ln
978 2081 1049 2110 agris
1057 2078 1138 2102 natus
1147 2071 1222 2102 esset.
1243 2072 1275 2102 V.
1293 2071 1359 2103 Caei.

258 2118 350 2149 Rhod.
364 2117 411 2146 lib.
423 2125 538 2153 23.cap.
554 2125 578 2150 ς.
726 2151 730 2156 1
922 2149 927 2155 .
1298 2149 1304 2154 ·

239 2158 331 2195 Agron
350 2155 507 2192 Illyriorum
527 2162 594 2187 rex,
614 2150 732 2181 Pleurati
742 2150 772 2180 F.
795 2149 832 2178 ob
842 2148 1023 2179 ferocissimos
1037 2148 1144 2192 ffitolos
1162 2148 1217 2192 ase
1228 2148 1360 2185 domitos,

256 2193 429 2225 temulentiae
449 2191 599 2229 indulgens
621 2189 771 2227 pleuritide
790 2187 890 2217 morbo
903 2193 1046 2225 correptus
1060 2209 1069 2223 ,
1090 2192 1205 2217 interiit.
1255 2187 1362 2216 Author

347 2233 389 2260 ius
403 2230 421 2259 l.
433 2239 459 2259 2.
477 2239 501 2258 e.
513 2239 538 2259 2.
557 2228 584 2257 se
606 2251 612 2257 .

200 2232 385 2304 Λεξίὲζξι,
406 2238 705 2304 [Xygoama]qPopuli
729 2263 840 2293 Arabiae.
860 2262 931 2292 Plin.
948 2262 996 2292 lib.
1011 2265 1037 2292 6.
1057 2271 1173 2307 cap.33.

199 2311 393 2342 Aoaosrs,
423 2315 461 2335 es.
489 2303 634 2341 [o'cygulrn]
665 2302 808 2339 Phalangii
825 2301 929 2339 species
947 2300 1023 2338 apud
1043 2301 1225 2344 Nicandrum.

200 2349 224 2378 A
233 2357 251 2376 G
260 2357 277 2375 R
285 2356 302 2375 o
312 2355 323 2375 s
333 2354 352 2374 T
362 2355 371 2373 i
381 2354 393 2373 s
404 2365 412 2379 ,
434 2341 583 2380 [Zygiam]
602 2340 696 2370 Herba
706 2340 745 2369 est
755 2339 919 2377 geniculatis
928 2348 978 2376 per
993 2344 1092 2368 terram
1103 2338 1216 2382 ramulis
1229 2338 1341 2382 serpens
1350 2359 1359 2375 ‚

238 2384 306 2414 folia
323 2382 428 2412 habens
451 2380 572 2417 oblonga
597 2380 623 2408 &
640 2379 797 2408 acuminata
818 2378 848 2406 in
868 2378 986 2406 modum
1006 2386 1096 2414 parvae
1116 2376 1275 2420 arundinis,
1307 2387 1361 2414 qua

239 2423 325 2451 boves
341 2421 521 2457 jumentaque
540 2416 709 2455 pascuntur:
742 2415 834 2445 Latini
850 2415 971 2445 Gramen
988 2414 1139 2453 appellant.
1180 2414 1212 2444 V.
1233 2414 1359 2444 Dioscor.

249 2460 474 2488 '..ca.26.
510 2465 591 2485 0.1.
1304 2490 1309 2496 .

198 2460 276 2532 Acili?
284 2468 444 2530 048us,pa.
465 2465 521 2524 urii.
543 2464 620 2531 Agris
632 2491 787 2521 abundans.
825 2489 912 2519 Varro
931 2500 958 2526 4.
983 2490 1018 2519 de
1034 2489 1063 2520 L.
1081 2489 1112 2520 L.
1129 2501 1152 2520 1.
1174 2496 1244 2520 extr.
1282 2491 1311 2521 Si
1323 2490 1358 2521 ab

238 2536 309 2573 Agro
329 2534 364 2563 ad
376 2532 506 2570 Agrosuni
515 2531 660 2560 hominem
683 2531 709 2559 δι
724 2527 878 2566 Agricolam
888 2537 1050 2566 pervenero.

175 2573 179 2577 ’
198 2574 369 2605 AGRosus
383 2593 392 2606 ,
412 2570 497 2600 Mons
514 2569 567 2602 est,
589 2568 723 2597 ubinunc
742 2568 832 2597 Roma
846 2588 854 2601 ,
875 2576 958 2603 quem
979 2566 1090 2596 Faunus
1109 2575 1159 2595 rex
1178 2566 1306 2596 Evandro
1324 2576 1359 2596 ex

235 2610 351 2641 Arcadia
360 2607 439 2647 pulso
457 2606 591 2637 concessit
604 2629 612 2642 ,
632 2614 752 2643 eumque
766 2604 814 2634 ille
830 2604 1010 2643 postmodum
1022 2604 1178 2634 Palatinum
1196 2604 1356 2642 appellavit.

197 2648 404 2719 Agslizg'ERA
420 2705 429 2718 ,
459 2679 630 2719 [Α’«χξο-ιέρςο]
661 2680 757 2710 Diana:
774 2689 933 2718 cognomen
955 2680 1010 2716 est,
1040 2680 1117 2718 quod
1135 2680 1274 2718 templum
1298 2681 1358 2716 eius

234 2727 311 2762 Agrae
331 2721 397 2758 (vel
413 2722 443 2750 iri
459 2720 559 2757 Agris)
577 2720 661 2748 fuerit
678 2728 738 2756 quae
765 2719 803 2747 est
826 2717 988 2761 regiuncula
1017 2724 1095 2747 terrae
1125 2718 1239 2761 Atticae,
1270 2728 1359 2756 prope

233 2762 338 2793 Iliss'um
359 2760 387 2789 fl.
409 2759 459 2788 ubi
477 2755 570 2788 ferunt
588 2757 705 2787 Dianam
744 2756 843 2785 timum
867 2762 1045 2785 venationem
1066 2755 1238 2791 exercuisse,
1271 2766 1357 2799 quum

234 2809 269 2830 ex
297 2798 370 2828 Delo
397 2796 466 2826 illuc
494 2795 619 2826 venisset.
659 2766 772 2824 Paullgn.
803 2794 834 2822 iri
854 2794 935 2823 Attic.
958 2803 1020 2831 pag.
1045 2803 1088 2831 17.
1119 2796 1145 2824 δι
1166 2793 1232 2824 Caei.
1261 2793 1308 2823 lib.
1331 2799 1356 2826 8.

195 2848 298 2906 Agizps
307 2846 419 2907 rium,
444 2882 474 2902 ae.
497 2871 517 2901 f.
539 2869 707 2908 [o'cygvma'oa]
727 2868 922 2907 Pervigilium,
943 2867 1088 2899 insomnia.
1128 2869 1212 2900 Mart.
1239 2868 1354 2908 „Capeu

232 2913 282 2944 lib.
304 2922 330 2943 2.
349 2922 377 2950 p.
394 2919 443 2948 27.

636 3021 665 3058 A
758 3018 793 3055 G
888 3020 922 3055 U

195 3141 461 3171 ΔρυΜεΝτυΜ,
481 3133 550 3164 teste
575 3130 716 3165 Varrone,
746 3129 834 3167 Quod
851 3138 886 3159 ex
903 3129 1047 3160 immolata
1064 3129 1151 3160 hostia
1170 3130 1310 3162 desectum
1326 3130 1357 3162 in

235 3178 326 3213 jecore
345 3173 520 3213 imponendo
536 3170 655 3209 agendei
671 3167 755 3198 causa.
804 3167 872 3197 Haec
888 3167 937 3196 ille
957 3168 1005 3198 lib.
1018 3180 1043 3205 4.
1066 3169 1101 3198 de
1118 3168 1147 3198 L.
1166 3168 1196 3198 L.
1218 3180 1262 3200 22.
1300 3171 1357 3199 Sed

233 3215 310 3252 apud
336 3212 438 3243 Arnob.
463 3220 489 3249 7.
508 3220 537 3248 p.
557 3219 621 3247 230.
640 3208 678 3237 est
694 3207 860 3243 Augumen,
887 3206 953 3235 teste
982 3207 1011 3234 iri
1032 3206 1097 3236 Not.
1116 3206 1245 3237 Gothosr.
1285 3207 1357 3238 Vide

436 3259 524 3278 TUM.

198 3262 257 3320 Agr
254 3259 427 3324 uUrxiGcUuMLBab,1
457 3297 488 3316 ae.
510 3286 529 3315 f.
558 3285 642 3315 Parva
663 3283 756 3319 imago
774 3280 827 3310 sive
847 3290 943 3319 puppa
953 3290 965 3324 :¹
988 3286 1034 3316 ut,
1055 3281 1198 3319 Aguncula
1235 3282 1356 3313 uellaris.

237 3328 312 3356 Suet.
336 3326 401 3355 Ner.
427 3335 486 3363 cap.
509 3326 553 3360 56.
574 3329 606 3352 ut
625 3321 686 3352 vult
710 3320 808 3350 Pareus
825 3318 892 3348 Lex.
922 3318 988 3348 Crit.
1016 3328 1044 3356 p.
1071 3322 1113 3348 66.
1128 3328 1189 3361 'pro
1225 3320 1354 3351 curicula,

235 3364 289 3394 Ubi
308 3365 334 3393 &
351 3363 480 3392 Ciceroni
496 3365 521 3391 6.
541 3362 596 3390 Att.
626 3370 650 3389 1.
671 3364 740 3388 extr.
761 3357 902 3397 vindicare
916 3362 1048 3391 conatur,
1074 3356 1210 3400 ⁸Quinque
1229 3359 1358 3395 Aguncu-

235 3402 286 3437 lae,
306 3401 355 3430 ubi
369 3401 415 3430 alii
433 3398 635 3437 Plangunculae.
654 3396 767 3426 casaub.
785 3395 820 3424 ad
839 3396 914 3424 Suet.
928 3394 946 3423 l.
968 3404 992 3422 c.
1015 3400 1137 3437 conjecit
1148 3393 1199 3431 leg.
1219 3396 1356 3426 Acueulae.

198 3441 410 3473 AGUNTUM,
440 3437 580 3473 [es-ssim
601 3434 775 3469 Ptolemaeo]
804 3432 951 3470 Oppidum
975 3431 1013 3462 est
1039 3431 1138 3461 Norici
1153 3453 1162 3468 ,
1191 3433 1268 3468 quod
1295 3436 1322 3464 «sc
1341 3444 1358 3463 a

238 3477 307 3506 Plin.
329 3475 483 3505 recensetur
498 3474 546 3504 lib.
568 3483 592 3510 3.
620 3483 680 3511 cap.
697 3482 742 3509 24.

200 3515 395 3550 Asamum,
433 3513 465 3543 V.
495 3520 675 3541 AGYRINI.

637 3626 665 3660 A
761 3622 794 3657 G
887 3619 921 3657 Y

203 3739 389 3772 Acrirus,
410 3734 503 3765 Graece
524 3735 644 3769 Ἀγιιεὺς,
673 3733 758 3761 trium
778 3730 941 3769 syllabarum
957 3738 1021 3766 vox,
1037 3728 1175 3776 Apollinis
1192 3738 1207 3758 e
1229 3729 1356 3767 ithet0n‚

239 3775 353 3806 testibus
366 3773 473 3803 pausam.
493 3775 521 3801 in
544 3774 596 3801 Art.
618 3774 644 3800 ὁὶ
664 3769 788 3799 Nlacrob.
817 3780 839 3798 1.
862 3769 971 3812 Saturn.
993 3778 1052 3806 cap.
1076 3778 1101 3804 9.
1137 3768 1279 3811 Step].de
1289 3768 1355 3798 Urb.

241 3824 266 3843 v.
289 3814 376 3845 ἀγυιοι.
409 3811 479 3847 quali
493 3811 544 3839 viis
566 3807 726 3847 praepositus
746 3808 866 3836 urbanis.
925 3805 988 3835 brat
1008 3807 1075 3836 item
1090 3816 1124 3835 eo
1145 3816 1259 3835 nomine
1275 3806 1359 3834 Colu-

242 3850 460 3885 mnaliistigiam,
481 3855 561 3884 atque
582 3848 610 3875 in
631 3853 743 3874 acutum
760 3845 886 3873 desinens
899 3866 906 3877 .
928 3854 1014 3881 prope
1033 3845 1127 3879 januas
1141 3846 1254 3886 ereda,
1276 3844 1360 3880 Apol-

240 3889 294 3918 lini
309 3887 389 3917 sacra.
429 3886 501 3916 Nam
518 3885 617 3914 veteris
638 3883 721 3913 moris
738 3883 810 3918 fuit,
840 3881 999 3919 Apollinem
1021 3888 1052 3912 ut
1077 3882 1247 3912 aleiucacum
1266 3883 1358 3911 colere

1279 3969 1298 3995 Ο

1831 60 1859 94 Α
1956 54 1990 93 H
2088 59 2115 95 A

1463 143 1527 167 ante
1549 138 1668 173 ianuam.
1724 139 1777 169 Cui
1797 141 1881 170 etiam
1897 141 1976 172 sacrae
1994 146 2072 171 erant
2094 142 2253 180 Agyiatides
2277 152 2347 179 arae,
2378 148 2444 182 quas
2464 145 2573 183 quidam

1463 176 1625 212 Therapnas
1649 184 1822 214 nuncupant.
1865 179 1941 209 Haec.
1958 179 2024 210 Crel.
2052 179 2101 209 lib.
2124 184 2149 209 6.
2177 190 2237 218 cap.
2264 186 2306 215 18.
2355 181 2386 211 V.
2409 183 2491 212 etiam
2509 185 2573 219 Lex,

1463 213 1551 244 Pitisc.
1564 214 1629 242 Hor.
1643 224 1668 248 4.
1692 214 1781 244 Carm.
1795 220 1819 245 6.
1840 222 1884 250 28.

1505 251 1609 279 Phoebe
1621 272 1628 286 ‚
1657 251 1704 287 qui
1727 252 1841 282 Xantho
1861 254 1928 284 lavis
1945 264 2026 284 amne
2043 255 2133 284 crines
2145 277 2153 290 ,

1505 288 1622 318 Dauniae
1637 288 1757 318 defende
1771 291 1856 321 decus
1875 292 2015 321 Camoenae

1586 326 1671 354 Layis
1693 327 1806 364 Agyieu.
1902 329 1954 359 Ubi
1976 334 2085 364 Acron,
2107 330 2199 367 Agyiae
2222 339 2287 360 vero
2306 330 2462 362 Atheniensi
2483 333 2574 373 lingufi

1463 363 1523 392 Vici
1543 364 1695 392 dicuntur:
1736 376 1791 402 quo
1806 368 1919 396 nomine
1929 368 1993 396 ideo
2015 367 2113 405 Apollo
2132 374 2244 397 vocatus
2266 369 2322 404 est,
2344 370 2407 407 quia
2424 375 2458 400 ex
2474 375 2575 406 oraculi

1463 401 1591 438 responso
1605 401 1634 429 in
1655 402 1723 432 vicis
1742 403 1862 441 publicis
1879 405 1953 434 urbis
1971 405 2023 434 suae
2035 427 2042 439 ,
2064 405 2170 434 statutis
2186 406 2316 436 altaribus
2330 429 2338 443 ,
2359 408 2384 437 ei
2401 408 2528 440 sacrificia
2536 412 2574 442 in.

1462 439 1605 468 stituerant
1616 461 1623 473 ,
1650 440 1726 469 unde
1742 442 1858 479 Agyieus
1876 443 1966 472 diclus
1981 443 2026 471 est.

1425 476 1600 510 Acvi.LA,
1623 487 1683 513 quae
1703 488 1779 508 nunc
1796 479 1871 508 Caere
1888 479 2042 516 [Ἄγυλλα]
2063 481 2180 515 dicitur,
2202 481 2266 511 urbs
2284 482 2322 511 est
2345 482 2471 519 Tusciae,
2495 495 2510 514 a
2529 495 2575 518 no.

1463 515 1539 542 mine
1555 514 1725 557 conditoris,
1748 527 1832 554 quem
1847 517 1920 555 Virg.
1940 524 1966 552 8.
1987 518 2050 548 AEn.
2069 528 2134 555 479.
2164 528 2199 548 ex
2219 519 2307 557 Lydia
2321 520 2424 551 venisse
2440 522 2575 562 ostendit,

1483 561 1549 581 uuni
1568 558 1624 586 ait,

1463 562 1479 589 q
1535 589 1618 618 Haud
1635 590 1734 627 procul
1751 591 1818 621 hinc
1832 592 1897 621 saxo
1916 592 2016 621 colitur
2033 592 2148 623 fundata
2164 595 2271 625 vetusto

1534 626 1615 656 Urbis
1631 628 1763 665 Agyllinae
1781 629 1875 660 sedes:
1897 631 1944 659 ubi
1963 630 2049 667 Lydia
2061 631 2203 667 quondam

1536 664 1610 694 Gens
1632 665 1706 695 bello
1722 667 1851 703 praeclara
1863 690 1871 703 ,
1901 669 1973 706 jugis
1993 668 2094 698 insedit
2113 670 2262 700 Hetruscis.
2377 671 2431 702 Ubi
2450 671 2578 713 Servius,

1461 701 1555 740 Agylla
1577 703 1672 733 civitas
1697 705 1734 734 est
1751 705 1877 741 Tusciae,
1900 716 1915 735 a
1935 707 2081 736 conditore
2099 708 2237 745 appellata
2251 730 2259 744 ‚
2280 709 2326 738 cui
2347 719 2383 739 ex
2403 710 2511 740 inscitia
2527 711 2578 743 Ro.

1462 750 1545 769 mana
1561 740 1637 770 aliud
1653 741 1690 771 est
1704 743 1826 773 inditum
1842 754 1956 774 nomen.
2005 744 2078 774 Nam
2095 755 2181 782 quum
2196 746 2314 775 Romani
2338 754 2436 777 euntes
2457 759 2507 786 per
2524 749 2578 781 Tui

1461 777 1562 813 sciam,
1584 779 1782 817 interrogarent
1802 781 1944 819 Agyllinos
1963 792 2021 819 quae
2036 783 2174 812 diceretur
2186 785 2298 813 civitas:
2319 784 2381 821 illi,
2402 792 2500 824 utpote
2511 785 2578 819 Graia
2602 803 2604 807 ·

1463 816 1509 850 ci,
1545 816 1612 853 quid
1632 819 1761 847 audirent
1780 820 1940 857 ignorantes
1953 843 1961 855 ,
1990 822 2017 849 ἃ
2032 821 2172 858 optimum
2190 822 2324 852 ducentes
2344 823 2362 852 si
2384 825 2460 862 prius
2480 834 2526 854 eos
2543 826 2585 861 fiii
2602 849 2604 853 .

1460 853 1599 889 lutarent,
1621 855 1752 885 dixerunt
1768 858 1848 892 Χοᾶςε.
1871 868 1954 895 quam
1971 857 2179 895 salutationem,
2200 859 2321 899 Romani
2336 871 2441 891 nomen
2464 863 2585 901 civitati&
2600 878 2604 896 ι

1462 891 1516 920 effe
1540 898 1724 929 putaverunt,
1747 895 1773 924 ἅ
1790 895 1940 925 detractam
1957 896 2139 933 aspiratione,
2170 907 2232 927 eam
2247 899 2324 927 Caere
2347 900 2589 940 nominaverunt,¹
2603 924 2604 939 ¹

1461 935 1493 958 ut
1510 929 1603 959 scribit
1620 930 1747 969 Hyginus
1764 933 1793 961 iu
1803 932 1851 962 lib.
1870 935 1906 963 de
1921 934 2041 964 Urbibus
2060 934 2171 965 Italicis.
2195 935 2276 965 Conf.
2295 936 2364 967 Plin.
2381 936 2433 967 lib.
2446 947 2471 975 3.
2482 948 2542 977 cap.
2552 950 2578 977 ς.
2603 947 2604 953 ¹

1462 966 1560 997 Strabo
1572 967 1621 998 lib.
1639 979 1664 1005 5.
1704 969 1735 999 V.
1758 980 1864 1001 cAERE.
2603 976 2604 990 ³

1422 1004 1651 1041 Acrtnffius,
1673 1008 1869 1044 [’Awm0a7&0]
1891 1010 1948 1046 Qui
1965 1019 2000 1039 ex
2012 1010 2107 1047 Agylla
2129 1011 2175 1040 est.
2196 1010 2269 1049 Virg.
2282 1021 2309 1050 7.
2328 1012 2390 1042 AEn.
2405 1015 2469 1048 652.

1460 1082 1480 1111 Α
1520 1060 1582 1110 il·—
1601 1044 1721 1082 Agyllaea
1740 1047 1946 1086 necquicquam·
1962 1057 1998 1077 ex
2014 1047 2088 1077 Urbe
2107 1048 2224 1078 secutos.
2360 1050 2451 1081 Codd.
2471 1051 2604 1089 emendas

1483 1091 1519 1119 gy
1542 1091 1595 1111 ina.
1642 1115 1647 1117 ‚

1422 1118 1623 1149 AGYLLEUS
1642 1117 1798 1152 Herculeus
1811 1144 1819 1158 ‚
1839 1123 1867 1153 h.
1887 1133 1911 1153 e.
1933 1123 2062 1153 Herculis
2071 1123 2152 1154 filius.
2175 1124 2242 1155 Stat.
2256 1135 2298 1155 10.
2322 1125 2413 1156 Theb.
2423 1136 2488 1165 243.
2556 1122 2560 1131 ⁸
2603 1092 2604 1132 i

1533 1157 1648 1196 Insuper
1664 1159 1834 1190 Herculeum
1855 1161 1902 1190 sibi
1919 1162 2011 1199 jungit
2030 1162 2143 1200 Agyllea
2156 1170 2241 1193 vates.

1459 1194 1603 1233 Agylleus,
1623 1195 1741 1226 luctator
1757 1197 1902 1229 Cleonaeus
1913 1222 1920 1234 ,
1943 1199 2048 1229 staturae
2057 1201 2226 1238 praegrandis
2240 1223 2248 1237 ,
2270 1211 2324 1233 nec
2334 1203 2428 1236 minor
2442 1202 2588 1242 Herculei
2600 1202 2604 1257 1

1477 1232 1599 1271 palaestra
1607 1240 1726 1264 tamena
1737 1236 1836 1273 Tydeo
1845 1239 1943 1267 victus.
1976 1238 2042 1268 Stat.
2054 1242 2078 1268 6.
2102 1239 2192 1269 Theb.
2206 1245 2270 1277 834.
2602 1259 2604 1279 i

1649 1289 1687 1294 —
1706 1273 1779 1304 levat
1800 1275 1884 1305 ardua
1902 1282 1999 1306 contra

1534 1309 1679 1346 Membra,
1701 1311 1836 1343 Cleonaeae
1856 1314 1944 1351 stirpis
1960 1315 2077 1351 jactator
2099 1315 2245 1353 Agylleus,
2267 1317 2319 1347 &c.
2566 1318 2581 1348 ‘l

1420 1349 1653 1378 AGYLLi'Nus.
1693 1348 1724 1378 V.
1756 1354 1957 1382 AGYLLA&
1984 1362 2200 1383 AGYLLAEUS.
2579 1371 2581 1373 ·

1420 1387 1686 1421 AGYR1N1,five
1707 1389 1993 1425 Acrssiususas,
2016 1392 2223 1427 [’Assgcvu2&⁴]
2244 1391 2277 1421 ab
2291 1391 2360 1422 urbe
2375 1391 2477 1422 Siciliae
2494 1392 2578 1424 Aer-

1459 1434 1494 1466 R'I
1506 1434 1532 1453 o.
1586 1424 1668 1468 Abest
1680 1435 1745 1454 vero
1754 1426 1885 1464 Agyrium
1896 1450 1903 1463 ,
1924 1428 1977 1458 sive
1993 1428 2068 1466 quod
2080 1429 2156 1459 idem
2176 1429 2214 1459 est
2223 1451 2231 1465 ‚
2256 1431 2389 1468 Agurium
2401 1452 2409 1466 ,
2430 1441 2446 1460 a
2457 1415 2587 1464 Centuriasr

1458 1471 1576 1529 pisPlRH
1591 1462 1657 1530 ἐξῆ.
1671 1463 1736 1501 pass.
1761 1474 1796 1493 ex
1810 1466 1960 1496 Antonino.
2001 1466 2159 1505 Stephanus
2175 1468 2324 1505 Agyrinam
2339 1474 2428 1498 vocat.
2457 1468 2599 1514 Hermoli'

1459 1510 1489 1528 in
1532 1510 1569 1530 in.
1633 1523 1638 1529 .
1669 1511 1753 1532 ‚ca).
1787 1525 1793 1531 .

1420 1538 1604 1574 AGYRTAE,
1633 1511 1749 1569 Aihletie
1767 1507 1803 1569 sic
1822 1541 1900 1570 dieti.
1939 1540 1971 1571 V.
1993 1541 2060 1571 Lex.
2080 1541 2169 1572 Pitisc.
2198 1542 2242 1572 De
2260 1544 2369 1581 Agyrtis
2387 1545 2414 1574 ὃς
2432 1544 2581 1583 Metragyr..

1458 1576 1504 1611 tis,
1518 1576 1571 1606 five
1590 1577 1795 1607 mendicabulis
1807 1580 1833 1609 ἃ
1851 1578 1948 1608 scurris
1960 1589 2010 1619 per
2028 1580 2150 1618 speciem
2168 1580 2310 1618 religionis
2327 1592 2392 1612 cum
2405 1582 2538 1620 cymbalis
2554 1584 2580 1614 Sc

1460 1614 1587 1650 crotalis,
1607 1625 1639 1644 ac
1656 1615 1819 1646 simulachro
1839 1617 1937 1647 Matris
1962 1618 2073 1655 Magnae
2092 1618 2243 1648 discurrere
2264 1618 2351 1649 solitis
2379 1620 2411 1650 V.
2436 1620 2493 1650 Van
2513 1620 2604 1682 Dal‘l

2543 1666 2547 1674 ¹
2574 1667 2580 1685 k

1458 1651 1524 1681 Diss.
1551 1663 1574 1682 1.
1604 1662 1665 1691 cap.
1690 1663 1732 1684 11.

2439 1695 2522 1726 Ovid.
2554 1686 2604 1755 ς.1

1419 1690 1442 1720 A
1457 1700 1476 1718 G
1492 1699 1512 1718 ir
1529 1700 1547 1719 R
1562 1700 1583 1720 T
1601 1700 1616 1720 1⁷.
1630 1701 1660 1727 s,
1695 1693 1710 1728 [
1727 1688 1839 1729 Ἀγῦςτης
1859 1693 1874 1728 ]
1904 1692 2013 1723 Patrem
2044 1693 2211 1724 interfecisse
2243 1694 2380 1725 scribitur.

1457 1727 1528 1758 Met.
1552 1734 1652 1789 148-
1673 1768 1699 1798 &
1711 1767 1780 1799 caeso
1791 1768 1916 1806 genitore
1925 1768 2037 1799 infamis
2052 1770 2176 1807 Agyrtes.
2216 1770 2289 1801 adde
2305 1771 2373 1802 Stat.
2383 1781 2408 1808 9.
2421 1770 2581 1807 Theb.28rl
2592 1760 2604 1826 :j

2555 1844 2566 1856 ,,
2599 1841 2604 1863 5

1912 1871 1942 1906 A
2037 1871 2074 1908 H

1420 1955 1487 1991 ΑΗ,
1519 1954 1569 1993 [00'1'
1605 1953 1655 1992 αὶ]
1679 1955 1839 1993 Interjetftio
1859 1978 1868 1993 ,
1907 1956 2005 1995 saepius
2034 1957 2156 1988 dolentis
2175 1959 2232 1989 est:
2273 1959 2417 1991 interdum
2435 1965 2528 1991 tamen
2546 1958 2579 2000 ad
2590 1953 2604 1995 ’l'

1457 1994 1525 2024 alios
1546 1979 1660 2024 aisedtiis
1684 1995 1867 2033 explicandos
1889 1997 2125 2026 accommodatur.
2175 1997 2272 2034 Itaque
2291 2008 2343 2036 pro
2362 1998 2454 2028 sensus
2474 2001 2501 2029 Sc
2527 2004 2601 2030 ma-ul

1457 2034 1532 2062 teriae
1552 2033 1716 2062 conditione
1736 2055 1744 2069 ,
1776 2033 1912 2071 particula
1931 2034 1990 2063 haec
2011 2035 2176 2072 accipienda
2203 2036 2263 2065 erit.
2324 2035 2367 2065 Fit
2385 2044 2480 2066 autem
2499 2037 2532 2067 ab
2549 2037 2580 2068 Aa

1456 2071 1510 2137 hg,
1529 2072 1608 2138 hteste
1632 2071 1783 2108 prisciano,
1812 2081 1862 2110 per
1881 2081 2045 2110 apocopen:
2076 2073 2221 2102 interdum
2240 2083 2306 2103 vero
2327 2074 2499 2111 geminatur:
2530 2080 2577 2112 ut,
2590 2042 2601 2116 1

1456 2119 1471 2138 a
1512 2119 1526 2138 a
1549 2132 1555 2138 .
2597 2120 2599 2139 2

1456 2147 1517 2183 Ah,
1538 2146 1668 2177 dolentis.
1707 2147 1780 2185 Virg.
1805 2157 1828 2175 1.
1850 2147 1908 2177 Ecl.
1932 2158 1975 2184 15.
2597 2144 2604 2163 ¹¹

1581 2202 1618 2206 —-
1638 2186 1690 2220 ah,
1713 2185 1785 2215 filice
1804 2185 1835 2213 in
1854 2186 1930 2215 nuda
1949 2185 2071 2215 connixa
2089 2185 2211 2223 reliquit.
2597 2178 2600 2218 l

1456 2222 1516 2257 Ah,
1537 2223 1650 2258 flentis,
1671 2230 1719 2253 aut
1738 2223 1934 2259 lamentantis,
1963 2224 2055 2261 inquit
2074 2224 2210 2254 Donatus.
2251 2224 2317 2255 Ter.
2337 2224 2416 2256 Adel.
2442 2234 2467 2263 3.
2488 2234 2514 2257 2.
2536 2221 2599 2259 nui

1476 2262 1517 2290 Ah
1527 2271 1572 2290 me
1590 2261 1724 2291 miseram.
1762 2261 1874 2299 Legitur
1897 2263 1923 2291 δι
1943 2262 1984 2291 Α11
1998 2263 2050 2297 ah,
2070 2262 2125 2291 hoc
2143 2262 2216 2292 loco.
2596 2276 2599 2282 =

1456 2298 1513 2335 Ah,
1533 2300 1707 2337 indignantis
1724 2299 1771 2329 fibi
1790 2299 1858 2337 ipfi.
1879 2301 1905 2330 Sc
1921 2300 1948 2330 se
1958 2299 2049 2338 ipsum
2062 2301 2209 2338 arguentis.
2232 2301 2296 2330 Ter.
2310 2301 2380 2331 And.
2395 2311 2418 2339 3.
2438 2311 2517 2332 1.12.
2538 2300 2590 2333 Ahv

1475 2338 1521 2366 vix
1530 2338 1645 2367 tandem
1657 2338 1722 2367 sensi
1733 2338 1856 2367 stolidus.

1456 2375 1498 2404 Ah
1508 2398 1516 2411 ,
1538 2376 1675 2405 desiderii.
1696 2376 1782 2406 Plaut.
1792 2375 1862 2405 Asin.
1877 2384 1900 2412 3.
1913 2385 1937 2413 3.
1948 2385 1974 2406 2.
2012 2375 2054 2405 Ah
2065 2397 2073 2411 ‚
2095 2382 2199 2414 quanto
2214 2376 2333 2414 amplius
2348 2376 2468 2407 valerem
2479 2399 2488 2414 ,
2507 2378 2589 2409 fihic.

1475 2423 1609 2443 maneres.

1455 2451 1515 2487 Ah,
1534 2451 1707 2489 indignantis
1722 2452 1748 2481 &
1762 2451 1957 2480 stomachantis
1968 2451 2047 2481 alteri
2066 2474 2073 2486 ,
2095 2458 2160 2481 cuni
2174 2451 2396 2490 reprehensione.
2418 2453 2482 2483 Ter.
2506 2453 2575 2484 And.

1478 2499 1500 2518 1.
1517 2501 1540 2525 ς.
1560 2496 1600 2523 18.
1640 2490 1712 2519 Nam
1733 2489 1800 2526 quid
1812 2499 1864 2527 ego
1879 2489 1972 2518 dicam
1986 2490 2021 2518 de
2037 2496 2114 2528 patre
2126 2491 2140 2518 ἰ)
2171 2490 2206 2519 ah
2217 2512 2225 2526 ,
2246 2496 2388 2520 tantamne
2399 2501 2459 2521 rein
2468 2499 2577 2522 tamne·

1475 2527 1612 2565 eligenter
1622 2537 1701 2565 agere
1710 2527 1723 2554 ἶ)
2571 2540 2575 2555 i

1454 2556 1516 2600 Ah,
1541 2566 1643 2595 leniter
1662 2564 1817 2603 arguentis,
1847 2563 1899 2593 sive
1920 2564 2159 2602 reprehendentis.
2199 2565 2285 2595 Plaut.
2307 2565 2408 2595 Bacch.
2434 2577 2457 2596 1.
2485 2577 2509 2597 1.
2532 2576 2574 2605 31.

1473 2603 1533 2639 Ah,
1560 2604 1680 2633 nimium
1706 2603 1779 2632 ferus
1807 2612 1845 2632 es·
1888 2601 1952 2632 Ter.
1974 2603 2044 2632 And.
2080 2614 2104 2639 5.
2127 2613 2152 2633 2.
2175 2612 2219 2640 27.
2260 2604 2318 2639 Ah,
2362 2614 2398 2633 ne
2427 2604 2489 2635 saevi
2519 2611 2576 2635 tan.

1473 2648 1503 2670 to
1526 2652 1579 2671 ere.
2532 2652 2542 2657 ‘

1453 2652 1713 2717 AliFobjurgantis.
1742 2678 1807 2709 Ter.
1819 2678 1889 2707 And.
1901 2687 1926 2707 2.
1940 2688 1963 2707 1.
1975 2683 2001 2712 8.
2042 2678 2098 2713 Ah,
2120 2685 2224 2716 quanto
2247 2678 2328 2708 satius
2346 2679 2402 2715 est,
2422 2685 2450 2710 te
2466 2680 2497 2710 id
2514 2678 2589 2711 dar&

1472 2727 1586 2755 operam
1596 2740 1603 2752 ,
1637 2717 1683 2754 qui
1695 2716 1776 2746 istum
1792 2725 1915 2745 amorem
1928 2725 1962 2744 ex
1977 2716 2071 2745 animo
2083 2726 2211 2746 amoveas
2224 2725 2289 2752 tu0,
2309 2718 2361 2746 Sec.

1453 2756 1513 2791 Ah,
1535 2755 1705 2792 abnegantis.
1726 2754 1790 2784 Ter.
1801 2754 1870 2783 And.
1884 2763 1908 2789 3.
1922 2763 1945 2788 3.
1965 2764 2006 2782 11.
2042 2754 2102 2789 Ah,
2123 2764 2158 2784 ne
2170 2764 2215 2784 me
2225 2754 2344 2784 obsecra.
2564 2768 2571 2774 ==

1454 2794 1512 2829 Ah,
1533 2793 1704 2830 increpantis
1720 2802 1784 2821 cum
1798 2792 1999 2828 indignatione.
2022 2791 2086 2820 Ter.
2101 2791 2171 2821 Eun.
2184 2802 2208 2821 2.
2226 2804 2246 2822 1.
2263 2802 2286 2830 3.
2329 2793 2414 2823 Satne
2432 2792 2488 2824 hoc
2500 2803 2574 2825 man.

1473 2832 1570 2860 datum
1582 2830 1704 2860 esttibi?
1724 2840 1749 2859 1².
1769 2830 1829 2863 Ah,
1851 2830 1988 2866 rogitare?
2009 2829 2203 2866 quafidifficile
2213 2831 2251 2861 sit.

1451 2870 1509 2905 Ah,
1531 2869 1605 2906 quasi
1623 2868 1784 2905 corrigentis
1801 2867 1914 2896 alterius
1932 2867 2047 2896 aidum.
2080 2867 2144 2898 Ter.
2166 2868 2237 2898 Eun.
2267 2879 2291 2906 ς.
2315 2878 2342 2899 2.
2357 2879 2400 2906 50.
2439 2867 2576 2906 Tamenfi

1493 2914 1557 2936 ater.
1584 2917 1609 2936 c.
1633 2907 1722 2944 quid?
1752 2906 1786 2935 ah
1805 2905 1896 2939 volet,
1918 2912 1994 2934 certo
2010 2905 2074 2934 scio.
2572 2936 2575 2938 Ὗ

1452 2946 1473 2975 Α
1509 2968 1516 2981 ,
1537 2945 1728 2978 reclamantis.
1750 2950 1797 2973 aut
1816 2943 2043 2972 contradicentis.
2064 2943 2128 2972 Ter.
2151 2943 2219 2973 Hec.
2234 2954 2258 2980 5.
2274 2954 2297 2973 1.
2313 2953 2355 2981 17.
2393 2945 2491 2975 Meum
2502 2944 2581 2976 recel-

1472 2990 1533 3022 ptas
1545 2983 1679 3012 filiumad
1695 2988 1721 3010 te
1732 2980 1916 3019 Pamphilum.
1936 2991 1959 3009 s.
1978 2981 2021 3010 ah.
2045 2992 2069 3010 1..
2091 2981 2148 3010 sine
2165 2982 2265 3011 dicam.
2318 2982 2377 3012 Cic.
2400 2993 2426 3012 2.
2449 2984 2484 3013 de
2496 2983 2572 3018 Orati

1472 3023 1541 3056 185(
1559 3021 1597 3050 Ah
1610 3043 1617 3054 .
1647 3021 1736 3050 Patres
1752 3019 1900 3056 conscripti
1912 3041 1920 3054 ,
1954 3029 2012 3048 non
2026 3029 2078 3057 ego
2098 3019 2169 3048 mihi
2181 3020 2262 3049 illum
2275 3019 2403 3057 iniquum
2416 3021 2509 3057 ejero‚
2528 3030 2572 3052 ve-

1468 3070 1530 3089 rum
1541 3058 1681 3088 omnibus.
2535 3089 2540 3094 ,
2567 3067 2569 3070 ·

1449 3098 1493 3128 Ah
1513 3098 1564 3132 ali,
1595 3094 1778 3125 inclamantis.
1818 3093 1906 3123 Plaut.
1930 3093 2011 3123 Most.
2035 3103 2060 3132 3.
2086 3104 2110 3124 1.
2136 3104 2178 3129 50.
2230 3094 2294 3124 Scio
2314 3101 2342 3125 te
2363 3095 2437 3129 bona
2456 3096 2510 3126 esse
2526 3106 2572 3126 vo-

1469 3145 1520 3165 ce:
1543 3144 1578 3163 ne
1599 3133 1703 3163 clama:
1729 3143 1755 3161 n.
1780 3131 1872 3161 hercle
1891 3142 1943 3169 ego
1963 3131 2186 3162 veroclamabo.
2208 3141 2255 3162 ΤΒ.
2277 3132 2312 3162 ah
2323 3133 2376 3170 ah,
2397 3143 2504 3164 morem
2522 3132 2586 3175 miy.

1490 3184 1498 3202 1
1537 3182 1588 3202 ere.
2574 3191 2577 3195 ·

1450 3173 1492 3241 Alli
1512 3183 1566 3246 agii,
1587 3208 1751 3247 suspirantis.
1775 3206 1859 3236 Piaut.
1882 3206 1943 3236 Mil.
1965 3218 1992 3243 4.
2015 3213 2040 3241 8.
2059 3212 2103 3243 48.
2145 3207 2224 3237 Habe
2235 3207 2342 3237 bonum
2357 3209 2490 3239 animum.
2513 3210 2576 3242 1»Λῷ

1468 3249 1505 3279 ah
1521 3249 1557 3278 ah
1567 3270 1574 3284 ,
1596 3257 1681 3285 quum
1691 3245 1809 3276 venitin
1818 3254 1942 3275 mentem
1953 3254 2044 3275 mores
2051 3252 2083 3275 ut
2095 3245 2166 3275 mihi
2178 3246 2307 3275 mutandi
2320 3246 2398 3276 sient.

1834 3321 1863 3356 A
1958 3321 1993 3356 H
2094 3321 2122 3355 A

1411 3414 1492 3443 Ani-¹.
1505 3433 1513 3446 ,
1542 3404 1588 3446 [ἑ
1607 3404 1650 3444 οἷ]
1679 3405 1838 3441 Interiec‘tio
1858 3405 2028 3443 indignantis
2043 3406 2140 3442 alteri,
2162 3408 2188 3437 ἃ
2202 3405 2452 3450 ipfirnrarguentis.
2482 3405 2566 3437 Plaut.

1449 3448 1550 3479 Bacch.
1564 3458 1590 3482 4.
1601 3456 1625 3483 7.
1643 3456 1698 3488 11.⁴
1724 3445 1782 3475 Aha
1796 3443 2103 3481 Bellerophontemjam
2113 3452 2176 3474 tuus
2188 3454 2232 3473 me
2245 3446 2313 3474 tecit
2324 3445 2406 3474 iilius.
2596 3456 2604 3515 q

1449 3487 1508 3517 Aha
1523 3508 1531 3520 ,
1552 3485 1723 3529 abnegantis.
1757 3480 1842 3512 Plaut.
1856 3481 1956 3511 Bacch.
1971 3492 1994 3511 1.
2015 3493 2037 3512 1.
2060 3492 2102 3519 54.
2143 3482 2261 3512 Manum
2273 3483 2326 3517 da,
2347 3484 2373 3512 Sc
2391 3483 2564 3521 consequere.
2592 3492 2604 3529 2¹

1411 3523 1753 3594 AHJXIalpssgpnffih'
1773 3556 1953 3587 Serviliorum
1975 3566 2133 3595 cognomen
2150 3557 2217 3587 teste
2238 3567 2355 3587 nummo
2371 3565 2463 3588 vetere
2481 3581 2489 3595 ,
2516 3556 2566 3587 suf.
2586 3538 2604 3586 Ι”1

1448 3599 1617 3637 fragantibus
1640 3598 1723 3626 etiam
1745 3595 1816 3625 fastis
1843 3595 2008 3632 Capitolinis
2022 3618 2032 3638 ,
2052 3597 2078 3625 ὁὶ·
2096 3595 2220 3638 antiquis¹
2230 3595 2468 3639 inscriptionibus.
2482 3635 2487 3640 ¹
2503 3595 2564 3640 Cic.
2592 3618 2595 3623 ,

1450 3638 1533 3666 etiam
1552 3637 1578 3666 δι
1601 3636 1658 3665 Liv.
1680 3635 1708 3663 in
1726 3633 1896 3662 editionibus
1914 3633 2138 3662 accuratioribus.
2189 3633 2258 3662 Vide
2279 3639 2363 3663 etiam
2376 3633 2442 3664 Lex.
2460 3633 2546 3664 Pitisc.
2592 3654 2595 3666 ,

1412 3676 1546 3706 AHARN
1557 3685 1577 3703 A
1589 3695 1598 3709 ‚
1620 3672 1769 3712 Oppidum
1781 3671 1932 3707 Hetruriae,
1954 3672 2033 3708 eujus
2053 3670 2182 3700 meminit
2201 3670 2256 3701 Liv.
2267 3670 2316 3701 lib.
2331 3681 2374 3701 10.
2400 3671 2504 3706 Decad.
2522 3680 2544 3700 1.

1855 3756 1884 3791 A
1979 3757 2015 3794 H
2109 3757 2137 3792 E

1413 3846 1578 3877 AHENUM
1591 3867 1599 3881 ‚
1614 3847 1631 3876 ῑ,
1648 3855 1675 3874 ῃ,
1694 3842 1849 3881 [χαλκεῖον]
1865 3842 1939 3871 Paul.
1956 3842 2014 3872 inl.
2036 3844 2132 3880 Quum
2142 3843 2176 3872 de
2186 3841 2312 3872 lanionis.
2349 3841 2383 3872 D.
2395 3841 2430 3872 de
2444 3840 2560 3872 instruaest.
2585 3837 2604 3892 is:

1452 3885 1478 3914 δι
1490 3884 1612 3914 instrum.
1623 3884 1705 3921 legat.
1736 3881 1796 3913 Nec
1806 3880 1927 3910 multum
1935 3882 2018 3910 refert
2026 3882 2099 3911 inter
2111 3880 2228 3912 cacabos
2238 3882 2264 3911 &
2271 3881 2392 3911 alienum
2402 3879 2562 3947 ςυοᾶῐξιέεξὲ
2585 3891 2587 3903 ·
2597 3895 2604 3926 -9
