2600 4177
435 180 440 181 .
462 145 488 179 A
587 143 618 179 U
712 146 741 181 R

124 226 224 256 Ultima
235 226 352 255 Corvcio
363 236 421 262 qua·
433 226 507 254 cadit
522 235 584 255 aura
598 235 689 256 croco.

67 263 104 293 cis
116 265 210 293 Auram
222 274 270 296 pro
288 263 382 293 Odore
392 263 450 300 ipso
461 263 559 299 posuit.

49 302 116 332 Aura
127 324 134 335 ,
156 312 204 333 nro
220 301 277 330 oie.
318 300 389 337 Virg.
404 311 425 329 1.
444 301 498 329 1301.
514 310 555 336 <7.

130 339 198 367 l-linc
209 338 261 366 ’.1113
275 337 321 366 sub
334 347 401 374 rupe
413 344 493 366 canet
503 337 644 367 frondator
655 337 689 366 ad
701 347 785 368 auras.
808 339 825 367 i.
837 347 861 368 e.
883 339 911 368 in
924 338 978 375 die,
995 339 1084 376 inquit
1095 339 1155 368 Ser-

62 376 136 404 vius.
176 376 252 409 [Nil]
266 375 336 404 torte
349 374 376 403 ln
388 375 434 403 dio
446 374 605 409 legendum.

51 415 117 444 Aura
128 412 273 449 Splendor.
316 413 386 449 Virg.
401 416 425 440 6.
447 413 505 441 Ain.
518 422 580 447 204.

128 449 329 479 Distolorunde
341 450 396 477 auri
408 459 457 484 per
471 459 559 478 ramos
579 459 642 478 aura
660 449 769 479 refulsit.

68 497 145 521 aura,
166 487 303 524 Splendor
313 487 376 515 auri.
400 487 464 516 llor.
476 497 501 516 2.
518 488 703 523 Carn1.8.24.

164 530 297 553 —tuane
307 524 426 553 retardet
519 525 589 553 Aura
609 520 738 552 1111111οβ
769 524 784 553 i.
802 534 825 554 e.
847 525 994 562 Splendor.
1034 526 1108 555 Hinc
1128 527 1154 554 S:

69 562 167 591 Aurum
181 562 282 590 (licitur
294 572 309 590 a
320 561 473 599 Splendore
485 561 530 590 oui
544 562 617 591 estin
635 571 667 589 eo
680 560 800 590 metallo.
840 563 911 592 Hinc
923 566 947 593 &
966 564 1056 593 Aurati
1068 564 1133 592 dit‘u
1145 583 1154 598 ,

69 608 183 635 quorum
193 600 266 628 favor
277 599 435 636 splendidos
449 599 547 628 reddit.
589 599 653 628 Haec
664 598 719 627 ille.
778 599 893 629 Videtur
904 601 995 638 potius
1006 601 1156 630 0110111611-

69 637 154 674 1111οη
165 658 172 670 ,
194 637 221 664 in
237 636 312 666 hunc
331 635 434 664 sensum
446 658 453 669 ,
483 636 597 665 Timent
613 646 692 664 novae
711 644 803 672 nuptm
815 647 851 666 ne
866 645 894 666 tu
907 637 1051 676 aspirando
1066 659 1074 672 ,
1095 637 1157 667 suos

69 675 179 704 maritos
189 674 242 702 aliu
254 674 394 703 abstrahas.
434 673 488 708 [V.
519 673 610 702 Schol.
623 673 682 702 Vet.
704 675 749 708 qui
769 674 932 709 fallaciam,
951 675 1099 704 blanditias
1111 685 1158 703 cx-

67 712 163 750 ponit,
185 718 214 740 ut
232 721 252 740 1.
266 712 311 740 od.
325 722 347 746 ς.
361 710 476 740 Nescius
486 722 555 740 aurit
565 709 675 740 liillacis.
709 711 778 740 Cura
791 711 857 748 legit
868 713 954 742 Bentl.
982 713 1079 742 Malim
1091 722 1155 741 cuni

73 749 101 778 V.
117 749 147 778 D.
169 749 229 778 Tua
241 759 275 778 ne
286 748 427 778 retardent
507 749 562 777 Ora
573 749 693 777 maritos.
742 748 814 777 Nam
825 750 885 779 Tua
897 759 959 779 cura
975 760 1009 779 eo
1024 750 1098 779 sensu
1110 759 1158 778 ex-

69 786 134 826 poni
146 787 240 822 nequit
253 809 259 821 ‚
280 797 334 824 quo
349 786 393 815 Vir
403 786 525 815 summus
539 786 640 823 alioqui
653 786 815 821 contendit,
838 797 888 824 pro
900 787 979 816 Cura.
1001 788 1017 816 i.
1035 798 1058 816 e.
1080 796 1158 816 amor

71 825 109 853 tui
120 845 128 858 ‚
149 825 223 860 quod
238 824 281 853 vel
295 834 328 853 ex
339 824 466 852 adductis
476 824 509 851 ab
522 823 578 861 ipso
588 823 656 852 locis
671 823 775 859 liquere
792 830 868 860 puto.
911 824 1042 854 Ceterum
1057 835 1119 854 cum
1132 826 1159 854 &

71 861 165 892 vitiosi
177 862 398 900 interpundlione
409 860 485 889 locus
496 861 615 895 laboret,
637 861 703 898 quid
715 868 787 890 vetat
798 862 935 900 integrum
946 862 992 893 hic
1001 863 1126 901 apponi?

129 899 170 927 Te
187 899 239 929 suis
254 906 352 928 matres
366 906 493 928 metuunt
509 899 647 932 iuvencis:

129 936 171 965 Te
186 936 262 966 senes
272 938 360 974 parci:
384 936 555 973 misermue,
577 945 666 973 nuper

129 973 252 1012 Virgines
264 997 272 1011 ,
292 981 385 1011 nuptae
399 995 406 1007 ,
428 979 474 1002 tua
483 984 517 1003 ne
529 974 647 1003 retardet

319 1013 390 1041 Aura
400 1012 518 1040 maritos.

36 1048 39 1053 “
72 1048 166 1087 Aptius
176 1047 249 1077 enim
262 1048 405 1087 epitheton
422 1049 456 1078 ad
473 1048 494 1078 Za*
513 1049 614 1087 Nuptae
625 1071 633 1083 ‚
653 1047 819 1078 substantive
833 1049 972 1087 sumptum
985 1072 992 1085 ,
1010 1052 1036 1080 81
1052 1048 1112 1079 adv.
1124 1044 1160 1079 ad

72 1087 193 1125 Virgines
203 1087 333 1121 resertur,
357 1097 438 1124 quam
451 1095 554 1116 contra.
594 1087 693 1124 Neque
704 1088 778 1117 enim
797 1088 859 1117 sunt
875 1089 1013 1125 Virgines,
1035 1089 1052 1117 li
1064 1089 1160 1126 Nuper

72 1131 163 1162 nuptae
176 1123 237 1152 suut
249 1146 257 1158 ,
277 1124 321 1154 seu
333 1127 461 1159 νεόνυμῑόι.

54 1161 123 1193 Aura
135 1183 142 1196 ,
163 1170 213 1198 pro
224 1161 333 1191 Favore.
354 1168 403 1195 ut,
427 1163 496 1191 Aura
512 1161 661 1199 popularis.
703 1162 760 1191 Cic.
776 1163 811 1192 de
826 1162 1008 1201 Arusp.Rcsp.
1021 1172 1066 1199 43.
1101 1162 1163 1192 Sul-

72 1199 175 1237 picium
185 1199 218 1228 ab
236 1200 340 1236 optima
357 1199 435 1228 causa
453 1200 624 1236 profectum,
645 1200 769 1238 longius,
792 1210 874 1238 quam
894 1200 999 1237 voluit,
1020 1199 1162 1239 popularis

72 1246 134 1266 aura
144 1237 280 1274 provexit.
321 1237 395 1274 Virg.
407 1241 430 1265 6.
444 1238 578 1272 IEn.815.

179 1289 216 1294 ———
227 1284 308 1311 quem
320 1275 397 1310 juxta
406 1274 680 1311 sequiturjaerantior
688 1274 777 1304 Ancus

130 1311 214 1341 Nunc
228 1322 336 1349 quoque
346 1312 400 1347 jam
410 1313 527 1341 nimium
539 1313 662 1349 gaudens
670 1313 848 1351 popularibus
855 1313 935 1344 auris.

71 1347 216 1380 favoribus
226 1370 234 1384 ,
253 1350 292 1379 ait
301 1350 374 1379 Serv.
390 1351 462 1379 unde
475 1352 500 1380 Sc
511 1351 613 1379 Aurarii
622 1372 630 1385 ,
649 1350 778 1380 Fautores
789 1352 926 1381 dicuntur.

71 1386 140 1416 Vide
152 1396 211 1424 pag.
225 1387 280 1425 seq.
321 1388 381 1417 Huc
398 1388 520 1425 pertinet
533 1388 652 1417 Honoris
666 1398 730 1417 aura
741 1410 749 1424 ,
771 1389 845 1425 quod
867 1390 951 1419 habes
968 1390 1041 1427 apud
1053 1389 1162 1418 Cicero-

73 1434 135 1453 nem
146 1425 224 1453 initio
234 1425 287 1454 col.
300 1425 354 1463 seq.
395 1426 463 1454 vide
482 1435 502 1454 H
514 1436 530 1454 o
540 1435 559 1454 Ν
570 1435 586 1454 o
595 1435 612 1454 R
621 1435 638 1455 c
649 1436 667 1454 u
676 1437 693 1454 r„
702 1437 720 1455 u
729 1436 740 1455 s
763 1436 797 1455 ex
810 1427 885 1456 Vive.
909 1427 944 1457 H.
957 1428 995 1457 St.
1019 1427 1050 1456 V.
1070 1426 1141 1464 seqq.

54 1462 129 1492 Aurae
140 1462 279 1500 popularis
293 1463 377 1492 homo
388 1485 395 1498 ,
418 1462 474 1500 Qui
490 1463 579 1492 studet
613 1463 698 1501 opulo
707 1463 824 1502 placere.
846 1464 902 1494 Liv.
916 1475 940 1502 5.
956 1466 1025 1495 Dec.
1037 1465 1085 1494 lib.
1096 1474 1122 1494 2.

53 1497 155 1531 fallax.
184 1500 249 1530 Hor.
267 1511 287 1529 1.
308 1501 398 1530 Carm.
415 1512 438 1535 ς.
453 1510 493 1530 12.
515 1501 532 1529 i.
545 1511 568 1530 e.
592 1473 684 1530 slavor.

54 1536 166 1568 Mollior
175 1548 257 1574 aura,
278 1538 380 1568 Melior
391 1539 508 1568 fortuna.
531 1539 614 1568 Ovid.
630 1547 654 1576 3.
674 1538 812 1576 Epist.44.

53 1578 121 1606 Aura
131 1576 250 1605 honoris.
289 1577 347 1605 Cic.
359 1586 409 1614 pro
420 1577 495 1606 Sext.
510 1586 570 1605 101.
593 1577 629 1612 Q.
643 1577 772 1606 Catulum
783 1587 872 1615 neque
882 1577 997 1616 periculi
1007 1577 1163 1615 tempestas,

71 1623 162 1650 neque
172 1613 285 1644 honoris
295 1624 358 1644 aura
372 1614 464 1652 potuit
479 1622 599 1651 unquam
611 1614 646 1643 de
663 1614 711 1644 suo
728 1614 821 1652 cursu,
843 1623 889 1645 aut
899 1616 946 1654 spe
963 1622 1010 1645 aut
1025 1624 1102 1645 metu
1122 1615 1165 1644 di—

74 1660 192 1681 movere.

54 1689 122 1720 Aura
131 1689 257 1718 rumoris.
297 1689 355 1719 Cic.
369 1698 419 1727 pro
431 1689 541 1719 Murcn.
558 1698 601 1726 ξς.
624 1689 691 1720 Dies
706 1690 871 1721 intermissus
884 1701 955 1721 unus
968 1714 975 1726 ‚
996 1697 1044 1720 aut
1054 1700 1110 1720 nox
1124 1691 1165 1719 in-

72 1728 214 1765 terposita,
235 1727 305 1764 saepe
321 1727 463 1765 perturbat
479 1729 590 1763 onmia,
613 1729 639 1758 ἂ
656 1735 743 1757 totam
759 1730 922 1766 opinionem
939 1739 1020 1766 parva
1038 1738 1168 1758 nonnun-

72 1775 153 1801 quam
163 1772 316 1794 commutat
323 1775 384 1794 aura
394 1765 520 1795 rumoris.
559 1766 691 1804 Loquitur
703 1767 738 1796 de
746 1767 854 1796 ratione
869 1768 1057 1796 comitiorum.

53 1802 196 1834 Libertatis
204 1813 300 1837 auram
316 1809 435 1841 captare.
477 1803 507 1832 V.
537 1813 554 1832 c
565 1814 607 1832 Ap
617 1814 636 1832 T
645 1814 672 1833 o.

53 1842 136 1872 Auras
149 1864 157 1877 ,
178 1841 314 1879 genitivus
325 1840 451 1875 Graecus,
473 1851 522 1878 pro
534 1842 619 1871 Aurae.

243 1878 356 1908 —nihil
366 1878 482 1916 ipsanec
492 1889 568 1908 auras
577 1901 585 1916 ,

71 1916 138 1947 Pier.
155 1916 272 1946 Taubm.
287 1916 386 1946 adloc.

53 1955 122 1986 Item
134 1955 217 1984 etiam
230 1955 305 1983 Aurai
320 1964 371 1991 pro
385 1955 468 1984 Aurae.
490 1953 568 1984 Idem
582 1957 608 1984 6.
629 1954 691 1985 AEu.
702 1962 766 1993 747.

0 1993 118 2024 ''AURU
129 2002 170 2021 LA
183 2014 190 2027 ,
213 2001 241 2021 ae.
261 1992 280 2021 f.
302 1992 403 2022 dimin.
424 1992 542 2022 Tertull.

20 2032 92 2061 *Aua
101 2041 119 2060 A
128 2040 161 2059 nr
172 2040 188 2058 0
198 2039 209 2058 s
220 2052 228 2064 ,
250 2030 268 2058 i.
290 2039 330 2060 m.
351 2031 453 2060 Aurarii
465 2031 595 2060 dicuntur
604 2029 742 2060 Fautores.
764 2030 796 2060 V.
819 2030 847 2060 in
865 2039 881 2059 A
891 2040 911 2060 u
920 2040 934 2060 11
946 2039 964 2059 A
974 2052 981 2066 ‚
1002 2040 1053 2068 pro
1065 2030 1167 2061 Favore

0 2088 1 2093 ,
44 2078 91 2098 sex
101 2069 175 2098 Serv.
186 2068 220 2096 ad
232 2067 303 2105 Virg..
313 2072 339 2097 6.
357 2069 419 2098 AEn.
428 2075 459 2101 81
468 2079 492 2102 ς.
532 2068 594 2097 Hoc
607 2068 665 2102 ejus
676 2069 761 2098 etiam
772 2069 870 2098 aurarii
881 2069 1009 2098 fatentur.
1033 2070 1068 2098 de
1077 2069 1167 2098 Dante

40 2105 195 2144 *quuendo
205 2105 286 2141 Joan.
298 2106 376 2136 Picus
390 2106 510 2136 Mil-and.
522 2106 551 2134 in
562 2105 642 2142 Epist.
664 2116 691 2143 p.
711 2115 771 2142 349.
794 2106 829 2137 Il.
841 2107 880 2136 St.

1 2146 309 2179 ‚AURAsinNTur-r,
337 2146 482 2173 AURARI
495 2154 543 2173 us.
585 2143 616 2173 V.
644 2153 780 2173 AURUM.

0 2199 4 2205 -
24 2184 195 2213 ΑυκΑΝτι
205 2191 224 2210 A
245 2181 321 2211 Mala
332 2204 340 2216 ,
361 2182 454 2218 [μῆλα
468 2177 610 2220 χςυπ·1ὸ“ιῗ]
630 2180 711 2210 Poma
730 2182 791 2211 sunt
807 2182 841 2211 ab
857 2182 915 2211 auri
926 2181 1018 2211 colore
1037 2182 1073 2212 fic
1085 2182 1167 2212 dic'ta.

40 2220 43 2225 ¹
59 2220 166 2251 Horum
184 2227 277 2249 autem
295 2220 346 2249 tria
369 2219 546 2248 observantur
567 2229 683 2256 genera,
704 2219 820 2252 Dulcia.
843 2220 922 2250 acida
935 2241 943 2254 ‚
964 2221 991 2249 &
1006 2220 1167 2255 vinolenta,

59 2258 112 2287 live
126 2258 202 2287 mista
212 2279 220 2293 ‚
241 2258 276 2286 de
285 2258 383 2294 quibus
392 2256 521 2286 omnibus
549 2255 579 2286 V.
601 2256 740 2286 Matthiol.
754 2258 840 2286 inlib.
856 2268 879 2287 1.
893 2257 1014 2287 Dioscor.
1026 2267 1088 2296 cap.
1104 2267 1165 2293 131.

25 2296 94 2327 Aur<
105 2305 149 2324 AR
160 2306 168 2324 1
178 2306 195 2324 A
207 2317 215 2331 ‚
236 2295 295 2324 Vox
308 2295 342 2324 ab
354 2295 459 2324 Alciato
473 2294 613 2324 observata
624 2295 653 2324 in
665 2295 769 2325 Codice
780 2295 974 2324 Theodoliano
987 2317 996 2328 ,
1016 2296 1169 2325 fundtionis

59 2343 162 2364 nomen
169 2334 207 2362 est
217 2355 225 2367 ,
246 2343 305 2371 quae
319 2332 468 2362 collatione
480 2333 579 2362 lustrali
589 2333 749 2369 exigebatur
763 2334 797 2362 de
810 2333 891 2368 rebus
906 2334 1123 2371 promercalibus
1141 2335 1167 2363 δι

59 2371 249 2413 venalitiariis„
283 2371 349 2400 Eam
360 2370 615 2406 stistulitJustiuian.
626 2371 674 2399 lib.
690 2382 730 2400 11.
744 2371 814 2400 Cod.

26 2411 46 2440 A
55 2420 72 2439 u
81 2420 97 2439 11
107 2419 125 2438 A
136 2419 147 2438 s
160 2431 168 2444 ,
190 2408 315 2445 [Αὺεας]
336 2408 446 2438 fluvius
454 2410 488 2438 ab
499 2409 596 2437 Haemo
611 2407 638 2437 in
654 2409 748 2449 lstrugn
757 2410 891 2438 defluens.
932 2407 1036 2438 Herod.
1046 2408 1093 2438 lib.
1104 2419 1132 2445 4.

0 2458 5 2476 3
27 2449 147 2478 Auara
157 2458 176 2476 A
186 2469 194 2481 ,
215 2456 246 2476 ae.
267 2446 285 2475 f.
308 2444 487 2484 [λςνσέφξυς]
509 2446 587 2475 Piscis
598 2447 636 2476 est
645 2447 745 2476 coloris
758 2448 840 2476 aurei.
866 2446 985 2476 Martial.
1003 2455 1044 2483 13.
1056 2457 1100 2484 90.

138 2485 201 2515 Non
212 2484 303 2513 omnis
317 2484 426 2513 laudern
437 2484 611 2522 pretiumque
626 2485 723 2514 Aurata
734 2492 855 2514 meretur
865 2507 872 2519 ,

181 2522 234 2552 Sed
245 2523 289 2550 cui
299 2521 371 2550 solus
383 2523 434 2550 erit
441 2522 548 2551 concha
561 2521 676 2551 Lucrina
688 2523 775 2552 cibus.
858 2522 926 2552 Plin.
945 2521 994 2552 lib.
1006 2531 1048 2557 32.
1069 2531 1129 2560 cap.
1144 2530 1168 2557 ς.

15 2557 19 2614 l
35 2570 37 2572 ·
62 2560 168 2591 Auxilio
178 2561 215 2589 est
231 2559 310 2597 piscis
324 2566 415 2589 aurata
426 2561 454 2588 in
468 2560 540 2589 cibo.
562 2560 664 2597 Vulgus
674 2560 805 2590 Italorum
815 2559 906 2589 adhuc
914 2567 994 2590 vocat
1005 2562 1062 2590 Una
1074 2561 1169 2588 Orada.

28 2600 254 2632 AuRA‘rrris,
278 2600 506 2633 AuaA'rurtA,
536 2598 733 2632 AURATus,
755 2600 807 2627 &c
843 2598 871 2627 V.
902 2608 1040 2627 Ausum.

29 2639 74 2668 Au
83 2647 98 2666 R
107 2647 121 2666 rz
130 2647 148 2665 A
157 2658 164 2670 ,
186 2635 304 2665 Frenum
315 2635 389 2672 quod
398 2636 431 2664 ad
441 2645 519 2664 aures
530 2645 665 2672 equorum
675 2635 848 2672 religabatur.
870 2636 937 2665 Fest.
974 2636 1044 2665 Item
1057 2634 1172 2665 Aureola

23 2699 27 2718 ι
61 2675 133 2705 Dim.
147 2674 245 2711 legitur
255 2674 328 2710 apud
344 2672 407 2710 Ulp.
424 2674 451 2702 in
466 2673 484 2702 l.
506 2673 583 2710 Quid
595 2679 699 2703 tamen.
721 2674 755 2703 D.
777 2674 812 2703 de
831 2673 953 2703 contrah.
964 2680 1052 2712 empt.
1098 2673 1173 2709 [lm-

61 2722 108 2742 mo
118 2711 227 2741 Viriola.
267 2711 294 2740 V.
316 2710 334 2740 s.
347 2710 364 2739 l.

10 2759 11 2763 ¹
29 2752 141 2781 Ammx
153 2771 161 2785 ,
188 2749 293 2785 Auriga.
334 2748 435 2778 Festus.
464 2747 497 2777 ab
511 2749 606 2778 Aurea.
645 2747 676 2778 V.
700 2748 797 2787 Scalig.
811 2750 835 2779 Sc
848 2748 945 2779 Dacer.
963 2748 997 2778 ad
1016 2747 1035 2778 l.

31 2790 76 2819 Au
87 2798 101 2817 R
110 2798 165 2817 ur
175 2797 191 2816 A
203 2809 210 2822 ,
233 2787 306 2816 Gens
316 2785 424 2823 plebeia
436 2808 443 2820 ,
464 2788 577 2823 antiqua
585 2795 676 2815 tamen
688 2790 713 2816 ὅ(
729 2788 844 2816 celebris
853 2787 984 2817 aSzbinis
1002 2786 1118 2816 oriunda
1129 2809 1136 2819 ,
1157 2795 1173 2816 a

61 2825 118 2856 sole
127 2826 247 2862 primum
258 2823 364 2854 Auselia
374 2824 447 2853 dicra
458 2824 495 2852 est
507 2846 514 2858 ,
536 2825 610 2861 quod
620 2825 645 2853 ei
658 2826 770 2862 publice
781 2825 859 2854 datus
879 2826 917 2854 est
936 2824 1013 2853 locus
1028 2825 1057 2853 in
1070 2834 1125 2862 quo
1135 2824 1172 2853 sa-

63 2873 106 2893 cra
115 2862 286 2892 solisaceret.
324 2863 400 2891 Aust.
422 2862 522 2891 Festus.
556 2862 731 2900 Cognomina
754 2861 836 2894 huius
854 2863 942 2900 gentis
958 2862 1087 2899 leguntur
1098 2863 1149 2891 tria
1162 2883 1171 2897 ‚

64 2901 170 2930 Orestes
181 2922 190 2935 ,
212 2900 308 2934 Cotta,
330 2900 487 2929 &Scaurus
526 2899 590 2929 fuit
604 2901 698 2929 exhac
707 2901 811 2930 familia
828 2900 859 2930 C.
872 2899 996 2929 Aurelius
1008 2900 1087 2930 Cotta
1098 2922 1105 2934 ,
1126 2910 1173 2928 cu-

27 2947 32 2955 ·
65 2938 106 2976 jus
116 2938 242 2967 meminit
251 2938 349 2967 Cicero
359 2937 387 2966 in
399 2936 532 2971 Lucullo,
554 2939 579 2967 ὁὶ
594 2937 741 2968 Frontinus
754 2938 802 2967 lib.
814 2949 839 2972 4.
862 2939 1024 2975 Stratagem.
1066 2938 1119 2967 Hic
1137 2938 1172 2967 de

63 2977 154 3007 Poeuis
163 2976 357 3013 triumphavit,
378 2981 408 3004 ut
415 2977 509 3004 3116101
519 2975 556 3004 est
566 2975 677 3005 Orosius
695 2976 743 3005 lib.
757 2988 784 3010 4-
801 2986 861 3014 cap.
874 2986 899 3013 7.
935 2975 1036 3005 Consul
1047 2976 1099 3005 fuit
1108 2986 1172 3005 cum

65 3014 93 3045 P.
105 3012 217 3043 Servilio
232 3023 305 3042 anno
324 3023 343 3042 1>
353 3023 362 3041 1
372 3033 380 3048 ,
403 3013 538 3042 &iterum
548 3023 613 3042 cum
630 3013 658 3043 P.
671 3013 785 3043 Servilio
797 3023 871 3043 anno
889 3024 907 3042 D
919 3023 937 3042 v
947 3035 956 3049 ,
976 3020 1008 3043 ut
1026 3015 1121 3043 auctor
1135 3014 1173 3043 est

64 3052 244 3082 Calliodorus.

65 3088 127 3120 Fuit
136 3091 201 3118 item
213 3089 242 3118 C.
254 3088 378 3118 Aurelius
389 3087 469 3117 Cotta
479 3110 487 3123 ,
507 3087 630 3118 summus
641 3096 732 3118 orator
741 3111 749 3124 ,
770 3096 801 3119 ut
812 3095 888 3127 patet
898 3099 933 3119 ex
947 3088 1088 3119 Ciceronis
1097 3087 1174 3118 libris

83 3126 118 3156 de
131 3128 253 3157 Oratore.
275 3125 377 3155 Consul
388 3127 442 3154 fuit
451 3136 513 3155 cum
525 3126 553 3155 L.
570 3127 688 3156 Odtavio
706 3137 780 3156 anno
798 3138 815 3156 D
825 3137 864 3156 cr.
873 3136 890 3156 x
902 3137 918 3156 x
929 3137 946 3155 v
957 3138 965 3155 1
976 3138 1000 3156 11
1013 3149 1021 3162 ,
1044 3135 1073 3156 ut
1080 3128 1175 3155 auctor

82 3165 121 3194 est
130 3164 319 3199 Calliodorus,
341 3165 410 3193 &ex
421 3163 606 3193 Consulatuin
616 3165 734 3194 Galliam
755 3166 893 3202 profectus
910 3165 962 3194 est:
986 3166 1012 3194 δε
1030 3173 1115 3201 quum
1133 3164 1174 3193 illi

86 3203 212 3269 dperetus
223 3202 289 3232 effer
298 3201 471 3239 triumphus,
491 3209 555 3231 ante
575 3203 650 3232 diem
660 3203 794 3241 triumphi
806 3210 931 3232 mortuus
945 3202 992 3232 est.
1034 3203 1131 3231 Cicero
1148 3203 1175 3231 &

87 3242 106 3270 A
119 3250 180 3270 con.
192 3241 220 3269 in
234 3240 319 3269 Pison.

2 3279 18 3308 “,
59 3277 129 3309 Ἑιιίῑ
139 3280 164 3308 ἃ
173 3277 202 3307 L.
219 3277 342 3307 Aurelius
351 3276 459 3307 Orestes
470 3299 478 3313 ,
500 3276 601 3307 Consul
611 3287 675 3307 cum
685 3278 826 3307 Mamerco
836 3276 947 3308 IEmilio
958 3286 1032 3306 anno
1044 3287 1176 3313 ocxxvn,

46 3346 50 3349 ,
89 3322 118 3352 ut
126 3318 219 3345 auctor
227 3316 264 3344 est
272 3315 453 3345 Cassiodorus.
489 3316 589 3345 Sardos
601 3315 724 3353 subegit,
745 3316 812 3345 teste
824 3316 1012 3353 Epitomatore
1022 3315 1110 3350 Livii,
1126 3315 1175 3345 lib.

86 3359 130 3383 60.
146 3355 170 3383 ἃ
180 3353 326 3383 Plutarcho
342 3354 370 3381 in
388 3353 528 3382 Gracchis.

68 3389 130 3421 Fuit
139 3392 204 3421 item
216 3393 241 3420 ἃ
251 3391 319 3420 alius
329 3390 357 3419 L.
368 3391 490 3420 Aurelius
506 3391 587 3419 Cotta
596 3412 603 3425 ,
626 3391 671 3428 qui
682 3391 783 3420 Praetor
794 3400 867 3419 anno
883 3401 900 3420 D
911 3399 929 3419 c
938 3399 1008 3419 xxc
1019 3401 1027 3418 1
1038 3400 1047 3418 1
1057 3401 1066 3418 1
1077 3412 1085 3425 ,
1106 3390 1178 3426 judi-

87 3430 128 3495 }ia
138 3429 171 3458 ad
182 3429 292 3466 Equites
300 3428 455 3463 transtulit,
473 3429 538 3458 teste
554 3429 704 3466 Epitomat.
721 3429 809 3464 Livii,
826 3428 872 3457 lib.
884 3437 928 3464 97.
941 3428 1091 3457 &Asconio
1099 3428 1128 3457 in
1137 3428 1179 3457 Pi-

99 3477 188 3496 onem.

69 3503 130 3534 Fuit
143 3506 168 3534 ἃ
177 3503 216 3534 M.
232 3503 352 3533 Aurelius
361 3503 489 3537 Scaurus,
501 3503 626 3540 Quaestor
639 3503 668 3533 L.
687 3502 795 3538 Flacci,
816 3509 847 3532 ut
857 3508 970 3540 apparet
981 3512 1016 3531 ex
1027 3502 1140 3532 Verrina
1154 3513 1176 3533 1.

88 3544 114 3571 &
131 3552 187 3570 111.
210 3541 312 3570 Consul
323 3551 388 3570 cum
397 3542 453 3570 Ser.
467 3541 591 3578 Sulpicio
603 3552 677 3571 anno
697 3552 715 3570 D
725 3552 742 3571 c
752 3551 770 3570 x
783 3553 798 3569 1,
806 3551 832 3573 v,
855 3543 920 3570 tene
929 3540 1090 3569 Cassiodoro
1099 3542 1124 3570 &
1133 3541 1180 3577 Ju-

87 3578 126 3608 lio
136 3579 321 3616 Obsequente.
361 3577 478 3615 Legatus
493 3579 523 3608 C.
535 3579 644 3609 Manilii
658 3579 719 3608 Cos.
738 3590 753 3608 a
772 3578 891 3608 Cimbris
908 3585 1004 3615 captus
1017 3599 1026 3610 ,
1047 3588 1131 3614 quum
1150 3580 1179 3608 in

88 3616 230 3646 consilium
243 3617 275 3645 ab
285 3617 320 3645 iis
327 3625 456 3645 evocatus
469 3616 619 3646 deterreret
635 3627 683 3646 eos
695 3627 731 3646 ne
740 3616 821 3652 Alpes
831 3615 974 3645 tranfirent
985 3637 993 3650 ,
1014 3615 1120 3645 Italiam
1133 3626 1180 3654 pe-

37 3657 40 3662 '
88 3655 165 3683 tituri
176 3677 183 3689 ,
203 3655 276 3690 quod
285 3655 390 3683 diceret
402 3654 542 3683 Romanos
559 3655 634 3685 vinci
645 3664 702 3683 non
713 3655 806 3693 posse,
829 3664 843 3682 a
855 3653 924 3682 ssolo
935 3662 999 3690 rege
1009 3675 1017 3688 ‚
1038 3653 1122 3683 feroci
1138 3655 1181 3690 ju.

87 3692 270 3721 veneoccisus
279 3693 324 3720 est.
346 3692 467 3729 Epitom.
479 3691 565 3728 Livii,
584 3693 632 3722 lib.
647 3697 691 3729 67.
732 3692 844 3722 Orofius
856 3691 903 3720 lib.
913 3701 936 3727 5.
955 3700 1016 3728 cap.
1033 3695 1074 3721 16.
1097 3693 1181 3721 Aimi-

90 3729 156 3758 lium
171 3729 302 3758 mendose
314 3729 443 3766 appellat.

71 3766 141 3800 Item
150 3767 175 3796 S.
187 3766 307 3796 Aurelius
321 3767 410 3795 Vicffor
420 3789 427 3801 ‚
448 3767 493 3803 qui
504 3764 551 3796 sub
560 3767 720 3796 Constantio
738 3767 847 3800 floruit,
868 3767 895 3795 ἃ
912 3764 1012 3794 librum
1029 3765 1132 3804 scripsit
1144 3767 1180 3797 de

90 3804 238 3833 Caesaribus
248 3827 255 3839 ,
271 3806 297 3834 ἅ
306 3805 368 3833 viris
377 3805 523 3834 illustribus
535 3805 640 3841 Romae,
655 3814 768 3835 necnon
776 3803 938 3835 &libellum
948 3803 982 3832 de
991 3803 1107 3842 Origine
1116 3815 1182 3842 gen.

89 3843 125 3871 tis
131 3842 261 3871 Romanae
272 3864 280 3877 ,
301 3848 332 3871 ut
342 3843 416 3871 decli
427 3843 584 3879 opinantur.

72 3878 135 3909 Fuit
143 3882 168 3910 δε
176 3880 244 3908 alius
255 3880 376 3916 ejusdem
385 3881 507 3909 nominis
515 3902 522 3914 ,
546 3881 592 3918 qui
604 3880 751 3918 Epitomen
766 3879 828 3909 vitae
839 3879 1041 3917 Imperatorum
1054 3879 1183 3919 scripsisse

92 3918 201 3946 dicitur.
236 3917 268 3946 V.
297 3917 368 3946 Voss.
381 3918 416 3946 de
428 3917 494 3947 Hist.
508 3917 565 3947 Lat.
577 3928 602 3947 2.
615 3923 638 3949 8.
650 3919 676 3947 δε
690 3928 700 3947 1
709 3929 734 3953 ς.

73 3954 116 3985 De
126 3954 166 3984 M.
178 3953 285 3985 Aure110
301 3955 468 3994 Imperatore
482 3956 587 3986 dictum
603 3956 642 3985 est
656 3956 686 3985 in
700 3964 778 3985 ANT
788 3963 882 3984 011111
892 3963 910 3983 11
919 3963 942 3984 ε.
982 3953 1106 3985 Fuerunt
1118 3956 1144 3985 ἂ
1156 3955 1185 3984 111

780 226 814 256 Et
825 226 841 256 l.
855 238 881 264 4.
894 227 944 266 Ep.
955 237 981 263 ,1η
1003 228 1102 266 quibus
1112 226 1153 257 ld-

869 449 921 480 Ubi
941 450 1050 480 Servius
1061 461 1069 486 ·‚
1090 449 1153 479 Auri

976 1314 1072 1350 Auris,
1096 1315 1114 1345 i.
1134 1322 1159 1344 e.

660 1841 731 1879 Virg.
749 1851 789 1871 11.
804 1842 865 1872 JEn.
878 1846 941 1875 802.

673 1879 733 1909 Nec
748 1880 978 1909 sonitusmemor.
1019 1876 1051 1908 V.
1084 1878 1161 1909 Serv.

1647 145 1673 180 A
1770 138 1800 179 υ
1899 142 1928 181 r<
2291 162 2358 194 309

1265 222 1404 291 ffriq’nssis
1423 224 1550 255 nonnulli
1564 247 1572 259 ,
1594 226 1640 263 qui
1661 225 1689 255 id
1707 235 1809 255 nomen
1829 225 2008 265 usurparunt,
2038 229 2071 258 de
2092 228 2166 267 quib.
2196 229 2228 260 V.
2251 232 2358 261 Oecon.

1299 273 1324 290 C(
1337 273 1361 290 lo
1384 286 1389 292 .
1748 274 1756 285 s

1210 299 1229 328 A
1241 309 1284 341 ui<
1294 309 1332 327 111,
1344 310 1352 327 ι
1364 310 1381 328 A
1393 310 1412 328 N
1422 310 1439 327 u
1449 310 1476 333 s,
1498 300 1648 337 Imparator
1660 301 1799 330 Romanus
1811 323 1819 334 ,
1841 301 1955 331 obscura
1974 304 2079 340 origine
2097 304 2188 333 Sirmii
2209 306 2236 333 in
2254 306 2358 335 Panno-

1246 346 1291 365 nia
1305 344 1395 371 ortus,
1417 338 1556 373 Quintillo
1569 339 1659 368 adhuc
1670 349 1757 367 rerum
1774 340 1917 376 potiente,
1940 339 2090 373 Leuionuni
2107 342 2246 375 consensu.
2270 344 2356 372 imne-

1247 375 1415 416 ratorsaclus
1426 396 1433 408 ,
1457 375 1586 404 Aarbnros
1598 386 1654 404 non
1672 374 1758 404 sulum
1769 377 1796 404 in
1807 378 1960 405 occidentis
1971 378 2014 406 sed
2029 381 2053 407 ὁὶ
2072 379 2097 406 111
2110 380 2222 407 orientis·
2235 381 2356 415 partibus

1246 417 1367 453 attrivit..
1389 414 1414 440 ἃ
1428 413 1640 447 tyrannisetiam
1652 414 1783 450 opprellis
1793 436 1799 447 ,
1817 414 2064 451 splentlidiilimum
2077 417 2111 444 (le
2126 417 2249 445 Zenobia
2264 428 2295 445 :rc
2305 418 2358 446 'se-

1247 454 1317 476 trico
1328 450 1499 485 triumphum
1514 451 1570 486 egit
1581 472 1588 483 .
1610 460 1674 480 cum
1685 452 1712 479 in
1728 451 1814 480 Persas
1827 461 1942 481 movens
1961 461 2008 489 pcr
2023 453 2159 489 lllyricum
2174 455 2224 482 iter
2243 455 2355 488 iaceret.

1249 485 1323 526 apud
1333 485 1559 522 Caenuphrurium
1573 488 1708 517 Mnesthei
1720 489 1863 522 cuiusdam
1876 511 1884 523 ,
1906 490 1951 526 qui
1965 490 2011 527 ipli
2026 502 2038 519 a
2052 490 2270 525 secretissuerat,
2287 492 2359 520 frau-

1248 522 1498 565 ‹ldcircumvcntus
1514 534 1562 560 per
1577 525 1707 554 militares
1723 527 1794 555 viros
1807 527 1965 556 interfectus
1980 530 2025 556 est.
2063 529 2118 557 Sed
2130 538 2193 557 mox
2204 530 2299 558 fraude
2312 539 2358 558 co-

1248 565 1323 595 gnita
1337 559 1370 587 ab
1384 560 1482 589 iisdem
1494 571 1526 590 ac
1537 562 1563 590 S.
1574 562 1599 590 P.
1615 563 1649 598 Q.
1666 563 1698 592 R.
1713 564 1885 593 consecratus
1902 565 1961 594 suit.
1994 565 2098 602 Vopisc.

1210 595 1231 625 A
1240 606 1259 625 u
1272 606 1286 624 R
1295 605 1334 625 110
1346 607 1361 624 L
1372 606 1410 625 us
1420 619 1427 631 ,
1449 607 1520 638 unus
1531 608 1564 626 ex
1578 609 1593 626 x
1605 609 1621 627 x
1633 608 1659 628 tr.
1678 602 1811 636 tyrannis,
1823 601 1855 630 ab
1868 603 1991 631 exercitu
2005 603 2159 639 lllyriciano
2169 603 2321 640 Imperator
2332 605 2359 634 in

1247 639 1439 677 contempfuru
1452 634 1569 663 Gallieni
1582 636 1665 665 suctus
1677 659 1684 672 ,
1706 648 1775 674 pace
1796 649 1858 668 cum
1869 648 1902 668 eo
1922 641 2071 676 compolita
2082 663 2090 674 ,
2113 650 2177 670 cum
2189 641 2305 670 Claudio
2325 643 2361 671 ad

1248 678 1363 708 pontem
1372 671 1406 700 ab
1419 671 1499 714 ipsius
1507 673 1620 701 nomine
1631 675 1721 710 postea
1731 676 1835 705 dictum
1848 676 2021 714 congressus,
2043 679 2089 715 qui
2104 688 2121 707 x
2131 689 2138 706 1
2149 689 2157 706 1
2168 689 2185 708 1.
2205 678 2269 716 pass’.
2287 680 2358 709 mill.

1248 718 1262 737 a
1272 708 1406 744 Bergomo
1421 710 1501 738 distat
1512 731 1519 743 ,
1540 711 1680 740 occubuit.
1701 712 1785 742 Treb.
1811 712 1876 742 Poll.

1212 745 1427 780 Auasorus,
1450 756 1484 780 a,
1506 756 1572 782 um,
1600 748 1755 779 Aornos.
1796 750 1826 778 V.
1848 761 1986 781 Auauu.

1214 785 1234 812 A
1247 793 1263 812 u
1275 792 1364 826 111011
1374 792 1391 811 A
1401 793 1442 826 rc
1454 794 1470 812 u
1481 794 1500 812 Μ
1512 806 1524 826 ,Ἰ
1541 784 1558 827 i..
1581 794 1608 813 n.
1629 786 1808 828 [igrifflhw]
1829 789 1874 817 [ξε
1886 790 1958 818 aurei
1970 788 2070 818 coloris
2082 811 2089 824 ,
2111 799 2192 826 quem
2205 789 2361 829 Metallurgi

1251 819 1367 849 Cadmia
1376 820 1472 849 addita
1482 822 1614 850 efficiunt.
1656 822 1747 852 lellus
1759 846 1766 857 ,
1789 826 1979 855 Auriclialcum
1992 827 2033 855 vel
2048 827 2226 856 Orichulcum
2247 830 2360 866 quidam

1249 858 1539 901 putantcompolituni
1551 868 1585 887 ex
1596 859 1657 888 AEre
1668 861 1693 888 ἃ
1711 863 1799 890 Auro:
1822 862 1875 891 live
1893 864 1967 899 quod
1988 864 2110 893 colorem
2127 864 2225 894 habeat
2237 876 2360 896 aureum.

1250 895 1432 924 Orichalcum
1442 895 1504 925 sane
1516 896 1617 925 dicitur
1627 918 1634 929 ,
1656 897 1740 933 Quod
1754 899 1781 925 in
1793 901 1944 929 montuosis
1959 901 2026 929 locis
2041 902 2187 931 invenitur.
2210 913 2290 932 mons
2306 912 2362 933 ete-

1251 933 1310 961 nim
1324 933 1487 970 Graece'ag&
1500 932 1672 971 appellatur,
1703 935 1732 963 V.
1754 937 1836 964 eund.
1850 937 1878 965 in
1897 947 1914 965 c
1926 947 1943 965 A
1954 948 2001 966 nm
2012 949 2025 966 11
2036 949 2063 967 A.
2085 939 2177 968 Schol.
2196 940 2261 970 llor.
2276 942 2312 970 de
2331 944 2361 971 A.

1250 967 1278 1013 P.
1293 980 1356 999 202.
1380 970 1448 1000 Plin.
1462 970 1509 1000 lib.
1522 981 1564 1007 34.
1578 981 1637 1008 cap.
1649 981 1675 1000 2.
1705 972 1774 1001 Mox
1792 973 1880 1002 vilitas
1890 977 2045 1012 praecipua,
2067 983 2176 1013 reperto
2196 978 2223 1006 in
2240 978 2298 1007 aliis
2311 986 2365 1008 ter-

1251 1017 1288 1037 ris
1301 1009 1485 1044 praestantiore
1496 1009 1616 1038 maxime
1630 1009 1801 1045 aurichalco,
1823 1013 1898 1047 quod
1918 1015 2084 1050 praecipuam
2105 1014 2259 1045 bonitatem
2276 1017 2364 1046 admi-

1252 1046 1445 1083 rationemque
1455 1046 1503 1075 diu
1514 1046 1644 1075 obtinuit.

1251 1082 1279 1112 Si
1292 1083 1352 1120 quis
1361 1093 1458 1112 aurum
1476 1083 1600 1113 vendens
1616 1084 1787 1114 orichalcum
1800 1083 1826 1114 se
1841 1092 1921 1123 putet
1941 1087 2060 1117 vendere
2073 1110 2080 1123 ,
2103 1089 2208 1119 indicet
2223 1099 2258 1120 ne
2278 1091 2303 1120 ei
2325 1092 2366 1121 vir

1271 1120 1384 1150 bonus?
1407 1121 1464 1150 Cio.
1477 1122 1512 1150 de
1522 1121 1579 1151 Off.
1593 1131 1616 1157 3.
1629 1131 1673 1157 92.

1251 1158 1445 1188 Aurichalcum
1458 1181 1466 1194 ,
1487 1169 1538 1197 pro
1559 1159 1683 1189 Nummo
1702 1169 1736 1188 ex
1756 1160 1914 1190 aurichalco
1935 1161 2008 1191 facto
2027 1162 2142 1199 posuisse
2162 1165 2270 1194 videtur
2281 1165 2366 1196 Plaut.

1269 1196 1332 1226 Mil.
1347 1205 1371 1232 3.
1389 1207 1411 1226 1.
1422 1200 1465 1232 63-
1507 1197 1584 1226 Cedo
1594 1203 1648 1226 tres
1658 1197 1726 1226 mihi
1741 1197 1868 1227 homines
1882 1199 2039 1228 aurichalco
2052 1208 2146 1230 contra
2158 1212 2221 1231 cum
2243 1204 2368 1232 111131110-

1270 1234 1354 1263 ribus.
1380 1234 1484 1270 [Immo
1497 1244 1546 1272 per
1555 1235 1647 1270 jocum
1659 1234 1848 1264 Aurichaicum
1858 1245 1910 1273 pro
1919 1238 1991 1266 Auro
2003 1238 2100 1274 posuit.
2115 1239 2194 1268 conf.
2206 1240 2300 1271 Pseud.
2312 1251 2365 1276 2.3.

1271 1271 1401 1301 22.Curc.
1418 1282 1440 1301 1.
1454 1281 1478 1309 3.
1488 1283 1533 1308 45.
1545 1273 1609 1302 Non
1622 1280 1714 1301 moror
1723 1273 1836 1302 Serv.ad
1848 1283 1890 1304 12.
1903 1273 2013 1311 AEn.87.
2024 1275 2103 1305 aliter
2114 1276 2172 1306 haec
2182 1285 2365 1308 enarrantem.

1215 1304 1462 1345 Auarcomus,
1494 1310 1524 1339 V.
1547 1319 1689 1339 AURUM.

1215 1348 1237 1376 A
1247 1357 1264 1376 u
1274 1357 1289 1375 a
1300 1358 1309 1375 1
1319 1357 1335 1376 c
1344 1357 1360 1376 0
1372 1358 1387 1376 R
1397 1357 1417 1376 N
1427 1357 1445 1376 u
1458 1370 1466 1382 ‚
1484 1347 1714 1377 promontorium.
1736 1347 1804 1377 Plin.
1817 1347 1865 1378 lib.
1877 1359 1903 1384 9.
1913 1358 1976 1387 cap.
1990 1360 2032 1385 ις.
2054 1351 2089 1380 de
2098 1350 2225 1388 Thynnis
2236 1352 2368 1389 loquens:

1254 1384 1298 1414 Est
1318 1386 1330 1421 (
1345 1386 1456 1422 inquit)
1478 1386 1505 1414 in
1518 1385 1619 1422 Euripo
1634 1385 1745 1414 Thracii
1756 1385 1889 1423 Bosphori
1900 1408 1908 1422 ‚
1930 1397 1985 1424 quo
1998 1387 2144 1425 Propontis
2160 1388 2266 1418 Euxino
2281 1392 2370 1425 jungi-

1254 1428 1316 1455 tur.
1347 1423 1376 1452 in
1388 1423 1450 1461 ipsis
1470 1423 1555 1452 Asiam
1570 1423 1763 1461 Europamque
1783 1423 1930 1461 separantis
1945 1425 2006 1453 freti
2027 1426 2157 1461 angustiis
2171 1447 2179 1460 ‚
2199 1426 2294 1457 saxum
2308 1425 2369 1457 miri

1254 1460 1400 1494 candoris,
1422 1471 1436 1490 a
1455 1461 1528 1490 vado
1548 1461 1582 1490 ad
1598 1461 1703 1490 summa
1723 1461 1870 1498 perlucens
1884 1484 1892 1497 ,
1912 1463 1989 1499 juxta
2005 1463 2213 1493 Chalcedonem
2235 1466 2263 1493 in
2287 1465 2370 1496 latere

1254 1498 1330 1527 Afiae.
1352 1499 1441 1534 Hujus
1451 1498 1562 1536 aspectu
1570 1505 1684 1536 repente
1695 1500 1782 1528 territi
1795 1521 1803 1533 ,
1826 1499 1934 1538 semper
1945 1501 2087 1530 adversum
2101 1501 2227 1539 Byzantii
2239 1512 2372 1540 promon-

1257 1537 1375 1570 torium.
1397 1546 1431 1566 ex
1446 1546 1478 1566 ea
1495 1536 1574 1565 causa
1593 1536 1762 1574 appellatum
1778 1538 1928 1567 Auricornu
1941 1560 1949 1573 ,
1979 1539 2115 1577 praecipiti
2134 1546 2233 1577 petunt
2250 1542 2367 1577 agmine.

1255 1573 1434 1611 [Legendum
1452 1575 1532 1603 Aurei
1546 1584 1646 1603 cornus
1658 1575 1804 1603 contendit
1819 1575 1902 1604 Hard.
1944 1585 2009 1605 cum
2029 1580 2149 1606 Aureum
2162 1587 2249 1607 cornu
2265 1588 2369 1607 nomen

1254 1611 1328 1640 sinus
1338 1612 1386 1647 sit,
1407 1613 1485 1647 cujus
1497 1612 1552 1641 hoc
1565 1613 1806 1650 promontorium,
1841 1623 1876 1642 ex
1887 1613 1973 1644 Strab.
1986 1614 2034 1643 lib.
2048 1622 2073 1651 7.
2096 1624 2120 1652 q.
2134 1615 2165 1645 V.
2205 1615 2239 1644 At
2249 1624 2297 1645 cur
2308 1625 2369 1648 non

1256 1650 1337 1678 Aurei
1348 1651 1458 1679 cornu?

1219 1684 1442 1723 AURXCULA‚
1464 1687 1734 1718 AuarcuLAars.
1776 1687 1807 1718 V.
1830 1698 1948 1719 Auars.

1220 1724 1242 1753 A
1252 1734 1296 1768 1111
1306 1735 1315 1753 1
1323 1735 1367 1755 cu
1377 1737 1393 1754 r.
1402 1735 1421 1754 A
1442 1725 1530 1755 Muris
1540 1748 1547 1761 ,
1570 1727 1654 1762 [μυὸς
1671 1724 1756 1761 ὠπόν]
1779 1727 1871 1756 Herba
1886 1728 1924 1756 est
1934 1727 2059 1756 caulibus
2069 1727 2194 1766 pluribus
2206 1729 2240 1758 ab
2258 1739 2313 1759 una
2332 1740 2373 1759 raa

1256 1768 1340 1799 dice,
1361 1763 1536 1799 aliquatenus
1553 1763 1587 1793 ab
1600 1764 1657 1792 imo
1672 1763 1852 1800 rubentibus,
1874 1766 1900 1794 ὃς
1915 1767 2061 1799 concavis,
2083 1776 2142 1802 quae
2162 1766 2258 1803 palsun
2278 1768 2371 1797 mense

1255 1799 1335 1830 Maio
1345 1801 1459 1830 floribus
1474 1808 1571 1831 ornata
1584 1801 1687 1836 visitur,
1699 1802 1829 1831 nimirum
1841 1803 1847 1808 '
1876 1803 1972 1837 uraris,
1983 1803 2098 1839 campis.
2111 1804 2206 1837 hortis,
2216 1804 2293 1834 secus
2305 1807 2375 1840 vias,

1259 1839 1285 1867 δι.
1294 1839 1399 1876 ubique
1410 1838 1545 1868 locorum.
1566 1839 1608 1869 De
1619 1840 1672 1868 hac
1683 1839 1779 1869 Galen.
1788 1812 1970 1877 libfskffmpl.
1984 1843 2010 1871 dt:
2022 1840 2227 1870 Dioscor.lib.2.
2237 1852 2297 1880 cap.
2313 1853 2371 1880 179.

1220 1879 1399 1912 Auxrrsss,
1422 1877 1603 1912 Aumrrzx,
1624 1878 1644 1906 A
1658 1887 1897 1912 UR1F001NA,
1919 1880 1971 1908 (Sec.
2012 1878 2043 1907 V.
2074 1889 2219 1908 Ausum.

1221 1917 1385 1948 Auxit-m,
1407 1924 1438 1943 ae.
1460 1924 1484 1943 c.
1507 1912 1660 1950 [ἧνιόχςέν]
1680 1916 1790 1952 proprie
1802 1915 1904 1944 dicitur
1924 1917 1975 1952 (ut
1991 1916 2028 1945 ait
2042 1916 2172 1953 Servius)
2194 1917 2251 1955 Qui
2264 1927 2374 1948 currum

1260 1953 1339 1991 regit.
1362 1952 1396 1980 ad
1412 1961 1453 1981 12.
1465 1952 1526 1982 AEn.
1541 1957 1585 1986 85.
1617 1952 1817 1982 Ovid.2.Met.
1830 1962 1891 1990 327.

1340 1989 1395 2019 Hic
1405 1989 1468 2018 litus
1478 1990 1515 2018 est
1525 1990 1647 2019 phaeton
1662 2000 1756 2020 currus
1766 1992 1859 2029 auriga
1872 1991 1987 2029 paterni.

1261 2028 1361 2065 Auriga
1378 2038 1429 2065 pro
1447 2029 1569 2065 Aureaga
1586 2027 1620 2057 ab
1641 2029 1742 2058 Aureas
1761 2029 1869 2065 agendo
1893 2029 2002 2063 dictus.
2023 2028 2105 2067 Desp.
2120 2039 2183 2067 403.
2225 2031 2270 2061 Sic
2284 2031 2314 2061 Bi
2335 2041 2374 2066 ae,

1277 2067 1384 2103 Trigce,
1405 2065 1478 2102 quasi
1488 2064 1709 2132 BiapazTriagae.
1730 2066 1850 2096 Tibicen
1865 2077 1914 2104 pro
1924 2066 2069 2096 Tibiacen.
2093 2067 2172 2106 Desp.
2184 2068 2299 2098 ibidem.
2340 2071 2377 2099 ed

1280 2104 1352 2135 illud
1362 2104 1421 2132 Auri
1434 2103 1509 2132 unde
1519 2114 1533 2133 e
1546 2104 1581 2132 t‘?
1603 2103 1723 2134 Fortasse
1732 2104 1839 2134 dictum
1847 2104 1901 2134 fuit
1911 2104 1980 2134 olim
1997 2105 2137 2142 Petoriga,
2159 2106 2260 2137 deinde
2269 2108 2373 2145 Auriga.

1276 2141 1348 2172 Vide
1360 2141 1519 2170 Petoritum.
1542 2141 1626 2171 H.St.

1260 2181 1360 2217 Auriga
1371 2201 1378 2214 ,
1401 2188 1451 2217 pro
1464 2177 1584 2215 Agasone
1595 2179 1670 2218 apud
1679 2179 1751 2217 Virg.
1764 2189 1805 2209 12.
1823 2180 1884 2209 AEn.
1899 2185 1943 2216 ὃς.
1965 2180 2085 2210 Servius.

1260 2219 1388 2255 Aurigam
1398 2239 1406 2252 ,
1426 2227 1477 2254 pro
1494 2217 1584 2246 Nauta
1595 2218 1668 2246 dixit
1682 2218 1764 2247 Ovirl.
1778 2228 1799 2246 1.
1812 2217 1894 2247 Trist.
1904 2229 1930 2253 4.
1948 2223 1991 2247 16.
2014 2218 2054 2248 Al.
2068 2226 2091 2255 3.
2108 2222 2169 2252 118.

1260 2257 1359 2293 Auriga
1369 2256 1397 2284 in
1408 2255 1484 2283 seem.
1497 2264 1558 2292 gen.
1574 2255 1647 2293 apud
1660 2255 1731 2292 Virg.
1746 2265 1787 2284 12.
1799 2255 1861 2285 AEn.
1873 2261 1937 2291 918.

1260 2295 1359 2330 Auriga
1371 2315 1378 2328 ,
1400 2291 1514 2330 Signum
1526 2292 1637 2322 coeleste
1646 2293 1726 2331 super
1737 2293 1820 2322 Tauri
1832 2303 1936 2322 cornua
1949 2303 1955 2322 :
1973 2293 2050 2323 hunc
2061 2303 2125 2323 cum
2134 2292 2227 2324 Tauro
2238 2304 2292 2326 una
2304 2295 2377 2326 clara

1278 2331 1355 2362 stella
1368 2331 1521 2368 conjungit.
1542 2330 1655 2360 Retinet
1663 2337 1754 2360 autem
1765 2331 1863 2368 Auriga
1873 2330 1961 2360 stellas
1972 2331 2038 2360 duas
2055 2332 2084 2360 in
2096 2341 2181 2360 manu
2193 2354 2201 2366 ,
2223 2343 2281 2369 quae
2294 2334 2378 2363 Hsedi

1280 2376 1433 2399 vocantur:
1455 2378 1573 2405 quorum
1592 2370 1617 2398 ὁὶ
1634 2375 1709 2398 ortus
1734 2370 1760 2398 Sc
1782 2369 1894 2398 occasus
1912 2369 2088 2406 tempestates
2112 2369 2277 2406 gravissinias
2301 2372 2376 2401 facit.

1281 2408 1418 2437 Oriuntur
1432 2413 1600 2436 autenicum
1617 2406 1733 2444 Scorpio
1745 2427 1753 2442 ‚
1773 2407 1867 2436 mense
1886 2406 2015 2436 Ocrobri.
2055 2406 2123 2437 Haec
2141 2407 2259 2438 Servius.
2282 2410 2340 2439 Cic.
2351 2420 2377 2439 2.

1282 2445 1318 2475 de
1331 2446 1394 2475 Nat.
1409 2445 1491 2474 Deor.
1507 2454 1567 2473 110.
1613 2445 1711 2482 Auriga

1342 2483 1398 2513 Sub
1409 2482 1476 2512 laeva
1487 2482 1667 2511 Geminorum
1678 2482 1817 2511 obdut‘tus
1824 2488 1901 2520 parte
1914 2482 2026 2512 seretur.

1225 2521 1247 2552 A
1259 2523 1373 2551 uitreo
1385 2543 1392 2555 ,
1412 2518 1544 2556 [ἑνιοχέω]
1561 2523 1616 2548 are.
1638 2520 1755 2549 Currum
1767 2529 1870 2556 regere.
1892 2521 1966 2549 Suet.
1983 2521 2011 2548 in
2024 2519 2110 2558 Calig.
2125 2529 2186 2558 cap.
2202 2527 2244 2555 ¹8-
2271 2522 2331 2551 Nec
2340 2522 2380 2551 ul-

1263 2560 1296 2589 lis
1306 2560 1353 2588 nisi
1365 2568 1399 2588 ex
1409 2559 1555 2588 Senatorio
1564 2558 1662 2586 ordine
1672 2559 1867 2594 aurigantibus.
1889 2557 1958 2588 Plin.
1970 2557 2019 2587 lib.
2035 2568 2078 2596 33.
2091 2568 2152 2596 cap.
2169 2569 2192 2595 ς.
2214 2560 2309 2596 Quum
2322 2560 2379 2598 ipse

1264 2596 1407 2626 concolori
1418 2605 1512 2633 panno
1522 2596 1692 2632 aurigaturus
1704 2596 1778 2625 elset.

1227 2636 1247 2666 A
1259 2645 1321 2665 usi
1334 2644 1420 2668 GOR,
1440 2634 1488 2662 ari.
1511 2633 1576 2671 dep.

1264 2673 1408 2710 Aurigatur
1430 2671 1542 2708 (inquit
1560 2671 1690 2707 Nonius)
1710 2671 1823 2700 honeste
1838 2671 1974 2708 politum,
1995 2680 2046 2708 pro
2065 2671 2227 2701 Moderatur
2249 2682 2281 2702 ac
2300 2673 2377 2711 regit.

1283 2711 1368 2740 Varro
1380 2709 1480 2739 Modio
1491 2731 1499 2744 ‚
1520 2708 1578 2738 Asse
1590 2708 1686 2738 vinum
1698 2719 1704 2738 ;
1728 2709 1781 2739 ass'e
1792 2709 2025 2747 pulmentarium:
2045 2708 2180 2740 secundas
2191 2731 2199 2745 ,
2221 2720 2275 2747 quo
2283 2719 2380 2740 natura

1284 2750 1424 2786 aurigatur
1438 2769 1446 2781 ‚
1467 2756 1524 2776 non
1537 2746 1718 2776 necessitudo.

1227 2787 1247 2817 A
1259 2797 1276 2816 u
1287 2797 1302 2815 R
1312 2797 1321 2815 1
1332 2797 1349 2815 c
1362 2796 1379 2814 A
1391 2796 1410 2814 T
1420 2796 1427 2813 1
1438 2795 1455 2814 o
1465 2807 1473 2819 ,
1494 2785 1564 2814 onis.
1585 2784 1604 2813 f.
1626 2785 1778 2820 [ἡνιοχεία]
1799 2783 1868 2814 Gell.
1882 2784 1930 2813 lib.
1944 2792 1968 2821 7.
1983 2794 2044 2823 cap.
2055 2789 2080 2819 8.
2104 2784 2213 2821 Quibus
2223 2785 2313 2815 verbis
2323 2785 2381 2815 del-

1263 2824 1343 2863 phini
1353 2824 1470 2853 amantis
1480 2845 1487 2857 ,
1509 2823 1536 2852 ἑὲ
1545 2821 1622 2860 pueri
1634 2832 1693 2852 non
1704 2822 1876 2852 abhorrentis
1893 2821 2109 2852 consuetudines
2120 2844 2128 2858 ,
2148 2822 2236 2859 lusus,
2257 2824 2380 2860 gestarit»

1268 2872 1318 2891 nes
1327 2883 1336 2896 ,
1356 2862 1541 2898 aurigationes
1550 2860 1642 2890 refert.

1226 2901 1247 2931 A
1259 2911 1275 2929 u
1285 2911 1301 2929 R
1311 2911 1319 2929 1
1331 2910 1349 2928 G
1359 2910 1403 2928 AR
1413 2910 1421 2927 1
1432 2909 1450 2928 u
1460 2908 1488 2933 s,
1510 2899 1528 2927 i.
1549 2908 1587 2927 m.
1610 2897 1748 2933 [ἰνιαχεὺτ]
1771 2898 1880 2928 videtur
1894 2897 2015 2936 usurpari
2036 2908 2051 2927 a
2065 2898 2140 2928 Suet.
2157 2897 2186 2926 in
2203 2897 2267 2927 Ner.
2280 2907 2340 2936 cap.
2357 2909 2380 2934 ς.

1264 2947 1315 2976 pro
1326 2938 1363 2966 Eo
1377 2937 1422 2975 qui
1434 2946 1527 2965 curam
1538 2935 1622 2965 habet
1634 2935 1786 2965 instruendi
1798 2938 1903 2974 aurigas
1921 2937 1951 2965 in
1963 2936 2141 2974 spestaculis‚
2164 2936 2235 2964 aust.
2250 2934 2379 2966 Torrent.

1263 2976 1386 3006 Perfidiae
1403 2984 1468 3004 vero
1489 2974 1618 3010 (inquit)
1630 2980 1713 3002 tantae
1724 2996 1732 3009 ,
1753 2982 1782 3003 ut
1793 2984 1849 3003 non
1862 2975 1949 3003 modo
1956 2974 2122 3012 argentarios
2130 2973 2223 3010 pretiis
2232 2982 2323 3002 rerum
2334 2983 2382 3003 co·

1265 3020 1432 3051 emptarum,
1448 3012 1494 3041 sed
1506 3013 1531 3041 St
1540 3012 1569 3040 in
1579 3012 1696 3041 Praerura
1704 3012 1832 3041 mercede
1844 3012 1999 3050 palmarum
2008 3012 2156 3047 aurigarios
2164 3010 2340 3042 fraudaverit.

1227 3052 1246 3081 A
1260 3062 1277 3081 u
1288 3062 1303 3080 R
1313 3062 1321 3079 1
1331 3061 1349 3079 G
1361 3061 1378 3079 o
1389 3060 1407 3079 A
1417 3072 1425 3085 ,
1446 3045 1606 3085 [A'u'etyo'kc]
1627 3049 1776 3079 Ptolemaeo
1787 3050 1851 3079 urbs
1862 3050 1983 3088 Cyrenes
1994 3071 2001 3085 ,
2022 3049 2104 3086 vulgo
2115 3051 2210 3075 Zadra-

1228 3091 1423 3121 Aumcass,
1457 3085 1486 3115 V.
1509 3097 1650 3117 AURUM.

1226 3130 1393 3159 Aussico,
1414 3126 1477 3154 inis.
1498 3125 1517 3154 f.
1542 3122 1690 3161 [ἳκπςῶι]
1714 3124 1831 3154 Morbus
1848 3125 1954 3161 regius:
1976 3135 1990 3154 a
2009 3123 2102 3153 colore
2121 3122 2196 3160 auri,
2217 3132 2300 3162 quem
2317 3123 2380 3155 bilis

1266 3172 1316 3202 per
1324 3170 1414 3192 torum
1427 3172 1526 3200 corpus
1537 3161 1634 3194 diffusa
1647 3163 1829 3200 repraesentat.
1872 3163 1971 3192 Perott.
1990 3162 2116 3203 Scribon3
2126 3161 2203 3198 Larg.
2217 3172 2278 3196 109.
2318 3163 2382 3193 Hoc

1265 3202 1504 3231 medicamentum
1514 3200 1581 3230 facit
1598 3201 1632 3230 ad
1643 3202 1812 3238 auriginem,
1837 3210 1919 3237 quam
1934 3201 2045 3237 quidam
2062 3208 2185 3235 regium,
2207 3201 2320 3236 quidam
2341 3211 2382 3230 ar-

1265 3246 1380 3277 quatum
1400 3239 1528 3268 morbum
1546 3245 1656 3268 vocant.
1696 3237 1854 3276 Auriginem
1870 3238 1952 3267 Varro
1967 3234 2097 3275 appellari
2116 3237 2154 3265 ait
2172 3246 2187 3266 a
2205 3237 2300 3268 colore
2316 3239 2383 3268 auri.

1266 3277 1328 3307 Isid.
1339 3288 1365 3312 4.
1378 3283 1402 3311 3.
1422 3277 1450 3306 in
1463 3276 1522 3305 Vet.
1534 3276 1617 3305 Gloff.
1633 3278 1752 3313 Aurugo.

1228 3316 1250 3346 Α
1260 3326 1278 3344 U
1289 3317 1396 3344 111ςῖ11
1408 3319 1424 3345 δ
1434 3325 1446 3343 s
1456 3324 1473 3343 υ
1483 3324 1495 3344 s
1507 3335 1515 3350 ‚
1537 3324 1552 3343 a
1563 3336 1570 3349 ‚
1591 3324 1639 3343 um
1651 3336 1659 3349 ‚
1698 3308 1862 3349 [ικπςικές]
1890 3312 1948 3349 Qui
1967 3310 2098 3341 morbum
2119 3311 2251 3350 aurlglnls
2266 3313 2380 3351 patltm'.

1269 3353 1368 3383 Perott.
1391 3352 1575 3389 Auruginosus
1584 3352 1613 3381 in
1622 3351 1704 3381 Gloff.

1229 3391 1251 3421 A
1262 3401 1302 3420 ur<
1314 3402 1323 3419 1
1335 3401 1352 3420 G
1362 3400 1398 3419 m
1409 3401 1425 3419 o
1436 3413 1444 3425 ,
1465 3392 1519 3419 are.
1540 3390 1681 3426 [λκπςιᾷν,
1706 3387 1847 3425 ὶκτεςέοῗξς]
1867 3386 1970 3417 Morbo
1989 3387 2044 3416 hoc
2061 3386 2192 3417 laborare.
2214 3388 2333 3419 Tertull.
2347 3390 2383 3419 de

1292 3439 1320 3457 ni
1356 3451 1361 3458 .
1381 3437 1461 3457 c.1··.
1765 3434 1770 3440 ”

1231 3430 1306 3496 Arsi<
1316 3438 1402 3495 rnriuA
1414 3487 1422 3501 ,
1441 3448 1579 3495 [Foemina
1603 3463 1803 3493 Germanorum
1821 3461 1933 3491 fatidica
1954 3463 1979 3491 St
1999 3461 2134 3491 sacerdos.
2152 3463 2228 3502 apud
2244 3463 2335 3494 Tacit.
2354 3465 2384 3494 in

1270 3504 1361 3534 Germ.
1376 3509 1401 3537 8.
1416 3514 1440 3538 ς.
1482 3502 1537 3532 Sed
1549 3502 1633 3531 codd.
1645 3501 1759 3530 variant.
1791 3499 1820 3527 V.
1841 3499 1991 3534 Kirchmai.
2005 3500 2040 3528 ad
2049 3499 2102 3528 loc.

1230 3543 1252 3572 A
1263 3551 1390 3571 Ufflpm
1400 3552 1419 3570 Μ
1430 3551 1443 3570 g
1454 3551 1474 3570 N
1484 3550 1503 3568 vs
1514 3550 1529 3568 υ
1541 3551 1561 3568 Μ
1572 3561 1580 3574 ‚
1610 3535 1768 3575 [ὸξππνινρν]
1789 3537 1856 3573 quid
1876 3537 2006 3573 significet
2016 3558 2023 3571 ,
2051 3536 2173 3566 declarat
2185 3536 2253 3568 Plin.
2278 3539 2326 3569 lib.
2339 3542 2380 3576 3'3.

1269 3590 1364 3617 cap.4.
1386 3578 1525 3608 hisverbis
1536 3600 1543 3611 ,
1567 3578 1667 3606 Aurum
1681 3574 1801 3604 faciendi
1813 3574 1849 3602 est
1860 3575 1942 3603 etiam
1955 3584 2007 3603 una
2019 3575 2088 3604 ratio
2105 3576 2139 3604 ex
2157 3576 2363 3615 auripigmento
2376 3599 2384 3608 ,

1268 3617 1380 3654 quodin
1391 3617 1466 3647 Svria
1476 3616 1581 3644 foditur
1591 3613 1742 3651 pistoribus
1753 3633 1760 3645 ,
1779 3611 1809 3640 in
1819 3610 1924 3641 summa
1932 3612 2031 3641 tellure
2041 3631 2049 3647 ,
2070 3614 2129 3642 auri
2138 3613 2232 3644 colore
2244 3637 2251 3650 ,
2277 3616 2386 3645 101113-

1270 3655 1336 3691 gili,
1356 3648 1481 3691 lapidum
1492 3651 1673 3692 specularium
1685 3649 1780 3678 modo.

1230 3693 1252 3722 Λ
1263 3703 1360 3727 mus,
1382 3694 1414 3721 js,
1433 3692 1451 3721 f,
1474 3689 1538 3726 μς,
1558 3688 1624 3722 ἐκ]
1646 3687 1679 3715 ab
1693 3689 1771 3719 Aura,
1792 3695 1873 3723 quarn
1890 3687 1919 3716 in
1930 3686 2071 3716 audiendo
2087 3689 2195 3726 recipit.
2217 3689 2336 3720 Latum
2351 3691 2385 3719 tle

1271 3730 1349 3768 Opis.
1361 3729 1430 3762 Dei.
1453 3736 1514 3765 cap.
1526 3733 1551 3759 8.
1573 3725 1606 3754 ab
1620 3725 1788 3755 Hauriendis
1803 3724 1920 3754 vocibus
1940 3725 2096 3755 derivatum
2114 3728 2223 3757 existim
2233 3733 2264 3758 it.
2306 3729 2387 3757 Unde

1273 3767 1319 3797 Vir
1339 3791 1345 3797 .
1376 3790 1382 3796 .
1403 3765 1464 3795 [ΕΠ.
1500 3774 1540 3799 59-

1320 3777 1338 3805 g
1356 3778 1373 3802 4
1391 3774 1855 3837 ῌνοέειηφαε1111131111111131131111.
1917 3800 1943 3829 11.
1953 3810 1978 3830 e.
1998 3799 2138 3832 Intellexi.
2159 3802 2223 3832 Ter.
2238 3802 2350 3832 Phorm.
2366 3814 2389 3837 ς.

1272 3846 1297 3871 6.
1310 3847 1354 3876 28.
1377 3841 1450 3869 Astiti
1461 3861 1468 3871 .
1493 3840 1616 3867 animam
1627 3837 1789 3875 compressi,
1814 3847 1908 3866 aurem
1917 3839 2036 3867 admovi.

1271 3880 1350 3910 Auris
1358 3879 1441 3907 etiarn
1456 3878 1483 3905 in
1495 3877 1589 3905 brutis.
1612 3882 1642 3904 ut
1652 3898 1658 3910 ,
1682 3876 1798 3905 Auribus
1807 3875 1903 3914 lupum
1915 3884 2019 3911 tenere,
2032 3886 2081 3914 pro
2093 3876 2126 3906 In
2137 3877 2225 3908 dubio
2236 3878 2296 3910 else.
2326 3875 2392 3909 Ter.

1293 3917 1400 3945 Phorm.
1417 3924 1531 3949 3.2.21.
1574 3914 1605 3942 V.
1629 3923 1753 3942 μορυς.

1272 3953 1392 3983 Arbitrio
1402 3951 1571 3990 consilioque
1581 3952 1653 3981 auris
1664 3951 1714 3980 uti.
1738 3950 1808 3980 Gen.
1822 3950 1870 3980 lib.
1887 3960 1928 3987 ις.
1944 3961 2005 3991 cap.
2022 3961 2063 3989 19,

1739 3988 1839 4027 Qq3

2250 3989 2398 4026 judicium
