<?xml version="1.0" encoding="UTF-8"?>
<!DOCTYPE html PUBLIC "-//W3C//DTD XHTML 1.0 Transitional//EN"
    "http://www.w3.org/TR/xhtml1/DTD/xhtml1-transitional.dtd">
<html xmlns="http://www.w3.org/1999/xhtml" xml:lang="en" lang="en">
 <head>
  <title>
</title>
<meta http-equiv="Content-Type" content="text/html;charset=utf-8" />
  <meta name='ocr-system' content='tesseract 3.04.00' />
  <meta name='ocr-capabilities' content='ocr_page ocr_carea ocr_par ocr_line ocrx_word'/>
</head>
<body>
  <div class='ocr_page' id='page_1' title='image "./robertistephanil01esti_0743.png"; bbox 0 0 2600 4177; ppageno 0'>
   <div class='ocr_carea' id='block_1_1' title="bbox 0 311 48 4086">
    <p class='ocr_par' dir='ltr' id='par_1_1' title="bbox 0 311 48 4086">
     <span class='ocr_line' id='line_1_1' title="bbox 0 311 48 4086; baseline 0 0"><span class='ocrx_word' id='word_1_1' title='bbox 0 311 48 4086; x_wconf 95' lang='lat' dir='ltr'> </span> 
     </span>
    </p>
   </div>
   <div class='ocr_carea' id='block_1_2' title="bbox 12 3527 20 4177">
    <p class='ocr_par' dir='ltr' id='par_1_2' title="bbox 12 3527 20 4177">
     <span class='ocr_line' id='line_1_2' title="bbox 12 3527 20 4177; baseline 0 0"><span class='ocrx_word' id='word_1_2' title='bbox 12 3527 20 4177; x_wconf 95' lang='lat' dir='ltr'> </span> 
     </span>
    </p>
   </div>
   <div class='ocr_carea' id='block_1_3' title="bbox 489 117 770 154">
    <p class='ocr_par' dir='ltr' id='par_1_3' title="bbox 489 117 770 154">
     <span class='ocr_line' id='line_1_3' title="bbox 489 117 770 154; baseline 0 0"><span class='ocrx_word' id='word_1_3' title='bbox 489 117 518 154; x_wconf 92' lang='lat' dir='ltr'>C</span> <span class='ocrx_word' id='word_1_4' title='bbox 608 120 643 154; x_wconf 95' lang='grc' dir='ltr'>Ο</span> <span class='ocrx_word' id='word_1_5' title='bbox 735 118 770 154; x_wconf 88' lang='lat' dir='ltr'>N</span> 
     </span>
    </p>
   </div>
   <div class='ocr_carea' id='block_1_4' title="bbox 105 198 1269 3987">
    <p class='ocr_par' dir='ltr' id='par_1_4' title="bbox 139 198 1235 275">
     <span class='ocr_line' id='line_1_4' title="bbox 139 198 1234 237; baseline 0 -9"><span class='ocrx_word' id='word_1_6' title='bbox 139 198 279 236; x_wconf 71' lang='lat' dir='ltr'>permisit?</span> <span class='ocrx_word' id='word_1_7' title='bbox 298 199 423 230; x_wconf 80' lang='lat' dir='ltr'>excusata</span> <span class='ocrx_word' id='word_1_8' title='bbox 434 200 472 229; x_wconf 89' lang='lat' dir='ltr'>est</span> <span class='ocrx_word' id='word_1_9' title='bbox 483 209 578 228; x_wconf 90' lang='lat' dir='ltr'>eorum</span> <span class='ocrx_word' id='word_1_10' title='bbox 590 200 684 237; x_wconf 73' lang='lat' dir='ltr'>inopia</span> <span class='ocrx_word' id='word_1_11' title='bbox 696 221 704 233; x_wconf 86' lang='lat'><strong>‚</strong></span> <span class='ocrx_word' id='word_1_12' title='bbox 720 202 771 229; x_wconf 67' lang='lat'>810.</span> <span class='ocrx_word' id='word_1_13' title='bbox 792 200 846 230; x_wconf 72' lang='lat' dir='ltr'>Sed</span> <span class='ocrx_word' id='word_1_14' title='bbox 863 202 887 230; x_wconf 63' lang='grc' dir='ltr'><strong>ἃ</strong></span> <span class='ocrx_word' id='word_1_15' title='bbox 902 200 918 229; x_wconf 88' lang='lat' dir='ltr'>si</span> <span class='ocrx_word' id='word_1_16' title='bbox 929 199 1027 229; x_wconf 81' lang='lat' dir='ltr'>testato</span> <span class='ocrx_word' id='word_1_17' title='bbox 1039 203 1234 229; x_wconf 79' lang='lat' dir='ltr'>convenerunt</span> 
     </span>
     <span class='ocr_line' id='line_1_5' title="bbox 140 237 1235 275; baseline 0 -10"><span class='ocrx_word' id='word_1_18' title='bbox 140 238 293 267; x_wconf 44' lang='lat' dir='ltr'>debboram</span> <span class='ocrx_word' id='word_1_19' title='bbox 306 260 314 272; x_wconf 85' lang='lat'>,</span> <span class='ocrx_word' id='word_1_20' title='bbox 337 238 393 267; x_wconf 81' lang='lat' dir='ltr'>ursi</span> <span class='ocrx_word' id='word_1_21' title='bbox 409 238 464 275; x_wconf 85' lang='lat' dir='ltr'>ipse</span> <span class='ocrx_word' id='word_1_22' title='bbox 475 244 599 274; x_wconf 63' lang='lat' dir='ltr'>putaret.</span> <span class='ocrx_word' id='word_1_23' title='bbox 620 237 790 274; x_wconf 82' lang='lat' dir='ltr'>appellaret:</span> <span class='ocrx_word' id='word_1_24' title='bbox 812 246 880 275; x_wconf 88' lang='lat' dir='ltr'>puto</span> <span class='ocrx_word' id='word_1_25' title='bbox 892 240 1029 267; x_wconf 73' lang='lat' dir='ltr'>rationem</span> <span class='ocrx_word' id='word_1_26' title='bbox 1049 239 1088 267; x_wconf 81' lang='lat' dir='ltr'>eis</span> <span class='ocrx_word' id='word_1_27' title='bbox 1100 238 1235 266; x_wconf 79' lang='lat' dir='ltr'>constare.</span> 
     </span>
    </p>

    <p class='ocr_par' dir='ltr' id='par_1_5' title="bbox 121 271 1239 379">
     <span class='ocr_line' id='line_1_6' title="bbox 121 271 1239 312; baseline -0.001 -10"><span class='ocrx_word' id='word_1_28' title='bbox 121 271 378 304; x_wconf 71' lang='lat' dir='ltr'>Ratioinnoceiitiae</span> <span class='ocrx_word' id='word_1_29' title='bbox 390 276 502 304; x_wconf 87' lang='lat' dir='ltr'>constat.</span> <span class='ocrx_word' id='word_1_30' title='bbox 525 274 589 307; x_wconf 81' lang='lat' dir='ltr'>Ulp.</span> <span class='ocrx_word' id='word_1_31' title='bbox 604 276 632 303; x_wconf 88' lang='lat' dir='ltr'>in</span> <span class='ocrx_word' id='word_1_32' title='bbox 650 274 667 303; x_wconf 95' lang='lat' dir='ltr'>l.</span> <span class='ocrx_word' id='word_1_33' title='bbox 684 285 705 303; x_wconf 90' lang='grc'>1.</span> <span class='ocrx_word' id='word_1_34' title='bbox 724 276 747 312; x_wconf 81' lang='lat'>§.</span> <span class='ocrx_word' id='word_1_35' title='bbox 761 275 808 304; x_wconf 93' lang='lat' dir='ltr'>ult.</span> <span class='ocrx_word' id='word_1_36' title='bbox 825 276 854 304; x_wconf 80' lang='lat' dir='ltr'>D.</span> <span class='ocrx_word' id='word_1_37' title='bbox 877 277 911 304; x_wconf 87' lang='lat' dir='ltr'>de</span> <span class='ocrx_word' id='word_1_38' title='bbox 928 276 1122 312; x_wconf 66' lang='lat' dir='ltr'>quzeltionibus</span> <span class='ocrx_word' id='word_1_39' title='bbox 1136 297 1143 309; x_wconf 84' lang='lat'>,</span> <span class='ocrx_word' id='word_1_40' title='bbox 1167 274 1239 303; x_wconf 77' lang='lat' dir='ltr'>Prin-</span> 
     </span>
     <span class='ocr_line' id='line_1_7' title="bbox 140 311 1239 350; baseline 0 -10"><span class='ocrx_word' id='word_1_41' title='bbox 140 312 197 348; x_wconf 87' lang='lat' dir='ltr'>cipi</span> <span class='ocrx_word' id='word_1_42' title='bbox 209 322 272 342; x_wconf 90' lang='lat' dir='ltr'>eum</span> <span class='ocrx_word' id='word_1_43' title='bbox 285 312 400 342; x_wconf 84' lang='lat' dir='ltr'>scribere</span> <span class='ocrx_word' id='word_1_44' title='bbox 410 319 534 350; x_wconf 78' lang='lat' dir='ltr'>oportet:</span> <span class='ocrx_word' id='word_1_45' title='bbox 558 311 574 340; x_wconf 92' lang='lat' dir='ltr'>si</span> <span class='ocrx_word' id='word_1_46' title='bbox 596 313 708 349; x_wconf 84' lang='lat' dir='ltr'>quando</span> <span class='ocrx_word' id='word_1_47' title='bbox 724 313 749 342; x_wconf 86' lang='lat' dir='ltr'>ei</span> <span class='ocrx_word' id='word_1_48' title='bbox 772 314 818 350; x_wconf 85' lang='lat' dir='ltr'>qui</span> <span class='ocrx_word' id='word_1_49' title='bbox 835 323 940 343; x_wconf 83' lang='lat' dir='ltr'>nocens</span> <span class='ocrx_word' id='word_1_50' title='bbox 955 312 1100 343; x_wconf 81' lang='lat' dir='ltr'>videbatur</span> <span class='ocrx_word' id='word_1_51' title='bbox 1112 333 1120 347; x_wconf 84' lang='lat'>,</span> <span class='ocrx_word' id='word_1_52' title='bbox 1145 311 1239 350; x_wconf 84' lang='lat' dir='ltr'>postea</span> 
     </span>
     <span class='ocr_line' id='line_1_8' title="bbox 141 350 535 379; baseline 0 -2"><span class='ocrx_word' id='word_1_53' title='bbox 141 350 210 377; x_wconf 79' lang='lat' dir='ltr'>ratio</span> <span class='ocrx_word' id='word_1_54' title='bbox 226 351 393 379; x_wconf 74' lang='lat' dir='ltr'>innocentiae</span> <span class='ocrx_word' id='word_1_55' title='bbox 405 350 535 378; x_wconf 80' lang='lat' dir='ltr'>constitit.</span> 
     </span>
    </p>

    <p class='ocr_par' dir='ltr' id='par_1_6' title="bbox 122 385 1243 455">
     <span class='ocr_line' id='line_1_9' title="bbox 122 385 1243 424; baseline 0 -9"><span class='ocrx_word' id='word_1_56' title='bbox 122 386 270 422; x_wconf 76' lang='lat' dir='ltr'>Constare,</span> <span class='ocrx_word' id='word_1_57' title='bbox 292 387 380 416; x_wconf 85' lang='lat' dir='ltr'>Simul</span> <span class='ocrx_word' id='word_1_58' title='bbox 395 388 469 416; x_wconf 88' lang='lat' dir='ltr'>stare.</span> <span class='ocrx_word' id='word_1_59' title='bbox 509 386 593 416; x_wconf 88' lang='lat' dir='ltr'>Plaut.</span> <span class='ocrx_word' id='word_1_60' title='bbox 611 386 692 417; x_wconf 88' lang='lat' dir='ltr'>Curc.</span> <span class='ocrx_word' id='word_1_61' title='bbox 704 396 730 417; x_wconf 84' lang='lat'>2.</span> <span class='ocrx_word' id='word_1_62' title='bbox 743 396 768 424; x_wconf 70' lang='grc' dir='ltr'>ς.</span> <span class='ocrx_word' id='word_1_63' title='bbox 784 398 825 418; x_wconf 86' lang='grc'>11.</span> <span class='ocrx_word' id='word_1_64' title='bbox 848 388 982 418; x_wconf 81' lang='lat' dir='ltr'>Constant</span> <span class='ocrx_word' id='word_1_65' title='bbox 996 410 1004 424; x_wconf 86' lang='lat'>,</span> <span class='ocrx_word' id='word_1_66' title='bbox 1027 388 1178 418; x_wconf 86' lang='lat' dir='ltr'>conferunt</span> <span class='ocrx_word' id='word_1_67' title='bbox 1192 385 1243 416; x_wconf 90' lang='lat' dir='ltr'>ser-</span> 
     </span>
     <span class='ocr_line' id='line_1_10' title="bbox 141 425 376 455; baseline 0 -2"><span class='ocrx_word' id='word_1_68' title='bbox 141 434 240 455; x_wconf 80' lang='lat' dir='ltr'>mones</span> <span class='ocrx_word' id='word_1_69' title='bbox 257 427 327 454; x_wconf 85' lang='lat' dir='ltr'>inter</span> <span class='ocrx_word' id='word_1_70' title='bbox 342 425 376 453; x_wconf 90' lang='lat' dir='ltr'>se.</span> 
     </span>
    </p>

    <p class='ocr_par' dir='ltr' id='par_1_7' title="bbox 122 461 623 500">
     <span class='ocr_line' id='line_1_11' title="bbox 122 461 623 500; baseline 0 -10"><span class='ocrx_word' id='word_1_71' title='bbox 122 461 173 490; x_wconf 88' lang='lat' dir='ltr'>Per</span> <span class='ocrx_word' id='word_1_72' title='bbox 183 462 308 500; x_wconf 86' lang='lat' dir='ltr'>seipsum.</span> <span class='ocrx_word' id='word_1_73' title='bbox 332 462 389 491; x_wconf 79' lang='lat' dir='ltr'>Cic.</span> <span class='ocrx_word' id='word_1_74' title='bbox 402 470 427 498; x_wconf 85' lang='lat'>3.</span> <span class='ocrx_word' id='word_1_75' title='bbox 441 461 476 490; x_wconf 89' lang='lat' dir='ltr'>de</span> <span class='ocrx_word' id='word_1_76' title='bbox 485 461 563 492; x_wconf 87' lang='lat' dir='ltr'>Orat.</span> <span class='ocrx_word' id='word_1_77' title='bbox 578 472 623 491; x_wconf 87' lang='lat'>20.</span> 
     </span>
    </p>

    <p class='ocr_par' dir='ltr' id='par_1_8' title="bbox 122 498 1244 567">
     <span class='ocr_line' id='line_1_12' title="bbox 122 498 1244 538; baseline -0.002 -9"><span class='ocrx_word' id='word_1_78' title='bbox 122 498 188 529; x_wconf 86' lang='lat' dir='ltr'>Non</span> <span class='ocrx_word' id='word_1_79' title='bbox 199 501 302 529; x_wconf 76' lang='lat' dir='ltr'>constat</span> <span class='ocrx_word' id='word_1_80' title='bbox 312 500 336 528; x_wconf 90' lang='lat' dir='ltr'>ei</span> <span class='ocrx_word' id='word_1_81' title='bbox 348 499 426 528; x_wconf 89' lang='lat' dir='ltr'>color</span> <span class='ocrx_word' id='word_1_82' title='bbox 441 509 530 536; x_wconf 87' lang='lat' dir='ltr'>neque</span> <span class='ocrx_word' id='word_1_83' title='bbox 543 500 645 530; x_wconf 81' lang='lat' dir='ltr'>vuitus.</span> <span class='ocrx_word' id='word_1_84' title='bbox 685 500 742 531; x_wconf 85' lang='lat' dir='ltr'>Liv.</span> <span class='ocrx_word' id='word_1_85' title='bbox 757 509 801 538; x_wconf 81' lang='lat'>39.</span> <span class='ocrx_word' id='word_1_86' title='bbox 814 511 857 538; x_wconf 81' lang='lat'>34.</span> <span class='ocrx_word' id='word_1_87' title='bbox 886 501 913 530; x_wconf 90' lang='lat' dir='ltr'>h.</span> <span class='ocrx_word' id='word_1_88' title='bbox 925 510 949 531; x_wconf 91' lang='lat' dir='ltr'>e.</span> <span class='ocrx_word' id='word_1_89' title='bbox 978 500 1104 531; x_wconf 83' lang='lat' dir='ltr'>Subinde</span> <span class='ocrx_word' id='word_1_90' title='bbox 1122 503 1244 529; x_wconf 86' lang='lat' dir='ltr'>mutatur</span> 
     </span>
     <span class='ocr_line' id='line_1_13' title="bbox 143 537 416 567; baseline 0 -1"><span class='ocrx_word' id='word_1_91' title='bbox 143 539 170 566; x_wconf 70' lang='grc' dir='ltr'>ἃ</span> <span class='ocrx_word' id='word_1_92' title='bbox 185 538 262 566; x_wconf 87' lang='grc'>60101</span> <span class='ocrx_word' id='word_1_93' title='bbox 274 539 298 567; x_wconf 64' lang='grc'>61</span> <span class='ocrx_word' id='word_1_94' title='bbox 314 537 416 566; x_wconf 87' lang='lat' dir='ltr'>vultus.</span> 
     </span>
    </p>

    <p class='ocr_par' dir='ltr' id='par_1_9' title="bbox 123 573 1247 727">
     <span class='ocr_line' id='line_1_14' title="bbox 123 573 1244 614; baseline -0.002 -10"><span class='ocrx_word' id='word_1_95' title='bbox 123 574 190 604; x_wconf 86' lang='lat' dir='ltr'>Non</span> <span class='ocrx_word' id='word_1_96' title='bbox 203 575 325 604; x_wconf 82' lang='lat' dir='ltr'>constare</span> <span class='ocrx_word' id='word_1_97' title='bbox 336 575 448 604; x_wconf 86' lang='lat' dir='ltr'>auribus</span> <span class='ocrx_word' id='word_1_98' title='bbox 462 577 487 605; x_wconf 63' lang='grc' dir='ltr'><strong>ἃ</strong></span> <span class='ocrx_word' id='word_1_99' title='bbox 498 575 594 605; x_wconf 89' lang='lat' dir='ltr'>oculis.</span> <span class='ocrx_word' id='word_1_100' title='bbox 635 575 692 606; x_wconf 88' lang='lat' dir='ltr'>Liv.</span> <span class='ocrx_word' id='word_1_101' title='bbox 709 587 733 612; x_wconf 80' lang='grc' dir='ltr'>ς.</span> <span class='ocrx_word' id='word_1_102' title='bbox 748 586 793 612; x_wconf 79' lang='lat'>42.</span> <span class='ocrx_word' id='word_1_103' title='bbox 805 587 843 614; x_wconf 88' lang='lat' dir='ltr'>pr.</span> <span class='ocrx_word' id='word_1_104' title='bbox 866 577 986 606; x_wconf 86' lang='lat' dir='ltr'>Romani</span> <span class='ocrx_word' id='word_1_105' title='bbox 1005 585 1040 605; x_wconf 81' lang='lat' dir='ltr'>ex</span> <span class='ocrx_word' id='word_1_106' title='bbox 1056 583 1118 604; x_wconf 88' lang='lat' dir='ltr'>arce</span> <span class='ocrx_word' id='word_1_107' title='bbox 1131 573 1244 612; x_wconf 87' lang='lat' dir='ltr'>plenam</span> 
     </span>
     <span class='ocr_line' id='line_1_15' title="bbox 144 611 1245 655; baseline -0.002 -14"><span class='ocrx_word' id='word_1_108' title='bbox 144 611 372 655; x_wconf 29' lang='lat' dir='ltr'>hostiumnurbem</span> <span class='ocrx_word' id='word_1_109' title='bbox 384 621 528 642; x_wconf 79' lang='lat' dir='ltr'>cernentes</span> <span class='ocrx_word' id='word_1_110' title='bbox 540 635 547 648; x_wconf 85' lang='lat'>‚</span> <span class='ocrx_word' id='word_1_111' title='bbox 568 614 705 651; x_wconf 80' lang='lat' dir='ltr'>vagosque</span> <span class='ocrx_word' id='word_1_112' title='bbox 720 624 769 652; x_wconf 87' lang='lat' dir='ltr'>per</span> <span class='ocrx_word' id='word_1_113' title='bbox 779 615 835 643; x_wconf 86' lang='lat' dir='ltr'>vias</span> <span class='ocrx_word' id='word_1_114' title='bbox 846 624 944 643; x_wconf 87' lang='lat' dir='ltr'>omnes</span> <span class='ocrx_word' id='word_1_115' title='bbox 956 614 1048 643; x_wconf 85' lang='lat' dir='ltr'>cursus</span> <span class='ocrx_word' id='word_1_116' title='bbox 1058 635 1066 648; x_wconf 93' lang='lat'><strong>‚</strong></span> <span class='ocrx_word' id='word_1_117' title='bbox 1088 621 1173 649; x_wconf 87' lang='lat' dir='ltr'>quum</span> <span class='ocrx_word' id='word_1_118' title='bbox 1191 611 1245 640; x_wconf 84' lang='lat' dir='ltr'>alia</span> 
     </span>
     <span class='ocr_line' id='line_1_16' title="bbox 143 649 1247 687; baseline -0.001 -8"><span class='ocrx_word' id='word_1_119' title='bbox 143 657 224 687; x_wconf 86' lang='lat' dir='ltr'>atque</span> <span class='ocrx_word' id='word_1_120' title='bbox 236 649 287 678; x_wconf 86' lang='grc'>3113</span> <span class='ocrx_word' id='word_1_121' title='bbox 298 659 373 687; x_wconf 90' lang='lat' dir='ltr'>parte</span> <span class='ocrx_word' id='word_1_122' title='bbox 385 660 456 680; x_wconf 80' lang='lat' dir='ltr'>nova</span> <span class='ocrx_word' id='word_1_123' title='bbox 465 651 556 687; x_wconf 82' lang='lat' dir='ltr'>aliqua</span> <span class='ocrx_word' id='word_1_124' title='bbox 563 651 657 681; x_wconf 88' lang='lat' dir='ltr'>clades</span> <span class='ocrx_word' id='word_1_125' title='bbox 668 653 785 681; x_wconf 85' lang='lat' dir='ltr'>oriretur</span> <span class='ocrx_word' id='word_1_126' title='bbox 794 674 802 686; x_wconf 87' lang='lat'>,</span> <span class='ocrx_word' id='word_1_127' title='bbox 824 662 880 680; x_wconf 89' lang='lat' dir='ltr'>non</span> <span class='ocrx_word' id='word_1_128' title='bbox 896 652 1037 681; x_wconf 84' lang='lat' dir='ltr'>inentibus</span> <span class='ocrx_word' id='word_1_129' title='bbox 1059 650 1146 679; x_wconf 82' lang='lat' dir='ltr'>solum</span> <span class='ocrx_word' id='word_1_130' title='bbox 1159 649 1247 678; x_wconf 86' lang='lat' dir='ltr'>consi-</span> 
     </span>
     <span class='ocr_line' id='line_1_17' title="bbox 142 687 1137 727; baseline 0.001 -12"><span class='ocrx_word' id='word_1_131' title='bbox 142 696 209 725; x_wconf 83' lang='lat' dir='ltr'>pere</span> <span class='ocrx_word' id='word_1_132' title='bbox 221 709 228 721; x_wconf 85' lang='lat'>‚</span> <span class='ocrx_word' id='word_1_133' title='bbox 250 687 298 717; x_wconf 88' lang='lat' dir='ltr'>sed</span> <span class='ocrx_word' id='word_1_134' title='bbox 310 698 345 717; x_wconf 89' lang='lat' dir='ltr'>ne</span> <span class='ocrx_word' id='word_1_135' title='bbox 356 689 468 718; x_wconf 82' lang='lat' dir='ltr'>auribus</span> <span class='ocrx_word' id='word_1_136' title='bbox 478 689 590 726; x_wconf 86' lang='lat' dir='ltr'>quidem</span> <span class='ocrx_word' id='word_1_137' title='bbox 603 697 686 726; x_wconf 80' lang='lat' dir='ltr'>atque</span> <span class='ocrx_word' id='word_1_138' title='bbox 694 689 783 719; x_wconf 83' lang='lat' dir='ltr'>oculis</span> <span class='ocrx_word' id='word_1_139' title='bbox 792 689 855 719; x_wconf 88' lang='lat' dir='ltr'>satis</span> <span class='ocrx_word' id='word_1_140' title='bbox 867 690 989 719; x_wconf 84' lang='lat' dir='ltr'>constare</span> <span class='ocrx_word' id='word_1_141' title='bbox 1000 696 1137 727; x_wconf 82' lang='lat' dir='ltr'>poterant.</span> 
     </span>
    </p>

    <p class='ocr_par' dir='ltr' id='par_1_10' title="bbox 125 724 664 762">
     <span class='ocr_line' id='line_1_18' title="bbox 125 724 664 762; baseline 0.004 -9"><span class='ocrx_word' id='word_1_142' title='bbox 125 724 232 762; x_wconf 83' lang='lat' dir='ltr'>Lingua</span> <span class='ocrx_word' id='word_1_143' title='bbox 243 735 299 754; x_wconf 91' lang='lat' dir='ltr'>non</span> <span class='ocrx_word' id='word_1_144' title='bbox 310 726 424 756; x_wconf 84' lang='lat' dir='ltr'>constat.</span> <span class='ocrx_word' id='word_1_145' title='bbox 448 726 478 756; x_wconf 88' lang='lat' dir='ltr'>V.</span> <span class='ocrx_word' id='word_1_146' title='bbox 502 738 517 755; x_wconf 88' lang='lat' dir='ltr'>i.</span> <span class='ocrx_word' id='word_1_147' title='bbox 528 737 536 754; x_wconf 92' lang='lat'>1</span> <span class='ocrx_word' id='word_1_148' title='bbox 548 736 568 755; x_wconf 80' lang='lat' dir='ltr'>N</span> <span class='ocrx_word' id='word_1_149' title='bbox 580 737 597 755; x_wconf 83' lang='grc'>6</span> <span class='ocrx_word' id='word_1_150' title='bbox 607 737 626 755; x_wconf 86' lang='lat' dir='ltr'>u</span> <span class='ocrx_word' id='word_1_151' title='bbox 635 737 664 755; x_wconf 81' lang='lat' dir='ltr'>A.</span> 
     </span>
    </p>

    <p class='ocr_par' dir='ltr' id='par_1_11' title="bbox 124 762 1249 911">
     <span class='ocr_line' id='line_1_19' title="bbox 124 762 1249 802; baseline -0.003 -9"><span class='ocrx_word' id='word_1_152' title='bbox 124 762 209 793; x_wconf 80' lang='lat' dir='ltr'>Mens</span> <span class='ocrx_word' id='word_1_153' title='bbox 231 764 352 798; x_wconf 81' lang='lat' dir='ltr'>constat,</span> <span class='ocrx_word' id='word_1_154' title='bbox 373 765 419 793; x_wconf 91' lang='lat' dir='ltr'>cui</span> <span class='ocrx_word' id='word_1_155' title='bbox 437 765 590 802; x_wconf 90' lang='lat' dir='ltr'>opponitur</span> <span class='ocrx_word' id='word_1_156' title='bbox 606 765 688 794; x_wconf 77' lang='lat' dir='ltr'>Mens</span> <span class='ocrx_word' id='word_1_157' title='bbox 709 763 795 793; x_wconf 77' lang='lat' dir='ltr'>labat.</span> <span class='ocrx_word' id='word_1_158' title='bbox 836 764 905 793; x_wconf 85' lang='lat' dir='ltr'>Cels.</span> <span class='ocrx_word' id='word_1_159' title='bbox 922 764 969 794; x_wconf 90' lang='lat' dir='ltr'>lib.</span> <span class='ocrx_word' id='word_1_160' title='bbox 985 773 1009 801; x_wconf 83' lang='lat'>3.</span> <span class='ocrx_word' id='word_1_161' title='bbox 1030 773 1089 801; x_wconf 85' lang='lat' dir='ltr'>cap.</span> <span class='ocrx_word' id='word_1_162' title='bbox 1110 772 1152 797; x_wconf 90' lang='grc'>19.</span> <span class='ocrx_word' id='word_1_163' title='bbox 1175 762 1249 791; x_wconf 86' lang='lat' dir='ltr'>Huic</span> 
     </span>
     <span class='ocr_line' id='line_1_20' title="bbox 143 799 1249 839; baseline 0 -11"><span class='ocrx_word' id='word_1_164' title='bbox 143 801 243 829; x_wconf 86' lang='lat' dir='ltr'>morbo</span> <span class='ocrx_word' id='word_1_165' title='bbox 254 802 393 839; x_wconf 72' lang='lat' dir='ltr'>praecipue</span> <span class='ocrx_word' id='word_1_166' title='bbox 404 803 574 831; x_wconf 88' lang='lat' dir='ltr'>contrarium</span> <span class='ocrx_word' id='word_1_167' title='bbox 586 803 624 832; x_wconf 89' lang='lat' dir='ltr'>cst</span> <span class='ocrx_word' id='word_1_168' title='bbox 638 803 667 831; x_wconf 89' lang='lat' dir='ltr'>id</span> <span class='ocrx_word' id='word_1_169' title='bbox 683 811 770 838; x_wconf 84' lang='lat' dir='ltr'>genus</span> <span class='ocrx_word' id='word_1_170' title='bbox 789 803 864 838; x_wconf 85' lang='lat' dir='ltr'>quod</span> <span class='ocrx_word' id='word_1_171' title='bbox 882 799 1022 837; x_wconf 58' lang='grc' dir='ltr'>καε-’λιμέν</span> <span class='ocrx_word' id='word_1_172' title='bbox 1039 811 1054 830; x_wconf 87' lang='grc'>3</span> <span class='ocrx_word' id='word_1_173' title='bbox 1076 800 1178 830; x_wconf 83' lang='lat' dir='ltr'>Graecis</span> <span class='ocrx_word' id='word_1_174' title='bbox 1199 810 1249 828; x_wconf 87' lang='lat' dir='ltr'>no-</span> 
     </span>
     <span class='ocr_line' id='line_1_21' title="bbox 144 838 1249 878; baseline -0.001 -11"><span class='ocrx_word' id='word_1_175' title='bbox 144 839 266 867; x_wconf 89' lang='lat' dir='ltr'>minatur</span> <span class='ocrx_word' id='word_1_176' title='bbox 278 862 284 874; x_wconf 86' lang='lat'>,</span> <span class='ocrx_word' id='word_1_177' title='bbox 306 841 429 877; x_wconf 81' lang='lat' dir='ltr'>quamvis</span> <span class='ocrx_word' id='word_1_178' title='bbox 439 840 509 877; x_wconf 80' lang='lat' dir='ltr'>saepe</span> <span class='ocrx_word' id='word_1_179' title='bbox 519 841 625 870; x_wconf 90' lang='lat' dir='ltr'>adeum</span> <span class='ocrx_word' id='word_1_180' title='bbox 637 839 793 878; x_wconf 84' lang='lat' dir='ltr'>phrenetici</span> <span class='ocrx_word' id='word_1_181' title='bbox 803 839 958 869; x_wconf 80' lang='lat' dir='ltr'>transeunt:</span> <span class='ocrx_word' id='word_1_182' title='bbox 982 838 1116 877; x_wconf 87' lang='lat' dir='ltr'>siquidem</span> <span class='ocrx_word' id='word_1_183' title='bbox 1125 848 1205 868; x_wconf 83' lang='lat' dir='ltr'>mens</span> <span class='ocrx_word' id='word_1_184' title='bbox 1218 839 1249 866; x_wconf 90' lang='grc'>111</span> 
     </span>
     <span class='ocr_line' id='line_1_22' title="bbox 144 875 546 911; baseline 0.007 -7"><span class='ocrx_word' id='word_1_185' title='bbox 144 875 199 905; x_wconf 90' lang='lat' dir='ltr'>illis</span> <span class='ocrx_word' id='word_1_186' title='bbox 215 876 289 906; x_wconf 75' lang='lat' dir='ltr'>labat</span> <span class='ocrx_word' id='word_1_187' title='bbox 299 900 306 911; x_wconf 80' lang='lat'>,</span> <span class='ocrx_word' id='word_1_188' title='bbox 330 879 356 907; x_wconf 90' lang='lat' dir='ltr'>in</span> <span class='ocrx_word' id='word_1_189' title='bbox 369 878 423 908; x_wconf 88' lang='lat' dir='ltr'>hoc</span> <span class='ocrx_word' id='word_1_190' title='bbox 433 878 546 907; x_wconf 83' lang='lat' dir='ltr'>constat.</span> 
     </span>
    </p>

    <p class='ocr_par' dir='ltr' id='par_1_12' title="bbox 126 912 690 951">
     <span class='ocr_line' id='line_1_23' title="bbox 126 912 690 951; baseline 0.004 -9"><span class='ocrx_word' id='word_1_191' title='bbox 126 912 226 943; x_wconf 82' lang='lat' dir='ltr'>mente</span> <span class='ocrx_word' id='word_1_192' title='bbox 239 916 285 945; x_wconf 80' lang='lat' dir='ltr'>vix</span> <span class='ocrx_word' id='word_1_193' title='bbox 298 917 411 946; x_wconf 83' lang='lat' dir='ltr'>constat.</span> <span class='ocrx_word' id='word_1_194' title='bbox 435 916 493 945; x_wconf 87' lang='lat' dir='ltr'>Cic.</span> <span class='ocrx_word' id='word_1_195' title='bbox 505 927 530 950; x_wconf 76' lang='lat'>4.</span> <span class='ocrx_word' id='word_1_196' title='bbox 545 914 628 945; x_wconf 90' lang='lat' dir='ltr'>Tusc.</span> <span class='ocrx_word' id='word_1_197' title='bbox 646 924 690 951; x_wconf 81' lang='lat'>39.</span> 
     </span>
    </p>

    <p class='ocr_par' dir='ltr' id='par_1_13' title="bbox 127 950 1249 1025">
     <span class='ocr_line' id='line_1_24' title="bbox 127 950 1249 990; baseline -0.001 -9"><span class='ocrx_word' id='word_1_198' title='bbox 127 950 266 982; x_wconf 87' lang='lat' dir='ltr'>Valetiido</span> <span class='ocrx_word' id='word_1_199' title='bbox 283 955 309 982; x_wconf 85' lang='lat' dir='ltr'>ei</span> <span class='ocrx_word' id='word_1_200' title='bbox 326 964 418 990; x_wconf 83' lang='lat' dir='ltr'>neque</span> <span class='ocrx_word' id='word_1_201' title='bbox 436 953 560 990; x_wconf 82' lang='lat' dir='ltr'>corporis</span> <span class='ocrx_word' id='word_1_202' title='bbox 572 975 579 986; x_wconf 87' lang='lat'>‚</span> <span class='ocrx_word' id='word_1_203' title='bbox 601 962 692 990; x_wconf 88' lang='lat' dir='ltr'>neque</span> <span class='ocrx_word' id='word_1_204' title='bbox 706 952 792 982; x_wconf 88' lang='lat' dir='ltr'>animi</span> <span class='ocrx_word' id='word_1_205' title='bbox 807 952 936 982; x_wconf 86' lang='lat' dir='ltr'>constitit.</span> <span class='ocrx_word' id='word_1_206' title='bbox 958 952 1034 983; x_wconf 90' lang='lat' dir='ltr'>Suet.</span> <span class='ocrx_word' id='word_1_207' title='bbox 1047 952 1076 982; x_wconf 93' lang='lat' dir='ltr'>in</span> <span class='ocrx_word' id='word_1_208' title='bbox 1087 950 1174 989; x_wconf 86' lang='lat' dir='ltr'>Calig.</span> <span class='ocrx_word' id='word_1_209' title='bbox 1187 959 1249 989; x_wconf 87' lang='lat' dir='ltr'>cap.</span> 
     </span>
     <span class='ocr_line' id='line_1_25' title="bbox 150 990 650 1025; baseline 0 -6"><span class='ocrx_word' id='word_1_210' title='bbox 150 999 192 1025; x_wconf 86' lang='lat'>50.</span> <span class='ocrx_word' id='word_1_211' title='bbox 215 990 243 1019; x_wconf 85' lang='lat' dir='ltr'>id</span> <span class='ocrx_word' id='word_1_212' title='bbox 255 991 292 1019; x_wconf 86' lang='lat' dir='ltr'>est</span> <span class='ocrx_word' id='word_1_213' title='bbox 303 1014 310 1025; x_wconf 77' lang='lat'>,</span> <span class='ocrx_word' id='word_1_214' title='bbox 331 991 466 1021; x_wconf 87' lang='lat' dir='ltr'>Constans</span> <span class='ocrx_word' id='word_1_215' title='bbox 477 992 539 1021; x_wconf 84' lang='lat' dir='ltr'>fuit.</span> <span class='ocrx_word' id='word_1_216' title='bbox 563 991 598 1020; x_wconf 90' lang='lat' dir='ltr'>H.</span> <span class='ocrx_word' id='word_1_217' title='bbox 611 991 650 1020; x_wconf 86' lang='lat' dir='ltr'>St.</span> 
     </span>
    </p>

    <p class='ocr_par' dir='ltr' id='par_1_14' title="bbox 126 1025 1253 1141">
     <span class='ocr_line' id='line_1_26' title="bbox 126 1025 1249 1066; baseline 0 -11"><span class='ocrx_word' id='word_1_218' title='bbox 126 1026 258 1058; x_wconf 84' lang='lat' dir='ltr'>Constare</span> <span class='ocrx_word' id='word_1_219' title='bbox 279 1029 328 1058; x_wconf 86' lang='lat' dir='ltr'>sibi</span> <span class='ocrx_word' id='word_1_220' title='bbox 342 1051 349 1064; x_wconf 91' lang='lat'>,</span> <span class='ocrx_word' id='word_1_221' title='bbox 377 1031 391 1065; x_wconf 93' lang='lat'>[</span> <span class='ocrx_word' id='word_1_222' title='bbox 403 1025 531 1064; x_wconf 67' lang='grc' dir='ltr'>έμμῗζρω]</span> <span class='ocrx_word' id='word_1_223' title='bbox 553 1028 731 1058; x_wconf 85' lang='lat' dir='ltr'>Constantem</span> <span class='ocrx_word' id='word_1_224' title='bbox 755 1027 809 1057; x_wconf 82' lang='lat' dir='ltr'>effe</span> <span class='ocrx_word' id='word_1_225' title='bbox 829 1029 855 1057; x_wconf 84' lang='lat'>&amp;</span> <span class='ocrx_word' id='word_1_226' title='bbox 870 1027 1102 1066; x_wconf 83' lang='lat' dir='ltr'>perseverantem.</span> <span class='ocrx_word' id='word_1_227' title='bbox 1141 1025 1200 1055; x_wconf 85' lang='lat' dir='ltr'>Cic.</span> <span class='ocrx_word' id='word_1_228' title='bbox 1223 1035 1249 1055; x_wconf 84' lang='lat'>1.</span> 
     </span>
     <span class='ocr_line' id='line_1_27' title="bbox 147 1063 1253 1104; baseline -0.001 -10"><span class='ocrx_word' id='word_1_229' title='bbox 147 1064 229 1095; x_wconf 89' lang='lat' dir='ltr'>Tusc.</span> <span class='ocrx_word' id='word_1_230' title='bbox 243 1077 288 1101; x_wconf 83' lang='lat'>40.</span> <span class='ocrx_word' id='word_1_231' title='bbox 314 1066 345 1096; x_wconf 86' lang='lat' dir='ltr'>Et</span> <span class='ocrx_word' id='word_1_232' title='bbox 364 1067 478 1104; x_wconf 87' lang='lat' dir='ltr'>quidem</span> <span class='ocrx_word' id='word_1_233' title='bbox 495 1067 511 1096; x_wconf 86' lang='lat' dir='ltr'>li</span> <span class='ocrx_word' id='word_1_234' title='bbox 527 1066 580 1096; x_wconf 91' lang='lat' dir='ltr'>tibi</span> <span class='ocrx_word' id='word_1_235' title='bbox 595 1067 721 1095; x_wconf 80' lang='lat' dir='ltr'>constare</span> <span class='ocrx_word' id='word_1_236' title='bbox 737 1066 778 1094; x_wconf 90' lang='lat' dir='ltr'>vis</span> <span class='ocrx_word' id='word_1_237' title='bbox 790 1087 798 1101; x_wconf 81' lang='lat'>,</span> <span class='ocrx_word' id='word_1_238' title='bbox 819 1076 916 1095; x_wconf 83' lang='lat' dir='ltr'>omnes</span> <span class='ocrx_word' id='word_1_239' title='bbox 936 1066 1097 1103; x_wconf 83' lang='lat' dir='ltr'>quicunque</span> <span class='ocrx_word' id='word_1_240' title='bbox 1116 1066 1173 1094; x_wconf 91' lang='lat' dir='ltr'>nati</span> <span class='ocrx_word' id='word_1_241' title='bbox 1188 1063 1253 1093; x_wconf 77' lang='lat' dir='ltr'>sunt</span> 
     </span>
     <span class='ocr_line' id='line_1_28' title="bbox 147 1103 980 1141; baseline 0.001 -10"><span class='ocrx_word' id='word_1_242' title='bbox 147 1111 266 1133; x_wconf 85' lang='lat' dir='ltr'>eruntve</span> <span class='ocrx_word' id='word_1_243' title='bbox 278 1126 286 1139; x_wconf 88' lang='lat'>‚</span> <span class='ocrx_word' id='word_1_244' title='bbox 307 1114 364 1133; x_wconf 91' lang='lat' dir='ltr'>non</span> <span class='ocrx_word' id='word_1_245' title='bbox 378 1104 467 1134; x_wconf 88' lang='lat' dir='ltr'>solum</span> <span class='ocrx_word' id='word_1_246' title='bbox 478 1104 588 1139; x_wconf 83' lang='lat' dir='ltr'>miseri,</span> <span class='ocrx_word' id='word_1_247' title='bbox 608 1103 654 1132; x_wconf 90' lang='lat' dir='ltr'>sed</span> <span class='ocrx_word' id='word_1_248' title='bbox 666 1104 749 1133; x_wconf 87' lang='lat' dir='ltr'>etiarn</span> <span class='ocrx_word' id='word_1_249' title='bbox 759 1103 866 1141; x_wconf 81' lang='lat' dir='ltr'>semper</span> <span class='ocrx_word' id='word_1_250' title='bbox 881 1104 980 1132; x_wconf 83' lang='lat' dir='ltr'>miseri.</span> 
     </span>
    </p>

    <p class='ocr_par' dir='ltr' id='par_1_15' title="bbox 126 1138 1250 1217">
     <span class='ocr_line' id='line_1_29' title="bbox 126 1138 1250 1209; baseline -0.004 -37"><span class='ocrx_word' id='word_1_251' title='bbox 126 1140 179 1172; x_wconf 88' lang='lat' dir='ltr'>Ille</span> <span class='ocrx_word' id='word_1_252' title='bbox 187 1141 358 1209; x_wconf 56' lang='lat' dir='ltr'>l{ibipponstat</span> <span class='ocrx_word' id='word_1_253' title='bbox 370 1165 377 1176; x_wconf 82' lang='lat'><strong>,</strong></span> <span class='ocrx_word' id='word_1_254' title='bbox 399 1143 417 1172; x_wconf 91' lang='lat' dir='ltr'>i.</span> <span class='ocrx_word' id='word_1_255' title='bbox 431 1152 455 1172; x_wconf 88' lang='lat' dir='ltr'>e.</span> <span class='ocrx_word' id='word_1_256' title='bbox 477 1142 612 1172; x_wconf 88' lang='lat' dir='ltr'>Constans</span> <span class='ocrx_word' id='word_1_257' title='bbox 621 1148 768 1179; x_wconf 80' lang='lat' dir='ltr'>permanet</span> <span class='ocrx_word' id='word_1_258' title='bbox 778 1163 786 1176; x_wconf 90' lang='lat'>,</span> <span class='ocrx_word' id='word_1_259' title='bbox 804 1151 836 1171; x_wconf 85' lang='lat' dir='ltr'>ac</span> <span class='ocrx_word' id='word_1_260' title='bbox 847 1141 1002 1180; x_wconf 86' lang='lat' dir='ltr'>suisemper</span> <span class='ocrx_word' id='word_1_261' title='bbox 1011 1139 1050 1170; x_wconf 88' lang='lat' dir='ltr'>est</span> <span class='ocrx_word' id='word_1_262' title='bbox 1060 1138 1165 1169; x_wconf 90' lang='lat' dir='ltr'>similis.</span> <span class='ocrx_word' id='word_1_263' title='bbox 1182 1138 1250 1168; x_wconf 90' lang='lat' dir='ltr'>Hor.</span> 
     </span>
     <span class='ocr_line' id='line_1_30' title="bbox 149 1181 385 1217; baseline 0.004 -8"><span class='ocrx_word' id='word_1_264' title='bbox 149 1188 176 1209; x_wconf 86' lang='lat'>1.</span> <span class='ocrx_word' id='word_1_265' title='bbox 210 1181 238 1217; x_wconf 90' lang='lat' dir='ltr'>pi</span> <span class='ocrx_word' id='word_1_266' title='bbox 264 1203 270 1209; x_wconf 95' lang='lat'>.</span> <span class='ocrx_word' id='word_1_267' title='bbox 286 1190 327 1216; x_wconf 87' lang='lat'>13.</span> <span class='ocrx_word' id='word_1_268' title='bbox 345 1183 385 1210; x_wconf 90' lang='grc'>16.</span> 
     </span>
    </p>

    <p class='ocr_par' dir='ltr' id='par_1_16' title="bbox 219 1214 899 1253">
     <span class='ocr_line' id='line_1_31' title="bbox 219 1214 899 1253; baseline -0.003 -5"><span class='ocrx_word' id='word_1_269' title='bbox 219 1218 271 1247; x_wconf 81' lang='lat' dir='ltr'>Me</span> <span class='ocrx_word' id='word_1_270' title='bbox 281 1218 404 1248; x_wconf 83' lang='lat' dir='ltr'>constare</span> <span class='ocrx_word' id='word_1_271' title='bbox 415 1217 483 1247; x_wconf 84' lang='lat' dir='ltr'>mibi</span> <span class='ocrx_word' id='word_1_272' title='bbox 494 1217 544 1253; x_wconf 83' lang='lat' dir='ltr'>scis</span> <span class='ocrx_word' id='word_1_273' title='bbox 557 1239 565 1252; x_wconf 94' lang='lat'>‚</span> <span class='ocrx_word' id='word_1_274' title='bbox 586 1217 613 1246; x_wconf 87' lang='lat'>&amp;</span> <span class='ocrx_word' id='word_1_275' title='bbox 625 1214 768 1245; x_wconf 83' lang='lat' dir='ltr'>discedere</span> <span class='ocrx_word' id='word_1_276' title='bbox 779 1217 881 1246; x_wconf 85' lang='lat' dir='ltr'>tristem</span> <span class='ocrx_word' id='word_1_277' title='bbox 891 1239 899 1252; x_wconf 85' lang='lat'>,</span> 
     </span>
    </p>

    <p class='ocr_par' dir='ltr' id='par_1_17' title="bbox 148 1253 1254 1367">
     <span class='ocr_line' id='line_1_32' title="bbox 223 1253 1254 1294; baseline -0.004 -9"><span class='ocrx_word' id='word_1_278' title='bbox 223 1255 460 1294; x_wconf 86' lang='lat' dir='ltr'>Quandocunque</span> <span class='ocrx_word' id='word_1_279' title='bbox 470 1255 584 1284; x_wconf 84' lang='lat' dir='ltr'>trahunt</span> <span class='ocrx_word' id='word_1_280' title='bbox 594 1253 681 1283; x_wconf 85' lang='lat' dir='ltr'>invisa</span> <span class='ocrx_word' id='word_1_281' title='bbox 695 1255 807 1291; x_wconf 84' lang='lat' dir='ltr'>negotia</span> <span class='ocrx_word' id='word_1_282' title='bbox 820 1254 949 1284; x_wconf 86' lang='lat' dir='ltr'>Romam.</span> <span class='ocrx_word' id='word_1_283' title='bbox 1044 1253 1073 1283; x_wconf 91' lang='lat' dir='ltr'>h.</span> <span class='ocrx_word' id='word_1_284' title='bbox 1089 1263 1114 1283; x_wconf 91' lang='lat' dir='ltr'>e.</span> <span class='ocrx_word' id='word_1_285' title='bbox 1138 1253 1254 1290; x_wconf 82' lang='lat' dir='ltr'>Semper</span> 
     </span>
     <span class='ocr_line' id='line_1_33' title="bbox 148 1290 1249 1331; baseline -0.002 -10"><span class='ocrx_word' id='word_1_286' title='bbox 148 1294 272 1323; x_wconf 89' lang='lat' dir='ltr'>eundem</span> <span class='ocrx_word' id='word_1_287' title='bbox 284 1293 338 1324; x_wconf 79' lang='lat' dir='ltr'>esse</span> <span class='ocrx_word' id='word_1_288' title='bbox 354 1304 400 1324; x_wconf 88' lang='lat' dir='ltr'>me</span> <span class='ocrx_word' id='word_1_289' title='bbox 410 1294 480 1322; x_wconf 89' lang='lat' dir='ltr'>nosti</span> <span class='ocrx_word' id='word_1_290' title='bbox 490 1315 498 1328; x_wconf 92' lang='lat'>‚</span> <span class='ocrx_word' id='word_1_291' title='bbox 521 1293 547 1322; x_wconf 72' lang='grc' dir='ltr'>δι</span> <span class='ocrx_word' id='word_1_292' title='bbox 560 1301 703 1328; x_wconf 90' lang='lat' dir='ltr'>nunquam</span> <span class='ocrx_word' id='word_1_293' title='bbox 723 1293 759 1322; x_wconf 89' lang='lat' dir='ltr'>de</span> <span class='ocrx_word' id='word_1_294' title='bbox 777 1303 862 1331; x_wconf 88' lang='lat' dir='ltr'>opere</span> <span class='ocrx_word' id='word_1_295' title='bbox 878 1294 947 1323; x_wconf 90' lang='lat' dir='ltr'>ruris</span> <span class='ocrx_word' id='word_1_296' title='bbox 958 1298 1064 1322; x_wconf 89' lang='lat' dir='ltr'>mutare</span> <span class='ocrx_word' id='word_1_297' title='bbox 1074 1290 1249 1321; x_wconf 79' lang='lat' dir='ltr'>sententiam.</span> 
     </span>
     <span class='ocr_line' id='line_1_34' title="bbox 149 1329 526 1367; baseline 0.003 -9"><span class='ocrx_word' id='word_1_298' title='bbox 149 1329 285 1367; x_wconf 85' lang='lat' dir='ltr'>Loquitur</span> <span class='ocrx_word' id='word_1_299' title='bbox 296 1332 330 1362; x_wconf 94' lang='lat' dir='ltr'>de</span> <span class='ocrx_word' id='word_1_300' title='bbox 343 1333 412 1362; x_wconf 89' lang='lat' dir='ltr'>ruris</span> <span class='ocrx_word' id='word_1_301' title='bbox 423 1340 526 1360; x_wconf 85' lang='lat' dir='ltr'>amore.</span> 
     </span>
    </p>

    <p class='ocr_par' dir='ltr' id='par_1_18' title="bbox 129 1366 1256 1483">
     <span class='ocr_line' id='line_1_35' title="bbox 129 1366 1253 1407; baseline -0.002 -11"><span class='ocrx_word' id='word_1_302' title='bbox 129 1367 188 1397; x_wconf 84' lang='lat' dir='ltr'>Sibi</span> <span class='ocrx_word' id='word_1_303' title='bbox 201 1369 341 1405; x_wconf 85' lang='lat' dir='ltr'>constare,</span> <span class='ocrx_word' id='word_1_304' title='bbox 364 1366 586 1407; x_wconf 85' lang='lat' dir='ltr'>&amp;superioribus</span> <span class='ocrx_word' id='word_1_305' title='bbox 601 1367 756 1397; x_wconf 87' lang='lat' dir='ltr'>consentire</span> <span class='ocrx_word' id='word_1_306' title='bbox 769 1367 893 1403; x_wconf 86' lang='lat' dir='ltr'>judiciis.</span> <span class='ocrx_word' id='word_1_307' title='bbox 935 1368 992 1397; x_wconf 89' lang='lat' dir='ltr'>Cic.</span> <span class='ocrx_word' id='word_1_308' title='bbox 1015 1377 1066 1406; x_wconf 88' lang='lat' dir='ltr'>pro</span> <span class='ocrx_word' id='word_1_309' title='bbox 1078 1366 1189 1396; x_wconf 87' lang='lat' dir='ltr'>Cluent.</span> <span class='ocrx_word' id='word_1_310' title='bbox 1207 1367 1253 1395; x_wconf 90' lang='lat'>60.</span> 
     </span>
     <span class='ocr_line' id='line_1_36' title="bbox 150 1403 1256 1444; baseline -0.003 -8"><span class='ocrx_word' id='word_1_311' title='bbox 150 1406 208 1443; x_wconf 84' lang='lat' dir='ltr'>Qui</span> <span class='ocrx_word' id='word_1_312' title='bbox 230 1407 248 1436; x_wconf 84' lang='lat' dir='ltr'>si</span> <span class='ocrx_word' id='word_1_313' title='bbox 272 1408 436 1437; x_wconf 88' lang='lat' dir='ltr'>innocentes</span> <span class='ocrx_word' id='word_1_314' title='bbox 452 1406 590 1436; x_wconf 82' lang='lat' dir='ltr'>Fabricios</span> <span class='ocrx_word' id='word_1_315' title='bbox 600 1405 845 1443; x_wconf 55' lang='lat' dir='ltr'>condemnassent,</span> <span class='ocrx_word' id='word_1_316' title='bbox 865 1413 960 1435; x_wconf 82' lang='lat' dir='ltr'>tamen</span> <span class='ocrx_word' id='word_1_317' title='bbox 977 1406 1006 1435; x_wconf 92' lang='lat' dir='ltr'>in</span> <span class='ocrx_word' id='word_1_318' title='bbox 1024 1405 1186 1444; x_wconf 84' lang='lat' dir='ltr'>Oppianico</span> <span class='ocrx_word' id='word_1_319' title='bbox 1205 1403 1256 1433; x_wconf 90' lang='lat' dir='ltr'>sibi</span> 
     </span>
     <span class='ocr_line' id='line_1_37' title="bbox 148 1443 1006 1483; baseline 0 -10"><span class='ocrx_word' id='word_1_320' title='bbox 148 1446 289 1481; x_wconf 86' lang='lat' dir='ltr'>constare,</span> <span class='ocrx_word' id='word_1_321' title='bbox 312 1447 338 1475; x_wconf 73' lang='grc' dir='ltr'>δι</span> <span class='ocrx_word' id='word_1_322' title='bbox 347 1445 536 1483; x_wconf 90' lang='lat' dir='ltr'>superioribus</span> <span class='ocrx_word' id='word_1_323' title='bbox 546 1443 702 1473; x_wconf 89' lang='lat' dir='ltr'>consentire</span> <span class='ocrx_word' id='word_1_324' title='bbox 712 1443 826 1479; x_wconf 88' lang='lat' dir='ltr'>judiciis</span> <span class='ocrx_word' id='word_1_325' title='bbox 841 1444 1006 1473; x_wconf 89' lang='lat' dir='ltr'>debuerunt.</span> 
     </span>
    </p>

    <p class='ocr_par' dir='ltr' id='par_1_19' title="bbox 129 1479 1260 1596">
     <span class='ocr_line' id='line_1_38' title="bbox 129 1479 1259 1521; baseline -0.004 -9"><span class='ocrx_word' id='word_1_326' title='bbox 129 1481 164 1512; x_wconf 85' lang='lat' dir='ltr'>In</span> <span class='ocrx_word' id='word_1_327' title='bbox 175 1484 237 1512; x_wconf 81' lang='lat' dir='ltr'>vitae</span> <span class='ocrx_word' id='word_1_328' title='bbox 249 1484 434 1521; x_wconf 84' lang='lat' dir='ltr'>perpetuitate</span> <span class='ocrx_word' id='word_1_329' title='bbox 446 1483 569 1512; x_wconf 81' lang='lat' dir='ltr'>constare</span> <span class='ocrx_word' id='word_1_330' title='bbox 580 1481 636 1512; x_wconf 87' lang='lat' dir='ltr'>fibi.</span> <span class='ocrx_word' id='word_1_331' title='bbox 677 1482 736 1510; x_wconf 91' lang='lat' dir='ltr'>Cic.</span> <span class='ocrx_word' id='word_1_332' title='bbox 751 1491 774 1510; x_wconf 92' lang='lat'>1.</span> <span class='ocrx_word' id='word_1_333' title='bbox 791 1481 848 1511; x_wconf 84' lang='lat' dir='ltr'>Off.</span> <span class='ocrx_word' id='word_1_334' title='bbox 869 1491 929 1518; x_wconf 87' lang='lat'>119.</span> <span class='ocrx_word' id='word_1_335' title='bbox 952 1482 983 1511; x_wconf 93' lang='lat' dir='ltr'>In</span> <span class='ocrx_word' id='word_1_336' title='bbox 1002 1487 1062 1511; x_wconf 85' lang='lat' dir='ltr'>tota</span> <span class='ocrx_word' id='word_1_337' title='bbox 1079 1481 1136 1510; x_wconf 89' lang='lat' dir='ltr'>vita</span> <span class='ocrx_word' id='word_1_338' title='bbox 1157 1479 1259 1510; x_wconf 84' lang='lat' dir='ltr'>consti-</span> 
     </span>
     <span class='ocr_line' id='line_1_39' title="bbox 150 1519 1260 1556; baseline -0.003 -7"><span class='ocrx_word' id='word_1_339' title='bbox 150 1521 254 1550; x_wconf 88' lang='lat' dir='ltr'>tuenda</span> <span class='ocrx_word' id='word_1_340' title='bbox 266 1521 356 1550; x_wconf 88' lang='lat' dir='ltr'>multo</span> <span class='ocrx_word' id='word_1_341' title='bbox 368 1521 405 1550; x_wconf 89' lang='lat' dir='ltr'>est</span> <span class='ocrx_word' id='word_1_342' title='bbox 417 1520 505 1556; x_wconf 85' lang='lat' dir='ltr'>major</span> <span class='ocrx_word' id='word_1_343' title='bbox 515 1521 554 1549; x_wconf 87' lang='lat' dir='ltr'>rei</span> <span class='ocrx_word' id='word_1_344' title='bbox 569 1529 634 1549; x_wconf 87' lang='lat' dir='ltr'>cura</span> <span class='ocrx_word' id='word_1_345' title='bbox 647 1519 807 1549; x_wconf 86' lang='lat' dir='ltr'>adhibenda</span> <span class='ocrx_word' id='word_1_346' title='bbox 816 1541 824 1554; x_wconf 82' lang='lat'>‚</span> <span class='ocrx_word' id='word_1_347' title='bbox 847 1525 877 1549; x_wconf 81' lang='lat' dir='ltr'>iat</span> <span class='ocrx_word' id='word_1_348' title='bbox 899 1520 1023 1549; x_wconf 87' lang='lat' dir='ltr'>constare</span> <span class='ocrx_word' id='word_1_349' title='bbox 1039 1520 1069 1548; x_wconf 94' lang='lat' dir='ltr'>in</span> <span class='ocrx_word' id='word_1_350' title='bbox 1083 1519 1147 1549; x_wconf 85' lang='lat' dir='ltr'>vitae</span> <span class='ocrx_word' id='word_1_351' title='bbox 1157 1526 1260 1556; x_wconf 80' lang='lat' dir='ltr'>perpe-</span> 
     </span>
     <span class='ocr_line' id='line_1_40' title="bbox 147 1556 1092 1596; baseline -0.002 -9"><span class='ocrx_word' id='word_1_352' title='bbox 147 1558 247 1587; x_wconf 85' lang='lat' dir='ltr'>tuitate</span> <span class='ocrx_word' id='word_1_353' title='bbox 257 1558 390 1596; x_wconf 77' lang='lat' dir='ltr'>poss&#39;imus</span> <span class='ocrx_word' id='word_1_354' title='bbox 401 1557 603 1595; x_wconf 74' lang='lat' dir='ltr'>nobismetipsis</span> <span class='ocrx_word' id='word_1_355' title='bbox 612 1579 620 1592; x_wconf 78' lang='grc'><em>,</em></span> <span class='ocrx_word' id='word_1_356' title='bbox 643 1557 736 1587; x_wconf 91' lang='lat' dir='ltr'>necin</span> <span class='ocrx_word' id='word_1_357' title='bbox 749 1556 807 1586; x_wconf 88' lang='grc'>11110</span> <span class='ocrx_word' id='word_1_358' title='bbox 818 1557 914 1587; x_wconf 86' lang='lat' dir='ltr'>officio</span> <span class='ocrx_word' id='word_1_359' title='bbox 926 1557 1092 1587; x_wconf 80' lang='lat' dir='ltr'>claudicare.</span> 
     </span>
    </p>

    <p class='ocr_par' dir='ltr' id='par_1_20' title="bbox 131 1594 1259 1672">
     <span class='ocr_line' id='line_1_41' title="bbox 131 1594 1259 1631; baseline -0.002 -7"><span class='ocrx_word' id='word_1_360' title='bbox 131 1595 264 1626; x_wconf 86' lang='lat' dir='ltr'>Constare</span> <span class='ocrx_word' id='word_1_361' title='bbox 274 1597 302 1626; x_wconf 89' lang='lat' dir='ltr'>in</span> <span class='ocrx_word' id='word_1_362' title='bbox 312 1596 459 1626; x_wconf 88' lang='lat' dir='ltr'>sententia.</span> <span class='ocrx_word' id='word_1_363' title='bbox 501 1596 557 1625; x_wconf 63' lang='lat' dir='ltr'>Cic.</span> <span class='ocrx_word' id='word_1_364' title='bbox 573 1606 596 1624; x_wconf 88' lang='lat'>1.</span> <span class='ocrx_word' id='word_1_365' title='bbox 613 1595 687 1625; x_wconf 86' lang='lat' dir='ltr'>Fam.</span> <span class='ocrx_word' id='word_1_366' title='bbox 698 1606 725 1630; x_wconf 86' lang='lat'>9.</span> <span class='ocrx_word' id='word_1_367' title='bbox 748 1596 812 1631; x_wconf 86' lang='lat' dir='ltr'>Qua</span> <span class='ocrx_word' id='word_1_368' title='bbox 834 1596 863 1624; x_wconf 91' lang='lat' dir='ltr'>iri</span> <span class='ocrx_word' id='word_1_369' title='bbox 883 1595 1018 1625; x_wconf 90' lang='lat' dir='ltr'>sententia</span> <span class='ocrx_word' id='word_1_370' title='bbox 1035 1595 1055 1624; x_wconf 89' lang='lat' dir='ltr'>si</span> <span class='ocrx_word' id='word_1_371' title='bbox 1072 1594 1198 1623; x_wconf 83' lang='lat' dir='ltr'>constare</span> <span class='ocrx_word' id='word_1_372' title='bbox 1209 1601 1259 1623; x_wconf 90' lang='lat' dir='ltr'>vo-</span> 
     </span>
     <span class='ocr_line' id='line_1_42' title="bbox 151 1632 1156 1672; baseline -0.001 -10"><span class='ocrx_word' id='word_1_373' title='bbox 151 1633 263 1664; x_wconf 76' lang='lat' dir='ltr'>luissent</span> <span class='ocrx_word' id='word_1_374' title='bbox 273 1656 280 1669; x_wconf 86' lang='lat'>,</span> <span class='ocrx_word' id='word_1_375' title='bbox 302 1634 377 1664; x_wconf 86' lang='lat' dir='ltr'>suam</span> <span class='ocrx_word' id='word_1_376' title='bbox 388 1634 583 1664; x_wconf 67' lang='lat' dir='ltr'>austoritatern</span> <span class='ocrx_word' id='word_1_377' title='bbox 597 1633 675 1663; x_wconf 77' lang='lat' dir='ltr'>simul</span> <span class='ocrx_word' id='word_1_378' title='bbox 689 1643 754 1662; x_wconf 88' lang='lat' dir='ltr'>cum</span> <span class='ocrx_word' id='word_1_379' title='bbox 767 1632 853 1662; x_wconf 88' lang='lat' dir='ltr'>salute</span> <span class='ocrx_word' id='word_1_380' title='bbox 866 1643 928 1663; x_wconf 88' lang='lat' dir='ltr'>mea</span> <span class='ocrx_word' id='word_1_381' title='bbox 941 1632 1156 1672; x_wconf 72' lang='lat' dir='ltr'>recuperassent.</span> 
     </span>
    </p>

    <p class='ocr_par' dir='ltr' id='par_1_21' title="bbox 132 1668 1257 1740">
     <span class='ocr_line' id='line_1_43' title="bbox 132 1668 1257 1740; baseline -0.003 -39"><span class='ocrx_word' id='word_1_382' title='bbox 132 1671 171 1739; x_wconf 53' lang='lat' dir='ltr'>Ug</span> <span class='ocrx_word' id='word_1_383' title='bbox 179 1678 238 1740; x_wconf 50' lang='lat' dir='ltr'>toltJa</span> <span class='ocrx_word' id='word_1_384' title='bbox 250 1673 338 1740; x_wconf 42' lang='grc'>013110</span> <span class='ocrx_word' id='word_1_385' title='bbox 349 1673 395 1702; x_wconf 89' lang='lat' dir='ltr'>sibi</span> <span class='ocrx_word' id='word_1_386' title='bbox 408 1672 525 1709; x_wconf 87' lang='lat' dir='ltr'>constet,</span> <span class='ocrx_word' id='word_1_387' title='bbox 546 1674 571 1702; x_wconf 77' lang='grc' dir='ltr'>δι</span> <span class='ocrx_word' id='word_1_388' title='bbox 583 1679 612 1702; x_wconf 92' lang='lat' dir='ltr'>ut</span> <span class='ocrx_word' id='word_1_389' title='bbox 625 1681 660 1701; x_wconf 86' lang='lat' dir='ltr'>ex</span> <span class='ocrx_word' id='word_1_390' title='bbox 669 1672 746 1701; x_wconf 89' lang='lat' dir='ltr'>omni</span> <span class='ocrx_word' id='word_1_391' title='bbox 756 1679 835 1710; x_wconf 86' lang='lat' dir='ltr'>parte</span> <span class='ocrx_word' id='word_1_392' title='bbox 845 1671 937 1702; x_wconf 88' lang='lat' dir='ltr'>secum</span> <span class='ocrx_word' id='word_1_393' title='bbox 947 1671 1004 1710; x_wconf 88' lang='lat' dir='ltr'>ipsa</span> <span class='ocrx_word' id='word_1_394' title='bbox 1016 1670 1182 1701; x_wconf 82' lang='lat' dir='ltr'>consentiat.</span> <span class='ocrx_word' id='word_1_395' title='bbox 1197 1668 1257 1699; x_wconf 89' lang='lat' dir='ltr'>Cic.</span> 
     </span>
    </p>

    <p class='ocr_par' dir='ltr' id='par_1_22' title="bbox 132 1715 1261 1822">
     <span class='ocr_line' id='line_1_44' title="bbox 174 1715 366 1740; baseline 0.005 -1"><span class='ocrx_word' id='word_1_396' title='bbox 174 1720 189 1739; x_wconf 89' lang='lat' dir='ltr'>e</span> <span class='ocrx_word' id='word_1_397' title='bbox 229 1720 308 1740; x_wconf 88' lang='lat' dir='ltr'>niver</span> <span class='ocrx_word' id='word_1_398' title='bbox 322 1733 328 1740; x_wconf 98' lang='lat'>.</span> <span class='ocrx_word' id='word_1_399' title='bbox 342 1715 366 1740; x_wconf 89' lang='lat'>6.</span> 
     </span>
     <span class='ocr_line' id='line_1_45' title="bbox 132 1744 1261 1816; baseline -0.004 -38"><span class='ocrx_word' id='word_1_400' title='bbox 132 1747 245 1816; x_wconf 55' lang='grc' dir='ltr'>Βὲμςυί</span> <span class='ocrx_word' id='word_1_401' title='bbox 258 1748 308 1778; x_wconf 85' lang='lat' dir='ltr'>fibi</span> <span class='ocrx_word' id='word_1_402' title='bbox 320 1748 523 1784; x_wconf 83' lang='lat' dir='ltr'>constiterunt,</span> <span class='ocrx_word' id='word_1_403' title='bbox 545 1754 577 1778; x_wconf 88' lang='lat' dir='ltr'>ut</span> <span class='ocrx_word' id='word_1_404' title='bbox 589 1753 713 1778; x_wconf 84' lang='lat' dir='ltr'>extrema</span> <span class='ocrx_word' id='word_1_405' title='bbox 723 1757 787 1778; x_wconf 88' lang='lat' dir='ltr'>curn</span> <span class='ocrx_word' id='word_1_406' title='bbox 798 1747 886 1777; x_wconf 88' lang='lat' dir='ltr'>initiis</span> <span class='ocrx_word' id='word_1_407' title='bbox 895 1747 1090 1779; x_wconf 85' lang='lat' dir='ltr'>convenirent.</span> <span class='ocrx_word' id='word_1_408' title='bbox 1112 1745 1172 1775; x_wconf 89' lang='lat' dir='ltr'>Cic.</span> <span class='ocrx_word' id='word_1_409' title='bbox 1183 1754 1210 1776; x_wconf 87' lang='lat'>2.</span> <span class='ocrx_word' id='word_1_410' title='bbox 1223 1744 1261 1774; x_wconf 86' lang='lat' dir='ltr'>de</span> 
     </span>
     <span class='ocr_line' id='line_1_46' title="bbox 175 1796 269 1822; baseline 0.011 -7"><span class='ocrx_word' id='word_1_411' title='bbox 175 1797 212 1815; x_wconf 90' lang='lat' dir='ltr'>iri.</span> <span class='ocrx_word' id='word_1_412' title='bbox 227 1796 269 1822; x_wconf 81' lang='lat'>35.</span> 
     </span>
    </p>

    <p class='ocr_par' dir='ltr' id='par_1_23' title="bbox 133 1820 1260 1903">
     <span class='ocr_line' id='line_1_47' title="bbox 133 1820 1260 1862; baseline -0.004 -8"><span class='ocrx_word' id='word_1_413' title='bbox 133 1824 268 1854; x_wconf 87' lang='lat' dir='ltr'>Constant</span> <span class='ocrx_word' id='word_1_414' title='bbox 279 1824 429 1855; x_wconf 87' lang='lat' dir='ltr'>sententiae.</span> <span class='ocrx_word' id='word_1_415' title='bbox 469 1823 538 1854; x_wconf 91' lang='lat' dir='ltr'>Plin.</span> <span class='ocrx_word' id='word_1_416' title='bbox 552 1823 600 1853; x_wconf 91' lang='lat' dir='ltr'>lib.</span> <span class='ocrx_word' id='word_1_417' title='bbox 611 1833 656 1860; x_wconf 86' lang='lat'>23.</span> <span class='ocrx_word' id='word_1_418' title='bbox 671 1833 733 1862; x_wconf 89' lang='lat' dir='ltr'>cap.</span> <span class='ocrx_word' id='word_1_419' title='bbox 752 1833 775 1853; x_wconf 87' lang='lat'>1.</span> <span class='ocrx_word' id='word_1_420' title='bbox 796 1823 874 1861; x_wconf 82' lang='lat' dir='ltr'>Quiri</span> <span class='ocrx_word' id='word_1_421' title='bbox 885 1829 916 1852; x_wconf 86' lang='lat' dir='ltr'>ut</span> <span class='ocrx_word' id='word_1_422' title='bbox 926 1823 1085 1852; x_wconf 85' lang='lat' dir='ltr'>constarent</span> <span class='ocrx_word' id='word_1_423' title='bbox 1095 1820 1239 1852; x_wconf 68' lang='lat' dir='ltr'>sententiae</span> <span class='ocrx_word' id='word_1_424' title='bbox 1250 1841 1260 1856; x_wconf 93' lang='lat'><strong>‚</strong></span> 
     </span>
     <span class='ocr_line' id='line_1_48' title="bbox 152 1861 1221 1903; baseline -0.003 -11"><span class='ocrx_word' id='word_1_425' title='bbox 152 1870 238 1900; x_wconf 87' lang='lat' dir='ltr'>quota</span> <span class='ocrx_word' id='word_1_426' title='bbox 248 1863 341 1901; x_wconf 90' lang='lat' dir='ltr'>portio</span> <span class='ocrx_word' id='word_1_427' title='bbox 358 1869 451 1892; x_wconf 86' lang='lat' dir='ltr'>tamen</span> <span class='ocrx_word' id='word_1_428' title='bbox 462 1861 621 1891; x_wconf 80' lang='lat' dir='ltr'>mortalium</span> <span class='ocrx_word' id='word_1_429' title='bbox 633 1862 666 1891; x_wconf 91' lang='lat' dir='ltr'>iis</span> <span class='ocrx_word' id='word_1_430' title='bbox 675 1861 822 1899; x_wconf 83' lang='lat' dir='ltr'>generibus</span> <span class='ocrx_word' id='word_1_431' title='bbox 835 1861 923 1899; x_wconf 77' lang='lat' dir='ltr'>posset</span> <span class='ocrx_word' id='word_1_432' title='bbox 933 1862 973 1890; x_wconf 90' lang='lat' dir='ltr'>uti</span> <span class='ocrx_word' id='word_1_433' title='bbox 982 1861 996 1890; x_wconf 72' lang='grc' dir='ltr'>ἱ)</span> <span class='ocrx_word' id='word_1_434' title='bbox 1171 1896 1177 1903; x_wconf 46' lang='grc'><em>·</em></span> <span class='ocrx_word' id='word_1_435' title='bbox 1215 1896 1221 1902; x_wconf 47' lang='grc'><em>.</em></span> 
     </span>
    </p>

    <p class='ocr_par' dir='ltr' id='par_1_24' title="bbox 134 1895 1261 2016">
     <span class='ocr_line' id='line_1_49' title="bbox 134 1895 1261 1935; baseline -0.004 -5"><span class='ocrx_word' id='word_1_436' title='bbox 134 1900 267 1931; x_wconf 89' lang='lat' dir='ltr'>Constare</span> <span class='ocrx_word' id='word_1_437' title='bbox 278 1901 330 1930; x_wconf 86' lang='lat' dir='ltr'>suae</span> <span class='ocrx_word' id='word_1_438' title='bbox 345 1901 520 1930; x_wconf 86' lang='lat' dir='ltr'>humanitati.</span> <span class='ocrx_word' id='word_1_439' title='bbox 562 1899 619 1929; x_wconf 84' lang='lat' dir='ltr'>Cic.</span> <span class='ocrx_word' id='word_1_440' title='bbox 635 1909 658 1929; x_wconf 90' lang='lat'>1.</span> <span class='ocrx_word' id='word_1_441' title='bbox 681 1901 735 1929; x_wconf 86' lang='lat' dir='ltr'>Att.</span> <span class='ocrx_word' id='word_1_442' title='bbox 752 1909 794 1929; x_wconf 87' lang='grc'>11.</span> <span class='ocrx_word' id='word_1_443' title='bbox 826 1900 853 1929; x_wconf 87' lang='lat' dir='ltr'>Si</span> <span class='ocrx_word' id='word_1_444' title='bbox 878 1899 964 1929; x_wconf 90' lang='lat' dir='ltr'>modo</span> <span class='ocrx_word' id='word_1_445' title='bbox 988 1898 1059 1928; x_wconf 83' lang='lat' dir='ltr'>tanti</span> <span class='ocrx_word' id='word_1_446' title='bbox 1089 1903 1192 1935; x_wconf 89' lang='lat' dir='ltr'>putatis</span> <span class='ocrx_word' id='word_1_447' title='bbox 1213 1895 1261 1926; x_wconf 85' lang='lat' dir='ltr'>id:</span> 
     </span>
     <span class='ocr_line' id='line_1_50' title="bbox 153 1934 1260 1976; baseline -0.004 -8"><span class='ocrx_word' id='word_1_448' title='bbox 153 1939 230 1976; x_wconf 90' lang='lat' dir='ltr'>quod</span> <span class='ocrx_word' id='word_1_449' title='bbox 244 1939 263 1968; x_wconf 88' lang='lat' dir='ltr'>fi</span> <span class='ocrx_word' id='word_1_450' title='bbox 274 1948 319 1968; x_wconf 88' lang='lat' dir='ltr'>ine</span> <span class='ocrx_word' id='word_1_451' title='bbox 330 1939 427 1968; x_wconf 86' lang='lat' dir='ltr'>audies</span> <span class='ocrx_word' id='word_1_452' title='bbox 437 1961 445 1973; x_wconf 85' lang='lat'>,</span> <span class='ocrx_word' id='word_1_453' title='bbox 466 1940 492 1968; x_wconf 82' lang='lat'>&amp;</span> <span class='ocrx_word' id='word_1_454' title='bbox 504 1938 522 1967; x_wconf 88' lang='lat' dir='ltr'>si</span> <span class='ocrx_word' id='word_1_455' title='bbox 538 1937 704 1967; x_wconf 84' lang='lat' dir='ltr'>humanitati</span> <span class='ocrx_word' id='word_1_456' title='bbox 715 1944 770 1967; x_wconf 82' lang='lat' dir='ltr'>tuae</span> <span class='ocrx_word' id='word_1_457' title='bbox 780 1937 904 1967; x_wconf 83' lang='lat' dir='ltr'>constare</span> <span class='ocrx_word' id='word_1_458' title='bbox 919 1937 995 1967; x_wconf 88' lang='lat' dir='ltr'>voles</span> <span class='ocrx_word' id='word_1_459' title='bbox 1005 1958 1014 1973; x_wconf 89' lang='lat'>,</span> <span class='ocrx_word' id='word_1_460' title='bbox 1036 1942 1110 1967; x_wconf 85' lang='lat' dir='ltr'>certe</span> <span class='ocrx_word' id='word_1_461' title='bbox 1130 1934 1260 1974; x_wconf 82' lang='lat' dir='ltr'>putabis,</span> 
     </span>
     <span class='ocr_line' id='line_1_51' title="bbox 153 1975 1248 2016; baseline -0.003 -9"><span class='ocrx_word' id='word_1_462' title='bbox 153 1978 206 2007; x_wconf 86' lang='lat' dir='ltr'>&amp;c.</span> <span class='ocrx_word' id='word_1_463' title='bbox 240 1977 259 2007; x_wconf 88' lang='lat' dir='ltr'>i.</span> <span class='ocrx_word' id='word_1_464' title='bbox 273 1986 298 2006; x_wconf 87' lang='lat' dir='ltr'>e.</span> <span class='ocrx_word' id='word_1_465' title='bbox 320 1977 348 2006; x_wconf 90' lang='lat' dir='ltr'>Si</span> <span class='ocrx_word' id='word_1_466' title='bbox 362 1986 421 2006; x_wconf 91' lang='lat' dir='ltr'>non</span> <span class='ocrx_word' id='word_1_467' title='bbox 433 1975 511 2006; x_wconf 89' lang='lat' dir='ltr'>voles</span> <span class='ocrx_word' id='word_1_468' title='bbox 521 1975 663 2005; x_wconf 85' lang='lat' dir='ltr'>discedere</span> <span class='ocrx_word' id='word_1_469' title='bbox 675 1975 709 2005; x_wconf 88' lang='lat' dir='ltr'>ab</span> <span class='ocrx_word' id='word_1_470' title='bbox 724 1975 907 2005; x_wconf 85' lang='lat' dir='ltr'>humanitate.</span> <span class='ocrx_word' id='word_1_471' title='bbox 1242 2009 1248 2016; x_wconf 35' lang='lat'><em>⁶</em></span> 
     </span>
    </p>

    <p class='ocr_par' dir='ltr' id='par_1_25' title="bbox 134 2010 1264 2121">
     <span class='ocr_line' id='line_1_52' title="bbox 134 2010 1264 2046; baseline -0.006 -1"><span class='ocrx_word' id='word_1_472' title='bbox 134 2014 267 2045; x_wconf 89' lang='lat' dir='ltr'>Constitit</span> <span class='ocrx_word' id='word_1_473' title='bbox 278 2013 358 2045; x_wconf 86' lang='lat' dir='ltr'>fides.</span> <span class='ocrx_word' id='word_1_474' title='bbox 398 2014 456 2044; x_wconf 92' lang='lat' dir='ltr'>Liv.</span> <span class='ocrx_word' id='word_1_475' title='bbox 479 2014 558 2044; x_wconf 88' lang='lat' dir='ltr'>Fides</span> <span class='ocrx_word' id='word_1_476' title='bbox 571 2013 694 2043; x_wconf 88' lang='lat' dir='ltr'>constitit</span> <span class='ocrx_word' id='word_1_477' title='bbox 707 2013 838 2043; x_wconf 83' lang='lat' dir='ltr'>Praetoris.</span> <span class='ocrx_word' id='word_1_478' title='bbox 880 2014 897 2042; x_wconf 91' lang='lat' dir='ltr'>i.</span> <span class='ocrx_word' id='word_1_479' title='bbox 910 2023 935 2043; x_wconf 89' lang='lat' dir='ltr'>e.</span> <span class='ocrx_word' id='word_1_480' title='bbox 958 2011 1111 2042; x_wconf 88' lang='lat' dir='ltr'>Conventis</span> <span class='ocrx_word' id='word_1_481' title='bbox 1124 2010 1208 2046; x_wconf 85' lang='lat' dir='ltr'>stetit,</span> <span class='ocrx_word' id='word_1_482' title='bbox 1224 2015 1264 2039; x_wconf 89' lang='lat' dir='ltr'>ait</span> 
     </span>
     <span class='ocr_line' id='line_1_53' title="bbox 151 2049 1264 2121; baseline -0.004 -39"><span class='ocrx_word' id='word_1_483' title='bbox 151 2053 278 2121; x_wconf 52' lang='grc' dir='ltr'>ἓυάἓεὲιε.</span> <span class='ocrx_word' id='word_1_484' title='bbox 301 2051 403 2121; x_wconf 56' lang='grc' dir='ltr'>Αὲιέοἱ).</span> <span class='ocrx_word' id='word_1_485' title='bbox 418 2052 547 2083; x_wconf 88' lang='lat' dir='ltr'>adversus</span> <span class='ocrx_word' id='word_1_486' title='bbox 558 2058 655 2090; x_wconf 84' lang='lat' dir='ltr'>gentes</span> <span class='ocrx_word' id='word_1_487' title='bbox 666 2051 715 2081; x_wconf 91' lang='lat' dir='ltr'>lib.</span> <span class='ocrx_word' id='word_1_488' title='bbox 730 2062 754 2087; x_wconf 84' lang='lat'>5.</span> <span class='ocrx_word' id='word_1_489' title='bbox 780 2052 863 2082; x_wconf 88' lang='lat' dir='ltr'>Varro</span> <span class='ocrx_word' id='word_1_490' title='bbox 880 2051 983 2081; x_wconf 89' lang='lat' dir='ltr'>edocet</span> <span class='ocrx_word' id='word_1_491' title='bbox 995 2073 1002 2086; x_wconf 83' lang='lat'>,</span> <span class='ocrx_word' id='word_1_492' title='bbox 1025 2051 1078 2080; x_wconf 57' lang='lat' dir='ltr'>&amp;a</span> <span class='ocrx_word' id='word_1_493' title='bbox 1101 2050 1146 2079; x_wconf 91' lang='lat' dir='ltr'>cui</span> <span class='ocrx_word' id='word_1_494' title='bbox 1160 2049 1179 2078; x_wconf 86' lang='lat' dir='ltr'>li</span> <span class='ocrx_word' id='word_1_495' title='bbox 1197 2057 1264 2078; x_wconf 90' lang='lat' dir='ltr'>con-</span> 
     </span>
    </p>

    <p class='ocr_par' dir='ltr' id='par_1_26' title="bbox 178 2099 375 2125">
     <span class='ocr_line' id='line_1_54' title="bbox 178 2099 375 2125; baseline 0.005 -5"><span class='ocrx_word' id='word_1_496' title='bbox 178 2099 204 2120; x_wconf 88' lang='lat' dir='ltr'>at</span> <span class='ocrx_word' id='word_1_497' title='bbox 255 2100 300 2125; x_wconf 85' lang='lat' dir='ltr'>es,</span> <span class='ocrx_word' id='word_1_498' title='bbox 350 2099 375 2121; x_wconf 83' lang='lat' dir='ltr'>e.</span> 
     </span>
    </p>

    <p class='ocr_par' dir='ltr' id='par_1_27' title="bbox 135 2123 1263 2203">
     <span class='ocr_line' id='line_1_55' title="bbox 135 2123 1263 2164; baseline -0.005 -5"><span class='ocrx_word' id='word_1_499' title='bbox 135 2128 269 2159; x_wconf 82' lang='lat' dir='ltr'>Constant</span> <span class='ocrx_word' id='word_1_500' title='bbox 279 2128 370 2159; x_wconf 82' lang='lat' dir='ltr'>officia</span> <span class='ocrx_word' id='word_1_501' title='bbox 381 2134 428 2158; x_wconf 88' lang='lat' dir='ltr'>tua</span> <span class='ocrx_word' id='word_1_502' title='bbox 438 2128 468 2158; x_wconf 88' lang='lat' dir='ltr'>in</span> <span class='ocrx_word' id='word_1_503' title='bbox 479 2138 535 2159; x_wconf 88' lang='lat' dir='ltr'>me.</span> <span class='ocrx_word' id='word_1_504' title='bbox 576 2127 635 2157; x_wconf 92' lang='lat' dir='ltr'>Cic.</span> <span class='ocrx_word' id='word_1_505' title='bbox 652 2137 695 2157; x_wconf 79' lang='lat'>11.</span> <span class='ocrx_word' id='word_1_506' title='bbox 714 2126 768 2157; x_wconf 81' lang='lat' dir='ltr'>Att.</span> <span class='ocrx_word' id='word_1_507' title='bbox 784 2136 826 2157; x_wconf 86' lang='lat'>12.</span> <span class='ocrx_word' id='word_1_508' title='bbox 848 2126 892 2156; x_wconf 89' lang='lat' dir='ltr'>Ne</span> <span class='ocrx_word' id='word_1_509' title='bbox 910 2126 979 2164; x_wconf 90' lang='lat' dir='ltr'>quid</span> <span class='ocrx_word' id='word_1_510' title='bbox 995 2125 1136 2156; x_wconf 87' lang='lat' dir='ltr'>existimes</span> <span class='ocrx_word' id='word_1_511' title='bbox 1159 2123 1195 2154; x_wconf 83' lang='lat' dir='ltr'>ab</span> <span class='ocrx_word' id='word_1_512' title='bbox 1212 2123 1263 2154; x_wconf 83' lang='lat' dir='ltr'>iuo</span> 
     </span>
     <span class='ocr_line' id='line_1_56' title="bbox 157 2165 963 2203; baseline -0.002 -7"><span class='ocrx_word' id='word_1_513' title='bbox 157 2167 262 2196; x_wconf 66' lang='lat' dir='ltr'>factum</span> <span class='ocrx_word' id='word_1_514' title='bbox 272 2166 326 2196; x_wconf 82' lang='lat' dir='ltr'>effe</span> <span class='ocrx_word' id='word_1_515' title='bbox 337 2189 345 2201; x_wconf 91' lang='lat'>‚</span> <span class='ocrx_word' id='word_1_516' title='bbox 367 2176 422 2203; x_wconf 91' lang='lat' dir='ltr'>quo</span> <span class='ocrx_word' id='word_1_517' title='bbox 433 2166 525 2196; x_wconf 89' lang='lat' dir='ltr'>minus</span> <span class='ocrx_word' id='word_1_518' title='bbox 535 2174 598 2195; x_wconf 90' lang='lat' dir='ltr'>mea</span> <span class='ocrx_word' id='word_1_519' title='bbox 609 2165 639 2194; x_wconf 93' lang='lat' dir='ltr'>in</span> <span class='ocrx_word' id='word_1_520' title='bbox 649 2172 678 2194; x_wconf 92' lang='lat' dir='ltr'>te</span> <span class='ocrx_word' id='word_1_521' title='bbox 694 2165 786 2195; x_wconf 84' lang='lat' dir='ltr'>officia</span> <span class='ocrx_word' id='word_1_522' title='bbox 797 2165 963 2195; x_wconf 84' lang='lat' dir='ltr'>constarent.</span> 
     </span>
    </p>

    <p class='ocr_par' dir='ltr' id='par_1_28' title="bbox 136 2200 1264 2356">
     <span class='ocr_line' id='line_1_57' title="bbox 136 2200 1263 2241; baseline -0.004 -7"><span class='ocrx_word' id='word_1_523' title='bbox 136 2204 280 2241; x_wconf 87' lang='lat' dir='ltr'>Constare,</span> <span class='ocrx_word' id='word_1_524' title='bbox 302 2203 463 2241; x_wconf 56' lang='grc' dir='ltr'>[τιωῖιθη]</span> <span class='ocrx_word' id='word_1_525' title='bbox 485 2204 589 2233; x_wconf 88' lang='lat' dir='ltr'>Valere.</span> <span class='ocrx_word' id='word_1_526' title='bbox 613 2203 681 2232; x_wconf 86' lang='lat' dir='ltr'>Plin.</span> <span class='ocrx_word' id='word_1_527' title='bbox 692 2202 741 2233; x_wconf 87' lang='lat' dir='ltr'>lib.</span> <span class='ocrx_word' id='word_1_528' title='bbox 757 2213 800 2240; x_wconf 80' lang='lat'>33.</span> <span class='ocrx_word' id='word_1_529' title='bbox 813 2212 883 2233; x_wconf 84' lang='lat' dir='ltr'>extr.</span> <span class='ocrx_word' id='word_1_530' title='bbox 907 2203 940 2232; x_wconf 89' lang='lat' dir='ltr'>Et</span> <span class='ocrx_word' id='word_1_531' title='bbox 950 2200 1082 2231; x_wconf 89' lang='lat' dir='ltr'>omnibus</span> <span class='ocrx_word' id='word_1_532' title='bbox 1092 2210 1171 2239; x_wconf 87' lang='lat' dir='ltr'>paene</span> <span class='ocrx_word' id='word_1_533' title='bbox 1182 2200 1263 2230; x_wconf 87' lang='lat' dir='ltr'>annis</span> 
     </span>
     <span class='ocr_line' id='line_1_58' title="bbox 156 2238 1263 2281; baseline -0.005 -9"><span class='ocrx_word' id='word_1_534' title='bbox 156 2243 274 2278; x_wconf 80' lang='lat' dir='ltr'>mutari,</span> <span class='ocrx_word' id='word_1_535' title='bbox 298 2243 580 2281; x_wconf 87' lang='lat' dir='ltr'>proutnavigationes</span> <span class='ocrx_word' id='word_1_536' title='bbox 592 2241 766 2271; x_wconf 89' lang='lat' dir='ltr'>constiterint</span> <span class='ocrx_word' id='word_1_537' title='bbox 777 2264 786 2277; x_wconf 91' lang='lat'>,</span> <span class='ocrx_word' id='word_1_538' title='bbox 808 2249 855 2271; x_wconf 89' lang='lat' dir='ltr'>aut</span> <span class='ocrx_word' id='word_1_539' title='bbox 872 2247 902 2270; x_wconf 90' lang='lat' dir='ltr'>ut</span> <span class='ocrx_word' id='word_1_540' title='bbox 918 2240 1031 2277; x_wconf 89' lang='lat' dir='ltr'>quisque</span> <span class='ocrx_word' id='word_1_541' title='bbox 1050 2246 1187 2279; x_wconf 81' lang='lat' dir='ltr'>mercatus</span> <span class='ocrx_word' id='word_1_542' title='bbox 1208 2238 1241 2267; x_wconf 88' lang='lat' dir='ltr'>sit</span> <span class='ocrx_word' id='word_1_543' title='bbox 1253 2260 1263 2274; x_wconf 85' lang='lat'>‚</span> 
     </span>
     <span class='ocr_line' id='line_1_59' title="bbox 155 2276 1264 2317; baseline -0.005 -6"><span class='ocrx_word' id='word_1_544' title='bbox 155 2286 218 2317; x_wconf 83' lang='lat' dir='ltr'>aut,</span> <span class='ocrx_word' id='word_1_545' title='bbox 240 2282 292 2311; x_wconf 70' lang='lat'>810.</span> <span class='ocrx_word' id='word_1_546' title='bbox 332 2280 478 2316; x_wconf 85' lang='lat' dir='ltr'>Subaudi,</span> <span class='ocrx_word' id='word_1_547' title='bbox 499 2280 588 2311; x_wconf 88' lang='lat' dir='ltr'>Pretia</span> <span class='ocrx_word' id='word_1_548' title='bbox 599 2289 699 2310; x_wconf 81' lang='lat' dir='ltr'>retum.</span> <span class='ocrx_word' id='word_1_549' title='bbox 742 2279 826 2310; x_wconf 85' lang='lat' dir='ltr'>Varro</span> <span class='ocrx_word' id='word_1_550' title='bbox 840 2289 866 2309; x_wconf 80' lang='lat'>2.</span> <span class='ocrx_word' id='word_1_551' title='bbox 887 2279 922 2308; x_wconf 85' lang='lat' dir='ltr'>de</span> <span class='ocrx_word' id='word_1_552' title='bbox 933 2278 967 2308; x_wconf 86' lang='lat' dir='ltr'>R.</span> <span class='ocrx_word' id='word_1_553' title='bbox 977 2279 1010 2308; x_wconf 77' lang='lat' dir='ltr'>R.</span> <span class='ocrx_word' id='word_1_554' title='bbox 1026 2287 1087 2316; x_wconf 84' lang='lat' dir='ltr'>cap.</span> <span class='ocrx_word' id='word_1_555' title='bbox 1103 2287 1127 2307; x_wconf 85' lang='lat'>1.</span> <span class='ocrx_word' id='word_1_556' title='bbox 1150 2276 1264 2307; x_wconf 84' lang='lat' dir='ltr'>Constat</span> 
     </span>
     <span class='ocr_line' id='line_1_60' title="bbox 156 2318 500 2356; baseline -0.003 -8"><span class='ocrx_word' id='word_1_557' title='bbox 156 2319 367 2356; x_wconf 82' lang='lat' dir='ltr'>quadringentis</span> <span class='ocrx_word' id='word_1_558' title='bbox 376 2318 500 2348; x_wconf 89' lang='lat' dir='ltr'>milibus.</span> 
     </span>
    </p>

    <p class='ocr_par' dir='ltr' id='par_1_29' title="bbox 137 2355 712 2393">
     <span class='ocr_line' id='line_1_61' title="bbox 137 2355 712 2393; baseline -0.003 -6"><span class='ocrx_word' id='word_1_559' title='bbox 137 2357 253 2387; x_wconf 83' lang='lat' dir='ltr'>Constat</span> <span class='ocrx_word' id='word_1_560' title='bbox 263 2366 340 2386; x_wconf 87' lang='lat' dir='ltr'>auro.</span> <span class='ocrx_word' id='word_1_561' title='bbox 362 2356 448 2386; x_wconf 89' lang='lat' dir='ltr'>Plaut.</span> <span class='ocrx_word' id='word_1_562' title='bbox 460 2355 576 2386; x_wconf 88' lang='lat' dir='ltr'>Trucul.</span> <span class='ocrx_word' id='word_1_563' title='bbox 587 2365 614 2386; x_wconf 89' lang='lat'>2.</span> <span class='ocrx_word' id='word_1_564' title='bbox 627 2358 653 2386; x_wconf 87' lang='lat'>6.</span> <span class='ocrx_word' id='word_1_565' title='bbox 669 2365 712 2393; x_wconf 83' lang='lat'>57.</span> 
     </span>
    </p>

    <p class='ocr_par' dir='ltr' id='par_1_30' title="bbox 138 2389 1264 2462">
     <span class='ocr_line' id='line_1_62' title="bbox 138 2389 1264 2433; baseline -0.004 -8"><span class='ocrx_word' id='word_1_566' title='bbox 138 2395 209 2425; x_wconf 85' lang='lat' dir='ltr'>Care</span> <span class='ocrx_word' id='word_1_567' title='bbox 220 2395 335 2424; x_wconf 81' lang='lat' dir='ltr'>constat.</span> <span class='ocrx_word' id='word_1_568' title='bbox 373 2394 430 2424; x_wconf 89' lang='lat' dir='ltr'>Cic.</span> <span class='ocrx_word' id='word_1_569' title='bbox 441 2405 493 2433; x_wconf 84' lang='lat' dir='ltr'>pto</span> <span class='ocrx_word' id='word_1_570' title='bbox 507 2395 591 2425; x_wconf 87' lang='lat' dir='ltr'>Dom.</span> <span class='ocrx_word' id='word_1_571' title='bbox 605 2403 667 2431; x_wconf 82' lang='lat'>115.</span> <span class='ocrx_word' id='word_1_572' title='bbox 690 2390 777 2431; x_wconf 81' lang='lat' dir='ltr'>Quod</span> <span class='ocrx_word' id='word_1_573' title='bbox 798 2392 867 2422; x_wconf 91' lang='lat' dir='ltr'>mihi</span> <span class='ocrx_word' id='word_1_574' title='bbox 890 2392 996 2422; x_wconf 87' lang='lat' dir='ltr'>constat</span> <span class='ocrx_word' id='word_1_575' title='bbox 1011 2391 1118 2428; x_wconf 87' lang='lat' dir='ltr'>carius,</span> <span class='ocrx_word' id='word_1_576' title='bbox 1139 2396 1225 2428; x_wconf 85' lang='lat' dir='ltr'>quam</span> <span class='ocrx_word' id='word_1_577' title='bbox 1243 2389 1264 2420; x_wconf 82' lang='lat' dir='ltr'>fi</span> 
     </span>
     <span class='ocr_line' id='line_1_63' title="bbox 159 2431 408 2462; baseline -0.004 0"><span class='ocrx_word' id='word_1_578' title='bbox 159 2434 190 2462; x_wconf 87' lang='lat' dir='ltr'>in</span> <span class='ocrx_word' id='word_1_579' title='bbox 200 2433 260 2462; x_wconf 86' lang='lat' dir='ltr'>foro</span> <span class='ocrx_word' id='word_1_580' title='bbox 273 2431 408 2462; x_wconf 79' lang='lat' dir='ltr'>emissem.</span> 
     </span>
    </p>

    <p class='ocr_par' dir='ltr' id='par_1_31' title="bbox 138 2468 816 2508">
     <span class='ocr_line' id='line_1_64' title="bbox 138 2468 816 2508; baseline -0.001 -8"><span class='ocrx_word' id='word_1_581' title='bbox 138 2470 280 2501; x_wconf 83' lang='lat' dir='ltr'>Cariffime</span> <span class='ocrx_word' id='word_1_582' title='bbox 291 2470 425 2500; x_wconf 87' lang='lat' dir='ltr'>constare.</span> <span class='ocrx_word' id='word_1_583' title='bbox 447 2470 553 2500; x_wconf 87' lang='lat' dir='ltr'>Seneca</span> <span class='ocrx_word' id='word_1_584' title='bbox 566 2469 649 2508; x_wconf 86' lang='lat' dir='ltr'>Epist.</span> <span class='ocrx_word' id='word_1_585' title='bbox 660 2479 707 2505; x_wconf 83' lang='lat'>42·</span> <span class='ocrx_word' id='word_1_586' title='bbox 729 2469 765 2499; x_wconf 89' lang='lat' dir='ltr'>H.</span> <span class='ocrx_word' id='word_1_587' title='bbox 776 2468 816 2499; x_wconf 82' lang='lat' dir='ltr'>St.</span> 
     </span>
    </p>

    <p class='ocr_par' dir='ltr' id='par_1_32' title="bbox 139 2505 1186 2545">
     <span class='ocr_line' id='line_1_65' title="bbox 139 2505 1186 2545; baseline -0.002 -7"><span class='ocrx_word' id='word_1_588' title='bbox 139 2509 238 2539; x_wconf 86' lang='lat' dir='ltr'>Gratis.</span> <span class='ocrx_word' id='word_1_589' title='bbox 277 2508 335 2538; x_wconf 88' lang='lat' dir='ltr'>Cic.</span> <span class='ocrx_word' id='word_1_590' title='bbox 348 2508 458 2543; x_wconf 89' lang='lat' dir='ltr'>7.Verr.</span> <span class='ocrx_word' id='word_1_591' title='bbox 469 2518 515 2545; x_wconf 88' lang='lat'>47.</span> <span class='ocrx_word' id='word_1_592' title='bbox 537 2508 578 2538; x_wconf 90' lang='lat' dir='ltr'>Sit</span> <span class='ocrx_word' id='word_1_593' title='bbox 588 2514 770 2545; x_wconf 81' lang='lat' dir='ltr'>argumento,</span> <span class='ocrx_word' id='word_1_594' title='bbox 791 2506 840 2536; x_wconf 92' lang='lat' dir='ltr'>tibi</span> <span class='ocrx_word' id='word_1_595' title='bbox 851 2505 1065 2544; x_wconf 86' lang='lat' dir='ltr'>gratisconstare</span> <span class='ocrx_word' id='word_1_596' title='bbox 1075 2514 1186 2536; x_wconf 87' lang='lat' dir='ltr'>navem.</span> 
     </span>
    </p>

    <p class='ocr_par' dir='ltr' id='par_1_33' title="bbox 139 2545 1266 2622">
     <span class='ocr_line' id='line_1_66' title="bbox 139 2545 1266 2583; baseline -0.004 -5"><span class='ocrx_word' id='word_1_597' title='bbox 139 2546 262 2578; x_wconf 80' lang='lat' dir='ltr'>Minoris</span> <span class='ocrx_word' id='word_1_598' title='bbox 272 2546 399 2577; x_wconf 81' lang='lat' dir='ltr'>dimidio.</span> <span class='ocrx_word' id='word_1_599' title='bbox 431 2546 490 2576; x_wconf 86' lang='lat' dir='ltr'>Cic.</span> <span class='ocrx_word' id='word_1_600' title='bbox 507 2556 548 2583; x_wconf 83' lang='lat'>13.</span> <span class='ocrx_word' id='word_1_601' title='bbox 562 2547 615 2576; x_wconf 86' lang='lat' dir='ltr'>Att.</span> <span class='ocrx_word' id='word_1_602' title='bbox 628 2554 673 2579; x_wconf 80' lang='lat'>29.</span> <span class='ocrx_word' id='word_1_603' title='bbox 697 2546 789 2582; x_wconf 83' lang='lat' dir='ltr'>Quam</span> <span class='ocrx_word' id='word_1_604' title='bbox 801 2551 832 2574; x_wconf 86' lang='lat' dir='ltr'>ut</span> <span class='ocrx_word' id='word_1_605' title='bbox 843 2551 947 2574; x_wconf 80' lang='lat' dir='ltr'>tantam</span> <span class='ocrx_word' id='word_1_606' title='bbox 957 2545 1091 2574; x_wconf 84' lang='lat' dir='ltr'>faciamus</span> <span class='ocrx_word' id='word_1_607' title='bbox 1102 2566 1110 2578; x_wconf 81' lang='lat'>,</span> <span class='ocrx_word' id='word_1_608' title='bbox 1131 2550 1266 2581; x_wconf 82' lang='lat' dir='ltr'>quantam.</span> 
     </span>
     <span class='ocr_line' id='line_1_67' title="bbox 158 2582 1181 2622; baseline -0.002 -9"><span class='ocrx_word' id='word_1_609' title='bbox 158 2586 188 2614; x_wconf 87' lang='lat' dir='ltr'>in</span> <span class='ocrx_word' id='word_1_610' title='bbox 198 2584 357 2614; x_wconf 91' lang='lat' dir='ltr'>Tusculano</span> <span class='ocrx_word' id='word_1_611' title='bbox 370 2584 488 2614; x_wconf 87' lang='lat' dir='ltr'>fecimus</span> <span class='ocrx_word' id='word_1_612' title='bbox 502 2607 510 2618; x_wconf 76' lang='lat'>.</span> <span class='ocrx_word' id='word_1_613' title='bbox 531 2594 619 2622; x_wconf 87' lang='lat' dir='ltr'>prope</span> <span class='ocrx_word' id='word_1_614' title='bbox 635 2584 755 2613; x_wconf 88' lang='lat' dir='ltr'>dimidio</span> <span class='ocrx_word' id='word_1_615' title='bbox 767 2583 882 2612; x_wconf 89' lang='lat' dir='ltr'>minoris</span> <span class='ocrx_word' id='word_1_616' title='bbox 893 2582 1030 2612; x_wconf 87' lang='lat' dir='ltr'>constabit</span> <span class='ocrx_word' id='word_1_617' title='bbox 1044 2582 1095 2611; x_wconf 92' lang='lat' dir='ltr'>isto</span> <span class='ocrx_word' id='word_1_618' title='bbox 1107 2582 1181 2612; x_wconf 93' lang='lat' dir='ltr'>loco.</span> 
     </span>
    </p>

    <p class='ocr_par' dir='ltr' id='par_1_34' title="bbox 140 2621 1090 2658">
     <span class='ocr_line' id='line_1_68' title="bbox 140 2621 1090 2658; baseline -0.004 -5"><span class='ocrx_word' id='word_1_619' title='bbox 140 2623 234 2653; x_wconf 91' lang='lat' dir='ltr'>Tanto</span> <span class='ocrx_word' id='word_1_620' title='bbox 245 2622 329 2651; x_wconf 89' lang='lat' dir='ltr'>nobis</span> <span class='ocrx_word' id='word_1_621' title='bbox 336 2622 445 2651; x_wconf 77' lang='lat' dir='ltr'>deliciae</span> <span class='ocrx_word' id='word_1_622' title='bbox 454 2623 480 2653; x_wconf 72' lang='grc' dir='ltr'><strong>ἃ</strong></span> <span class='ocrx_word' id='word_1_623' title='bbox 492 2622 602 2652; x_wconf 83' lang='lat' dir='ltr'>feminae</span> <span class='ocrx_word' id='word_1_624' title='bbox 614 2621 749 2651; x_wconf 84' lang='lat' dir='ltr'>constant.</span> <span class='ocrx_word' id='word_1_625' title='bbox 772 2621 840 2650; x_wconf 85' lang='lat' dir='ltr'>Plin.</span> <span class='ocrx_word' id='word_1_626' title='bbox 853 2621 899 2650; x_wconf 88' lang='lat' dir='ltr'>lib.</span> <span class='ocrx_word' id='word_1_627' title='bbox 920 2630 960 2650; x_wconf 85' lang='lat'>12.</span> <span class='ocrx_word' id='word_1_628' title='bbox 973 2630 1034 2658; x_wconf 91' lang='lat' dir='ltr'>cap.</span> <span class='ocrx_word' id='word_1_629' title='bbox 1048 2626 1090 2654; x_wconf 79' lang='lat'>¹8·</span> 
     </span>
    </p>

    <p class='ocr_par' dir='ltr' id='par_1_35' title="bbox 139 2657 1266 2729">
     <span class='ocr_line' id='line_1_69' title="bbox 139 2657 1266 2727; baseline -0.004 -37"><span class='ocrx_word' id='word_1_630' title='bbox 139 2660 283 2727; x_wconf 59' lang='lat' dir='ltr'>Viliffiridie.</span> <span class='ocrx_word' id='word_1_631' title='bbox 326 2660 464 2690; x_wconf 81' lang='lat' dir='ltr'>Columel.</span> <span class='ocrx_word' id='word_1_632' title='bbox 480 2660 529 2690; x_wconf 91' lang='lat' dir='ltr'>lib.</span> <span class='ocrx_word' id='word_1_633' title='bbox 543 2671 568 2696; x_wconf 88' lang='grc'>9.</span> <span class='ocrx_word' id='word_1_634' title='bbox 586 2670 647 2698; x_wconf 88' lang='lat' dir='ltr'>cap.</span> <span class='ocrx_word' id='word_1_635' title='bbox 661 2669 685 2689; x_wconf 91' lang='lat'>1.</span> <span class='ocrx_word' id='word_1_636' title='bbox 705 2659 740 2689; x_wconf 87' lang='lat' dir='ltr'>Et</span> <span class='ocrx_word' id='word_1_637' title='bbox 751 2659 886 2697; x_wconf 88' lang='lat' dir='ltr'>quicquid</span> <span class='ocrx_word' id='word_1_638' title='bbox 898 2658 1018 2696; x_wconf 84' lang='lat' dir='ltr'>denique</span> <span class='ocrx_word' id='word_1_639' title='bbox 1027 2657 1154 2688; x_wconf 79' lang='lat' dir='ltr'>vilissime</span> <span class='ocrx_word' id='word_1_640' title='bbox 1165 2658 1266 2688; x_wconf 83' lang='lat' dir='ltr'>consti-</span> 
     </span>
     <span class='ocr_line' id='line_1_70' title="bbox 159 2706 312 2729; baseline -0.013 0"><span class='ocrx_word' id='word_1_641' title='bbox 159 2706 225 2729; x_wconf 82' lang='lat' dir='ltr'>terit</span> <span class='ocrx_word' id='word_1_642' title='bbox 258 2707 312 2728; x_wconf 89' lang='lat' dir='ltr'>are.</span> 
     </span>
    </p>

    <p class='ocr_par' dir='ltr' id='par_1_36' title="bbox 139 2732 1266 2849">
     <span class='ocr_line' id='line_1_71' title="bbox 139 2732 1261 2773; baseline -0.004 -6"><span class='ocrx_word' id='word_1_643' title='bbox 139 2737 289 2771; x_wconf 85' lang='lat' dir='ltr'>Constare,</span> <span class='ocrx_word' id='word_1_644' title='bbox 310 2734 488 2772; x_wconf 33' lang='lat' dir='ltr'>[maffia</span> <span class='ocrx_word' id='word_1_645' title='bbox 509 2735 683 2771; x_wconf 60' lang='grc' dir='ltr'>συνῗεθεῖιθωι]</span> <span class='ocrx_word' id='word_1_646' title='bbox 710 2735 904 2773; x_wconf 86' lang='lat' dir='ltr'>Compositum</span> <span class='ocrx_word' id='word_1_647' title='bbox 921 2732 1013 2764; x_wconf 80' lang='lat' dir='ltr'>effe&amp;</span> <span class='ocrx_word' id='word_1_648' title='bbox 1025 2734 1140 2763; x_wconf 71' lang='lat' dir='ltr'>factum.</span> <span class='ocrx_word' id='word_1_649' title='bbox 1163 2732 1220 2762; x_wconf 89' lang='lat' dir='ltr'>Cic.</span> <span class='ocrx_word' id='word_1_650' title='bbox 1233 2743 1261 2769; x_wconf 88' lang='lat'>4.</span> 
     </span>
     <span class='ocr_line' id='line_1_72' title="bbox 158 2771 1266 2812; baseline -0.005 -7"><span class='ocrx_word' id='word_1_651' title='bbox 158 2775 243 2805; x_wconf 78' lang='lat' dir='ltr'>Acad.</span> <span class='ocrx_word' id='word_1_652' title='bbox 260 2783 321 2811; x_wconf 84' lang='lat'>¹17·</span> <span class='ocrx_word' id='word_1_653' title='bbox 344 2773 466 2803; x_wconf 90' lang='lat' dir='ltr'>Tantum</span> <span class='ocrx_word' id='word_1_654' title='bbox 476 2774 512 2804; x_wconf 92' lang='lat' dir='ltr'>de</span> <span class='ocrx_word' id='word_1_655' title='bbox 522 2774 669 2812; x_wconf 84' lang='lat' dir='ltr'>principiis</span> <span class='ocrx_word' id='word_1_656' title='bbox 679 2783 787 2808; x_wconf 82' lang='lat' dir='ltr'>rerum,</span> <span class='ocrx_word' id='word_1_657' title='bbox 809 2783 825 2802; x_wconf 89' lang='lat' dir='ltr'>e</span> <span class='ocrx_word' id='word_1_658' title='bbox 837 2773 937 2811; x_wconf 84' lang='lat' dir='ltr'>quibus</span> <span class='ocrx_word' id='word_1_659' title='bbox 948 2772 1043 2802; x_wconf 88' lang='lat' dir='ltr'>omnia</span> <span class='ocrx_word' id='word_1_660' title='bbox 1057 2771 1183 2802; x_wconf 87' lang='lat' dir='ltr'>constant</span> <span class='ocrx_word' id='word_1_661' title='bbox 1194 2793 1203 2806; x_wconf 87' lang='lat'>,</span> <span class='ocrx_word' id='word_1_662' title='bbox 1226 2772 1266 2800; x_wconf 91' lang='lat' dir='ltr'>vi-</span> 
     </span>
     <span class='ocr_line' id='line_1_73' title="bbox 159 2811 485 2849; baseline -0.006 -7"><span class='ocrx_word' id='word_1_663' title='bbox 159 2813 274 2842; x_wconf 87' lang='lat' dir='ltr'>deamus</span> <span class='ocrx_word' id='word_1_664' title='bbox 284 2821 367 2849; x_wconf 86' lang='lat' dir='ltr'>quern</span> <span class='ocrx_word' id='word_1_665' title='bbox 377 2811 485 2849; x_wconf 88' lang='lat' dir='ltr'>probet.</span> 
     </span>
    </p>

    <p class='ocr_par' dir='ltr' id='par_1_37' title="bbox 137 2846 1264 2918">
     <span class='ocr_line' id='line_1_74' title="bbox 137 2846 1264 2918; baseline -0.004 -36"><span class='ocrx_word' id='word_1_666' title='bbox 137 2851 182 2918; x_wconf 52' lang='lat' dir='ltr'>Eg</span> <span class='ocrx_word' id='word_1_667' title='bbox 190 2850 303 2885; x_wconf 69' lang='lat' dir='ltr'>fraude,</span> <span class='ocrx_word' id='word_1_668' title='bbox 324 2849 459 2886; x_wconf 84' lang='lat' dir='ltr'>fallaciis,</span> <span class='ocrx_word' id='word_1_669' title='bbox 481 2849 635 2880; x_wconf 87' lang='lat' dir='ltr'>mendaciis</span> <span class='ocrx_word' id='word_1_670' title='bbox 653 2848 778 2879; x_wconf 86' lang='lat' dir='ltr'>constare</span> <span class='ocrx_word' id='word_1_671' title='bbox 799 2854 874 2878; x_wconf 89' lang='lat' dir='ltr'>totus</span> <span class='ocrx_word' id='word_1_672' title='bbox 892 2848 1013 2878; x_wconf 87' lang='lat' dir='ltr'>videtur.</span> <span class='ocrx_word' id='word_1_673' title='bbox 1036 2847 1094 2878; x_wconf 88' lang='lat' dir='ltr'>Cic.</span> <span class='ocrx_word' id='word_1_674' title='bbox 1112 2857 1163 2886; x_wconf 89' lang='lat' dir='ltr'>pro</span> <span class='ocrx_word' id='word_1_675' title='bbox 1182 2846 1264 2878; x_wconf 89' lang='lat' dir='ltr'>Rosc.</span> 
     </span>
    </p>

    <p class='ocr_par' dir='ltr' id='par_1_38' title="bbox 185 2898 501 2918">
     <span class='ocr_line' id='line_1_75' title="bbox 185 2898 501 2918; baseline 0 -1"><span class='ocrx_word' id='word_1_676' title='bbox 185 2899 241 2918; x_wconf 86' lang='lat' dir='ltr'>oni.</span> <span class='ocrx_word' id='word_1_677' title='bbox 257 2898 303 2918; x_wconf 87' lang='lat'>20.</span> <span class='ocrx_word' id='word_1_678' title='bbox 492 2913 501 2917; x_wconf 72' lang='lat'>-</span> 
     </span>
    </p>

    <p class='ocr_par' dir='ltr' id='par_1_39' title="bbox 140 2923 996 2964">
     <span class='ocr_line' id='line_1_76' title="bbox 140 2923 996 2964; baseline -0.005 -8"><span class='ocrx_word' id='word_1_679' title='bbox 140 2927 254 2957; x_wconf 85' lang='lat' dir='ltr'>Constat</span> <span class='ocrx_word' id='word_1_680' title='bbox 263 2925 462 2964; x_wconf 85' lang='lat' dir='ltr'>experimentis</span> <span class='ocrx_word' id='word_1_681' title='bbox 473 2925 623 2955; x_wconf 80' lang='lat' dir='ltr'>medicina.</span> <span class='ocrx_word' id='word_1_682' title='bbox 646 2924 767 2961; x_wconf 79' lang='lat' dir='ltr'>Quintil.</span> <span class='ocrx_word' id='word_1_683' title='bbox 778 2923 825 2954; x_wconf 93' lang='lat' dir='ltr'>lib.</span> <span class='ocrx_word' id='word_1_684' title='bbox 839 2934 862 2953; x_wconf 87' lang='lat'>2.</span> <span class='ocrx_word' id='word_1_685' title='bbox 876 2933 939 2962; x_wconf 87' lang='lat' dir='ltr'>cap.</span> <span class='ocrx_word' id='word_1_686' title='bbox 956 2933 996 2962; x_wconf 88' lang='lat'>17.</span> 
     </span>
    </p>

    <p class='ocr_par' dir='ltr' id='par_1_40' title="bbox 141 2961 1263 3032">
     <span class='ocr_line' id='line_1_77' title="bbox 141 2961 1263 3032; baseline -0.004 -37"><span class='ocrx_word' id='word_1_687' title='bbox 141 2964 254 3032; x_wconf 53' lang='grc'>0011111111</span> <span class='ocrx_word' id='word_1_688' title='bbox 269 2964 414 3002; x_wconf 87' lang='lat' dir='ltr'>provincia</span> <span class='ocrx_word' id='word_1_689' title='bbox 429 2963 525 2994; x_wconf 86' lang='lat' dir='ltr'>Galliae</span> <span class='ocrx_word' id='word_1_690' title='bbox 543 2973 579 2994; x_wconf 81' lang='lat' dir='ltr'>ex</span> <span class='ocrx_word' id='word_1_691' title='bbox 591 2963 634 2993; x_wconf 88' lang='lat' dir='ltr'>his</span> <span class='ocrx_word' id='word_1_692' title='bbox 649 2962 797 3001; x_wconf 82' lang='lat' dir='ltr'>generibus</span> <span class='ocrx_word' id='word_1_693' title='bbox 817 2962 964 2991; x_wconf 88' lang='lat' dir='ltr'>hominurn</span> <span class='ocrx_word' id='word_1_694' title='bbox 984 2964 1010 2992; x_wconf 73' lang='lat' dir='ltr'>Sc</span> <span class='ocrx_word' id='word_1_695' title='bbox 1026 2961 1180 2992; x_wconf 83' lang='lat' dir='ltr'>civitatum.</span> <span class='ocrx_word' id='word_1_696' title='bbox 1203 2961 1263 2992; x_wconf 91' lang='lat' dir='ltr'>Cic.</span> 
     </span>
    </p>

    <p class='ocr_par' dir='ltr' id='par_1_41' title="bbox 183 3008 347 3032">
     <span class='ocr_line' id='line_1_78' title="bbox 183 3008 347 3032; baseline -0.012 0"><span class='ocrx_word' id='word_1_697' title='bbox 183 3013 214 3032; x_wconf 86' lang='lat' dir='ltr'>ro</span> <span class='ocrx_word' id='word_1_698' title='bbox 250 3008 309 3031; x_wconf 89' lang='lat' dir='ltr'>ont.</span> <span class='ocrx_word' id='word_1_699' title='bbox 321 3011 347 3030; x_wconf 91' lang='lat'>2.</span> 
     </span>
    </p>

    <p class='ocr_par' dir='ltr' id='par_1_42' title="bbox 141 3014 1267 3152">
     <span class='ocr_line' id='line_1_79' title="bbox 141 3014 1266 3076; baseline -0.003 -6"><span class='ocrx_word' id='word_1_700' title='bbox 141 3014 271 3071; x_wconf 59' lang='lat' dir='ltr'>anstare</span> <span class='ocrx_word' id='word_1_701' title='bbox 283 3062 291 3075; x_wconf 84' lang='lat'>,</span> <span class='ocrx_word' id='word_1_702' title='bbox 311 3036 415 3076; x_wconf 70' lang='grc' dir='ltr'>[εἶνοα]</span> <span class='ocrx_word' id='word_1_703' title='bbox 436 3038 503 3069; x_wconf 77' lang='lat' dir='ltr'>Effe.</span> <span class='ocrx_word' id='word_1_704' title='bbox 544 3039 603 3068; x_wconf 85' lang='lat' dir='ltr'>Cic.</span> <span class='ocrx_word' id='word_1_705' title='bbox 619 3038 655 3068; x_wconf 86' lang='lat' dir='ltr'>de</span> <span class='ocrx_word' id='word_1_706' title='bbox 667 3038 778 3068; x_wconf 85' lang='lat' dir='ltr'>Amicit.</span> <span class='ocrx_word' id='word_1_707' title='bbox 793 3048 838 3073; x_wconf 86' lang='lat'>24.</span> <span class='ocrx_word' id='word_1_708' title='bbox 862 3037 1072 3075; x_wconf 82' lang='lat' dir='ltr'>Agrigentinum</span> <span class='ocrx_word' id='word_1_709' title='bbox 1087 3037 1202 3075; x_wconf 87' lang='lat' dir='ltr'>quidem</span> <span class='ocrx_word' id='word_1_710' title='bbox 1217 3038 1266 3067; x_wconf 88' lang='lat' dir='ltr'>do-</span> 
     </span>
     <span class='ocr_line' id='line_1_80' title="bbox 159 3075 1267 3116; baseline -0.002 -8"><span class='ocrx_word' id='word_1_711' title='bbox 159 3081 236 3109; x_wconf 67' lang='lat' dir='ltr'>etum</span> <span class='ocrx_word' id='word_1_712' title='bbox 247 3078 387 3116; x_wconf 84' lang='lat' dir='ltr'>quendam</span> <span class='ocrx_word' id='word_1_713' title='bbox 397 3078 486 3107; x_wconf 87' lang='lat' dir='ltr'>virum</span> <span class='ocrx_word' id='word_1_714' title='bbox 496 3077 668 3107; x_wconf 85' lang='lat' dir='ltr'>carminibus</span> <span class='ocrx_word' id='word_1_715' title='bbox 681 3077 783 3106; x_wconf 80' lang='lat' dir='ltr'>Graecis</span> <span class='ocrx_word' id='word_1_716' title='bbox 795 3076 975 3105; x_wconf 86' lang='lat' dir='ltr'>vaticinatum</span> <span class='ocrx_word' id='word_1_717' title='bbox 987 3075 1079 3105; x_wconf 89' lang='lat' dir='ltr'>ferunt</span> <span class='ocrx_word' id='word_1_718' title='bbox 1091 3096 1098 3110; x_wconf 83' lang='grc'><em>,</em></span> <span class='ocrx_word' id='word_1_719' title='bbox 1120 3085 1179 3112; x_wconf 84' lang='lat' dir='ltr'>quae</span> <span class='ocrx_word' id='word_1_720' title='bbox 1189 3076 1216 3104; x_wconf 93' lang='lat' dir='ltr'>in</span> <span class='ocrx_word' id='word_1_721' title='bbox 1226 3086 1267 3106; x_wconf 85' lang='lat' dir='ltr'>re-</span> 
     </span>
     <span class='ocr_line' id='line_1_81' title="bbox 161 3114 1267 3152; baseline -0.003 -6"><span class='ocrx_word' id='word_1_722' title='bbox 161 3127 224 3146; x_wconf 85' lang='lat' dir='ltr'>rum</span> <span class='ocrx_word' id='word_1_723' title='bbox 233 3122 348 3152; x_wconf 84' lang='lat' dir='ltr'>natura,</span> <span class='ocrx_word' id='word_1_724' title='bbox 367 3121 484 3152; x_wconf 89' lang='lat' dir='ltr'>totoque</span> <span class='ocrx_word' id='word_1_725' title='bbox 497 3115 604 3144; x_wconf 88' lang='lat' dir='ltr'>mundo</span> <span class='ocrx_word' id='word_1_726' title='bbox 620 3114 796 3150; x_wconf 88' lang='lat' dir='ltr'>constarent,</span> <span class='ocrx_word' id='word_1_727' title='bbox 818 3124 933 3152; x_wconf 85' lang='lat' dir='ltr'>quaeque</span> <span class='ocrx_word' id='word_1_728' title='bbox 945 3120 1133 3150; x_wconf 88' lang='lat' dir='ltr'>moverentur,</span> <span class='ocrx_word' id='word_1_729' title='bbox 1155 3123 1187 3143; x_wconf 87' lang='lat' dir='ltr'>ea</span> <span class='ocrx_word' id='word_1_730' title='bbox 1199 3124 1267 3144; x_wconf 88' lang='lat' dir='ltr'>con-</span> 
     </span>
    </p>

    <p class='ocr_par' dir='ltr' id='par_1_43' title="bbox 105 3152 793 3191">
     <span class='ocr_line' id='line_1_82' title="bbox 105 3152 793 3191; baseline -0.004 -7"><span class='ocrx_word' id='word_1_731' title='bbox 105 3174 110 3176; x_wconf 35' lang='lat' dir='ltr'><em>r</em></span> <span class='ocrx_word' id='word_1_732' title='bbox 162 3155 270 3184; x_wconf 81' lang='lat' dir='ltr'>trahere</span> <span class='ocrx_word' id='word_1_733' title='bbox 282 3153 449 3188; x_wconf 76' lang='lat' dir='ltr'>Amicitiam,</span> <span class='ocrx_word' id='word_1_734' title='bbox 471 3152 599 3191; x_wconf 71' lang='lat' dir='ltr'>dissipare</span> <span class='ocrx_word' id='word_1_735' title='bbox 613 3152 793 3182; x_wconf 86' lang='lat' dir='ltr'>Discordiam.</span> 
     </span>
    </p>

    <p class='ocr_par' dir='ltr' id='par_1_44' title="bbox 140 3189 1265 3267">
     <span class='ocr_line' id='line_1_83' title="bbox 140 3189 1265 3235; baseline -0.002 -14"><span class='ocrx_word' id='word_1_736' title='bbox 140 3193 205 3230; x_wconf 77' lang='lat' dir='ltr'>Agri</span> <span class='ocrx_word' id='word_1_737' title='bbox 222 3191 350 3235; x_wconf 73' lang='lat' dir='ltr'>constant</span> <span class='ocrx_word' id='word_1_738' title='bbox 360 3191 466 3230; x_wconf 81' lang='lat' dir='ltr'>campis</span> <span class='ocrx_word' id='word_1_739' title='bbox 477 3212 485 3227; x_wconf 82' lang='lat'>,</span> <span class='ocrx_word' id='word_1_740' title='bbox 507 3192 595 3221; x_wconf 89' lang='lat' dir='ltr'>vineis</span> <span class='ocrx_word' id='word_1_741' title='bbox 608 3213 616 3226; x_wconf 86' lang='lat'>,</span> <span class='ocrx_word' id='word_1_742' title='bbox 638 3190 719 3221; x_wconf 85' lang='lat' dir='ltr'>silvis.</span> <span class='ocrx_word' id='word_1_743' title='bbox 753 3189 822 3221; x_wconf 87' lang='lat' dir='ltr'>Plin.</span> <span class='ocrx_word' id='word_1_744' title='bbox 834 3190 861 3219; x_wconf 91' lang='lat' dir='ltr'>in</span> <span class='ocrx_word' id='word_1_745' title='bbox 875 3189 956 3228; x_wconf 85' lang='lat' dir='ltr'>Epist.</span> <span class='ocrx_word' id='word_1_746' title='bbox 984 3189 1003 3220; x_wconf 93' lang='lat' dir='ltr'>i.</span> <span class='ocrx_word' id='word_1_747' title='bbox 1013 3199 1039 3220; x_wconf 84' lang='lat' dir='ltr'>e.</span> <span class='ocrx_word' id='word_1_748' title='bbox 1061 3190 1132 3220; x_wconf 88' lang='lat' dir='ltr'>Sunt</span> <span class='ocrx_word' id='word_1_749' title='bbox 1143 3189 1173 3226; x_wconf 76' lang='lat' dir='ltr'>in</span> <span class='ocrx_word' id='word_1_750' title='bbox 1184 3190 1265 3227; x_wconf 81' lang='lat' dir='ltr'>agris,</span> 
     </span>
     <span class='ocr_line' id='line_1_84' title="bbox 160 3230 347 3267; baseline -0.005 -7"><span class='ocrx_word' id='word_1_751' title='bbox 160 3240 254 3267; x_wconf 85' lang='lat' dir='ltr'>campi</span> <span class='ocrx_word' id='word_1_752' title='bbox 266 3252 274 3265; x_wconf 94' lang='lat'>,</span> <span class='ocrx_word' id='word_1_753' title='bbox 296 3230 347 3259; x_wconf 65' lang='lat' dir='ltr'>&amp;Q</span> 
     </span>
    </p>

    <p class='ocr_par' dir='ltr' id='par_1_45' title="bbox 140 3266 975 3303">
     <span class='ocr_line' id='line_1_85' title="bbox 140 3266 975 3303; baseline -0.004 -5"><span class='ocrx_word' id='word_1_754' title='bbox 140 3267 272 3298; x_wconf 83' lang='lat' dir='ltr'>Constare</span> <span class='ocrx_word' id='word_1_755' title='bbox 286 3276 321 3296; x_wconf 81' lang='lat' dir='ltr'>ex</span> <span class='ocrx_word' id='word_1_756' title='bbox 332 3266 426 3296; x_wconf 88' lang='lat' dir='ltr'>multis</span> <span class='ocrx_word' id='word_1_757' title='bbox 436 3267 463 3296; x_wconf 71' lang='lat' dir='ltr'>Sc</span> <span class='ocrx_word' id='word_1_758' title='bbox 476 3266 582 3303; x_wconf 77' lang='lat' dir='ltr'>magnis</span> <span class='ocrx_word' id='word_1_759' title='bbox 593 3266 683 3296; x_wconf 91' lang='lat' dir='ltr'>rebus.</span> <span class='ocrx_word' id='word_1_760' title='bbox 706 3266 765 3297; x_wconf 90' lang='lat' dir='ltr'>Cic.</span> <span class='ocrx_word' id='word_1_761' title='bbox 780 3276 804 3297; x_wconf 87' lang='lat'>1.</span> <span class='ocrx_word' id='word_1_762' title='bbox 817 3266 853 3295; x_wconf 90' lang='lat' dir='ltr'>de</span> <span class='ocrx_word' id='word_1_763' title='bbox 866 3266 975 3296; x_wconf 76' lang='lat' dir='ltr'>invent.</span> 
     </span>
    </p>

    <p class='ocr_par' dir='ltr' id='par_1_46' title="bbox 145 3304 876 3342">
     <span class='ocr_line' id='line_1_86' title="bbox 145 3304 876 3342; baseline -0.001 -7"><span class='ocrx_word' id='word_1_764' title='bbox 145 3305 280 3336; x_wconf 80' lang='lat' dir='ltr'>Constant</span> <span class='ocrx_word' id='word_1_765' title='bbox 291 3316 307 3334; x_wconf 87' lang='lat' dir='ltr'>e</span> <span class='ocrx_word' id='word_1_766' title='bbox 318 3305 463 3342; x_wconf 86' lang='lat' dir='ltr'>principiis</span> <span class='ocrx_word' id='word_1_767' title='bbox 474 3304 577 3334; x_wconf 83' lang='lat' dir='ltr'>omnia.</span> <span class='ocrx_word' id='word_1_768' title='bbox 599 3304 659 3334; x_wconf 83' lang='lat' dir='ltr'>Cic.</span> <span class='ocrx_word' id='word_1_769' title='bbox 669 3316 695 3339; x_wconf 85' lang='lat'>4·</span> <span class='ocrx_word' id='word_1_770' title='bbox 713 3305 796 3334; x_wconf 79' lang='lat' dir='ltr'>Acad.</span> <span class='ocrx_word' id='word_1_771' title='bbox 815 3314 876 3341; x_wconf 90' lang='lat'><em>¹¹7-</em></span> 
     </span>
    </p>

    <p class='ocr_par' dir='ltr' id='par_1_47' title="bbox 142 3339 1266 3449">
     <span class='ocr_line' id='line_1_87' title="bbox 142 3339 1263 3381; baseline -0.002 -7"><span class='ocrx_word' id='word_1_772' title='bbox 142 3343 258 3374; x_wconf 77' lang='lat' dir='ltr'>Constat</span> <span class='ocrx_word' id='word_1_773' title='bbox 269 3350 415 3381; x_wconf 86' lang='lat' dir='ltr'>apparatus</span> <span class='ocrx_word' id='word_1_774' title='bbox 426 3364 434 3377; x_wconf 80' lang='grc'><em>,</em></span> <span class='ocrx_word' id='word_1_775' title='bbox 449 3342 626 3380; x_wconf 89' lang='lat' dir='ltr'>impendii&amp;</span> <span class='ocrx_word' id='word_1_776' title='bbox 636 3343 772 3381; x_wconf 85' lang='lat' dir='ltr'>temporis</span> <span class='ocrx_word' id='word_1_777' title='bbox 784 3343 886 3371; x_wconf 90' lang='lat' dir='ltr'>modus</span> <span class='ocrx_word' id='word_1_778' title='bbox 898 3350 995 3371; x_wconf 76' lang='lat' dir='ltr'>coenae.</span> <span class='ocrx_word' id='word_1_779' title='bbox 1019 3340 1079 3371; x_wconf 83' lang='lat' dir='ltr'>Plin</span> <span class='ocrx_word' id='word_1_780' title='bbox 1091 3351 1113 3377; x_wconf 84' lang='lat'>3.</span> <span class='ocrx_word' id='word_1_781' title='bbox 1131 3339 1213 3379; x_wconf 85' lang='lat' dir='ltr'>Epist.</span> <span class='ocrx_word' id='word_1_782' title='bbox 1223 3350 1263 3378; x_wconf 90' lang='lat'>13.</span> 
     </span>
     <span class='ocr_line' id='line_1_88' title="bbox 159 3379 1266 3449; baseline -0.002 -37"><span class='ocrx_word' id='word_1_783' title='bbox 159 3381 266 3449; x_wconf 44' lang='lat' dir='ltr'>Noigae</span> <span class='ocrx_word' id='word_1_784' title='bbox 284 3390 378 3411; x_wconf 86' lang='lat' dir='ltr'>tamen</span> <span class='ocrx_word' id='word_1_785' title='bbox 398 3390 486 3410; x_wconf 84' lang='lat' dir='ltr'>coenae</span> <span class='ocrx_word' id='word_1_786' title='bbox 504 3389 535 3410; x_wconf 87' lang='lat' dir='ltr'>ut</span> <span class='ocrx_word' id='word_1_787' title='bbox 552 3388 700 3419; x_wconf 82' lang='lat' dir='ltr'>apparatus</span> <span class='ocrx_word' id='word_1_788' title='bbox 724 3382 750 3412; x_wconf 84' lang='lat'>&amp;</span> <span class='ocrx_word' id='word_1_789' title='bbox 765 3379 922 3419; x_wconf 89' lang='lat' dir='ltr'>impendii,</span> <span class='ocrx_word' id='word_1_790' title='bbox 950 3379 987 3409; x_wconf 85' lang='lat' dir='ltr'>fic</span> <span class='ocrx_word' id='word_1_791' title='bbox 1009 3381 1145 3418; x_wconf 89' lang='lat' dir='ltr'>temporis</span> <span class='ocrx_word' id='word_1_792' title='bbox 1165 3381 1266 3410; x_wconf 86' lang='lat' dir='ltr'>modus</span> 
     </span>
     <span class='ocr_line' id='line_1_89' title="bbox 158 3424 275 3449; baseline -0.009 0"><span class='ocrx_word' id='word_1_793' title='bbox 158 3429 212 3449; x_wconf 86' lang='lat' dir='ltr'>con</span> <span class='ocrx_word' id='word_1_794' title='bbox 239 3424 275 3448; x_wconf 55' lang='lat' dir='ltr'>eh</span> 
     </span>
    </p>

    <p class='ocr_par' dir='ltr' id='par_1_48' title="bbox 140 3454 1269 3947">
     <span class='ocr_line' id='line_1_90' title="bbox 140 3454 1266 3493; baseline -0.002 -5"><span class='ocrx_word' id='word_1_795' title='bbox 140 3457 223 3488; x_wconf 89' lang='lat' dir='ltr'>Ratio</span> <span class='ocrx_word' id='word_1_796' title='bbox 242 3456 357 3486; x_wconf 86' lang='lat' dir='ltr'>constat.</span> <span class='ocrx_word' id='word_1_797' title='bbox 397 3455 467 3485; x_wconf 87' lang='lat' dir='ltr'>Plin.</span> <span class='ocrx_word' id='word_1_798' title='bbox 483 3464 505 3484; x_wconf 86' lang='lat'>1.</span> <span class='ocrx_word' id='word_1_799' title='bbox 523 3454 608 3493; x_wconf 86' lang='lat' dir='ltr'>Epist.</span> <span class='ocrx_word' id='word_1_800' title='bbox 630 3465 655 3493; x_wconf 83' lang='grc' dir='ltr'>ς.</span> <span class='ocrx_word' id='word_1_801' title='bbox 678 3455 713 3485; x_wconf 86' lang='lat' dir='ltr'>ad</span> <span class='ocrx_word' id='word_1_802' title='bbox 726 3455 774 3485; x_wconf 84' lang='lat' dir='ltr'>fin.</span> <span class='ocrx_word' id='word_1_803' title='bbox 798 3455 869 3485; x_wconf 83' lang='lat' dir='ltr'>Mihi</span> <span class='ocrx_word' id='word_1_804' title='bbox 890 3457 917 3485; x_wconf 74' lang='lat' dir='ltr'>Sc</span> <span class='ocrx_word' id='word_1_805' title='bbox 941 3454 1069 3485; x_wconf 87' lang='lat' dir='ltr'>tentandi</span> <span class='ocrx_word' id='word_1_806' title='bbox 1089 3455 1215 3492; x_wconf 83' lang='lat' dir='ltr'>aliquid,</span> <span class='ocrx_word' id='word_1_807' title='bbox 1238 3457 1266 3486; x_wconf 89' lang='lat'>&amp;</span> 
     </span>
     <span class='ocr_line' id='line_1_91' title="bbox 163 3493 1264 3532; baseline 0 -8"><span class='ocrx_word' id='word_1_808' title='bbox 163 3495 335 3532; x_wconf 88' lang='lat' dir='ltr'>quiescendi,</span> <span class='ocrx_word' id='word_1_809' title='bbox 358 3493 407 3523; x_wconf 90' lang='lat' dir='ltr'>illo</span> <span class='ocrx_word' id='word_1_810' title='bbox 417 3495 531 3523; x_wconf 66' lang='lat' dir='ltr'>auctore</span> <span class='ocrx_word' id='word_1_811' title='bbox 543 3515 551 3527; x_wconf 73' lang='lat'>.</span> <span class='ocrx_word' id='word_1_812' title='bbox 566 3494 634 3523; x_wconf 89' lang='lat' dir='ltr'>ratio</span> <span class='ocrx_word' id='word_1_813' title='bbox 646 3493 791 3523; x_wconf 89' lang='lat' dir='ltr'>constabit.</span> <span class='ocrx_word' id='word_1_814' title='bbox 813 3494 892 3523; x_wconf 86' lang='lat' dir='ltr'>Idem</span> <span class='ocrx_word' id='word_1_815' title='bbox 903 3493 936 3522; x_wconf 89' lang='lat' dir='ltr'>ad</span> <span class='ocrx_word' id='word_1_816' title='bbox 949 3493 1122 3529; x_wconf 85' lang='lat' dir='ltr'>Minucium,</span> <span class='ocrx_word' id='word_1_817' title='bbox 1147 3504 1169 3523; x_wconf 85' lang='lat' dir='ltr'>i.</span> <span class='ocrx_word' id='word_1_818' title='bbox 1181 3493 1264 3531; x_wconf 85' lang='lat' dir='ltr'>Epist.</span> 
     </span>
     <span class='ocr_line' id='line_1_92' title="bbox 162 3530 1266 3570; baseline -0.005 -7"><span class='ocrx_word' id='word_1_819' title='bbox 162 3544 188 3569; x_wconf 88' lang='lat'>9.</span> <span class='ocrx_word' id='word_1_820' title='bbox 212 3533 316 3562; x_wconf 78' lang='lat' dir='ltr'>Mirum</span> <span class='ocrx_word' id='word_1_821' title='bbox 327 3532 365 3562; x_wconf 82' lang='lat' dir='ltr'>est</span> <span class='ocrx_word' id='word_1_822' title='bbox 376 3541 459 3570; x_wconf 90' lang='lat' dir='ltr'>quam</span> <span class='ocrx_word' id='word_1_823' title='bbox 471 3530 581 3569; x_wconf 75' lang='lat' dir='ltr'>singulis</span> <span class='ocrx_word' id='word_1_824' title='bbox 594 3532 693 3561; x_wconf 89' lang='lat' dir='ltr'>diebus</span> <span class='ocrx_word' id='word_1_825' title='bbox 701 3533 728 3560; x_wconf 89' lang='lat' dir='ltr'>in</span> <span class='ocrx_word' id='word_1_826' title='bbox 742 3532 809 3561; x_wconf 90' lang='lat' dir='ltr'>urbe</span> <span class='ocrx_word' id='word_1_827' title='bbox 822 3533 892 3561; x_wconf 89' lang='lat' dir='ltr'>ratio</span> <span class='ocrx_word' id='word_1_828' title='bbox 903 3531 1064 3561; x_wconf 86' lang='lat' dir='ltr'>autconstet</span> <span class='ocrx_word' id='word_1_829' title='bbox 1074 3553 1082 3565; x_wconf 88' lang='lat'><strong>‚</strong></span> <span class='ocrx_word' id='word_1_830' title='bbox 1104 3538 1152 3561; x_wconf 88' lang='lat' dir='ltr'>aut</span> <span class='ocrx_word' id='word_1_831' title='bbox 1161 3532 1266 3561; x_wconf 85' lang='lat' dir='ltr'>consta.</span> 
     </span>
     <span class='ocr_line' id='line_1_93' title="bbox 162 3568 1266 3606; baseline -0.003 -6"><span class='ocrx_word' id='word_1_832' title='bbox 162 3581 191 3600; x_wconf 88' lang='lat' dir='ltr'>re</span> <span class='ocrx_word' id='word_1_833' title='bbox 203 3569 337 3600; x_wconf 79' lang='lat' dir='ltr'>videatur.</span> <span class='ocrx_word' id='word_1_834' title='bbox 368 3570 387 3599; x_wconf 85' lang='lat' dir='ltr'>i.</span> <span class='ocrx_word' id='word_1_835' title='bbox 401 3580 425 3599; x_wconf 87' lang='lat' dir='ltr'>e.</span> <span class='ocrx_word' id='word_1_836' title='bbox 448 3569 553 3599; x_wconf 83' lang='lat' dir='ltr'>Mirum</span> <span class='ocrx_word' id='word_1_837' title='bbox 564 3568 603 3598; x_wconf 84' lang='lat' dir='ltr'>est</span> <span class='ocrx_word' id='word_1_838' title='bbox 613 3579 695 3606; x_wconf 80' lang='lat' dir='ltr'>quam</span> <span class='ocrx_word' id='word_1_839' title='bbox 711 3569 806 3599; x_wconf 87' lang='lat' dir='ltr'>officio</span> <span class='ocrx_word' id='word_1_840' title='bbox 819 3569 932 3606; x_wconf 81' lang='lat' dir='ltr'>quisque</span> <span class='ocrx_word' id='word_1_841' title='bbox 943 3570 971 3598; x_wconf 89' lang='lat' dir='ltr'>iri</span> <span class='ocrx_word' id='word_1_842' title='bbox 981 3569 1048 3598; x_wconf 88' lang='lat' dir='ltr'>uibe</span> <span class='ocrx_word' id='word_1_843' title='bbox 1060 3569 1190 3606; x_wconf 83' lang='lat' dir='ltr'>praeclare</span> <span class='ocrx_word' id='word_1_844' title='bbox 1203 3568 1266 3598; x_wconf 78' lang='lat' dir='ltr'>fun-</span> 
     </span>
     <span class='ocr_line' id='line_1_94' title="bbox 161 3607 1266 3646; baseline -0.003 -8"><span class='ocrx_word' id='word_1_845' title='bbox 161 3610 188 3646; x_wconf 84' lang='lat' dir='ltr'>gi</span> <span class='ocrx_word' id='word_1_846' title='bbox 199 3609 342 3642; x_wconf 82' lang='lat' dir='ltr'>videmur,</span> <span class='ocrx_word' id='word_1_847' title='bbox 363 3608 491 3644; x_wconf 85' lang='lat' dir='ltr'>beneque</span> <span class='ocrx_word' id='word_1_848' title='bbox 501 3617 599 3645; x_wconf 83' lang='lat' dir='ltr'>operas</span> <span class='ocrx_word' id='word_1_849' title='bbox 611 3607 749 3637; x_wconf 88' lang='lat' dir='ltr'>collocare</span> <span class='ocrx_word' id='word_1_850' title='bbox 761 3630 768 3641; x_wconf 88' lang='lat'>,</span> <span class='ocrx_word' id='word_1_851' title='bbox 791 3607 954 3645; x_wconf 81' lang='lat' dir='ltr'>singulisque</span> <span class='ocrx_word' id='word_1_852' title='bbox 966 3607 1043 3636; x_wconf 92' lang='lat' dir='ltr'>horis</span> <span class='ocrx_word' id='word_1_853' title='bbox 1056 3607 1173 3636; x_wconf 88' lang='lat' dir='ltr'>civiliter</span> <span class='ocrx_word' id='word_1_854' title='bbox 1183 3607 1266 3636; x_wconf 86' lang='lat' dir='ltr'>servi.</span> 
     </span>
     <span class='ocr_line' id='line_1_95' title="bbox 162 3644 1263 3683; baseline -0.002 -7"><span class='ocrx_word' id='word_1_855' title='bbox 162 3657 191 3676; x_wconf 87' lang='lat' dir='ltr'>re</span> <span class='ocrx_word' id='word_1_856' title='bbox 204 3668 213 3681; x_wconf 85' lang='lat'>‚</span> <span class='ocrx_word' id='word_1_857' title='bbox 233 3646 264 3675; x_wconf 88' lang='lat' dir='ltr'>id</span> <span class='ocrx_word' id='word_1_858' title='bbox 281 3646 319 3675; x_wconf 89' lang='lat' dir='ltr'>est</span> <span class='ocrx_word' id='word_1_859' title='bbox 337 3645 407 3675; x_wconf 87' lang='lat' dir='ltr'>nihil</span> <span class='ocrx_word' id='word_1_860' title='bbox 423 3646 558 3682; x_wconf 88' lang='lat' dir='ltr'>temporis</span> <span class='ocrx_word' id='word_1_861' title='bbox 573 3644 736 3675; x_wconf 87' lang='lat' dir='ltr'>hominibus</span> <span class='ocrx_word' id='word_1_862' title='bbox 757 3645 901 3683; x_wconf 87' lang='lat' dir='ltr'>deperire:</span> <span class='ocrx_word' id='word_1_863' title='bbox 924 3654 959 3674; x_wconf 91' lang='lat' dir='ltr'>eo</span> <span class='ocrx_word' id='word_1_864' title='bbox 978 3645 1064 3674; x_wconf 89' lang='lat' dir='ltr'>modo</span> <span class='ocrx_word' id='word_1_865' title='bbox 1079 3654 1133 3682; x_wconf 91' lang='lat' dir='ltr'>quo</span> <span class='ocrx_word' id='word_1_866' title='bbox 1145 3646 1263 3682; x_wconf 88' lang='lat' dir='ltr'>dicitur,</span> 
     </span>
     <span class='ocr_line' id='line_1_96' title="bbox 162 3683 1266 3721; baseline -0.003 -8"><span class='ocrx_word' id='word_1_867' title='bbox 162 3684 311 3714; x_wconf 83' lang='lat' dir='ltr'>Rationem</span> <span class='ocrx_word' id='word_1_868' title='bbox 327 3684 409 3713; x_wconf 88' lang='lat' dir='ltr'>alicui</span> <span class='ocrx_word' id='word_1_869' title='bbox 428 3683 571 3715; x_wconf 78' lang='lat' dir='ltr'>constare,</span> <span class='ocrx_word' id='word_1_870' title='bbox 594 3683 706 3720; x_wconf 80' lang='lat' dir='ltr'>quando</span> <span class='ocrx_word' id='word_1_871' title='bbox 724 3691 904 3721; x_wconf 86' lang='lat' dir='ltr'>acceptorum</span> <span class='ocrx_word' id='word_1_872' title='bbox 923 3683 991 3712; x_wconf 88' lang='lat' dir='ltr'>ratio</span> <span class='ocrx_word' id='word_1_873' title='bbox 1010 3692 1067 3712; x_wconf 90' lang='lat' dir='ltr'>non</span> <span class='ocrx_word' id='word_1_874' title='bbox 1087 3683 1195 3720; x_wconf 87' lang='lat' dir='ltr'>superat</span> <span class='ocrx_word' id='word_1_875' title='bbox 1217 3684 1266 3712; x_wconf 85' lang='lat' dir='ltr'>im.</span> 
     </span>
     <span class='ocr_line' id='line_1_97' title="bbox 161 3718 1267 3761; baseline 0.001 -11"><span class='ocrx_word' id='word_1_876' title='bbox 161 3721 312 3761; x_wconf 85' lang='lat' dir='ltr'>pensorum</span> <span class='ocrx_word' id='word_1_877' title='bbox 328 3723 465 3751; x_wconf 85' lang='lat' dir='ltr'>rationem</span> <span class='ocrx_word' id='word_1_878' title='bbox 480 3724 506 3750; x_wconf 71' lang='grc' dir='ltr'>δι</span> <span class='ocrx_word' id='word_1_879' title='bbox 524 3720 704 3757; x_wconf 87' lang='lat' dir='ltr'>reliquorum.</span> <span class='ocrx_word' id='word_1_880' title='bbox 745 3721 845 3750; x_wconf 81' lang='lat' dir='ltr'>Paulus</span> <span class='ocrx_word' id='word_1_881' title='bbox 867 3722 895 3750; x_wconf 90' lang='lat' dir='ltr'>in</span> <span class='ocrx_word' id='word_1_882' title='bbox 918 3720 936 3750; x_wconf 92' lang='lat' dir='ltr'>l.</span> <span class='ocrx_word' id='word_1_883' title='bbox 953 3720 992 3750; x_wconf 86' lang='lat' dir='ltr'>Ex</span> <span class='ocrx_word' id='word_1_884' title='bbox 1005 3718 1091 3750; x_wconf 84' lang='lat' dir='ltr'>causa.</span> <span class='ocrx_word' id='word_1_885' title='bbox 1117 3722 1147 3750; x_wconf 85' lang='lat'>1).</span> <span class='ocrx_word' id='word_1_886' title='bbox 1167 3722 1202 3750; x_wconf 90' lang='lat' dir='ltr'>de</span> <span class='ocrx_word' id='word_1_887' title='bbox 1225 3721 1267 3751; x_wconf 82' lang='lat' dir='ltr'>Re</span> 
     </span>
     <span class='ocr_line' id='line_1_98' title="bbox 161 3758 1266 3797; baseline -0.002 -7"><span class='ocrx_word' id='word_1_888' title='bbox 161 3759 274 3790; x_wconf 88' lang='lat' dir='ltr'>militari</span> <span class='ocrx_word' id='word_1_889' title='bbox 288 3781 296 3790; x_wconf 81' lang='grc'>.</span> <span class='ocrx_word' id='word_1_890' title='bbox 319 3759 404 3795; x_wconf 86' lang='lat' dir='ltr'>Quod</span> <span class='ocrx_word' id='word_1_891' title='bbox 419 3759 438 3788; x_wconf 92' lang='lat' dir='ltr'>si</span> <span class='ocrx_word' id='word_1_892' title='bbox 453 3759 520 3788; x_wconf 88' lang='lat' dir='ltr'>ratio</span> <span class='ocrx_word' id='word_1_893' title='bbox 533 3758 687 3788; x_wconf 87' lang='lat' dir='ltr'>constiterit</span> <span class='ocrx_word' id='word_1_894' title='bbox 699 3780 706 3793; x_wconf 87' lang='lat'>‚</span> <span class='ocrx_word' id='word_1_895' title='bbox 728 3769 818 3796; x_wconf 86' lang='lat' dir='ltr'>neque</span> <span class='ocrx_word' id='word_1_896' title='bbox 828 3759 994 3788; x_wconf 88' lang='lat' dir='ltr'>desertorem</span> <span class='ocrx_word' id='word_1_897' title='bbox 1005 3758 1084 3788; x_wconf 73' lang='lat' dir='ltr'>fuiss‘e</span> <span class='ocrx_word' id='word_1_898' title='bbox 1097 3760 1266 3797; x_wconf 77' lang='lat' dir='ltr'>apparuerit,</span> 
     </span>
     <span class='ocr_line' id='line_1_99' title="bbox 160 3796 988 3834; baseline -0.001 -7"><span class='ocrx_word' id='word_1_899' title='bbox 160 3799 256 3828; x_wconf 87' lang='lat' dir='ltr'>omnia</span> <span class='ocrx_word' id='word_1_900' title='bbox 267 3796 404 3833; x_wconf 80' lang='lat' dir='ltr'>stipendia</span> <span class='ocrx_word' id='word_1_901' title='bbox 417 3798 490 3826; x_wconf 85' lang='lat' dir='ltr'>circa</span> <span class='ocrx_word' id='word_1_902' title='bbox 502 3797 636 3834; x_wconf 90' lang='lat' dir='ltr'>temporis</span> <span class='ocrx_word' id='word_1_903' title='bbox 650 3796 736 3826; x_wconf 84' lang='lat' dir='ltr'>finem</span> <span class='ocrx_word' id='word_1_904' title='bbox 748 3797 912 3826; x_wconf 84' lang='lat' dir='ltr'>redduntur.</span> <span class='ocrx_word' id='word_1_905' title='bbox 934 3797 950 3825; x_wconf 95' lang='lat' dir='ltr'>i.</span> <span class='ocrx_word' id='word_1_906' title='bbox 964 3806 988 3826; x_wconf 91' lang='lat' dir='ltr'>e.</span> 
     </span>
     <span class='ocr_line' id='line_1_100' title="bbox 161 3833 1269 3871; baseline -0.002 -6"><span class='ocrx_word' id='word_1_907' title='bbox 161 3835 326 3865; x_wconf 87' lang='lat' dir='ltr'>desertionis</span> <span class='ocrx_word' id='word_1_908' title='bbox 338 3834 475 3871; x_wconf 77' lang='lat' dir='ltr'>suspectus</span> <span class='ocrx_word' id='word_1_909' title='bbox 487 3836 524 3864; x_wconf 86' lang='lat' dir='ltr'>est</span> <span class='ocrx_word' id='word_1_910' title='bbox 564 3835 699 3863; x_wconf 86' lang='lat' dir='ltr'>tationem</span> <span class='ocrx_word' id='word_1_911' title='bbox 710 3834 829 3870; x_wconf 82' lang='lat' dir='ltr'>aliquam</span> <span class='ocrx_word' id='word_1_912' title='bbox 842 3833 1007 3871; x_wconf 84' lang='lat' dir='ltr'>causamque</span> <span class='ocrx_word' id='word_1_913' title='bbox 1017 3835 1116 3870; x_wconf 85' lang='lat' dir='ltr'>justam</span> <span class='ocrx_word' id='word_1_914' title='bbox 1127 3834 1207 3863; x_wconf 76' lang='lat' dir='ltr'>fuisse</span> <span class='ocrx_word' id='word_1_915' title='bbox 1217 3836 1269 3863; x_wconf 81' lang='lat' dir='ltr'>do·</span> 
     </span>
     <span class='ocr_line' id='line_1_101' title="bbox 161 3871 1268 3909; baseline -0.001 -6"><span class='ocrx_word' id='word_1_916' title='bbox 161 3874 267 3908; x_wconf 85' lang='lat' dir='ltr'>cuerit,</span> <span class='ocrx_word' id='word_1_917' title='bbox 289 3874 468 3908; x_wconf 83' lang='lat' dir='ltr'>quamobrem</span> <span class='ocrx_word' id='word_1_918' title='bbox 478 3872 569 3902; x_wconf 81' lang='lat' dir='ltr'>abeffe</span> <span class='ocrx_word' id='word_1_919' title='bbox 580 3872 629 3901; x_wconf 90' lang='lat' dir='ltr'>sibi</span> <span class='ocrx_word' id='word_1_920' title='bbox 642 3874 800 3909; x_wconf 79' lang='lat' dir='ltr'>contigerit.</span> <span class='ocrx_word' id='word_1_921' title='bbox 822 3872 879 3901; x_wconf 89' lang='lat' dir='ltr'>hoc</span> <span class='ocrx_word' id='word_1_922' title='bbox 894 3873 970 3901; x_wconf 90' lang='lat' dir='ltr'>enim</span> <span class='ocrx_word' id='word_1_923' title='bbox 983 3871 1116 3909; x_wconf 83' lang='lat' dir='ltr'>significat</span> <span class='ocrx_word' id='word_1_924' title='bbox 1129 3873 1268 3902; x_wconf 83' lang='lat' dir='ltr'>rationem</span> 
     </span>
     <span class='ocr_line' id='line_1_102' title="bbox 161 3910 946 3947; baseline -0.003 -7"><span class='ocrx_word' id='word_1_925' title='bbox 161 3912 293 3940; x_wconf 80' lang='lat' dir='ltr'>constare.</span> <span class='ocrx_word' id='word_1_926' title='bbox 321 3910 359 3939; x_wconf 81' lang='lat' dir='ltr'>Ex</span> <span class='ocrx_word' id='word_1_927' title='bbox 371 3910 481 3939; x_wconf 77' lang='lat' dir='ltr'>ssudaeo.</span> <span class='ocrx_word' id='word_1_928' title='bbox 512 3911 541 3940; x_wconf 88' lang='lat' dir='ltr'>V.</span> <span class='ocrx_word' id='word_1_929' title='bbox 565 3910 670 3939; x_wconf 73' lang='lat' dir='ltr'>Vallam</span> <span class='ocrx_word' id='word_1_930' title='bbox 685 3933 693 3945; x_wconf 85' lang='lat'>‚</span> <span class='ocrx_word' id='word_1_931' title='bbox 716 3911 764 3939; x_wconf 86' lang='lat' dir='ltr'>lib.</span> <span class='ocrx_word' id='word_1_932' title='bbox 785 3921 809 3944; x_wconf 88' lang='grc' dir='ltr'>ς.</span> <span class='ocrx_word' id='word_1_933' title='bbox 825 3920 886 3947; x_wconf 90' lang='lat' dir='ltr'>cap.</span> <span class='ocrx_word' id='word_1_934' title='bbox 906 3915 946 3942; x_wconf 75' lang='grc'>18.</span> 
     </span>
    </p>

    <p class='ocr_par' dir='ltr' id='par_1_49' title="bbox 141 3947 1268 3987">
     <span class='ocr_line' id='line_1_103' title="bbox 141 3947 1268 3987; baseline -0.003 -6"><span class='ocrx_word' id='word_1_935' title='bbox 141 3949 224 3981; x_wconf 80' lang='lat' dir='ltr'>Ratio</span> <span class='ocrx_word' id='word_1_936' title='bbox 238 3948 424 3985; x_wconf 74' lang='lat' dir='ltr'>impensarum</span> <span class='ocrx_word' id='word_1_937' title='bbox 433 3949 503 3978; x_wconf 85' lang='lat' dir='ltr'>mihi</span> <span class='ocrx_word' id='word_1_938' title='bbox 514 3959 573 3979; x_wconf 85' lang='lat' dir='ltr'>non</span> <span class='ocrx_word' id='word_1_939' title='bbox 586 3948 703 3979; x_wconf 78' lang='lat' dir='ltr'>constat.</span> <span class='ocrx_word' id='word_1_940' title='bbox 743 3949 771 3978; x_wconf 78' lang='lat' dir='ltr'>h.</span> <span class='ocrx_word' id='word_1_941' title='bbox 788 3957 813 3978; x_wconf 87' lang='lat' dir='ltr'>e.</span> <span class='ocrx_word' id='word_1_942' title='bbox 832 3947 935 3979; x_wconf 85' lang='lat' dir='ltr'>Nescio</span> <span class='ocrx_word' id='word_1_943' title='bbox 946 3954 1082 3985; x_wconf 82' lang='lat' dir='ltr'>quantum</span> <span class='ocrx_word' id='word_1_944' title='bbox 1093 3947 1268 3987; x_wconf 83' lang='lat' dir='ltr'>impendam,</span> 
     </span>
    </p>
   </div>
   <div class='ocr_carea' id='block_1_5' title="bbox 1011 3796 1283 3834">
    <p class='ocr_par' dir='ltr' id='par_1_50' title="bbox 1011 3796 1283 3834">
     <span class='ocr_line' id='line_1_104' title="bbox 1011 3796 1283 3834; baseline 0.007 -9"><span class='ocrx_word' id='word_1_945' title='bbox 1011 3796 1098 3832; x_wconf 81' lang='lat' dir='ltr'>Quod</span> <span class='ocrx_word' id='word_1_946' title='bbox 1114 3797 1131 3826; x_wconf 88' lang='lat' dir='ltr'>fi</span> <span class='ocrx_word' id='word_1_947' title='bbox 1154 3797 1200 3825; x_wconf 93' lang='lat' dir='ltr'>ille</span> <span class='ocrx_word' id='word_1_948' title='bbox 1220 3798 1283 3834; x_wconf 86' lang='lat' dir='ltr'>qui&#39;</span> 
     </span>
    </p>
   </div>
   <div class='ocr_carea' id='block_1_6' title="bbox 1746 114 2459 163">
    <p class='ocr_par' dir='ltr' id='par_1_51' title="bbox 1746 114 2459 163">
     <span class='ocr_line' id='line_1_105' title="bbox 1746 114 2459 163; baseline 0.008 -14"><span class='ocrx_word' id='word_1_949' title='bbox 1746 115 1776 149; x_wconf 92' lang='lat' dir='ltr'>C</span> <span class='ocrx_word' id='word_1_950' title='bbox 1875 114 1910 150; x_wconf 88' lang='lat' dir='ltr'>O</span> <span class='ocrx_word' id='word_1_951' title='bbox 2009 114 2043 149; x_wconf 90' lang='lat' dir='ltr'>N</span> <span class='ocrx_word' id='word_1_952' title='bbox 2389 123 2459 163; x_wconf 83' lang='lat'>669</span> 
     </span>
    </p>
   </div>
   <div class='ocr_carea' id='block_1_7' title="bbox 1342 195 2529 1822">
    <p class='ocr_par' dir='ltr' id='par_1_52' title="bbox 1355 195 2467 460">
     <span class='ocr_line' id='line_1_106' title="bbox 1355 195 2462 235; baseline 0.003 -9"><span class='ocrx_word' id='word_1_953' title='bbox 1355 195 1400 226; x_wconf 85' lang='lat' dir='ltr'>seu</span> <span class='ocrx_word' id='word_1_954' title='bbox 1412 202 1547 233; x_wconf 84' lang='lat' dir='ltr'>quantum</span> <span class='ocrx_word' id='word_1_955' title='bbox 1561 195 1660 226; x_wconf 77' lang='lat' dir='ltr'>faciam</span> <span class='ocrx_word' id='word_1_956' title='bbox 1678 196 1819 235; x_wconf 62' lang='lat' dir='ltr'>impensae.</span> <span class='ocrx_word' id='word_1_957' title='bbox 1860 195 2014 232; x_wconf 86' lang='lat' dir='ltr'>Tranquill.</span> <span class='ocrx_word' id='word_1_958' title='bbox 2035 196 2063 224; x_wconf 89' lang='lat' dir='ltr'>iri</span> <span class='ocrx_word' id='word_1_959' title='bbox 2075 195 2179 225; x_wconf 88' lang='lat' dir='ltr'>Neron.</span> <span class='ocrx_word' id='word_1_960' title='bbox 2192 206 2251 235; x_wconf 89' lang='lat' dir='ltr'>cap.</span> <span class='ocrx_word' id='word_1_961' title='bbox 2267 207 2309 233; x_wconf 81' lang='lat'>30.</span> <span class='ocrx_word' id='word_1_962' title='bbox 2345 198 2462 230; x_wconf 85' lang='lat' dir='ltr'>Divitia-</span> 
     </span>
     <span class='ocr_line' id='line_1_107' title="bbox 1355 234 2461 272; baseline 0.002 -10"><span class='ocrx_word' id='word_1_963' title='bbox 1355 244 1415 262; x_wconf 90' lang='lat' dir='ltr'>runi</span> <span class='ocrx_word' id='word_1_964' title='bbox 1429 238 1452 263; x_wconf 55' lang='lat' dir='ltr'>§a</span> <span class='ocrx_word' id='word_1_965' title='bbox 1465 235 1592 272; x_wconf 69' lang='lat' dir='ltr'>pecuniae</span> <span class='ocrx_word' id='word_1_966' title='bbox 1609 236 1728 264; x_wconf 61' lang='lat' dir='ltr'>fructum</span> <span class='ocrx_word' id='word_1_967' title='bbox 1743 244 1799 264; x_wconf 91' lang='lat' dir='ltr'>nori</span> <span class='ocrx_word' id='word_1_968' title='bbox 1814 234 1899 263; x_wconf 85' lang='lat' dir='ltr'>alium</span> <span class='ocrx_word' id='word_1_969' title='bbox 1916 235 2051 271; x_wconf 80' lang='lat' dir='ltr'>putabat,</span> <span class='ocrx_word' id='word_1_970' title='bbox 2073 244 2155 270; x_wconf 86' lang='lat' dir='ltr'>quarn</span> <span class='ocrx_word' id='word_1_971' title='bbox 2177 236 2362 271; x_wconf 78' lang='lat' dir='ltr'>profusionem</span> <span class='ocrx_word' id='word_1_972' title='bbox 2378 247 2383 266; x_wconf 88' lang='lat'>:</span> <span class='ocrx_word' id='word_1_973' title='bbox 2407 238 2461 266; x_wconf 84' lang='lat' dir='ltr'>sor.</span> 
     </span>
     <span class='ocr_line' id='line_1_108' title="bbox 1359 271 2462 310; baseline 0.002 -11"><span class='ocrx_word' id='word_1_974' title='bbox 1359 271 1458 305; x_wconf 77' lang='lat' dir='ltr'>didos,</span> <span class='ocrx_word' id='word_1_975' title='bbox 1481 282 1513 301; x_wconf 84' lang='lat' dir='ltr'>ac</span> <span class='ocrx_word' id='word_1_976' title='bbox 1525 272 1658 309; x_wconf 77' lang='lat' dir='ltr'>deparcos</span> <span class='ocrx_word' id='word_1_977' title='bbox 1670 272 1724 302; x_wconf 76' lang='lat' dir='ltr'>else</span> <span class='ocrx_word' id='word_1_978' title='bbox 1737 295 1745 307; x_wconf 92' lang='lat'>,</span> <span class='ocrx_word' id='word_1_979' title='bbox 1767 273 1867 309; x_wconf 77' lang='lat' dir='ltr'>quibus</span> <span class='ocrx_word' id='word_1_980' title='bbox 1886 273 1954 300; x_wconf 79' lang='lat' dir='ltr'>ratio</span> <span class='ocrx_word' id='word_1_981' title='bbox 1974 271 2160 308; x_wconf 74' lang='lat' dir='ltr'>impensarum</span> <span class='ocrx_word' id='word_1_982' title='bbox 2172 272 2325 302; x_wconf 75' lang='lat' dir='ltr'>constaret:</span> <span class='ocrx_word' id='word_1_983' title='bbox 2349 274 2462 310; x_wconf 73' lang='lat' dir='ltr'>przelau.</span> 
     </span>
     <span class='ocr_line' id='line_1_109' title="bbox 1359 309 2461 347; baseline 0.005 -10"><span class='ocrx_word' id='word_1_984' title='bbox 1359 316 1402 337; x_wconf 87' lang='lat' dir='ltr'>tos</span> <span class='ocrx_word' id='word_1_985' title='bbox 1412 331 1419 341; x_wconf 84' lang='lat'>,</span> <span class='ocrx_word' id='word_1_986' title='bbox 1442 319 1560 345; x_wconf 76' lang='lat' dir='ltr'>vereque</span> <span class='ocrx_word' id='word_1_987' title='bbox 1574 310 1736 346; x_wconf 77' lang='lat' dir='ltr'>magnificos</span> <span class='ocrx_word' id='word_1_988' title='bbox 1748 333 1755 346; x_wconf 85' lang='lat'>,</span> <span class='ocrx_word' id='word_1_989' title='bbox 1774 311 1820 347; x_wconf 84' lang='lat' dir='ltr'>qui</span> <span class='ocrx_word' id='word_1_990' title='bbox 1831 311 2010 339; x_wconf 84' lang='lat' dir='ltr'>abuterentur</span> <span class='ocrx_word' id='word_1_991' title='bbox 2021 319 2052 338; x_wconf 78' lang='lat' dir='ltr'>ac</span> <span class='ocrx_word' id='word_1_992' title='bbox 2064 309 2221 347; x_wconf 83' lang='lat' dir='ltr'>perderent.</span> <span class='ocrx_word' id='word_1_993' title='bbox 2264 311 2290 339; x_wconf 86' lang='lat' dir='ltr'>h.</span> <span class='ocrx_word' id='word_1_994' title='bbox 2304 321 2327 340; x_wconf 91' lang='lat' dir='ltr'>e.</span> <span class='ocrx_word' id='word_1_995' title='bbox 2351 312 2461 347; x_wconf 83' lang='lat' dir='ltr'>Quibus</span> 
     </span>
     <span class='ocr_line' id='line_1_110' title="bbox 1360 346 2461 384; baseline 0.003 -9"><span class='ocrx_word' id='word_1_996' title='bbox 1360 347 1540 383; x_wconf 55' lang='lat' dir='ltr'>expensarum</span> <span class='ocrx_word' id='word_1_997' title='bbox 1557 349 1740 384; x_wconf 80' lang='lat' dir='ltr'>pecuniarum</span> <span class='ocrx_word' id='word_1_998' title='bbox 1757 348 1857 377; x_wconf 87' lang='lat' dir='ltr'>modus</span> <span class='ocrx_word' id='word_1_999' title='bbox 1876 347 2057 383; x_wconf 82' lang='lat' dir='ltr'>mensuraque</span> <span class='ocrx_word' id='word_1_1000' title='bbox 2077 353 2123 376; x_wconf 84' lang='lat' dir='ltr'>aut</span> <span class='ocrx_word' id='word_1_1001' title='bbox 2148 346 2252 375; x_wconf 90' lang='lat' dir='ltr'>summa</span> <span class='ocrx_word' id='word_1_1002' title='bbox 2267 347 2293 377; x_wconf 69' lang='grc' dir='ltr'>ἃ</span> <span class='ocrx_word' id='word_1_1003' title='bbox 2312 348 2461 379; x_wconf 66' lang='lat' dir='ltr'>calculatio</span> 
     </span>
     <span class='ocr_line' id='line_1_111' title="bbox 1360 384 2462 422; baseline 0.004 -10"><span class='ocrx_word' id='word_1_1004' title='bbox 1360 391 1426 413; x_wconf 71' lang='lat' dir='ltr'>nota</span> <span class='ocrx_word' id='word_1_1005' title='bbox 1438 384 1504 413; x_wconf 77' lang='lat' dir='ltr'>ell&#39;et</span> <span class='ocrx_word' id='word_1_1006' title='bbox 1535 386 1647 420; x_wconf 86' lang='lat' dir='ltr'>[lninio</span> <span class='ocrx_word' id='word_1_1007' title='bbox 1660 386 1770 422; x_wconf 81' lang='lat' dir='ltr'>Quibus</span> <span class='ocrx_word' id='word_1_1008' title='bbox 1783 385 1907 422; x_wconf 82' lang='lat' dir='ltr'>Expensa</span> <span class='ocrx_word' id='word_1_1009' title='bbox 1922 384 2122 422; x_wconf 82' lang='lat' dir='ltr'>responderent</span> <span class='ocrx_word' id='word_1_1010' title='bbox 2133 385 2270 419; x_wconf 76' lang='lat' dir='ltr'>Acceptis,</span> <span class='ocrx_word' id='word_1_1011' title='bbox 2293 386 2393 421; x_wconf 89' lang='lat' dir='ltr'>quique</span> <span class='ocrx_word' id='word_1_1012' title='bbox 2404 396 2462 416; x_wconf 87' lang='lat' dir='ltr'>non</span> 
     </span>
     <span class='ocr_line' id='line_1_112' title="bbox 1360 421 2467 460; baseline 0.004 -10"><span class='ocrx_word' id='word_1_1013' title='bbox 1360 421 1423 458; x_wconf 90' lang='lat' dir='ltr'>plus</span> <span class='ocrx_word' id='word_1_1014' title='bbox 1436 421 1639 454; x_wconf 77' lang='lat' dir='ltr'>consumerent.</span> <span class='ocrx_word' id='word_1_1015' title='bbox 1652 433 1734 458; x_wconf 78' lang='lat' dir='ltr'>quam</span> <span class='ocrx_word' id='word_1_1016' title='bbox 1752 424 1863 460; x_wconf 81' lang='lat' dir='ltr'>Accepti</span> <span class='ocrx_word' id='word_1_1017' title='bbox 1875 424 1944 451; x_wconf 87' lang='lat' dir='ltr'>ratio</span> <span class='ocrx_word' id='word_1_1018' title='bbox 1959 429 2107 460; x_wconf 81' lang='lat' dir='ltr'>pateretur,</span> <span class='ocrx_word' id='word_1_1019' title='bbox 2129 423 2239 452; x_wconf 68' lang='lat' dir='ltr'>utrecte</span> <span class='ocrx_word' id='word_1_1020' title='bbox 2248 422 2326 459; x_wconf 82' lang='lat' dir='ltr'>supra</span> <span class='ocrx_word' id='word_1_1021' title='bbox 2336 423 2467 454; x_wconf 80' lang='lat' dir='ltr'>Bndaeus.</span> 
     </span>
    </p>

    <p class='ocr_par' dir='ltr' id='par_1_53' title="bbox 1342 459 2462 498">
     <span class='ocr_line' id='line_1_113' title="bbox 1342 459 2462 498; baseline 0.001 -11"><span class='ocrx_word' id='word_1_1022' title='bbox 1342 459 1369 488; x_wconf 88' lang='lat' dir='ltr'>Si</span> <span class='ocrx_word' id='word_1_1023' title='bbox 1384 460 1490 488; x_wconf 65' lang='lat' dir='ltr'>constat</span> <span class='ocrx_word' id='word_1_1024' title='bbox 1503 460 1676 497; x_wconf 86' lang='lat' dir='ltr'>principibus</span> <span class='ocrx_word' id='word_1_1025' title='bbox 1690 462 1785 497; x_wconf 79' lang='lat' dir='ltr'>gratia,</span> <span class='ocrx_word' id='word_1_1026' title='bbox 1800 468 1893 490; x_wconf 83' lang='lat' dir='ltr'>manet</span> <span class='ocrx_word' id='word_1_1027' title='bbox 1904 469 1957 498; x_wconf 71' lang='lat' dir='ltr'>pair</span> <span class='ocrx_word' id='word_1_1028' title='bbox 1971 461 2126 489; x_wconf 84' lang='lat' dir='ltr'>incruenta.</span> <span class='ocrx_word' id='word_1_1029' title='bbox 2139 460 2277 489; x_wconf 76' lang='grc'>0011111164.</span> <span class='ocrx_word' id='word_1_1030' title='bbox 2288 460 2335 489; x_wconf 90' lang='lat' dir='ltr'>lib.</span> <span class='ocrx_word' id='word_1_1031' title='bbox 2343 470 2462 498; x_wconf 84' lang='lat' dir='ltr'>9.cap.9.</span> 
     </span>
    </p>

    <p class='ocr_par' dir='ltr' id='par_1_54' title="bbox 1344 497 2465 571">
     <span class='ocr_line' id='line_1_114' title="bbox 1344 497 2465 536; baseline 0.004 -11"><span class='ocrx_word' id='word_1_1032' title='bbox 1344 497 1457 525; x_wconf 77' lang='lat' dir='ltr'>Constat</span> <span class='ocrx_word' id='word_1_1033' title='bbox 1468 498 1669 534; x_wconf 59' lang='lat' dir='ltr'>magistratibus</span> <span class='ocrx_word' id='word_1_1034' title='bbox 1682 500 1833 528; x_wconf 82' lang='lat' dir='ltr'>reverentia</span> <span class='ocrx_word' id='word_1_1035' title='bbox 1846 521 1853 534; x_wconf 91' lang='lat'>,</span> <span class='ocrx_word' id='word_1_1036' title='bbox 1876 497 1994 536; x_wconf 88' lang='lat' dir='ltr'>Legibus</span> <span class='ocrx_word' id='word_1_1037' title='bbox 2003 498 2151 528; x_wconf 59' lang='lat' dir='ltr'>auctoritas</span> <span class='ocrx_word' id='word_1_1038' title='bbox 2162 499 2214 528; x_wconf 76' lang='grc'>816,</span> <span class='ocrx_word' id='word_1_1039' title='bbox 2236 497 2305 527; x_wconf 90' lang='grc' dir='ltr'>Ρ1111.</span> <span class='ocrx_word' id='word_1_1040' title='bbox 2323 498 2352 527; x_wconf 82' lang='grc'>111</span> <span class='ocrx_word' id='word_1_1041' title='bbox 2364 498 2465 536; x_wconf 85' lang='lat' dir='ltr'>Paneg.</span> 
     </span>
     <span class='ocr_line' id='line_1_115' title="bbox 1363 536 1798 571; baseline 0.009 -9"><span class='ocrx_word' id='word_1_1042' title='bbox 1363 543 1424 570; x_wconf 73' lang='lat' dir='ltr'>cap.</span> <span class='ocrx_word' id='word_1_1043' title='bbox 1437 540 1481 563; x_wconf 85' lang='lat'>60.</span> <span class='ocrx_word' id='word_1_1044' title='bbox 1495 545 1534 571; x_wconf 90' lang='lat' dir='ltr'>pr.</span> <span class='ocrx_word' id='word_1_1045' title='bbox 1566 536 1583 564; x_wconf 94' lang='lat' dir='ltr'>i.</span> <span class='ocrx_word' id='word_1_1046' title='bbox 1598 545 1621 564; x_wconf 93' lang='lat' dir='ltr'>e.</span> <span class='ocrx_word' id='word_1_1047' title='bbox 1647 536 1798 566; x_wconf 81' lang='lat' dir='ltr'>Permanet.</span> 
     </span>
    </p>

    <p class='ocr_par' dir='ltr' id='par_1_55' title="bbox 1345 571 2469 648">
     <span class='ocr_line' id='line_1_116' title="bbox 1345 571 2469 609; baseline 0.001 -9"><span class='ocrx_word' id='word_1_1048' title='bbox 1345 571 1458 601; x_wconf 57' lang='lat' dir='ltr'>Constat</span> <span class='ocrx_word' id='word_1_1049' title='bbox 1472 573 1521 601; x_wconf 83' lang='lat' dir='ltr'>tibi</span> <span class='ocrx_word' id='word_1_1050' title='bbox 1534 573 1637 602; x_wconf 67' lang='lat' dir='ltr'>fruetus</span> <span class='ocrx_word' id='word_1_1051' title='bbox 1647 574 1695 601; x_wconf 89' lang='lat' dir='ltr'>otii</span> <span class='ocrx_word' id='word_1_1052' title='bbox 1710 576 1758 603; x_wconf 91' lang='lat' dir='ltr'>tui.</span> <span class='ocrx_word' id='word_1_1053' title='bbox 1800 574 1857 603; x_wconf 88' lang='lat' dir='ltr'>Cic.</span> <span class='ocrx_word' id='word_1_1054' title='bbox 1871 582 1895 609; x_wconf 89' lang='lat'>7.</span> <span class='ocrx_word' id='word_1_1055' title='bbox 1910 572 1985 602; x_wconf 82' lang='lat' dir='ltr'>Fam,</span> <span class='ocrx_word' id='word_1_1056' title='bbox 2000 583 2022 601; x_wconf 91' lang='lat'>1.</span> <span class='ocrx_word' id='word_1_1057' title='bbox 2046 573 2136 602; x_wconf 85' lang='lat' dir='ltr'>Modo</span> <span class='ocrx_word' id='word_1_1058' title='bbox 2146 571 2469 604; x_wconf 76' lang='lat' dir='ltr'>uttibiconstiteritfru.</span> 
     </span>
     <span class='ocr_line' id='line_1_117' title="bbox 1364 610 2255 648; baseline 0.004 -11"><span class='ocrx_word' id='word_1_1059' title='bbox 1364 612 1424 639; x_wconf 67' lang='lat' dir='ltr'>eius</span> <span class='ocrx_word' id='word_1_1060' title='bbox 1440 610 1489 638; x_wconf 85' lang='lat' dir='ltr'>otii</span> <span class='ocrx_word' id='word_1_1061' title='bbox 1501 611 1540 639; x_wconf 89' lang='lat' dir='ltr'>tui</span> <span class='ocrx_word' id='word_1_1062' title='bbox 1553 633 1560 643; x_wconf 86' lang='lat'>,</span> <span class='ocrx_word' id='word_1_1063' title='bbox 1582 620 1638 647; x_wconf 87' lang='lat' dir='ltr'>quo</span> <span class='ocrx_word' id='word_1_1064' title='bbox 1654 612 1768 648; x_wconf 72' lang='lat' dir='ltr'>quidem</span> <span class='ocrx_word' id='word_1_1065' title='bbox 1782 612 1832 641; x_wconf 90' lang='lat' dir='ltr'>tibi</span> <span class='ocrx_word' id='word_1_1066' title='bbox 1845 611 1947 648; x_wconf 85' lang='lat' dir='ltr'>perfrui</span> <span class='ocrx_word' id='word_1_1067' title='bbox 1960 611 2075 640; x_wconf 79' lang='lat' dir='ltr'>mirifice</span> <span class='ocrx_word' id='word_1_1068' title='bbox 2084 611 2182 646; x_wconf 78' lang='lat' dir='ltr'>licuit,</span> <span class='ocrx_word' id='word_1_1069' title='bbox 2201 613 2255 641; x_wconf 79' lang='lat' dir='ltr'>&amp;c-</span> 
     </span>
    </p>

    <p class='ocr_par' dir='ltr' id='par_1_56' title="bbox 1345 647 2086 686">
     <span class='ocr_line' id='line_1_118' title="bbox 1345 647 2086 686; baseline 0.003 -11"><span class='ocrx_word' id='word_1_1070' title='bbox 1345 647 1416 682; x_wconf 77' lang='lat' dir='ltr'>Qua’</span> <span class='ocrx_word' id='word_1_1071' title='bbox 1428 649 1522 676; x_wconf 74' lang='lat' dir='ltr'>anii&#39;iio</span> <span class='ocrx_word' id='word_1_1072' title='bbox 1535 648 1671 677; x_wconf 85' lang='lat' dir='ltr'>sententia</span> <span class='ocrx_word' id='word_1_1073' title='bbox 1686 651 1799 678; x_wconf 81' lang='lat' dir='ltr'>constet.</span> <span class='ocrx_word' id='word_1_1074' title='bbox 1823 649 1897 686; x_wconf 78' lang='lat' dir='ltr'>Virg.</span> <span class='ocrx_word' id='word_1_1075' title='bbox 1912 659 1935 681; x_wconf 77' lang='grc' dir='ltr'>ς.</span> <span class='ocrx_word' id='word_1_1076' title='bbox 1949 648 2009 678; x_wconf 75' lang='lat' dir='ltr'>JEri.</span> <span class='ocrx_word' id='word_1_1077' title='bbox 2021 655 2086 685; x_wconf 83' lang='lat'>748.</span> 
     </span>
    </p>

    <p class='ocr_par' dir='ltr' id='par_1_57' title="bbox 1346 684 2082 720">
     <span class='ocr_line' id='line_1_119' title="bbox 1346 684 2082 720; baseline 0.005 -8"><span class='ocrx_word' id='word_1_1078' title='bbox 1346 684 1409 713; x_wconf 84' lang='lat' dir='ltr'>Vita</span> <span class='ocrx_word' id='word_1_1079' title='bbox 1422 686 1526 714; x_wconf 80' lang='lat' dir='ltr'>constat</span> <span class='ocrx_word' id='word_1_1080' title='bbox 1537 685 1591 714; x_wconf 76' lang='lat' dir='ltr'>fine</span> <span class='ocrx_word' id='word_1_1081' title='bbox 1602 686 1728 716; x_wconf 84' lang='lat' dir='ltr'>crimine.</span> <span class='ocrx_word' id='word_1_1082' title='bbox 1753 687 1853 717; x_wconf 83' lang='lat' dir='ltr'>Lucan.</span> <span class='ocrx_word' id='word_1_1083' title='bbox 1865 687 1899 715; x_wconf 89' lang='lat' dir='ltr'>ad</span> <span class='ocrx_word' id='word_1_1084' title='bbox 1912 686 2000 716; x_wconf 84' lang='lat' dir='ltr'>Pison.</span> <span class='ocrx_word' id='word_1_1085' title='bbox 2021 692 2082 720; x_wconf 90' lang='lat'>108.</span> 
     </span>
    </p>

    <p class='ocr_par' dir='ltr' id='par_1_58' title="bbox 1346 722 1958 760">
     <span class='ocr_line' id='line_1_120' title="bbox 1346 722 1958 760; baseline 0.002 -9"><span class='ocrx_word' id='word_1_1086' title='bbox 1346 722 1480 751; x_wconf 86' lang='lat' dir='ltr'>Constant</span> <span class='ocrx_word' id='word_1_1087' title='bbox 1492 724 1586 751; x_wconf 85' lang='lat' dir='ltr'>omnia</span> <span class='ocrx_word' id='word_1_1088' title='bbox 1598 724 1675 752; x_wconf 74' lang='lat' dir='ltr'>caelo.</span> <span class='ocrx_word' id='word_1_1089' title='bbox 1698 724 1770 759; x_wconf 74' lang='lat' dir='ltr'>Virg.</span> <span class='ocrx_word' id='word_1_1090' title='bbox 1784 734 1808 760; x_wconf 79' lang='lat'>3.</span> <span class='ocrx_word' id='word_1_1091' title='bbox 1822 724 1882 754; x_wconf 76' lang='lat' dir='ltr'>AEn.</span> <span class='ocrx_word' id='word_1_1092' title='bbox 1897 729 1958 758; x_wconf 72' lang='lat'>518.</span> 
     </span>
    </p>

    <p class='ocr_par' dir='ltr' id='par_1_59' title="bbox 1365 761 2116 872">
     <span class='ocr_line' id='line_1_121' title="bbox 1440 761 2116 796; baseline 0.004 -8"><span class='ocrx_word' id='word_1_1093' title='bbox 1440 761 1582 796; x_wconf 70' lang='lat' dir='ltr'>Postquain</span> <span class='ocrx_word' id='word_1_1094' title='bbox 1595 765 1695 790; x_wconf 68' lang='lat' dir='ltr'>cuncta</span> <span class='ocrx_word' id='word_1_1095' title='bbox 1705 763 1780 791; x_wconf 84' lang='lat' dir='ltr'>videt</span> <span class='ocrx_word' id='word_1_1096' title='bbox 1792 762 1859 791; x_wconf 68' lang='lat' dir='ltr'>cet-lo</span> <span class='ocrx_word' id='word_1_1097' title='bbox 1873 763 1996 791; x_wconf 79' lang='lat' dir='ltr'>constare</span> <span class='ocrx_word' id='word_1_1098' title='bbox 2010 761 2116 792; x_wconf 78' lang='lat' dir='ltr'>sereno.</span> 
     </span>
     <span class='ocr_line' id='line_1_122' title="bbox 1365 798 1895 833; baseline 0.004 -7"><span class='ocrx_word' id='word_1_1099' title='bbox 1365 798 1405 826; x_wconf 88' lang='lat' dir='ltr'>ait</span> <span class='ocrx_word' id='word_1_1100' title='bbox 1417 798 1545 827; x_wconf 83' lang='lat' dir='ltr'>Servius:</span> <span class='ocrx_word' id='word_1_1101' title='bbox 1568 806 1599 827; x_wconf 88' lang='lat' dir='ltr'>ut</span> <span class='ocrx_word' id='word_1_1102' title='bbox 1611 799 1710 833; x_wconf 81' lang='lat' dir='ltr'>Juven.</span> <span class='ocrx_word' id='word_1_1103' title='bbox 1723 804 1747 829; x_wconf 82' lang='lat'>6.</span> <span class='ocrx_word' id='word_1_1104' title='bbox 1762 800 1816 828; x_wconf 81' lang='lat' dir='ltr'>Sat.</span> <span class='ocrx_word' id='word_1_1105' title='bbox 1834 805 1895 833; x_wconf 78' lang='lat'>1⁶5-</span> 
     </span>
     <span class='ocr_line' id='line_1_123' title="bbox 1440 836 2073 872; baseline 0.002 -8"><span class='ocrx_word' id='word_1_1106' title='bbox 1440 836 1511 872; x_wconf 79' lang='lat' dir='ltr'>Quis</span> <span class='ocrx_word' id='word_1_1107' title='bbox 1522 836 1591 864; x_wconf 79' lang='lat' dir='ltr'>feret</span> <span class='ocrx_word' id='word_1_1108' title='bbox 1601 846 1718 866; x_wconf 73' lang='lat' dir='ltr'>uxorem</span> <span class='ocrx_word' id='word_1_1109' title='bbox 1728 859 1735 871; x_wconf 82' lang='grc'><em>,</em></span> <span class='ocrx_word' id='word_1_1110' title='bbox 1757 838 1803 866; x_wconf 90' lang='lat' dir='ltr'>cui</span> <span class='ocrx_word' id='word_1_1111' title='bbox 1813 837 1942 866; x_wconf 81' lang='lat' dir='ltr'>constent</span> <span class='ocrx_word' id='word_1_1112' title='bbox 1956 836 2073 865; x_wconf 71' lang='lat' dir='ltr'>omnia?</span> 
     </span>
    </p>

    <p class='ocr_par' dir='ltr' id='par_1_60' title="bbox 1348 872 2475 1024">
     <span class='ocr_line' id='line_1_124' title="bbox 1348 872 2472 913; baseline 0.006 -12"><span class='ocrx_word' id='word_1_1113' title='bbox 1348 872 1459 902; x_wconf 83' lang='lat' dir='ltr'>Constat</span> <span class='ocrx_word' id='word_1_1114' title='bbox 1473 895 1480 907; x_wconf 94' lang='lat'>,</span> <span class='ocrx_word' id='word_1_1115' title='bbox 1501 874 1636 907; x_wconf 57' lang='lat' dir='ltr'>isubaud.</span> <span class='ocrx_word' id='word_1_1116' title='bbox 1658 874 1731 903; x_wconf 89' lang='lat' dir='ltr'>Inter</span> <span class='ocrx_word' id='word_1_1117' title='bbox 1753 876 1870 909; x_wconf 79' lang='lat' dir='ltr'>omnes)</span> <span class='ocrx_word' id='word_1_1118' title='bbox 1894 874 2071 903; x_wconf 62' lang='lat' dir='ltr'>Manifestum</span> <span class='ocrx_word' id='word_1_1119' title='bbox 2091 874 2138 903; x_wconf 92' lang='lat' dir='ltr'>est.</span> <span class='ocrx_word' id='word_1_1120' title='bbox 2180 873 2237 903; x_wconf 92' lang='lat' dir='ltr'>Cic.</span> <span class='ocrx_word' id='word_1_1121' title='bbox 2262 875 2296 905; x_wconf 88' lang='lat' dir='ltr'>ad</span> <span class='ocrx_word' id='word_1_1122' title='bbox 2320 876 2383 906; x_wconf 76' lang='lat' dir='ltr'>Ca-s.</span> <span class='ocrx_word' id='word_1_1123' title='bbox 2405 876 2472 913; x_wconf 77' lang='lat' dir='ltr'>Jun-</span> 
     </span>
     <span class='ocr_line' id='line_1_125' title="bbox 1367 911 2475 950; baseline 0.006 -12"><span class='ocrx_word' id='word_1_1124' title='bbox 1367 911 1463 947; x_wconf 88' lang='lat' dir='ltr'>Quum</span> <span class='ocrx_word' id='word_1_1125' title='bbox 1473 911 1580 941; x_wconf 81' lang='lat' dir='ltr'>constet</span> <span class='ocrx_word' id='word_1_1126' title='bbox 1589 911 1720 950; x_wconf 82' lang='lat' dir='ltr'>Lupercis</span> <span class='ocrx_word' id='word_1_1127' title='bbox 1728 913 1756 941; x_wconf 88' lang='lat' dir='ltr'>id</span> <span class='ocrx_word' id='word_1_1128' title='bbox 1769 912 1886 949; x_wconf 67' lang='lat' dir='ltr'>vectigal</span> <span class='ocrx_word' id='word_1_1129' title='bbox 1897 911 2002 941; x_wconf 71' lang='lat' dir='ltr'>dedisse</span> <span class='ocrx_word' id='word_1_1130' title='bbox 2012 934 2019 940; x_wconf 87' lang='lat'>.</span> <span class='ocrx_word' id='word_1_1131' title='bbox 2038 912 2083 948; x_wconf 90' lang='lat' dir='ltr'>qui</span> <span class='ocrx_word' id='word_1_1132' title='bbox 2096 918 2160 941; x_wconf 81' lang='lat' dir='ltr'>ante</span> <span class='ocrx_word' id='word_1_1133' title='bbox 2172 919 2281 949; x_wconf 84' lang='lat' dir='ltr'>poterat</span> <span class='ocrx_word' id='word_1_1134' title='bbox 2291 914 2317 942; x_wconf 92' lang='lat' dir='ltr'>id</span> <span class='ocrx_word' id='word_1_1135' title='bbox 2329 915 2452 945; x_wconf 73' lang='lat' dir='ltr'>constare</span> <span class='ocrx_word' id='word_1_1136' title='bbox 2461 917 2475 945; x_wconf 77' lang='lat'>¹?</span> 
     </span>
     <span class='ocr_line' id='line_1_126' title="bbox 1365 948 2474 991; baseline 0.005 -13"><span class='ocrx_word' id='word_1_1137' title='bbox 1365 948 1444 978; x_wconf 86' lang='lat' dir='ltr'>Ideni</span> <span class='ocrx_word' id='word_1_1138' title='bbox 1455 952 1480 977; x_wconf 87' lang='lat'>6.</span> <span class='ocrx_word' id='word_1_1139' title='bbox 1493 949 1566 978; x_wconf 90' lang='lat' dir='ltr'>Verr.</span> <span class='ocrx_word' id='word_1_1140' title='bbox 1578 960 1624 984; x_wconf 86' lang='lat'>90.</span> <span class='ocrx_word' id='word_1_1141' title='bbox 1647 949 1732 986; x_wconf 81' lang='lat' dir='ltr'>Cujus</span> <span class='ocrx_word' id='word_1_1142' title='bbox 1744 959 1842 980; x_wconf 89' lang='lat' dir='ltr'>omnes</span> <span class='ocrx_word' id='word_1_1143' title='bbox 1853 950 1958 987; x_wconf 82' lang='lat' dir='ltr'>vigilias</span> <span class='ocrx_word' id='word_1_1144' title='bbox 1971 951 2000 978; x_wconf 89' lang='lat' dir='ltr'>in</span> <span class='ocrx_word' id='word_1_1145' title='bbox 2017 950 2116 987; x_wconf 87' lang='lat' dir='ltr'>stupris</span> <span class='ocrx_word' id='word_1_1146' title='bbox 2129 949 2236 980; x_wconf 73' lang='lat' dir='ltr'>constat</span> <span class='ocrx_word' id='word_1_1147' title='bbox 2247 973 2254 987; x_wconf 91' lang='lat'>‚</span> <span class='ocrx_word' id='word_1_1148' title='bbox 2277 951 2474 991; x_wconf 79' lang='lat' dir='ltr'>adulteiiisque</span> 
     </span>
     <span class='ocr_line' id='line_1_127' title="bbox 1367 986 1622 1024; baseline 0.004 -9"><span class='ocrx_word' id='word_1_1149' title='bbox 1367 986 1422 1016; x_wconf 82' lang='lat' dir='ltr'>effe</span> <span class='ocrx_word' id='word_1_1150' title='bbox 1433 987 1622 1024; x_wconf 84' lang='lat' dir='ltr'>consumptas.</span> 
     </span>
    </p>

    <p class='ocr_par' dir='ltr' id='par_1_61' title="bbox 1348 1024 2476 1138">
     <span class='ocr_line' id='line_1_128' title="bbox 1348 1024 2475 1064; baseline 0.004 -10"><span class='ocrx_word' id='word_1_1151' title='bbox 1348 1024 1413 1054; x_wconf 92' lang='lat' dir='ltr'>Non</span> <span class='ocrx_word' id='word_1_1152' title='bbox 1427 1024 1490 1053; x_wconf 84' lang='lat' dir='ltr'>satis</span> <span class='ocrx_word' id='word_1_1153' title='bbox 1508 1032 1614 1054; x_wconf 86' lang='lat' dir='ltr'>certum</span> <span class='ocrx_word' id='word_1_1154' title='bbox 1632 1024 1738 1054; x_wconf 86' lang='lat' dir='ltr'>constat</span> <span class='ocrx_word' id='word_1_1155' title='bbox 1753 1024 1828 1061; x_wconf 91' lang='lat' dir='ltr'>apud</span> <span class='ocrx_word' id='word_1_1156' title='bbox 1842 1025 1976 1054; x_wconf 86' lang='lat' dir='ltr'>animum.</span> <span class='ocrx_word' id='word_1_1157' title='bbox 2016 1024 2073 1054; x_wconf 86' lang='lat' dir='ltr'>Liv.</span> <span class='ocrx_word' id='word_1_1158' title='bbox 2088 1034 2131 1061; x_wconf 85' lang='lat'>30.</span> <span class='ocrx_word' id='word_1_1159' title='bbox 2147 1030 2191 1059; x_wconf 85' lang='lat'>28.</span> <span class='ocrx_word' id='word_1_1160' title='bbox 2211 1035 2251 1064; x_wconf 86' lang='lat' dir='ltr'>pr.</span> <span class='ocrx_word' id='word_1_1161' title='bbox 2273 1026 2346 1056; x_wconf 88' lang='lat' dir='ltr'>lnter</span> <span class='ocrx_word' id='word_1_1162' title='bbox 2367 1027 2427 1058; x_wconf 81' lang='lat' dir='ltr'>haec</span> <span class='ocrx_word' id='word_1_1163' title='bbox 2444 1029 2475 1058; x_wconf 91' lang='lat' dir='ltr'>si-</span> 
     </span>
     <span class='ocr_line' id='line_1_129' title="bbox 1367 1062 2476 1105; baseline 0.005 -15"><span class='ocrx_word' id='word_1_1164' title='bbox 1367 1062 1427 1091; x_wconf 90' lang='lat' dir='ltr'>mul</span> <span class='ocrx_word' id='word_1_1165' title='bbox 1438 1062 1498 1100; x_wconf 85' lang='lat' dir='ltr'>spes</span> <span class='ocrx_word' id='word_1_1166' title='bbox 1509 1084 1517 1096; x_wconf 90' lang='lat'>,</span> <span class='ocrx_word' id='word_1_1167' title='bbox 1539 1062 1619 1092; x_wconf 88' lang='lat' dir='ltr'>simul</span> <span class='ocrx_word' id='word_1_1168' title='bbox 1631 1072 1695 1093; x_wconf 81' lang='lat' dir='ltr'>cura</span> <span class='ocrx_word' id='word_1_1169' title='bbox 1706 1064 1735 1092; x_wconf 89' lang='lat' dir='ltr'>in</span> <span class='ocrx_word' id='word_1_1170' title='bbox 1746 1063 1805 1092; x_wconf 89' lang='lat' dir='ltr'>dies</span> <span class='ocrx_word' id='word_1_1171' title='bbox 1816 1062 1955 1092; x_wconf 86' lang='lat' dir='ltr'>crescebat</span> <span class='ocrx_word' id='word_1_1172' title='bbox 1969 1072 1974 1091; x_wconf 92' lang='lat'>:</span> <span class='ocrx_word' id='word_1_1173' title='bbox 2000 1072 2052 1092; x_wconf 90' lang='lat' dir='ltr'>nec</span> <span class='ocrx_word' id='word_1_1174' title='bbox 2061 1062 2124 1092; x_wconf 79' lang='lat' dir='ltr'>satis</span> <span class='ocrx_word' id='word_1_1175' title='bbox 2139 1070 2246 1093; x_wconf 89' lang='lat' dir='ltr'>certum</span> <span class='ocrx_word' id='word_1_1176' title='bbox 2258 1065 2382 1095; x_wconf 82' lang='lat' dir='ltr'>constare</span> <span class='ocrx_word' id='word_1_1177' title='bbox 2398 1067 2476 1105; x_wconf 86' lang='lat' dir='ltr'>apud</span> 
     </span>
     <span class='ocr_line' id='line_1_130' title="bbox 1368 1099 2138 1138; baseline 0.003 -10"><span class='ocrx_word' id='word_1_1178' title='bbox 1368 1101 1476 1129; x_wconf 81' lang='lat' dir='ltr'>animos</span> <span class='ocrx_word' id='word_1_1179' title='bbox 1487 1108 1597 1138; x_wconf 90' lang='lat' dir='ltr'>poterat</span> <span class='ocrx_word' id='word_1_1180' title='bbox 1606 1123 1613 1136; x_wconf 88' lang='lat'>,</span> <span class='ocrx_word' id='word_1_1181' title='bbox 1636 1108 1727 1130; x_wconf 90' lang='lat' dir='ltr'>utrum</span> <span class='ocrx_word' id='word_1_1182' title='bbox 1736 1101 1839 1138; x_wconf 82' lang='lat' dir='ltr'>gaudio</span> <span class='ocrx_word' id='word_1_1183' title='bbox 1854 1101 1965 1137; x_wconf 85' lang='lat' dir='ltr'>dignius</span> <span class='ocrx_word' id='word_1_1184' title='bbox 1976 1099 2043 1129; x_wconf 76' lang='lat' dir='ltr'>esset</span> <span class='ocrx_word' id='word_1_1185' title='bbox 2055 1123 2062 1135; x_wconf 62' lang='lat'>7</span> <span class='ocrx_word' id='word_1_1186' title='bbox 2087 1102 2138 1130; x_wconf 65' lang='lat' dir='ltr'>Sec.</span> 
     </span>
    </p>

    <p class='ocr_par' dir='ltr' id='par_1_62' title="bbox 1349 1137 2475 1213">
     <span class='ocr_line' id='line_1_131' title="bbox 1349 1137 2475 1178; baseline 0.004 -10"><span class='ocrx_word' id='word_1_1187' title='bbox 1349 1137 1415 1168; x_wconf 92' lang='lat' dir='ltr'>Non</span> <span class='ocrx_word' id='word_1_1188' title='bbox 1424 1138 1485 1166; x_wconf 82' lang='lat' dir='ltr'>satis</span> <span class='ocrx_word' id='word_1_1189' title='bbox 1499 1139 1606 1168; x_wconf 88' lang='lat' dir='ltr'>constat</span> <span class='ocrx_word' id='word_1_1190' title='bbox 1616 1139 1726 1168; x_wconf 78' lang='lat' dir='ltr'>animis.</span> <span class='ocrx_word' id='word_1_1191' title='bbox 1769 1138 1824 1168; x_wconf 89' lang='lat' dir='ltr'>Liv.</span> <span class='ocrx_word' id='word_1_1192' title='bbox 1840 1148 1885 1175; x_wconf 92' lang='lat'>27.</span> <span class='ocrx_word' id='word_1_1193' title='bbox 1899 1150 1943 1173; x_wconf 80' lang='lat'>44.</span> <span class='ocrx_word' id='word_1_1194' title='bbox 1958 1147 1999 1175; x_wconf 85' lang='lat' dir='ltr'>pr.</span> <span class='ocrx_word' id='word_1_1195' title='bbox 2022 1138 2121 1175; x_wconf 86' lang='lat' dir='ltr'>Neque</span> <span class='ocrx_word' id='word_1_1196' title='bbox 2134 1138 2196 1168; x_wconf 87' lang='lat' dir='ltr'>satis</span> <span class='ocrx_word' id='word_1_1197' title='bbox 2207 1139 2349 1171; x_wconf 88' lang='lat' dir='ltr'>constabat</span> <span class='ocrx_word' id='word_1_1198' title='bbox 2362 1142 2475 1178; x_wconf 85' lang='lat' dir='ltr'>animis,</span> 
     </span>
     <span class='ocr_line' id='line_1_132' title="bbox 1368 1176 2119 1213; baseline 0.001 -9"><span class='ocrx_word' id='word_1_1199' title='bbox 1368 1182 1425 1204; x_wconf 89' lang='lat' dir='ltr'>tarn</span> <span class='ocrx_word' id='word_1_1200' title='bbox 1439 1176 1528 1205; x_wconf 78' lang='lat' dir='ltr'>audax</span> <span class='ocrx_word' id='word_1_1201' title='bbox 1540 1177 1593 1206; x_wconf 85' lang='lat' dir='ltr'>iter</span> <span class='ocrx_word' id='word_1_1202' title='bbox 1615 1186 1685 1206; x_wconf 86' lang='lat' dir='ltr'>cos.</span> <span class='ocrx_word' id='word_1_1203' title='bbox 1699 1177 1863 1211; x_wconf 82' lang='lat' dir='ltr'>laudarent,</span> <span class='ocrx_word' id='word_1_1204' title='bbox 1884 1177 2119 1213; x_wconf 84' lang='lat' dir='ltr'>vituperarentne.</span> 
     </span>
    </p>

    <p class='ocr_par' dir='ltr' id='par_1_63' title="bbox 1350 1213 2478 1282">
     <span class='ocr_line' id='line_1_133' title="bbox 1350 1213 2478 1279; baseline 0.003 -35"><span class='ocrx_word' id='word_1_1205' title='bbox 1350 1213 1465 1279; x_wconf 44' lang='lat' dir='ltr'>Constitit</span> <span class='ocrx_word' id='word_1_1206' title='bbox 1483 1213 1575 1251; x_wconf 86' lang='lat' dir='ltr'>plane.</span> <span class='ocrx_word' id='word_1_1207' title='bbox 1616 1214 1675 1244; x_wconf 88' lang='lat' dir='ltr'>Cic.</span> <span class='ocrx_word' id='word_1_1208' title='bbox 1690 1225 1713 1250; x_wconf 83' lang='grc' dir='ltr'>ς.</span> <span class='ocrx_word' id='word_1_1209' title='bbox 1729 1214 1803 1244; x_wconf 89' lang='lat' dir='ltr'>Verr.</span> <span class='ocrx_word' id='word_1_1210' title='bbox 1818 1225 1861 1250; x_wconf 79' lang='lat'>54.</span> <span class='ocrx_word' id='word_1_1211' title='bbox 1884 1214 2020 1252; x_wconf 88' lang='lat' dir='ltr'>Nympho</span> <span class='ocrx_word' id='word_1_1212' title='bbox 2049 1222 2199 1252; x_wconf 85' lang='lat' dir='ltr'>antequam</span> <span class='ocrx_word' id='word_1_1213' title='bbox 2224 1214 2308 1253; x_wconf 75' lang='lat' dir='ltr'>plane</span> <span class='ocrx_word' id='word_1_1214' title='bbox 2332 1217 2454 1247; x_wconf 87' lang='lat' dir='ltr'>constitit</span> <span class='ocrx_word' id='word_1_1215' title='bbox 2467 1239 2478 1254; x_wconf 84' lang='lat'>‚</span> 
     </span>
     <span class='ocr_line' id='line_1_134' title="bbox 1369 1258 1583 1282; baseline 0.009 -2"><span class='ocrx_word' id='word_1_1216' title='bbox 1369 1261 1423 1281; x_wconf 90' lang='lat' dir='ltr'>cori</span> <span class='ocrx_word' id='word_1_1217' title='bbox 1447 1258 1583 1282; x_wconf 84' lang='lat' dir='ltr'>emnatur.</span> 
     </span>
    </p>

    <p class='ocr_par' dir='ltr' id='par_1_64' title="bbox 1352 1288 2483 1366">
     <span class='ocr_line' id='line_1_135' title="bbox 1352 1288 2483 1328; baseline 0.003 -8"><span class='ocrx_word' id='word_1_1218' title='bbox 1352 1290 1465 1320; x_wconf 89' lang='lat' dir='ltr'>Constat</span> <span class='ocrx_word' id='word_1_1219' title='bbox 1476 1290 1572 1319; x_wconf 88' lang='lat' dir='ltr'>dehac</span> <span class='ocrx_word' id='word_1_1220' title='bbox 1581 1300 1619 1319; x_wconf 85' lang='lat' dir='ltr'>re.</span> <span class='ocrx_word' id='word_1_1221' title='bbox 1661 1288 1728 1320; x_wconf 85' lang='lat' dir='ltr'>Plin.</span> <span class='ocrx_word' id='word_1_1222' title='bbox 1743 1289 1792 1320; x_wconf 90' lang='lat' dir='ltr'>lib.</span> <span class='ocrx_word' id='word_1_1223' title='bbox 1808 1299 1851 1319; x_wconf 88' lang='lat'>11.</span> <span class='ocrx_word' id='word_1_1224' title='bbox 1863 1299 1926 1328; x_wconf 89' lang='lat' dir='ltr'>cap.</span> <span class='ocrx_word' id='word_1_1225' title='bbox 1943 1300 1967 1326; x_wconf 85' lang='lat'>5.</span> <span class='ocrx_word' id='word_1_1226' title='bbox 1990 1290 2055 1320; x_wconf 91' lang='lat' dir='ltr'>Non</span> <span class='ocrx_word' id='word_1_1227' title='bbox 2067 1288 2098 1319; x_wconf 93' lang='lat' dir='ltr'>sit</span> <span class='ocrx_word' id='word_1_1228' title='bbox 2112 1289 2148 1319; x_wconf 92' lang='lat' dir='ltr'>de</span> <span class='ocrx_word' id='word_1_1229' title='bbox 2160 1290 2252 1320; x_wconf 88' lang='lat' dir='ltr'>anima</span> <span class='ocrx_word' id='word_1_1230' title='bbox 2261 1292 2373 1328; x_wconf 75' lang='lat' dir='ltr'>quaestio</span> <span class='ocrx_word' id='word_1_1231' title='bbox 2384 1315 2392 1328; x_wconf 88' lang='lat'>,</span> <span class='ocrx_word' id='word_1_1232' title='bbox 2413 1302 2483 1323; x_wconf 88' lang='lat' dir='ltr'>con-</span> 
     </span>
     <span class='ocr_line' id='line_1_136' title="bbox 1370 1328 1665 1366; baseline 0.003 -10"><span class='ocrx_word' id='word_1_1233' title='bbox 1370 1328 1456 1357; x_wconf 83' lang='lat' dir='ltr'>stet&amp;</span> <span class='ocrx_word' id='word_1_1234' title='bbox 1472 1328 1508 1357; x_wconf 87' lang='lat' dir='ltr'>de</span> <span class='ocrx_word' id='word_1_1235' title='bbox 1522 1328 1665 1366; x_wconf 85' lang='lat' dir='ltr'>sanguine.</span> 
     </span>
    </p>

    <p class='ocr_par' dir='ltr' id='par_1_65' title="bbox 1350 1364 2482 1438">
     <span class='ocr_line' id='line_1_137' title="bbox 1350 1364 2482 1404; baseline 0.004 -10"><span class='ocrx_word' id='word_1_1236' title='bbox 1350 1364 1382 1395; x_wconf 88' lang='lat' dir='ltr'>Id</span> <span class='ocrx_word' id='word_1_1237' title='bbox 1396 1366 1430 1394; x_wconf 88' lang='lat' dir='ltr'>de</span> <span class='ocrx_word' id='word_1_1238' title='bbox 1445 1375 1500 1403; x_wconf 85' lang='lat' dir='ltr'>quo</span> <span class='ocrx_word' id='word_1_1239' title='bbox 1512 1368 1660 1403; x_wconf 74' lang='lat' dir='ltr'>quaeritur,</span> <span class='ocrx_word' id='word_1_1240' title='bbox 1682 1367 1709 1396; x_wconf 88' lang='lat'>&amp;</span> <span class='ocrx_word' id='word_1_1241' title='bbox 1719 1365 1775 1396; x_wconf 89' lang='lat' dir='ltr'>Res</span> <span class='ocrx_word' id='word_1_1242' title='bbox 1785 1365 1821 1395; x_wconf 92' lang='lat' dir='ltr'>de</span> <span class='ocrx_word' id='word_1_1243' title='bbox 1834 1375 1887 1402; x_wconf 90' lang='lat' dir='ltr'>qua</span> <span class='ocrx_word' id='word_1_1244' title='bbox 1896 1364 2002 1396; x_wconf 81' lang='lat' dir='ltr'>constat</span> <span class='ocrx_word' id='word_1_1245' title='bbox 2014 1375 2023 1402; x_wconf 80' lang='lat'>3</span> <span class='ocrx_word' id='word_1_1246' title='bbox 2046 1365 2172 1404; x_wconf 85' lang='lat' dir='ltr'>opposita</span> <span class='ocrx_word' id='word_1_1247' title='bbox 2182 1365 2253 1396; x_wconf 83' lang='lat' dir='ltr'>sunt.</span> <span class='ocrx_word' id='word_1_1248' title='bbox 2277 1366 2334 1396; x_wconf 88' lang='lat' dir='ltr'>Cic.</span> <span class='ocrx_word' id='word_1_1249' title='bbox 2349 1377 2374 1397; x_wconf 85' lang='lat'>2.</span> <span class='ocrx_word' id='word_1_1250' title='bbox 2392 1368 2427 1397; x_wconf 92' lang='lat' dir='ltr'>de</span> <span class='ocrx_word' id='word_1_1251' title='bbox 2438 1368 2482 1399; x_wconf 79' lang='lat' dir='ltr'>In·</span> 
     </span>
     <span class='ocr_line' id='line_1_138' title="bbox 1375 1410 1528 1438; baseline 0.007 -6"><span class='ocrx_word' id='word_1_1252' title='bbox 1375 1410 1451 1433; x_wconf 88' lang='lat' dir='ltr'>vent.</span> <span class='ocrx_word' id='word_1_1253' title='bbox 1468 1414 1528 1438; x_wconf 81' lang='lat'>159.</span> 
     </span>
    </p>

    <p class='ocr_par' dir='ltr' id='par_1_66' title="bbox 1352 1440 2481 1509">
     <span class='ocr_line' id='line_1_139' title="bbox 1352 1440 2481 1483; baseline 0.004 -13"><span class='ocrx_word' id='word_1_1254' title='bbox 1352 1441 1466 1471; x_wconf 84' lang='lat' dir='ltr'>Constat</span> <span class='ocrx_word' id='word_1_1255' title='bbox 1482 1443 1517 1471; x_wconf 88' lang='lat' dir='ltr'>de</span> <span class='ocrx_word' id='word_1_1256' title='bbox 1532 1442 1695 1472; x_wconf 88' lang='lat' dir='ltr'>innocentia</span> <span class='ocrx_word' id='word_1_1257' title='bbox 1723 1440 1824 1472; x_wconf 87' lang='lat' dir='ltr'>nostra.</span> <span class='ocrx_word' id='word_1_1258' title='bbox 1859 1441 1877 1471; x_wconf 91' lang='lat' dir='ltr'>i.</span> <span class='ocrx_word' id='word_1_1259' title='bbox 1887 1450 1912 1471; x_wconf 89' lang='lat' dir='ltr'>e.</span> <span class='ocrx_word' id='word_1_1260' title='bbox 1936 1440 2082 1471; x_wconf 84' lang='lat' dir='ltr'>Manifesta</span> <span class='ocrx_word' id='word_1_1261' title='bbox 2097 1441 2144 1472; x_wconf 84' lang='lat' dir='ltr'>est.</span> <span class='ocrx_word' id='word_1_1262' title='bbox 2166 1441 2288 1479; x_wconf 82' lang='lat' dir='ltr'>Quintil.</span> <span class='ocrx_word' id='word_1_1263' title='bbox 2313 1443 2361 1473; x_wconf 93' lang='lat' dir='ltr'>lib.</span> <span class='ocrx_word' id='word_1_1264' title='bbox 2375 1453 2401 1481; x_wconf 89' lang='lat'>7.</span> <span class='ocrx_word' id='word_1_1265' title='bbox 2418 1454 2481 1483; x_wconf 86' lang='lat' dir='ltr'>cap.</span> 
     </span>
     <span class='ocr_line' id='line_1_140' title="bbox 1371 1485 1524 1509; baseline 0.007 -1"><span class='ocrx_word' id='word_1_1266' title='bbox 1371 1490 1397 1509; x_wconf 83' lang='lat'>2.</span> <span class='ocrx_word' id='word_1_1267' title='bbox 1441 1503 1446 1509; x_wconf 97' lang='lat'>.</span> <span class='ocrx_word' id='word_1_1268' title='bbox 1460 1485 1524 1509; x_wconf 79' lang='lat'>601.</span> 
     </span>
    </p>

    <p class='ocr_par' dir='ltr' id='par_1_67' title="bbox 1352 1491 2486 1667">
     <span class='ocr_line' id='line_1_141' title="bbox 1352 1491 2485 1557; baseline 0.003 -10"><span class='ocrx_word' id='word_1_1269' title='bbox 1352 1491 1468 1548; x_wconf 72' lang='lat' dir='ltr'>conilat</span> <span class='ocrx_word' id='word_1_1270' title='bbox 1478 1519 1549 1547; x_wconf 88' lang='lat' dir='ltr'>inter</span> <span class='ocrx_word' id='word_1_1271' title='bbox 1559 1527 1678 1554; x_wconf 86' lang='lat' dir='ltr'>omnes;</span> <span class='ocrx_word' id='word_1_1272' title='bbox 1701 1517 1849 1554; x_wconf 90' lang='lat' dir='ltr'>Loquendi</span> <span class='ocrx_word' id='word_1_1273' title='bbox 1859 1516 1960 1546; x_wconf 89' lang='lat' dir='ltr'>modus</span> <span class='ocrx_word' id='word_1_1274' title='bbox 1979 1517 2055 1555; x_wconf 86' lang='lat' dir='ltr'>apud</span> <span class='ocrx_word' id='word_1_1275' title='bbox 2066 1517 2281 1553; x_wconf 74' lang='lat' dir='ltr'>jurisconsultos</span> <span class='ocrx_word' id='word_1_1276' title='bbox 2301 1518 2485 1557; x_wconf 86' lang='lat' dir='ltr'>frequentiffi-</span> 
     </span>
     <span class='ocr_line' id='line_1_142' title="bbox 1371 1555 2485 1595; baseline 0.004 -10"><span class='ocrx_word' id='word_1_1277' title='bbox 1371 1566 1450 1591; x_wconf 91' lang='lat' dir='ltr'>mus,</span> <span class='ocrx_word' id='word_1_1278' title='bbox 1472 1567 1527 1593; x_wconf 91' lang='lat' dir='ltr'>quo</span> <span class='ocrx_word' id='word_1_1279' title='bbox 1547 1555 1700 1593; x_wconf 81' lang='lat' dir='ltr'>significant</span> <span class='ocrx_word' id='word_1_1280' title='bbox 1724 1555 1795 1584; x_wconf 89' lang='lat' dir='ltr'>Rem</span> <span class='ocrx_word' id='word_1_1281' title='bbox 1819 1565 1877 1584; x_wconf 92' lang='lat' dir='ltr'>non</span> <span class='ocrx_word' id='word_1_1282' title='bbox 1901 1555 1980 1584; x_wconf 81' lang='lat' dir='ltr'>fuisse</span> <span class='ocrx_word' id='word_1_1283' title='bbox 2002 1556 2184 1592; x_wconf 86' lang='lat' dir='ltr'>opinionibus</span> <span class='ocrx_word' id='word_1_1284' title='bbox 2199 1558 2337 1590; x_wconf 65' lang='lat' dir='ltr'>agitatam.</span> <span class='ocrx_word' id='word_1_1285' title='bbox 2381 1558 2440 1588; x_wconf 90' lang='lat' dir='ltr'>Cic.</span> <span class='ocrx_word' id='word_1_1286' title='bbox 2459 1568 2485 1595; x_wconf 81' lang='lat'>3.</span> 
     </span>
     <span class='ocr_line' id='line_1_143' title="bbox 1372 1593 2486 1633; baseline 0.004 -11"><span class='ocrx_word' id='word_1_1287' title='bbox 1372 1593 1447 1624; x_wconf 90' lang='lat' dir='ltr'>Verr.</span> <span class='ocrx_word' id='word_1_1288' title='bbox 1464 1605 1488 1629; x_wconf 82' lang='grc' dir='ltr'>ς.</span> <span class='ocrx_word' id='word_1_1289' title='bbox 1511 1593 1625 1624; x_wconf 87' lang='lat' dir='ltr'>Constat</span> <span class='ocrx_word' id='word_1_1290' title='bbox 1635 1596 1707 1623; x_wconf 89' lang='lat' dir='ltr'>inter</span> <span class='ocrx_word' id='word_1_1291' title='bbox 1717 1602 1833 1630; x_wconf 84' lang='lat' dir='ltr'>omnes,</span> <span class='ocrx_word' id='word_1_1292' title='bbox 1855 1593 1917 1632; x_wconf 89' lang='lat' dir='ltr'>post</span> <span class='ocrx_word' id='word_1_1293' title='bbox 1928 1593 1987 1623; x_wconf 80' lang='lat' dir='ltr'>haec</span> <span class='ocrx_word' id='word_1_1294' title='bbox 1996 1594 2146 1623; x_wconf 79' lang='lat' dir='ltr'>constituta</span> <span class='ocrx_word' id='word_1_1295' title='bbox 2158 1593 2274 1630; x_wconf 85' lang='lat' dir='ltr'>judicia,</span> <span class='ocrx_word' id='word_1_1296' title='bbox 2297 1595 2398 1633; x_wconf 87' lang='lat' dir='ltr'>quibus</span> <span class='ocrx_word' id='word_1_1297' title='bbox 2408 1606 2486 1627; x_wconf 86' lang='lat' dir='ltr'>nunc</span> 
     </span>
     <span class='ocr_line' id='line_1_144' title="bbox 1372 1631 1735 1667; baseline 0 -7"><span class='ocrx_word' id='word_1_1298' title='bbox 1372 1633 1478 1661; x_wconf 82' lang='lat' dir='ltr'>utimur</span> <span class='ocrx_word' id='word_1_1299' title='bbox 1492 1655 1499 1667; x_wconf 91' lang='lat'><strong>‚</strong></span> <span class='ocrx_word' id='word_1_1300' title='bbox 1521 1631 1632 1662; x_wconf 88' lang='lat' dir='ltr'>nullum</span> <span class='ocrx_word' id='word_1_1301' title='bbox 1650 1654 1658 1666; x_wconf 78' lang='lat'>‚</span> <span class='ocrx_word' id='word_1_1302' title='bbox 1674 1633 1735 1661; x_wconf 83' lang='lat' dir='ltr'>&#39;&amp;c.</span> 
     </span>
    </p>

    <p class='ocr_par' dir='ltr' id='par_1_68' title="bbox 1354 1668 2372 1706">
     <span class='ocr_line' id='line_1_145' title="bbox 1354 1668 2372 1706; baseline 0.002 -7"><span class='ocrx_word' id='word_1_1303' title='bbox 1354 1669 1533 1706; x_wconf 86' lang='lat' dir='ltr'>Perspicuum</span> <span class='ocrx_word' id='word_1_1304' title='bbox 1543 1670 1599 1704; x_wconf 83' lang='lat' dir='ltr'>est,</span> <span class='ocrx_word' id='word_1_1305' title='bbox 1621 1669 1783 1706; x_wconf 84' lang='lat' dir='ltr'>constatque</span> <span class='ocrx_word' id='word_1_1306' title='bbox 1794 1669 1866 1699; x_wconf 88' lang='lat' dir='ltr'>inter</span> <span class='ocrx_word' id='word_1_1307' title='bbox 1875 1678 1983 1699; x_wconf 85' lang='lat' dir='ltr'>omnes.</span> <span class='ocrx_word' id='word_1_1308' title='bbox 2005 1668 2066 1699; x_wconf 89' lang='lat' dir='ltr'>Cic.</span> <span class='ocrx_word' id='word_1_1309' title='bbox 2080 1678 2104 1706; x_wconf 85' lang='lat'>3.</span> <span class='ocrx_word' id='word_1_1310' title='bbox 2118 1669 2154 1699; x_wconf 87' lang='lat' dir='ltr'>de</span> <span class='ocrx_word' id='word_1_1311' title='bbox 2166 1669 2230 1700; x_wconf 89' lang='lat' dir='ltr'>Nat.</span> <span class='ocrx_word' id='word_1_1312' title='bbox 2246 1670 2331 1701; x_wconf 86' lang='lat' dir='ltr'>Deor.</span> <span class='ocrx_word' id='word_1_1313' title='bbox 2346 1681 2372 1706; x_wconf 89' lang='grc'>9.</span> 
     </span>
    </p>

    <p class='ocr_par' dir='ltr' id='par_1_69' title="bbox 1355 1707 2529 1746">
     <span class='ocr_line' id='line_1_146' title="bbox 1355 1707 2529 1746; baseline 0.003 -9"><span class='ocrx_word' id='word_1_1314' title='bbox 1355 1708 1422 1737; x_wconf 82' lang='lat' dir='ltr'>Haec</span> <span class='ocrx_word' id='word_1_1315' title='bbox 1434 1718 1475 1738; x_wconf 87' lang='lat' dir='ltr'>res</span> <span class='ocrx_word' id='word_1_1316' title='bbox 1483 1718 1540 1737; x_wconf 91' lang='lat' dir='ltr'>non</span> <span class='ocrx_word' id='word_1_1317' title='bbox 1553 1708 1696 1746; x_wconf 84' lang='lat' dir='ltr'>perspicua</span> <span class='ocrx_word' id='word_1_1318' title='bbox 1708 1708 1755 1743; x_wconf 83' lang='lat' dir='ltr'>est,</span> <span class='ocrx_word' id='word_1_1319' title='bbox 1769 1716 1859 1744; x_wconf 90' lang='lat' dir='ltr'>neque</span> <span class='ocrx_word' id='word_1_1320' title='bbox 1867 1707 1974 1737; x_wconf 88' lang='lat' dir='ltr'>constat</span> <span class='ocrx_word' id='word_1_1321' title='bbox 1986 1707 2057 1736; x_wconf 88' lang='lat' dir='ltr'>inter</span> <span class='ocrx_word' id='word_1_1322' title='bbox 2068 1707 2266 1738; x_wconf 87' lang='lat' dir='ltr'>omnes.Cic.1.</span> <span class='ocrx_word' id='word_1_1323' title='bbox 2279 1709 2314 1739; x_wconf 85' lang='lat' dir='ltr'>de</span> <span class='ocrx_word' id='word_1_1324' title='bbox 2326 1710 2485 1746; x_wconf 46' lang='lat' dir='ltr'>inventae.</span> <span class='ocrx_word' id='word_1_1325' title='bbox 2524 1718 2529 1724; x_wconf 58' lang='lat'><em>²</em></span> 
     </span>
    </p>

    <p class='ocr_par' dir='ltr' id='par_1_70' title="bbox 1354 1745 2487 1822">
     <span class='ocr_line' id='line_1_147' title="bbox 1354 1745 2487 1786; baseline 0.004 -12"><span class='ocrx_word' id='word_1_1326' title='bbox 1354 1746 1468 1776; x_wconf 84' lang='lat' dir='ltr'>Constat</span> <span class='ocrx_word' id='word_1_1327' title='bbox 1480 1747 1535 1776; x_wconf 91' lang='lat' dir='ltr'>hoc</span> <span class='ocrx_word' id='word_1_1328' title='bbox 1545 1746 1614 1775; x_wconf 85' lang='lat' dir='ltr'>mihi</span> <span class='ocrx_word' id='word_1_1329' title='bbox 1625 1753 1729 1775; x_wconf 86' lang='lat' dir='ltr'>tecum.</span> <span class='ocrx_word' id='word_1_1330' title='bbox 1772 1746 1873 1775; x_wconf 63' lang='lat' dir='ltr'>Auctor</span> <span class='ocrx_word' id='word_1_1331' title='bbox 1884 1746 1920 1775; x_wconf 86' lang='lat' dir='ltr'>ad</span> <span class='ocrx_word' id='word_1_1332' title='bbox 1933 1745 2036 1775; x_wconf 86' lang='lat' dir='ltr'>Heren.</span> <span class='ocrx_word' id='word_1_1333' title='bbox 2051 1745 2102 1776; x_wconf 89' lang='lat' dir='ltr'>lib.</span> <span class='ocrx_word' id='word_1_1334' title='bbox 2117 1756 2139 1776; x_wconf 90' lang='lat'>1.</span> <span class='ocrx_word' id='word_1_1335' title='bbox 2153 1749 2196 1776; x_wconf 90' lang='grc'>16.</span> <span class='ocrx_word' id='word_1_1336' title='bbox 2218 1747 2318 1778; x_wconf 82' lang='lat' dir='ltr'>Adhuc</span> <span class='ocrx_word' id='word_1_1337' title='bbox 2331 1758 2392 1786; x_wconf 87' lang='lat' dir='ltr'>quae</span> <span class='ocrx_word' id='word_1_1338' title='bbox 2412 1749 2487 1779; x_wconf 69' lang='lat' dir='ltr'>dit‘ta</span> 
     </span>
     <span class='ocr_line' id='line_1_148' title="bbox 1374 1783 2177 1822; baseline 0 -9"><span class='ocrx_word' id='word_1_1339' title='bbox 1374 1784 1435 1813; x_wconf 88' lang='lat' dir='ltr'>sunt</span> <span class='ocrx_word' id='word_1_1340' title='bbox 1449 1785 1566 1814; x_wconf 86' lang='lat' dir='ltr'>arbitror</span> <span class='ocrx_word' id='word_1_1341' title='bbox 1579 1784 1648 1813; x_wconf 90' lang='lat' dir='ltr'>mihi</span> <span class='ocrx_word' id='word_1_1342' title='bbox 1663 1783 1788 1813; x_wconf 84' lang='lat' dir='ltr'>constare</span> <span class='ocrx_word' id='word_1_1343' title='bbox 1799 1793 1863 1813; x_wconf 88' lang='lat' dir='ltr'>cum</span> <span class='ocrx_word' id='word_1_1344' title='bbox 1875 1785 1974 1813; x_wconf 84' lang='lat' dir='ltr'>ceteris</span> <span class='ocrx_word' id='word_1_1345' title='bbox 1984 1783 2177 1822; x_wconf 87' lang='lat' dir='ltr'>scriptoribus.</span> 
     </span>
    </p>
   </div>
   <div class='ocr_carea' id='block_1_8' title="bbox 2218 763 2470 802">
    <p class='ocr_par' dir='ltr' id='par_1_71' title="bbox 2218 763 2470 802">
     <span class='ocr_line' id='line_1_149' title="bbox 2218 763 2470 802; baseline 0.012 -10"><span class='ocrx_word' id='word_1_1346' title='bbox 2218 763 2235 792; x_wconf 83' lang='lat' dir='ltr'>i.</span> <span class='ocrx_word' id='word_1_1347' title='bbox 2247 771 2271 793; x_wconf 90' lang='lat' dir='ltr'>e.</span> <span class='ocrx_word' id='word_1_1348' title='bbox 2293 763 2448 802; x_wconf 86' lang='lat' dir='ltr'>Suppetere</span> <span class='ocrx_word' id='word_1_1349' title='bbox 2459 786 2470 801; x_wconf 87' lang='lat'>,</span> 
     </span>
    </p>
   </div>
   <div class='ocr_carea' id='block_1_9' title="bbox 1318 1818 2489 1860">
    <p class='ocr_par' dir='ltr' id='par_1_72' title="bbox 1318 1818 2489 1860">
     <span class='ocr_line' id='line_1_150' title="bbox 1318 1818 2489 1860; baseline 0.004 -10"><span class='ocrx_word' id='word_1_1350' title='bbox 1318 1820 1342 1851; x_wconf 87' lang='lat' dir='ltr'>C</span> <span class='ocrx_word' id='word_1_1351' title='bbox 1351 1831 1368 1850; x_wconf 92' lang='lat' dir='ltr'>o</span> <span class='ocrx_word' id='word_1_1352' title='bbox 1378 1832 1397 1850; x_wconf 86' lang='lat' dir='ltr'>N</span> <span class='ocrx_word' id='word_1_1353' title='bbox 1407 1832 1419 1851; x_wconf 92' lang='lat' dir='ltr'>s</span> <span class='ocrx_word' id='word_1_1354' title='bbox 1429 1833 1476 1851; x_wconf 79' lang='lat' dir='ltr'>TA</span> <span class='ocrx_word' id='word_1_1355' title='bbox 1487 1832 1506 1851; x_wconf 81' lang='lat' dir='ltr'>N</span> <span class='ocrx_word' id='word_1_1356' title='bbox 1518 1832 1530 1852; x_wconf 85' lang='lat' dir='ltr'>s</span> <span class='ocrx_word' id='word_1_1357' title='bbox 1541 1844 1549 1858; x_wconf 83' lang='lat'>,</span> <span class='ocrx_word' id='word_1_1358' title='bbox 1571 1822 1650 1851; x_wconf 89' lang='lat' dir='ltr'>antis.</span> <span class='ocrx_word' id='word_1_1359' title='bbox 1672 1822 1770 1852; x_wconf 84' lang='lat' dir='ltr'>Partic.</span> <span class='ocrx_word' id='word_1_1360' title='bbox 1793 1820 1916 1858; x_wconf 60' lang='grc' dir='ltr'>[ἐυε-ιιθῆε</span> <span class='ocrx_word' id='word_1_1361' title='bbox 1925 1843 1933 1855; x_wconf 77' lang='grc'>,</span> <span class='ocrx_word' id='word_1_1362' title='bbox 1951 1818 2075 1858; x_wconf 60' lang='grc' dir='ltr'>ἔμμῖμὴς]</span> <span class='ocrx_word' id='word_1_1363' title='bbox 2097 1822 2197 1852; x_wconf 83' lang='lat' dir='ltr'>Tenax</span> <span class='ocrx_word' id='word_1_1364' title='bbox 2215 1823 2349 1860; x_wconf 86' lang='lat' dir='ltr'>propositi</span> <span class='ocrx_word' id='word_1_1365' title='bbox 2371 1846 2379 1859; x_wconf 83' lang='lat'><strong>‚</strong></span> <span class='ocrx_word' id='word_1_1366' title='bbox 2397 1835 2430 1854; x_wconf 89' lang='lat' dir='ltr'>ac</span> <span class='ocrx_word' id='word_1_1367' title='bbox 2443 1825 2489 1855; x_wconf 88' lang='lat' dir='ltr'>fir-</span> 
     </span>
    </p>
   </div>
   <div class='ocr_carea' id='block_1_10' title="bbox 1356 1859 2489 1975">
    <p class='ocr_par' dir='ltr' id='par_1_73' title="bbox 1356 1859 2489 1975">
     <span class='ocr_line' id='line_1_151' title="bbox 1356 1859 2489 1897; baseline 0.004 -8"><span class='ocrx_word' id='word_1_1368' title='bbox 1356 1870 1427 1889; x_wconf 86' lang='lat' dir='ltr'>mus.</span> <span class='ocrx_word' id='word_1_1369' title='bbox 1471 1861 1530 1890; x_wconf 88' lang='lat' dir='ltr'>Cic.</span> <span class='ocrx_word' id='word_1_1370' title='bbox 1545 1870 1568 1890; x_wconf 92' lang='grc'>1.</span> <span class='ocrx_word' id='word_1_1371' title='bbox 1584 1859 1658 1890; x_wconf 87' lang='lat' dir='ltr'>Fam.</span> <span class='ocrx_word' id='word_1_1372' title='bbox 1675 1869 1701 1896; x_wconf 81' lang='lat'>7.</span> <span class='ocrx_word' id='word_1_1373' title='bbox 1723 1860 1846 1890; x_wconf 87' lang='lat' dir='ltr'>Tantam</span> <span class='ocrx_word' id='word_1_1374' title='bbox 1857 1861 1913 1889; x_wconf 85' lang='lat' dir='ltr'>vim</span> <span class='ocrx_word' id='word_1_1375' title='bbox 1926 1859 2028 1895; x_wconf 78' lang='lat' dir='ltr'>habet,</span> <span class='ocrx_word' id='word_1_1376' title='bbox 2049 1869 2080 1889; x_wconf 91' lang='lat' dir='ltr'>ut</span> <span class='ocrx_word' id='word_1_1377' title='bbox 2095 1861 2181 1897; x_wconf 83' lang='lat' dir='ltr'>magis</span> <span class='ocrx_word' id='word_1_1378' title='bbox 2193 1861 2324 1890; x_wconf 88' lang='lat' dir='ltr'>iratorum</span> <span class='ocrx_word' id='word_1_1379' title='bbox 2340 1863 2489 1894; x_wconf 88' lang='lat' dir='ltr'>hominum</span> 
     </span>
     <span class='ocr_line' id='line_1_152' title="bbox 1357 1897 2271 1935; baseline 0.001 -8"><span class='ocrx_word' id='word_1_1380' title='bbox 1357 1898 1479 1927; x_wconf 87' lang='lat' dir='ltr'>studium</span> <span class='ocrx_word' id='word_1_1381' title='bbox 1495 1921 1503 1934; x_wconf 89' lang='lat'>,</span> <span class='ocrx_word' id='word_1_1382' title='bbox 1526 1908 1608 1935; x_wconf 90' lang='lat' dir='ltr'>quarn</span> <span class='ocrx_word' id='word_1_1383' title='bbox 1618 1898 1770 1927; x_wconf 87' lang='lat' dir='ltr'>constantis</span> <span class='ocrx_word' id='word_1_1384' title='bbox 1780 1898 1897 1928; x_wconf 87' lang='lat' dir='ltr'>Senatus</span> <span class='ocrx_word' id='word_1_1385' title='bbox 1911 1897 2056 1927; x_wconf 88' lang='lat' dir='ltr'>consilium</span> <span class='ocrx_word' id='word_1_1386' title='bbox 2069 1898 2123 1927; x_wconf 85' lang='lat' dir='ltr'>effe</span> <span class='ocrx_word' id='word_1_1387' title='bbox 2136 1899 2271 1929; x_wconf 83' lang='lat' dir='ltr'>videatur.</span> 
     </span>
     <span class='ocr_line' id='line_1_153' title="bbox 1357 1936 2489 1975; baseline 0.003 -9"><span class='ocrx_word' id='word_1_1388' title='bbox 1357 1936 1438 1966; x_wconf 80' lang='lat' dir='ltr'>Levis</span> <span class='ocrx_word' id='word_1_1389' title='bbox 1456 1938 1481 1965; x_wconf 73' lang='lat' dir='ltr'>Sc</span> <span class='ocrx_word' id='word_1_1390' title='bbox 1496 1937 1650 1970; x_wconf 82' lang='lat' dir='ltr'>Constans,</span> <span class='ocrx_word' id='word_1_1391' title='bbox 1672 1937 1820 1966; x_wconf 87' lang='lat' dir='ltr'>contraria.</span> <span class='ocrx_word' id='word_1_1392' title='bbox 1862 1936 1921 1966; x_wconf 90' lang='lat' dir='ltr'>Cic.</span> <span class='ocrx_word' id='word_1_1393' title='bbox 1943 1937 1979 1965; x_wconf 90' lang='lat' dir='ltr'>de</span> <span class='ocrx_word' id='word_1_1394' title='bbox 2001 1936 2108 1965; x_wconf 84' lang='lat' dir='ltr'>Amicit.</span> <span class='ocrx_word' id='word_1_1395' title='bbox 2125 1946 2171 1973; x_wconf 83' lang='lat'>94.</span> <span class='ocrx_word' id='word_1_1396' title='bbox 2194 1938 2271 1975; x_wconf 81' lang='lat' dir='ltr'>Quid</span> <span class='ocrx_word' id='word_1_1397' title='bbox 2292 1937 2396 1968; x_wconf 80' lang='lat' dir='ltr'>intersit</span> <span class='ocrx_word' id='word_1_1398' title='bbox 2416 1939 2489 1970; x_wconf 85' lang='lat' dir='ltr'>inter</span> 
     </span>
    </p>
   </div>
   <div class='ocr_carea' id='block_1_11' title="bbox 1376 1973 2488 2050">
    <p class='ocr_par' dir='ltr' id='par_1_74' title="bbox 1376 1973 2488 2050">
     <span class='ocr_line' id='line_1_154' title="bbox 1376 1973 2488 2014; baseline 0.004 -11"><span class='ocrx_word' id='word_1_1399' title='bbox 1376 1974 1542 2012; x_wconf 85' lang='lat' dir='ltr'>popularem</span> <span class='ocrx_word' id='word_1_1400' title='bbox 1555 1997 1563 2010; x_wconf 91' lang='lat'>,</span> <span class='ocrx_word' id='word_1_1401' title='bbox 1586 1974 1615 2003; x_wconf 91' lang='lat' dir='ltr'>id</span> <span class='ocrx_word' id='word_1_1402' title='bbox 1627 1974 1665 2003; x_wconf 82' lang='lat' dir='ltr'>est</span> <span class='ocrx_word' id='word_1_1403' title='bbox 1676 1973 1870 2004; x_wconf 80' lang='lat' dir='ltr'>assentatorem</span> <span class='ocrx_word' id='word_1_1404' title='bbox 1886 1976 1912 2005; x_wconf 86' lang='lat'>&amp;</span> <span class='ocrx_word' id='word_1_1405' title='bbox 1924 1973 2015 2004; x_wconf 87' lang='lat' dir='ltr'>levem</span> <span class='ocrx_word' id='word_1_1406' title='bbox 2026 1975 2116 2004; x_wconf 78' lang='lat' dir='ltr'>civem</span> <span class='ocrx_word' id='word_1_1407' title='bbox 2129 1984 2136 2005; x_wconf 92' lang='lat'>:</span> <span class='ocrx_word' id='word_1_1408' title='bbox 2160 1977 2186 2006; x_wconf 87' lang='lat'>&amp;</span> <span class='ocrx_word' id='word_1_1409' title='bbox 2205 1977 2277 2006; x_wconf 88' lang='lat' dir='ltr'>inter</span> <span class='ocrx_word' id='word_1_1410' title='bbox 2293 1977 2467 2007; x_wconf 78' lang='lat' dir='ltr'>constantem</span> <span class='ocrx_word' id='word_1_1411' title='bbox 2478 2000 2488 2014; x_wconf 89' lang='lat'>,</span> 
     </span>
     <span class='ocr_line' id='line_1_155' title="bbox 1378 2012 1681 2050; baseline 0 -9"><span class='ocrx_word' id='word_1_1412' title='bbox 1378 2012 1503 2042; x_wconf 89' lang='lat' dir='ltr'>severum</span> <span class='ocrx_word' id='word_1_1413' title='bbox 1522 2014 1547 2042; x_wconf 74' lang='grc' dir='ltr'><strong>ἃ</strong></span> <span class='ocrx_word' id='word_1_1414' title='bbox 1561 2021 1681 2050; x_wconf 81' lang='lat' dir='ltr'>gravem.</span> 
     </span>
    </p>
   </div>
   <div class='ocr_carea' id='block_1_12' title="bbox 1355 2049 2491 2769">
    <p class='ocr_par' dir='ltr' id='par_1_75' title="bbox 1355 2049 2491 2769">
     <span class='ocr_line' id='line_1_156' title="bbox 1359 2049 2491 2089; baseline -0.001 -8"><span class='ocrx_word' id='word_1_1415' title='bbox 1359 2050 1475 2081; x_wconf 85' lang='lat' dir='ltr'>Mobilis</span> <span class='ocrx_word' id='word_1_1416' title='bbox 1486 2052 1512 2080; x_wconf 71' lang='lat' dir='ltr'>Sc</span> <span class='ocrx_word' id='word_1_1417' title='bbox 1523 2049 1675 2086; x_wconf 80' lang='lat' dir='ltr'>Constans,</span> <span class='ocrx_word' id='word_1_1418' title='bbox 1698 2050 1844 2079; x_wconf 84' lang='lat' dir='ltr'>contraria.</span> <span class='ocrx_word' id='word_1_1419' title='bbox 1880 2049 1941 2079; x_wconf 89' lang='lat' dir='ltr'>Cic.</span> <span class='ocrx_word' id='word_1_1420' title='bbox 1960 2059 2014 2088; x_wconf 92' lang='lat' dir='ltr'>pro</span> <span class='ocrx_word' id='word_1_1421' title='bbox 2026 2049 2107 2080; x_wconf 88' lang='lat' dir='ltr'>Rosc.</span> <span class='ocrx_word' id='word_1_1422' title='bbox 2120 2049 2199 2081; x_wconf 89' lang='lat' dir='ltr'>Corn.</span> <span class='ocrx_word' id='word_1_1423' title='bbox 2216 2061 2261 2088; x_wconf 77' lang='grc'>49.</span> <span class='ocrx_word' id='word_1_1424' title='bbox 2293 2052 2385 2089; x_wconf 87' lang='lat' dir='ltr'>Quem</span> <span class='ocrx_word' id='word_1_1425' title='bbox 2400 2053 2491 2083; x_wconf 87' lang='lat' dir='ltr'>homi..</span> 
     </span>
     <span class='ocr_line' id='line_1_157' title="bbox 1378 2087 2489 2126; baseline 0.005 -9"><span class='ocrx_word' id='word_1_1426' title='bbox 1378 2089 1465 2118; x_wconf 71' lang='lat' dir='ltr'>nem?</span> <span class='ocrx_word' id='word_1_1427' title='bbox 1488 2088 1603 2118; x_wconf 74' lang='lat' dir='ltr'>levem‘.&gt;</span> <span class='ocrx_word' id='word_1_1428' title='bbox 1626 2089 1714 2117; x_wconf 90' lang='lat' dir='ltr'>immo</span> <span class='ocrx_word' id='word_1_1429' title='bbox 1726 2087 1931 2126; x_wconf 85' lang='lat' dir='ltr'>gravissimum:</span> <span class='ocrx_word' id='word_1_1430' title='bbox 1954 2087 2113 2118; x_wconf 79' lang='lat' dir='ltr'>mobssem‘?</span> <span class='ocrx_word' id='word_1_1431' title='bbox 2131 2089 2219 2118; x_wconf 89' lang='lat' dir='ltr'>immo</span> <span class='ocrx_word' id='word_1_1432' title='bbox 2229 2090 2489 2122; x_wconf 87' lang='lat' dir='ltr'>constantiffimum.</span> 
     </span>
     <span class='ocr_line' id='line_1_158' title="bbox 1358 2126 2368 2166; baseline 0.002 -9"><span class='ocrx_word' id='word_1_1433' title='bbox 1358 2126 1439 2157; x_wconf 85' lang='lat' dir='ltr'>Ratio</span> <span class='ocrx_word' id='word_1_1434' title='bbox 1452 2127 1513 2157; x_wconf 80' lang='lat' dir='ltr'>vitae</span> <span class='ocrx_word' id='word_1_1435' title='bbox 1523 2126 1665 2163; x_wconf 84' lang='lat' dir='ltr'>aequabilis</span> <span class='ocrx_word' id='word_1_1436' title='bbox 1677 2148 1685 2161; x_wconf 89' lang='lat'>,</span> <span class='ocrx_word' id='word_1_1437' title='bbox 1707 2126 1836 2155; x_wconf 85' lang='lat' dir='ltr'>constans</span> <span class='ocrx_word' id='word_1_1438' title='bbox 1849 2128 1876 2155; x_wconf 86' lang='lat'>&amp;</span> <span class='ocrx_word' id='word_1_1439' title='bbox 1887 2126 2039 2156; x_wconf 88' lang='lat' dir='ltr'>moderata.</span> <span class='ocrx_word' id='word_1_1440' title='bbox 2063 2127 2122 2157; x_wconf 84' lang='lat' dir='ltr'>Cic.</span> <span class='ocrx_word' id='word_1_1441' title='bbox 2133 2136 2186 2165; x_wconf 87' lang='lat' dir='ltr'>pro</span> <span class='ocrx_word' id='word_1_1442' title='bbox 2200 2127 2310 2158; x_wconf 88' lang='lat' dir='ltr'>Cluent.</span> <span class='ocrx_word' id='word_1_1443' title='bbox 2322 2133 2368 2166; x_wconf 83' lang='grc'>64.</span> 
     </span>
     <span class='ocr_line' id='line_1_159' title="bbox 1359 2164 1935 2195; baseline -0.002 -1"><span class='ocrx_word' id='word_1_1444' title='bbox 1359 2164 1495 2194; x_wconf 87' lang='lat' dir='ltr'>Constans</span> <span class='ocrx_word' id='word_1_1445' title='bbox 1512 2165 1594 2195; x_wconf 78' lang='lat' dir='ltr'>ffitas.</span> <span class='ocrx_word' id='word_1_1446' title='bbox 1619 2164 1688 2192; x_wconf 89' lang='lat' dir='ltr'>Vide</span> <span class='ocrx_word' id='word_1_1447' title='bbox 1708 2173 1820 2193; x_wconf 77' lang='lat' dir='ltr'>AETAS.</span> <span class='ocrx_word' id='word_1_1448' title='bbox 1843 2164 1877 2193; x_wconf 89' lang='lat' dir='ltr'>H.</span> <span class='ocrx_word' id='word_1_1449' title='bbox 1895 2164 1935 2193; x_wconf 88' lang='lat' dir='ltr'>St.</span> 
     </span>
     <span class='ocr_line' id='line_1_160' title="bbox 1359 2200 2037 2237; baseline 0 -5"><span class='ocrx_word' id='word_1_1450' title='bbox 1359 2202 1481 2233; x_wconf 78' lang='lat' dir='ltr'>Affensio</span> <span class='ocrx_word' id='word_1_1451' title='bbox 1494 2203 1621 2231; x_wconf 86' lang='lat' dir='ltr'>constans</span> <span class='ocrx_word' id='word_1_1452' title='bbox 1636 2204 1660 2231; x_wconf 66' lang='grc'>81</span> <span class='ocrx_word' id='word_1_1453' title='bbox 1671 2200 1759 2231; x_wconf 80' lang='lat' dir='ltr'>firma.</span> <span class='ocrx_word' id='word_1_1454' title='bbox 1782 2201 1840 2231; x_wconf 91' lang='lat' dir='ltr'>Cic.</span> <span class='ocrx_word' id='word_1_1455' title='bbox 1858 2211 1880 2230; x_wconf 86' lang='lat'>1.</span> <span class='ocrx_word' id='word_1_1456' title='bbox 1895 2201 1979 2231; x_wconf 83' lang='lat' dir='ltr'>Acad.</span> <span class='ocrx_word' id='word_1_1457' title='bbox 1992 2211 2037 2237; x_wconf 86' lang='lat'>41.</span> 
     </span>
     <span class='ocr_line' id='line_1_161' title="bbox 1357 2239 2487 2308; baseline 0.004 -39"><span class='ocrx_word' id='word_1_1458' title='bbox 1357 2241 1450 2308; x_wconf 52' lang='lat' dir='ltr'>Agffi</span> <span class='ocrx_word' id='word_1_1459' title='bbox 1465 2240 1545 2270; x_wconf 88' lang='lat' dir='ltr'>fortis</span> <span class='ocrx_word' id='word_1_1460' title='bbox 1564 2242 1590 2270; x_wconf 88' lang='lat'>&amp;</span> <span class='ocrx_word' id='word_1_1461' title='bbox 1604 2239 1755 2270; x_wconf 90' lang='lat' dir='ltr'>constantis</span> <span class='ocrx_word' id='word_1_1462' title='bbox 1775 2240 1830 2275; x_wconf 82' lang='lat' dir='ltr'>est,</span> <span class='ocrx_word' id='word_1_1463' title='bbox 1851 2249 1909 2268; x_wconf 92' lang='lat' dir='ltr'>non</span> <span class='ocrx_word' id='word_1_1464' title='bbox 1930 2240 2086 2278; x_wconf 84' lang='lat' dir='ltr'>perturbari</span> <span class='ocrx_word' id='word_1_1465' title='bbox 2105 2240 2135 2270; x_wconf 90' lang='lat' dir='ltr'>in</span> <span class='ocrx_word' id='word_1_1466' title='bbox 2151 2241 2234 2271; x_wconf 83' lang='lat' dir='ltr'>rebus</span> <span class='ocrx_word' id='word_1_1467' title='bbox 2253 2242 2364 2281; x_wconf 82' lang='lat' dir='ltr'>asperis.</span> <span class='ocrx_word' id='word_1_1468' title='bbox 2387 2242 2447 2274; x_wconf 88' lang='lat' dir='ltr'>Cic.</span> <span class='ocrx_word' id='word_1_1469' title='bbox 2461 2252 2487 2275; x_wconf 88' lang='lat'>1.</span> 
     </span>
     <span class='ocr_line' id='line_1_162' title="bbox 1431 2284 1494 2313; baseline 0 -5"><span class='ocrx_word' id='word_1_1470' title='bbox 1431 2302 1436 2308; x_wconf 97' lang='lat'>.</span> <span class='ocrx_word' id='word_1_1471' title='bbox 1450 2284 1494 2313; x_wconf 85' lang='lat'>80.</span> 
     </span>
     <span class='ocr_line' id='line_1_163' title="bbox 1359 2315 2237 2354; baseline 0.001 -7"><span class='ocrx_word' id='word_1_1472' title='bbox 1359 2317 1447 2347; x_wconf 79' lang='lat' dir='ltr'>Amici</span> <span class='ocrx_word' id='word_1_1473' title='bbox 1462 2316 1618 2346; x_wconf 88' lang='lat' dir='ltr'>constantes</span> <span class='ocrx_word' id='word_1_1474' title='bbox 1629 2317 1655 2346; x_wconf 69' lang='grc' dir='ltr'>ἃ</span> <span class='ocrx_word' id='word_1_1475' title='bbox 1667 2315 1776 2345; x_wconf 86' lang='lat' dir='ltr'>stabiles</span> <span class='ocrx_word' id='word_1_1476' title='bbox 1796 2315 1927 2354; x_wconf 85' lang='lat' dir='ltr'>eligendi.</span> <span class='ocrx_word' id='word_1_1477' title='bbox 1952 2315 2009 2346; x_wconf 92' lang='lat' dir='ltr'>Cic.</span> <span class='ocrx_word' id='word_1_1478' title='bbox 2021 2316 2057 2346; x_wconf 85' lang='lat' dir='ltr'>de</span> <span class='ocrx_word' id='word_1_1479' title='bbox 2067 2317 2177 2347; x_wconf 85' lang='lat' dir='ltr'>Ainicit.</span> <span class='ocrx_word' id='word_1_1480' title='bbox 2191 2320 2237 2353; x_wconf 76' lang='lat'>63.</span> 
     </span>
     <span class='ocr_line' id='line_1_164' title="bbox 1359 2354 2004 2389; baseline -0.002 -5"><span class='ocrx_word' id='word_1_1481' title='bbox 1359 2356 1475 2385; x_wconf 81' lang='lat' dir='ltr'>Animus</span> <span class='ocrx_word' id='word_1_1482' title='bbox 1485 2354 1621 2384; x_wconf 87' lang='lat' dir='ltr'>constans.</span> <span class='ocrx_word' id='word_1_1483' title='bbox 1643 2354 1727 2383; x_wconf 89' lang='lat' dir='ltr'>Ovid.</span> <span class='ocrx_word' id='word_1_1484' title='bbox 1741 2354 1819 2384; x_wconf 82' lang='lat' dir='ltr'>Rem.</span> <span class='ocrx_word' id='word_1_1485' title='bbox 1834 2358 1925 2384; x_wconf 72' lang='lat' dir='ltr'>Amor.</span> <span class='ocrx_word' id='word_1_1486' title='bbox 1940 2360 2004 2389; x_wconf 83' lang='lat'>718.</span> 
     </span>
     <span class='ocr_line' id='line_1_165' title="bbox 1357 2392 2489 2435; baseline 0.004 -13"><span class='ocrx_word' id='word_1_1487' title='bbox 1357 2394 1474 2423; x_wconf 80' lang='lat' dir='ltr'>Animus</span> <span class='ocrx_word' id='word_1_1488' title='bbox 1486 2393 1655 2422; x_wconf 84' lang='lat' dir='ltr'>constantior</span> <span class='ocrx_word' id='word_1_1489' title='bbox 1667 2393 1748 2421; x_wconf 87' lang='lat' dir='ltr'>annis</span> <span class='ocrx_word' id='word_1_1490' title='bbox 1761 2414 1769 2427; x_wconf 85' lang='lat'><strong>‚</strong></span> <span class='ocrx_word' id='word_1_1491' title='bbox 1801 2392 1819 2421; x_wconf 94' lang='lat' dir='ltr'>i.</span> <span class='ocrx_word' id='word_1_1492' title='bbox 1838 2401 1862 2421; x_wconf 91' lang='lat' dir='ltr'>e.</span> <span class='ocrx_word' id='word_1_1493' title='bbox 1886 2392 2001 2422; x_wconf 87' lang='lat' dir='ltr'>Animus</span> <span class='ocrx_word' id='word_1_1494' title='bbox 2016 2392 2185 2422; x_wconf 89' lang='lat' dir='ltr'>constantior</span> <span class='ocrx_word' id='word_1_1495' title='bbox 2207 2394 2234 2423; x_wconf 71' lang='grc' dir='ltr'>δε</span> <span class='ocrx_word' id='word_1_1496' title='bbox 2253 2394 2388 2425; x_wconf 85' lang='lat' dir='ltr'>maturior</span> <span class='ocrx_word' id='word_1_1497' title='bbox 2404 2401 2489 2435; x_wconf 83' lang='lat' dir='ltr'>atque</span> 
     </span>
     <span class='ocr_line' id='line_1_166' title="bbox 1379 2429 2237 2469; baseline 0 -9"><span class='ocrx_word' id='word_1_1498' title='bbox 1379 2431 1451 2460; x_wconf 90' lang='lat' dir='ltr'>adeo</span> <span class='ocrx_word' id='word_1_1499' title='bbox 1462 2431 1627 2469; x_wconf 87' lang='lat' dir='ltr'>prudentior</span> <span class='ocrx_word' id='word_1_1500' title='bbox 1639 2440 1722 2468; x_wconf 89' lang='lat' dir='ltr'>quam</span> <span class='ocrx_word' id='word_1_1501' title='bbox 1737 2440 1787 2468; x_wconf 87' lang='lat' dir='ltr'>pro</span> <span class='ocrx_word' id='word_1_1502' title='bbox 1799 2436 1887 2459; x_wconf 79' lang='lat' dir='ltr'>aetate.</span> <span class='ocrx_word' id='word_1_1503' title='bbox 1911 2429 2013 2460; x_wconf 82' lang='lat' dir='ltr'>Lucan.</span> <span class='ocrx_word' id='word_1_1504' title='bbox 2024 2431 2059 2459; x_wconf 89' lang='lat' dir='ltr'>ad</span> <span class='ocrx_word' id='word_1_1505' title='bbox 2070 2430 2157 2460; x_wconf 87' lang='lat' dir='ltr'>Pison.</span> <span class='ocrx_word' id='word_1_1506' title='bbox 2174 2441 2237 2467; x_wconf 86' lang='lat'>247·</span> 
     </span>
     <span class='ocr_line' id='line_1_167' title="bbox 1358 2467 2380 2504; baseline 0.003 -6"><span class='ocrx_word' id='word_1_1507' title='bbox 1358 2469 1458 2498; x_wconf 85' lang='lat' dir='ltr'>Cursus</span> <span class='ocrx_word' id='word_1_1508' title='bbox 1469 2476 1559 2498; x_wconf 85' lang='lat' dir='ltr'>certos</span> <span class='ocrx_word' id='word_1_1509' title='bbox 1574 2469 1763 2498; x_wconf 80' lang='lat' dir='ltr'>&amp;constantes</span> <span class='ocrx_word' id='word_1_1510' title='bbox 1774 2467 1856 2497; x_wconf 82' lang='lat' dir='ltr'>stellae</span> <span class='ocrx_word' id='word_1_1511' title='bbox 1868 2467 1980 2498; x_wconf 81' lang='lat' dir='ltr'>habent.</span> <span class='ocrx_word' id='word_1_1512' title='bbox 2004 2468 2062 2497; x_wconf 93' lang='lat' dir='ltr'>Cic.</span> <span class='ocrx_word' id='word_1_1513' title='bbox 2077 2478 2100 2504; x_wconf 78' lang='lat'>3.</span> <span class='ocrx_word' id='word_1_1514' title='bbox 2117 2468 2152 2497; x_wconf 89' lang='lat' dir='ltr'>de</span> <span class='ocrx_word' id='word_1_1515' title='bbox 2165 2469 2227 2499; x_wconf 88' lang='lat' dir='ltr'>Nat.</span> <span class='ocrx_word' id='word_1_1516' title='bbox 2241 2469 2324 2500; x_wconf 90' lang='lat' dir='ltr'>Deor.</span> <span class='ocrx_word' id='word_1_1517' title='bbox 2335 2480 2380 2504; x_wconf 77' lang='lat'>24.</span> 
     </span>
     <span class='ocr_line' id='line_1_168' title="bbox 1356 2506 2488 2574; baseline 0.004 -38"><span class='ocrx_word' id='word_1_1518' title='bbox 1356 2506 1627 2574; x_wconf 39' lang='lat' dir='ltr'>Deffinsiosconstans</span> <span class='ocrx_word' id='word_1_1519' title='bbox 1636 2510 1651 2542; x_wconf 67' lang='lat'>,&#39;</span> <span class='ocrx_word' id='word_1_1520' title='bbox 1669 2512 1808 2545; x_wconf 87' lang='lat' dir='ltr'>perpetua</span> <span class='ocrx_word' id='word_1_1521' title='bbox 1819 2528 1828 2542; x_wconf 87' lang='lat'>‚</span> <span class='ocrx_word' id='word_1_1522' title='bbox 1848 2506 1926 2535; x_wconf 85' lang='lat' dir='ltr'>fortis</span> <span class='ocrx_word' id='word_1_1523' title='bbox 1937 2528 1945 2542; x_wconf 91' lang='lat'>,</span> <span class='ocrx_word' id='word_1_1524' title='bbox 1970 2507 2074 2536; x_wconf 67' lang='lat' dir='ltr'>invicta</span> <span class='ocrx_word' id='word_1_1525' title='bbox 2091 2506 2185 2537; x_wconf 88' lang='lat' dir='ltr'>salutis</span> <span class='ocrx_word' id='word_1_1526' title='bbox 2203 2507 2329 2544; x_wconf 84' lang='lat' dir='ltr'>alicujus.</span> <span class='ocrx_word' id='word_1_1527' title='bbox 2351 2509 2411 2539; x_wconf 90' lang='lat' dir='ltr'>Cic.</span> <span class='ocrx_word' id='word_1_1528' title='bbox 2427 2510 2488 2540; x_wconf 85' lang='lat' dir='ltr'>Post</span> 
     </span>
     <span class='ocr_line' id='line_1_169' title="bbox 1374 2551 1640 2579; baseline -0.004 -5"><span class='ocrx_word' id='word_1_1529' title='bbox 1374 2555 1403 2574; x_wconf 89' lang='lat' dir='ltr'>re</span> <span class='ocrx_word' id='word_1_1530' title='bbox 1428 2554 1477 2574; x_wconf 89' lang='grc'>,111</span> <span class='ocrx_word' id='word_1_1531' title='bbox 1507 2551 1580 2574; x_wconf 86' lang='lat' dir='ltr'>enat.</span> <span class='ocrx_word' id='word_1_1532' title='bbox 1595 2551 1640 2579; x_wconf 80' lang='lat'>28.</span> 
     </span>
     <span class='ocr_line' id='line_1_170' title="bbox 1355 2581 2490 2622; baseline 0.003 -9"><span class='ocrx_word' id='word_1_1533' title='bbox 1355 2583 1439 2613; x_wconf 89' lang='lat' dir='ltr'>Fama</span> <span class='ocrx_word' id='word_1_1534' title='bbox 1453 2582 1497 2612; x_wconf 78' lang='lat' dir='ltr'>vel</span> <span class='ocrx_word' id='word_1_1535' title='bbox 1512 2592 1614 2611; x_wconf 90' lang='lat' dir='ltr'>rumor.</span> <span class='ocrx_word' id='word_1_1536' title='bbox 1656 2582 1715 2612; x_wconf 88' lang='lat' dir='ltr'>Cic.</span> <span class='ocrx_word' id='word_1_1537' title='bbox 1730 2591 1753 2612; x_wconf 90' lang='lat'>1.</span> <span class='ocrx_word' id='word_1_1538' title='bbox 1767 2582 1804 2619; x_wconf 82' lang='lat' dir='ltr'>Q</span> <span class='ocrx_word' id='word_1_1539' title='bbox 1818 2581 1879 2612; x_wconf 79' lang='lat' dir='ltr'>frat.</span> <span class='ocrx_word' id='word_1_1540' title='bbox 1891 2590 1916 2612; x_wconf 84' lang='grc'>1.</span> <span class='ocrx_word' id='word_1_1541' title='bbox 1940 2581 2091 2612; x_wconf 87' lang='lat' dir='ltr'>Constante</span> <span class='ocrx_word' id='word_1_1542' title='bbox 2110 2581 2183 2613; x_wconf 85' lang='lat' dir='ltr'>fama</span> <span class='ocrx_word' id='word_1_1543' title='bbox 2198 2589 2282 2622; x_wconf 90' lang='lat' dir='ltr'>atque</span> <span class='ocrx_word' id='word_1_1544' title='bbox 2296 2585 2424 2616; x_wconf 89' lang='lat' dir='ltr'>omnium</span> <span class='ocrx_word' id='word_1_1545' title='bbox 2437 2585 2490 2616; x_wconf 87' lang='lat' dir='ltr'>ser-</span> 
     </span>
     <span class='ocr_line' id='line_1_171' title="bbox 1381 2620 1708 2650; baseline -0.003 0"><span class='ocrx_word' id='word_1_1546' title='bbox 1381 2630 1467 2650; x_wconf 86' lang='lat' dir='ltr'>mone</span> <span class='ocrx_word' id='word_1_1547' title='bbox 1480 2621 1651 2650; x_wconf 86' lang='lat' dir='ltr'>celebratum</span> <span class='ocrx_word' id='word_1_1548' title='bbox 1661 2620 1708 2649; x_wconf 90' lang='lat' dir='ltr'>est.</span> 
     </span>
     <span class='ocr_line' id='line_1_172' title="bbox 1356 2657 2098 2694; baseline 0 -5"><span class='ocrx_word' id='word_1_1549' title='bbox 1356 2659 1451 2689; x_wconf 80' lang='lat' dir='ltr'>Fastus</span> <span class='ocrx_word' id='word_1_1550' title='bbox 1460 2659 1588 2688; x_wconf 87' lang='lat' dir='ltr'>constans</span> <span class='ocrx_word' id='word_1_1551' title='bbox 1600 2680 1607 2694; x_wconf 88' lang='lat'>‚</span> <span class='ocrx_word' id='word_1_1552' title='bbox 1629 2658 1765 2688; x_wconf 78' lang='lat' dir='ltr'>Pertinax.</span> <span class='ocrx_word' id='word_1_1553' title='bbox 1789 2657 1913 2693; x_wconf 68' lang='lat' dir='ltr'>Prone-rt.</span> <span class='ocrx_word' id='word_1_1554' title='bbox 1930 2657 1978 2687; x_wconf 90' lang='lat' dir='ltr'>lib.</span> <span class='ocrx_word' id='word_1_1555' title='bbox 1995 2667 2017 2687; x_wconf 89' lang='lat'>1.</span> <span class='ocrx_word' id='word_1_1556' title='bbox 2035 2667 2058 2687; x_wconf 92' lang='grc'>1.</span> <span class='ocrx_word' id='word_1_1557' title='bbox 2072 2667 2098 2694; x_wconf 75' lang='lat'>3.</span> 
     </span>
     <span class='ocr_line' id='line_1_173' title="bbox 1437 2695 2091 2731; baseline 0.002 -5"><span class='ocrx_word' id='word_1_1558' title='bbox 1437 2696 1512 2726; x_wconf 87' lang='lat' dir='ltr'>Tum</span> <span class='ocrx_word' id='word_1_1559' title='bbox 1525 2697 1594 2726; x_wconf 91' lang='lat' dir='ltr'>mihi</span> <span class='ocrx_word' id='word_1_1560' title='bbox 1605 2696 1754 2725; x_wconf 88' lang='lat' dir='ltr'>constantis</span> <span class='ocrx_word' id='word_1_1561' title='bbox 1766 2695 1871 2731; x_wconf 81' lang='lat' dir='ltr'>dejecit</span> <span class='ocrx_word' id='word_1_1562' title='bbox 1880 2695 1987 2726; x_wconf 85' lang='lat' dir='ltr'>lumina</span> <span class='ocrx_word' id='word_1_1563' title='bbox 1997 2696 2091 2727; x_wconf 85' lang='lat' dir='ltr'>fastus.</span> 
     </span>
     <span class='ocr_line' id='line_1_174' title="bbox 1359 2734 1833 2769; baseline -0.004 -4"><span class='ocrx_word' id='word_1_1564' title='bbox 1359 2735 1450 2765; x_wconf 89' lang='lat' dir='ltr'>Fides.</span> <span class='ocrx_word' id='word_1_1565' title='bbox 1474 2735 1559 2764; x_wconf 86' lang='lat' dir='ltr'>Ovid.</span> <span class='ocrx_word' id='word_1_1566' title='bbox 1573 2745 1599 2765; x_wconf 85' lang='lat'>2.</span> <span class='ocrx_word' id='word_1_1567' title='bbox 1614 2734 1649 2764; x_wconf 88' lang='lat' dir='ltr'>de</span> <span class='ocrx_word' id='word_1_1568' title='bbox 1659 2734 1738 2763; x_wconf 82' lang='lat' dir='ltr'>Porit.</span> <span class='ocrx_word' id='word_1_1569' title='bbox 1750 2745 1776 2769; x_wconf 79' lang='lat'>4-</span> <span class='ocrx_word' id='word_1_1570' title='bbox 1789 2743 1833 2768; x_wconf 73' lang='lat'>³3-</span> 
     </span>
    </p>
   </div>
   <div class='ocr_carea' id='block_1_13' title="bbox 1357 2771 1888 2807">
    <p class='ocr_par' dir='ltr' id='par_1_76' title="bbox 1318 2771 1888 2807">
     <span class='ocr_line' id='line_1_175' title="bbox 1357 2771 1888 2807; baseline -0.004 -4.137"><span class='ocrx_word' id='word_1_1571' title='bbox 1357 2773 1436 2803; x_wconf 84' lang='lat' dir='ltr'>Fidei</span> <span class='ocrx_word' id='word_1_1572' title='bbox 1449 2773 1584 2802; x_wconf 86' lang='lat' dir='ltr'>constans.</span> <span class='ocrx_word' id='word_1_1573' title='bbox 1608 2772 1699 2802; x_wconf 87' lang='lat' dir='ltr'>Tacit.</span> <span class='ocrx_word' id='word_1_1574' title='bbox 1715 2781 1739 2807; x_wconf 79' lang='lat'>³·</span> <span class='ocrx_word' id='word_1_1575' title='bbox 1760 2771 1828 2801; x_wconf 86' lang='lat' dir='ltr'>Hist.</span> <span class='ocrx_word' id='word_1_1576' title='bbox 1844 2781 1888 2807; x_wconf 80' lang='lat'>57·</span> 
     </span>
    </p>
   </div>
   <div class='ocr_carea' id='block_1_14' title="bbox 1358 2809 2489 3379">
    <p class='ocr_par' dir='ltr' id='par_1_77' title="bbox 1358 2809 2489 2924">
     <span class='ocr_line' id='line_1_176' title="bbox 1358 2809 2489 2849; baseline 0.002 -9"><span class='ocrx_word' id='word_1_1577' title='bbox 1358 2812 1487 2846; x_wconf 77' lang='lat' dir='ltr'>Graveni,</span> <span class='ocrx_word' id='word_1_1578' title='bbox 1500 2811 1683 2846; x_wconf 86' lang='lat' dir='ltr'>constantem,</span> <span class='ocrx_word' id='word_1_1579' title='bbox 1696 2809 1821 2840; x_wconf 85' lang='lat' dir='ltr'>stabilem</span> <span class='ocrx_word' id='word_1_1580' title='bbox 1831 2809 1856 2838; x_wconf 89' lang='lat' dir='ltr'>se</span> <span class='ocrx_word' id='word_1_1581' title='bbox 1869 2810 1897 2838; x_wconf 88' lang='lat' dir='ltr'>in</span> <span class='ocrx_word' id='word_1_1582' title='bbox 1906 2810 2029 2840; x_wconf 84' lang='lat' dir='ltr'>amicitia</span> <span class='ocrx_word' id='word_1_1583' title='bbox 2040 2811 2173 2848; x_wconf 79' lang='lat' dir='ltr'>praestare.</span> <span class='ocrx_word' id='word_1_1584' title='bbox 2189 2811 2246 2841; x_wconf 81' lang='lat' dir='ltr'>Cic,</span> <span class='ocrx_word' id='word_1_1585' title='bbox 2255 2810 2316 2840; x_wconf 89' lang='lat' dir='ltr'>r.de</span> <span class='ocrx_word' id='word_1_1586' title='bbox 2326 2812 2489 2849; x_wconf 78' lang='lat' dir='ltr'>Amicit.63.</span> 
     </span>
     <span class='ocr_line' id='line_1_177' title="bbox 1358 2848 2487 2886; baseline 0 -6"><span class='ocrx_word' id='word_1_1587' title='bbox 1358 2849 1390 2880; x_wconf 91' lang='lat' dir='ltr'>In</span> <span class='ocrx_word' id='word_1_1588' title='bbox 1403 2849 1515 2878; x_wconf 87' lang='lat' dir='ltr'>levitate</span> <span class='ocrx_word' id='word_1_1589' title='bbox 1527 2849 1655 2879; x_wconf 86' lang='lat' dir='ltr'>constans</span> <span class='ocrx_word' id='word_1_1590' title='bbox 1668 2871 1677 2884; x_wconf 92' lang='lat'>,</span> <span class='ocrx_word' id='word_1_1591' title='bbox 1707 2849 1725 2877; x_wconf 92' lang='lat' dir='ltr'>i.</span> <span class='ocrx_word' id='word_1_1592' title='bbox 1740 2858 1764 2878; x_wconf 87' lang='lat' dir='ltr'>e.</span> <span class='ocrx_word' id='word_1_1593' title='bbox 1786 2848 1924 2886; x_wconf 84' lang='lat' dir='ltr'>Perpetuo</span> <span class='ocrx_word' id='word_1_1594' title='bbox 1934 2848 2005 2878; x_wconf 89' lang='lat' dir='ltr'>levis</span> <span class='ocrx_word' id='word_1_1595' title='bbox 2016 2870 2024 2885; x_wconf 90' lang='lat'>‚</span> <span class='ocrx_word' id='word_1_1596' title='bbox 2044 2851 2223 2886; x_wconf 83' lang='lat' dir='ltr'>&amp;nunquam</span> <span class='ocrx_word' id='word_1_1597' title='bbox 2241 2850 2377 2880; x_wconf 83' lang='lat' dir='ltr'>constans.</span> <span class='ocrx_word' id='word_1_1598' title='bbox 2400 2850 2487 2881; x_wconf 84' lang='lat' dir='ltr'>Ovid.</span> 
     </span>
     <span class='ocr_line' id='line_1_178' title="bbox 1381 2887 1802 2924; baseline -0.007 -6"><span class='ocrx_word' id='word_1_1599' title='bbox 1381 2899 1405 2924; x_wconf 84' lang='grc' dir='ltr'>ς.</span> <span class='ocrx_word' id='word_1_1600' title='bbox 1418 2887 1499 2917; x_wconf 77' lang='lat' dir='ltr'>Trist.</span> <span class='ocrx_word' id='word_1_1601' title='bbox 1510 2893 1534 2921; x_wconf 83' lang='lat'>8.</span> <span class='ocrx_word' id='word_1_1602' title='bbox 1551 2893 1592 2921; x_wconf 85' lang='lat'>¹8.</span> <span class='ocrx_word' id='word_1_1603' title='bbox 1614 2887 1649 2916; x_wconf 89' lang='lat' dir='ltr'>de</span> <span class='ocrx_word' id='word_1_1604' title='bbox 1662 2887 1782 2916; x_wconf 83' lang='lat' dir='ltr'>Fortuna</span> <span class='ocrx_word' id='word_1_1605' title='bbox 1795 2909 1802 2919; x_wconf 84' lang='lat'>,</span> 
     </span>
    </p>

    <p class='ocr_par' dir='ltr' id='par_1_78' title="bbox 1359 2923 2228 3075">
     <span class='ocr_line' id='line_1_179' title="bbox 1442 2923 2028 2955; baseline -0.002 0"><span class='ocrx_word' id='word_1_1606' title='bbox 1442 2925 1475 2955; x_wconf 87' lang='lat' dir='ltr'>Et</span> <span class='ocrx_word' id='word_1_1607' title='bbox 1490 2932 1600 2955; x_wconf 89' lang='lat' dir='ltr'>tantum</span> <span class='ocrx_word' id='word_1_1608' title='bbox 1612 2925 1738 2954; x_wconf 84' lang='lat' dir='ltr'>constans</span> <span class='ocrx_word' id='word_1_1609' title='bbox 1752 2925 1780 2953; x_wconf 94' lang='lat' dir='ltr'>in</span> <span class='ocrx_word' id='word_1_1610' title='bbox 1795 2924 1907 2954; x_wconf 88' lang='lat' dir='ltr'>levitate</span> <span class='ocrx_word' id='word_1_1611' title='bbox 1918 2923 1964 2953; x_wconf 85' lang='lat' dir='ltr'>sua</span> <span class='ocrx_word' id='word_1_1612' title='bbox 1982 2924 2028 2954; x_wconf 91' lang='lat' dir='ltr'>est.</span> 
     </span>
     <span class='ocr_line' id='line_1_180' title="bbox 1359 2962 2228 3001; baseline 0.001 -9"><span class='ocrx_word' id='word_1_1613' title='bbox 1359 2963 1391 2993; x_wconf 80' lang='lat' dir='ltr'>In</span> <span class='ocrx_word' id='word_1_1614' title='bbox 1405 2963 1486 2993; x_wconf 85' lang='lat' dir='ltr'>rebus</span> <span class='ocrx_word' id='word_1_1615' title='bbox 1497 2964 1611 3001; x_wconf 84' lang='lat' dir='ltr'>optimis</span> <span class='ocrx_word' id='word_1_1616' title='bbox 1621 2962 1863 2992; x_wconf 77' lang='lat' dir='ltr'>constantiffimus.</span> <span class='ocrx_word' id='word_1_1617' title='bbox 1886 2962 1944 2992; x_wconf 89' lang='lat' dir='ltr'>Cic.</span> <span class='ocrx_word' id='word_1_1618' title='bbox 1960 2962 1995 2991; x_wconf 87' lang='lat' dir='ltr'>de</span> <span class='ocrx_word' id='word_1_1619' title='bbox 2005 2962 2077 2992; x_wconf 88' lang='lat' dir='ltr'>Clar.</span> <span class='ocrx_word' id='word_1_1620' title='bbox 2093 2963 2172 2993; x_wconf 89' lang='lat' dir='ltr'>Orat.</span> <span class='ocrx_word' id='word_1_1621' title='bbox 2183 2973 2228 3000; x_wconf 77' lang='lat'>95.</span> 
     </span>
     <span class='ocr_line' id='line_1_181' title="bbox 1359 3001 1993 3037; baseline -0.005 -6"><span class='ocrx_word' id='word_1_1622' title='bbox 1359 3002 1390 3032; x_wconf 89' lang='lat' dir='ltr'>In</span> <span class='ocrx_word' id='word_1_1623' title='bbox 1403 3002 1477 3031; x_wconf 82' lang='lat' dir='ltr'>vitiis</span> <span class='ocrx_word' id='word_1_1624' title='bbox 1488 3002 1666 3031; x_wconf 75' lang='lat' dir='ltr'>constantior.</span> <span class='ocrx_word' id='word_1_1625' title='bbox 1690 3001 1756 3031; x_wconf 88' lang='lat' dir='ltr'>Hor.</span> <span class='ocrx_word' id='word_1_1626' title='bbox 1769 3010 1794 3030; x_wconf 85' lang='lat'>2.</span> <span class='ocrx_word' id='word_1_1627' title='bbox 1808 3001 1895 3031; x_wconf 87' lang='lat' dir='ltr'>Serm.</span> <span class='ocrx_word' id='word_1_1628' title='bbox 1909 3010 1934 3037; x_wconf 91' lang='lat'>7.</span> <span class='ocrx_word' id='word_1_1629' title='bbox 1951 3006 1993 3034; x_wconf 85' lang='lat'>18.</span> 
     </span>
     <span class='ocr_line' id='line_1_182' title="bbox 1360 3038 2158 3075; baseline -0.003 -6"><span class='ocrx_word' id='word_1_1630' title='bbox 1360 3041 1477 3070; x_wconf 79' lang='lat' dir='ltr'>Manere</span> <span class='ocrx_word' id='word_1_1631' title='bbox 1492 3040 1664 3069; x_wconf 86' lang='lat' dir='ltr'>constantem</span> <span class='ocrx_word' id='word_1_1632' title='bbox 1674 3040 1702 3068; x_wconf 89' lang='lat' dir='ltr'>in</span> <span class='ocrx_word' id='word_1_1633' title='bbox 1713 3048 1814 3068; x_wconf 88' lang='lat' dir='ltr'>amore.</span> <span class='ocrx_word' id='word_1_1634' title='bbox 1838 3039 1923 3068; x_wconf 86' lang='lat' dir='ltr'>Ovid.</span> <span class='ocrx_word' id='word_1_1635' title='bbox 1938 3047 1980 3074; x_wconf 89' lang='lat'>17.</span> <span class='ocrx_word' id='word_1_1636' title='bbox 1998 3038 2082 3075; x_wconf 89' lang='lat' dir='ltr'>Epist.</span> <span class='ocrx_word' id='word_1_1637' title='bbox 2097 3047 2158 3074; x_wconf 84' lang='grc'>199.</span> 
     </span>
    </p>

    <p class='ocr_par' dir='ltr' id='par_1_79' title="bbox 1443 3076 2204 3145">
     <span class='ocr_line' id='line_1_183' title="bbox 1443 3076 2204 3145; baseline 0 -38"><span class='ocrx_word' id='word_1_1638' title='bbox 1443 3078 1521 3145; x_wconf 40' lang='lat' dir='ltr'>Adpo</span> <span class='ocrx_word' id='word_1_1639' title='bbox 1535 3078 1611 3115; x_wconf 86' lang='lat' dir='ltr'>quod</span> <span class='ocrx_word' id='word_1_1640' title='bbox 1620 3100 1628 3113; x_wconf 92' lang='lat'>‚</span> <span class='ocrx_word' id='word_1_1641' title='bbox 1649 3085 1679 3107; x_wconf 88' lang='lat' dir='ltr'>ut</span> <span class='ocrx_word' id='word_1_1642' title='bbox 1690 3078 1787 3116; x_wconf 81' lang='lat' dir='ltr'>cupias</span> <span class='ocrx_word' id='word_1_1643' title='bbox 1797 3077 1924 3107; x_wconf 81' lang='lat' dir='ltr'>constans</span> <span class='ocrx_word' id='word_1_1644' title='bbox 1935 3076 1963 3105; x_wconf 79' lang='lat' dir='ltr'>in</span> <span class='ocrx_word' id='word_1_1645' title='bbox 1975 3086 2068 3106; x_wconf 83' lang='lat' dir='ltr'>amore</span> <span class='ocrx_word' id='word_1_1646' title='bbox 2076 3086 2204 3113; x_wconf 82' lang='lat' dir='ltr'>manere,</span> 
     </span>
    </p>

    <p class='ocr_par' dir='ltr' id='par_1_80' title="bbox 1506 3123 1643 3146">
     <span class='ocr_line' id='line_1_184' title="bbox 1506 3123 1643 3146; baseline 0.015 -2"><span class='ocrx_word' id='word_1_1647' title='bbox 1506 3125 1541 3144; x_wconf 81' lang='grc' dir='ltr'>ΟΠ</span> <span class='ocrx_word' id='word_1_1648' title='bbox 1574 3123 1643 3146; x_wconf 73' lang='lat' dir='ltr'>OtCS.</span> 
     </span>
    </p>

    <p class='ocr_par' dir='ltr' id='par_1_81' title="bbox 1360 3126 2244 3379">
     <span class='ocr_line' id='line_1_185' title="bbox 1361 3126 2198 3191; baseline -0.001 -8"><span class='ocrx_word' id='word_1_1649' title='bbox 1361 3153 1460 3184; x_wconf 83' lang='lat' dir='ltr'>Mente</span> <span class='ocrx_word' id='word_1_1650' title='bbox 1468 3126 1605 3183; x_wconf 63' lang='lat' dir='ltr'>constriiiti</span> <span class='ocrx_word' id='word_1_1651' title='bbox 1613 3161 1709 3183; x_wconf 88' lang='lat' dir='ltr'>tenere</span> <span class='ocrx_word' id='word_1_1652' title='bbox 1719 3152 1835 3191; x_wconf 89' lang='lat' dir='ltr'>aliquid.</span> <span class='ocrx_word' id='word_1_1653' title='bbox 1859 3151 1948 3182; x_wconf 89' lang='lat' dir='ltr'>Catul.</span> <span class='ocrx_word' id='word_1_1654' title='bbox 1962 3152 2059 3188; x_wconf 70' lang='lat' dir='ltr'>Argon.</span> <span class='ocrx_word' id='word_1_1655' title='bbox 2076 3155 2120 3182; x_wconf 86' lang='lat'>62.</span> <span class='ocrx_word' id='word_1_1656' title='bbox 2134 3157 2198 3190; x_wconf 85' lang='lat'>238.</span> 
     </span>
     <span class='ocr_line' id='line_1_186' title="bbox 1361 3190 2144 3227; baseline -0.001 -6"><span class='ocrx_word' id='word_1_1657' title='bbox 1361 3192 1459 3222; x_wconf 81' lang='lat' dir='ltr'>motus</span> <span class='ocrx_word' id='word_1_1658' title='bbox 1473 3192 1557 3221; x_wconf 86' lang='lat' dir='ltr'>Lunae</span> <span class='ocrx_word' id='word_1_1659' title='bbox 1569 3191 1809 3221; x_wconf 66' lang='lat' dir='ltr'>constantissimus.</span> <span class='ocrx_word' id='word_1_1660' title='bbox 1832 3190 1890 3220; x_wconf 90' lang='lat' dir='ltr'>Cic.</span> <span class='ocrx_word' id='word_1_1661' title='bbox 1904 3201 1929 3219; x_wconf 85' lang='lat'>2.</span> <span class='ocrx_word' id='word_1_1662' title='bbox 1944 3191 1979 3219; x_wconf 87' lang='lat' dir='ltr'>de</span> <span class='ocrx_word' id='word_1_1663' title='bbox 1990 3190 2083 3220; x_wconf 86' lang='lat' dir='ltr'>Divin.</span> <span class='ocrx_word' id='word_1_1664' title='bbox 2102 3199 2144 3227; x_wconf 92' lang='lat'>17.</span> 
     </span>
     <span class='ocr_line' id='line_1_187' title="bbox 1363 3228 2011 3267; baseline -0.003 -8"><span class='ocrx_word' id='word_1_1665' title='bbox 1363 3230 1477 3259; x_wconf 67' lang='lat' dir='ltr'>Pectore</span> <span class='ocrx_word' id='word_1_1666' title='bbox 1487 3230 1623 3260; x_wconf 80' lang='lat' dir='ltr'>constanti</span> <span class='ocrx_word' id='word_1_1667' title='bbox 1634 3239 1743 3267; x_wconf 87' lang='lat' dir='ltr'>corpus.</span> <span class='ocrx_word' id='word_1_1668' title='bbox 1766 3229 1813 3258; x_wconf 87' lang='lat' dir='ltr'>Sil.</span> <span class='ocrx_word' id='word_1_1669' title='bbox 1825 3228 1875 3257; x_wconf 87' lang='lat' dir='ltr'>lib.</span> <span class='ocrx_word' id='word_1_1670' title='bbox 1892 3238 1933 3258; x_wconf 81' lang='grc'>11.</span> <span class='ocrx_word' id='word_1_1671' title='bbox 1947 3237 2011 3263; x_wconf 87' lang='lat'>243.</span> 
     </span>
     <span class='ocr_line' id='line_1_188' title="bbox 1360 3266 2244 3304; baseline -0.001 -7"><span class='ocrx_word' id='word_1_1672' title='bbox 1360 3268 1466 3298; x_wconf 87' lang='lat' dir='ltr'>Pietate</span> <span class='ocrx_word' id='word_1_1673' title='bbox 1481 3269 1617 3297; x_wconf 84' lang='lat' dir='ltr'>constanti</span> <span class='ocrx_word' id='word_1_1674' title='bbox 1629 3270 1698 3297; x_wconf 90' lang='lat' dir='ltr'>tueri</span> <span class='ocrx_word' id='word_1_1675' title='bbox 1709 3267 1840 3304; x_wconf 85' lang='lat' dir='ltr'>aliquem.</span> <span class='ocrx_word' id='word_1_1676' title='bbox 1863 3266 1947 3296; x_wconf 90' lang='lat' dir='ltr'>Ovid.</span> <span class='ocrx_word' id='word_1_1677' title='bbox 1960 3277 1986 3301; x_wconf 85' lang='lat'>4.</span> <span class='ocrx_word' id='word_1_1678' title='bbox 2000 3266 2036 3295; x_wconf 87' lang='lat' dir='ltr'>de</span> <span class='ocrx_word' id='word_1_1679' title='bbox 2046 3266 2125 3296; x_wconf 81' lang='lat' dir='ltr'>Pont.</span> <span class='ocrx_word' id='word_1_1680' title='bbox 2140 3276 2182 3296; x_wconf 78' lang='lat'>1².</span> <span class='ocrx_word' id='word_1_1681' title='bbox 2197 3275 2244 3304; x_wconf 74' lang='lat'>41.</span> 
     </span>
     <span class='ocr_line' id='line_1_189' title="bbox 1360 3305 2025 3343; baseline -0.003 -9"><span class='ocrx_word' id='word_1_1682' title='bbox 1360 3305 1436 3335; x_wconf 89' lang='lat' dir='ltr'>Voce</span> <span class='ocrx_word' id='word_1_1683' title='bbox 1447 3316 1547 3343; x_wconf 78' lang='lat' dir='ltr'>negare</span> <span class='ocrx_word' id='word_1_1684' title='bbox 1558 3306 1672 3342; x_wconf 86' lang='lat' dir='ltr'>aliquid.</span> <span class='ocrx_word' id='word_1_1685' title='bbox 1696 3305 1779 3334; x_wconf 90' lang='lat' dir='ltr'>Ovid.</span> <span class='ocrx_word' id='word_1_1686' title='bbox 1796 3315 1818 3334; x_wconf 94' lang='lat'>1.</span> <span class='ocrx_word' id='word_1_1687' title='bbox 1834 3306 1924 3334; x_wconf 77' lang='grc'>1111101.</span> <span class='ocrx_word' id='word_1_1688' title='bbox 1939 3315 1965 3338; x_wconf 84' lang='lat'>4.</span> <span class='ocrx_word' id='word_1_1689' title='bbox 1980 3313 2025 3339; x_wconf 84' lang='lat'>70.</span> 
     </span>
     <span class='ocr_line' id='line_1_190' title="bbox 1361 3341 2119 3379; baseline -0.003 -6"><span class='ocrx_word' id='word_1_1690' title='bbox 1361 3344 1496 3373; x_wconf 84' lang='lat' dir='ltr'>Voluntas</span> <span class='ocrx_word' id='word_1_1691' title='bbox 1507 3345 1633 3374; x_wconf 82' lang='lat' dir='ltr'>constans</span> <span class='ocrx_word' id='word_1_1692' title='bbox 1646 3345 1673 3373; x_wconf 89' lang='lat' dir='ltr'>in</span> <span class='ocrx_word' id='word_1_1693' title='bbox 1686 3343 1786 3379; x_wconf 89' lang='lat' dir='ltr'>Remp.</span> <span class='ocrx_word' id='word_1_1694' title='bbox 1809 3342 1868 3371; x_wconf 91' lang='lat' dir='ltr'>Cic.</span> <span class='ocrx_word' id='word_1_1695' title='bbox 1884 3351 1926 3378; x_wconf 81' lang='lat'>¹3·</span> <span class='ocrx_word' id='word_1_1696' title='bbox 1945 3341 2063 3379; x_wconf 85' lang='lat' dir='ltr'>Philipp.</span> <span class='ocrx_word' id='word_1_1697' title='bbox 2079 3350 2119 3376; x_wconf 77' lang='lat'>¹3-</span> 
     </span>
    </p>
   </div>
   <div class='ocr_carea' id='block_1_15' title="bbox 1321 3377 2485 3416">
    <p class='ocr_par' dir='ltr' id='par_1_82' title="bbox 1321 3377 2485 3416">
     <span class='ocr_line' id='line_1_191' title="bbox 1321 3377 2485 3416; baseline -0.002 -3"><span class='ocrx_word' id='word_1_1698' title='bbox 1321 3382 1604 3416; x_wconf 67' lang='lat' dir='ltr'>CONSTANTIA,</span> <span class='ocrx_word' id='word_1_1699' title='bbox 1627 3393 1657 3412; x_wconf 85' lang='lat' dir='ltr'>ae.</span> <span class='ocrx_word' id='word_1_1700' title='bbox 1680 3381 1698 3411; x_wconf 88' lang='lat' dir='ltr'>f.</span> <span class='ocrx_word' id='word_1_1701' title='bbox 1725 3380 1887 3416; x_wconf 51' lang='lat' dir='ltr'>[maie-qa]</span> <span class='ocrx_word' id='word_1_1702' title='bbox 1912 3380 2002 3409; x_wconf 70' lang='lat' dir='ltr'>Animi</span> <span class='ocrx_word' id='word_1_1703' title='bbox 2030 3380 2181 3409; x_wconf 75' lang='lat' dir='ltr'>firmitudo.</span> <span class='ocrx_word' id='word_1_1704' title='bbox 2223 3378 2282 3410; x_wconf 87' lang='lat' dir='ltr'>Cic.</span> <span class='ocrx_word' id='word_1_1705' title='bbox 2300 3388 2325 3410; x_wconf 83' lang='lat'>2.</span> <span class='ocrx_word' id='word_1_1706' title='bbox 2349 3377 2423 3409; x_wconf 75' lang='lat' dir='ltr'>Verr.</span> <span class='ocrx_word' id='word_1_1707' title='bbox 2439 3388 2485 3415; x_wconf 66' lang='lat'>52.</span> 
     </span>
    </p>
   </div>
   <div class='ocr_carea' id='block_1_16' title="bbox 1359 3417 2487 3987">
    <p class='ocr_par' dir='ltr' id='par_1_83' title="bbox 1360 3417 2487 3456">
     <span class='ocr_line' id='line_1_192' title="bbox 1360 3417 2487 3456; baseline -0.003 -5"><span class='ocrx_word' id='word_1_1708' title='bbox 1360 3421 1389 3451; x_wconf 87' lang='lat' dir='ltr'>Si</span> <span class='ocrx_word' id='word_1_1709' title='bbox 1400 3420 1484 3449; x_wconf 84' lang='lat' dir='ltr'>soceri</span> <span class='ocrx_word' id='word_1_1710' title='bbox 1497 3421 1590 3449; x_wconf 79' lang='lat' dir='ltr'>Scauri</span> <span class='ocrx_word' id='word_1_1711' title='bbox 1603 3420 1801 3454; x_wconf 79' lang='lat' dir='ltr'>constantiam,</span> <span class='ocrx_word' id='word_1_1712' title='bbox 1824 3425 1854 3447; x_wconf 91' lang='lat' dir='ltr'>ut</span> <span class='ocrx_word' id='word_1_1713' title='bbox 1869 3427 1904 3447; x_wconf 83' lang='lat' dir='ltr'>ne</span> <span class='ocrx_word' id='word_1_1714' title='bbox 1914 3419 1975 3456; x_wconf 83' lang='lat' dir='ltr'>quis</span> <span class='ocrx_word' id='word_1_1715' title='bbox 1989 3426 2016 3447; x_wconf 77' lang='lat' dir='ltr'>te</span> <span class='ocrx_word' id='word_1_1716' title='bbox 2028 3418 2063 3447; x_wconf 83' lang='lat' dir='ltr'>de</span> <span class='ocrx_word' id='word_1_1717' title='bbox 2076 3428 2139 3447; x_wconf 84' lang='lat' dir='ltr'>vera</span> <span class='ocrx_word' id='word_1_1718' title='bbox 2157 3419 2182 3448; x_wconf 72' lang='grc' dir='ltr'>δι</span> <span class='ocrx_word' id='word_1_1719' title='bbox 2195 3425 2270 3447; x_wconf 79' lang='lat' dir='ltr'>certa</span> <span class='ocrx_word' id='word_1_1720' title='bbox 2280 3417 2363 3456; x_wconf 78' lang='lat' dir='ltr'>possit</span> <span class='ocrx_word' id='word_1_1721' title='bbox 2378 3418 2487 3448; x_wconf 87' lang='lat' dir='ltr'>senten-</span> 
     </span>
    </p>

    <p class='ocr_par' dir='ltr' id='par_1_84' title="bbox 1360 3459 1645 3493">
     <span class='ocr_line' id='line_1_193' title="bbox 1360 3459 1645 3493; baseline -0.007 -5"><span class='ocrx_word' id='word_1_1722' title='bbox 1360 3459 1399 3488; x_wconf 85' lang='lat' dir='ltr'>tia</span> <span class='ocrx_word' id='word_1_1723' title='bbox 1411 3459 1554 3487; x_wconf 79' lang='lat' dir='ltr'>dimovere</span> <span class='ocrx_word' id='word_1_1724' title='bbox 1565 3480 1573 3493; x_wconf 90' lang='lat'>‚</span> <span class='ocrx_word' id='word_1_1725' title='bbox 1594 3460 1645 3488; x_wconf 79' lang='lat' dir='ltr'>&amp;c.</span> 
     </span>
    </p>

    <p class='ocr_par' dir='ltr' id='par_1_85' title="bbox 1359 3492 2485 3569">
     <span class='ocr_line' id='line_1_194' title="bbox 1359 3492 2485 3562; baseline -0.003 -35"><span class='ocrx_word' id='word_1_1726' title='bbox 1359 3495 1521 3562; x_wconf 55' lang='lat' dir='ltr'>Admirbbffi</span> <span class='ocrx_word' id='word_1_1727' title='bbox 1541 3494 1757 3532; x_wconf 86' lang='lat' dir='ltr'>incredibilique</span> <span class='ocrx_word' id='word_1_1728' title='bbox 1772 3493 1925 3524; x_wconf 87' lang='lat' dir='ltr'>constantia</span> <span class='ocrx_word' id='word_1_1729' title='bbox 1944 3493 2006 3523; x_wconf 89' lang='lat' dir='ltr'>sunt</span> <span class='ocrx_word' id='word_1_1730' title='bbox 2029 3492 2122 3523; x_wconf 89' lang='lat' dir='ltr'>cursus</span> <span class='ocrx_word' id='word_1_1731' title='bbox 2146 3492 2296 3524; x_wconf 83' lang='lat' dir='ltr'>stellarum.</span> <span class='ocrx_word' id='word_1_1732' title='bbox 2323 3493 2385 3525; x_wconf 88' lang='lat' dir='ltr'>Cic.</span> <span class='ocrx_word' id='word_1_1733' title='bbox 2401 3502 2426 3531; x_wconf 76' lang='lat'>3.</span> <span class='ocrx_word' id='word_1_1734' title='bbox 2448 3494 2485 3524; x_wconf 88' lang='lat' dir='ltr'>de</span> 
     </span>
     <span class='ocr_line' id='line_1_195' title="bbox 1381 3535 1598 3569; baseline -0.009 -5"><span class='ocrx_word' id='word_1_1735' title='bbox 1381 3535 1444 3564; x_wconf 89' lang='lat' dir='ltr'>Nat.</span> <span class='ocrx_word' id='word_1_1736' title='bbox 1482 3544 1538 3562; x_wconf 90' lang='lat' dir='ltr'>eor.</span> <span class='ocrx_word' id='word_1_1737' title='bbox 1553 3543 1598 3569; x_wconf 81' lang='lat'>23.</span> 
     </span>
    </p>

    <p class='ocr_par' dir='ltr' id='par_1_86' title="bbox 1361 3569 2069 3606">
     <span class='ocr_line' id='line_1_196' title="bbox 1361 3569 2069 3606; baseline -0.006 -4"><span class='ocrx_word' id='word_1_1738' title='bbox 1361 3572 1497 3603; x_wconf 65' lang='lat' dir='ltr'>Amicitiae</span> <span class='ocrx_word' id='word_1_1739' title='bbox 1508 3571 1670 3601; x_wconf 82' lang='lat' dir='ltr'>constantia.</span> <span class='ocrx_word' id='word_1_1740' title='bbox 1698 3569 1782 3600; x_wconf 79' lang='lat' dir='ltr'>Ovid.</span> <span class='ocrx_word' id='word_1_1741' title='bbox 1795 3579 1821 3599; x_wconf 89' lang='lat'>2.</span> <span class='ocrx_word' id='word_1_1742' title='bbox 1836 3569 1873 3599; x_wconf 90' lang='lat' dir='ltr'>de</span> <span class='ocrx_word' id='word_1_1743' title='bbox 1886 3569 1964 3600; x_wconf 85' lang='lat' dir='ltr'>Pont.</span> <span class='ocrx_word' id='word_1_1744' title='bbox 1982 3578 2005 3606; x_wconf 85' lang='lat'>3.</span> <span class='ocrx_word' id='word_1_1745' title='bbox 2022 3572 2069 3605; x_wconf 78' lang='lat'>69.</span> 
     </span>
    </p>

    <p class='ocr_par' dir='ltr' id='par_1_87' title="bbox 1362 3609 1794 3643">
     <span class='ocr_line' id='line_1_197' title="bbox 1362 3609 1794 3643; baseline -0.009 -3"><span class='ocrx_word' id='word_1_1746' title='bbox 1362 3611 1465 3641; x_wconf 69' lang='lat' dir='ltr'>Animi.</span> <span class='ocrx_word' id='word_1_1747' title='bbox 1490 3610 1576 3638; x_wconf 83' lang='lat' dir='ltr'>Ovid.</span> <span class='ocrx_word' id='word_1_1748' title='bbox 1593 3620 1632 3638; x_wconf 88' lang='lat' dir='ltr'>ii.</span> <span class='ocrx_word' id='word_1_1749' title='bbox 1647 3609 1716 3638; x_wconf 84' lang='lat' dir='ltr'>Met.</span> <span class='ocrx_word' id='word_1_1750' title='bbox 1731 3617 1794 3643; x_wconf 76' lang='lat'>²93·</span> 
     </span>
    </p>

    <p class='ocr_par' dir='ltr' id='par_1_88' title="bbox 1362 3646 1814 3685">
     <span class='ocr_line' id='line_1_198' title="bbox 1362 3646 1814 3685; baseline -0.009 -7"><span class='ocrx_word' id='word_1_1751' title='bbox 1362 3648 1485 3685; x_wconf 72' lang='lat' dir='ltr'>Augurii.</span> <span class='ocrx_word' id='word_1_1752' title='bbox 1509 3647 1567 3676; x_wconf 84' lang='lat' dir='ltr'>Cic.</span> <span class='ocrx_word' id='word_1_1753' title='bbox 1580 3657 1605 3676; x_wconf 74' lang='grc' dir='ltr'>τι..</span> <span class='ocrx_word' id='word_1_1754' title='bbox 1621 3647 1656 3675; x_wconf 85' lang='lat' dir='ltr'>de</span> <span class='ocrx_word' id='word_1_1755' title='bbox 1667 3646 1757 3676; x_wconf 88' lang='lat' dir='ltr'>Divin.</span> <span class='ocrx_word' id='word_1_1756' title='bbox 1770 3651 1814 3679; x_wconf 88' lang='lat'>8²-</span> 
     </span>
    </p>

    <p class='ocr_par' dir='ltr' id='par_1_89' title="bbox 1364 3682 2117 3723">
     <span class='ocr_line' id='line_1_199' title="bbox 1364 3682 2117 3723; baseline -0.003 -9"><span class='ocrx_word' id='word_1_1757' title='bbox 1364 3685 1487 3716; x_wconf 77' lang='lat' dir='ltr'>Proniilli</span> <span class='ocrx_word' id='word_1_1758' title='bbox 1500 3685 1652 3723; x_wconf 80' lang='lat' dir='ltr'>constantia</span> <span class='ocrx_word' id='word_1_1759' title='bbox 1664 3686 1688 3713; x_wconf 63' lang='lat'>61</span> <span class='ocrx_word' id='word_1_1760' title='bbox 1701 3684 1769 3712; x_wconf 78' lang='lat' dir='ltr'>fides</span> <span class='ocrx_word' id='word_1_1761' title='bbox 1787 3683 1862 3711; x_wconf 81' lang='lat' dir='ltr'>mira.</span> <span class='ocrx_word' id='word_1_1762' title='bbox 1887 3682 1945 3711; x_wconf 89' lang='lat' dir='ltr'>Cic.</span> <span class='ocrx_word' id='word_1_1763' title='bbox 1961 3692 1987 3717; x_wconf 82' lang='lat'>4.</span> <span class='ocrx_word' id='word_1_1764' title='bbox 2002 3683 2054 3712; x_wconf 86' lang='lat' dir='ltr'>Att.</span> <span class='ocrx_word' id='word_1_1765' title='bbox 2075 3685 2117 3712; x_wconf 80' lang='lat'>16.</span> 
     </span>
    </p>

    <p class='ocr_par' dir='ltr' id='par_1_90' title="bbox 1363 3719 2484 3795">
     <span class='ocr_line' id='line_1_200' title="bbox 1363 3719 2484 3758; baseline -0.001 -5"><span class='ocrx_word' id='word_1_1766' title='bbox 1363 3723 1523 3753; x_wconf 78' lang='lat' dir='ltr'>Constantia</span> <span class='ocrx_word' id='word_1_1767' title='bbox 1537 3724 1562 3751; x_wconf 76' lang='lat' dir='ltr'>St</span> <span class='ocrx_word' id='word_1_1768' title='bbox 1572 3721 1751 3758; x_wconf 64' lang='lat' dir='ltr'>aequabilitas.</span> <span class='ocrx_word' id='word_1_1769' title='bbox 1789 3722 1846 3749; x_wconf 78' lang='lat' dir='ltr'>Cic.</span> <span class='ocrx_word' id='word_1_1770' title='bbox 1861 3720 1895 3749; x_wconf 84' lang='lat' dir='ltr'>ad</span> <span class='ocrx_word' id='word_1_1771' title='bbox 1907 3720 1980 3749; x_wconf 86' lang='lat' dir='ltr'>Brut.</span> <span class='ocrx_word' id='word_1_1772' title='bbox 1996 3724 2037 3749; x_wconf 86' lang='lat'>16.</span> <span class='ocrx_word' id='word_1_1773' title='bbox 2061 3721 2205 3751; x_wconf 81' lang='lat' dir='ltr'>Fortem&amp;</span> <span class='ocrx_word' id='word_1_1774' title='bbox 2216 3719 2335 3752; x_wconf 82' lang='lat' dir='ltr'>liberum</span> <span class='ocrx_word' id='word_1_1775' title='bbox 2347 3722 2484 3757; x_wconf 80' lang='lat' dir='ltr'>animum,</span> 
     </span>
     <span class='ocr_line' id='line_1_201' title="bbox 1382 3758 2219 3795; baseline -0.002 -5"><span class='ocrx_word' id='word_1_1776' title='bbox 1382 3763 1432 3791; x_wconf 74' lang='lat' dir='ltr'>&amp;c</span> <span class='ocrx_word' id='word_1_1777' title='bbox 1459 3760 1514 3789; x_wconf 77' lang='lat' dir='ltr'>line</span> <span class='ocrx_word' id='word_1_1778' title='bbox 1527 3760 1677 3789; x_wconf 77' lang='lat' dir='ltr'>constantia</span> <span class='ocrx_word' id='word_1_1779' title='bbox 1690 3764 1713 3788; x_wconf 59' lang='lat' dir='ltr'>t&amp;</span> <span class='ocrx_word' id='word_1_1780' title='bbox 1726 3759 1912 3795; x_wconf 58' lang='lat' dir='ltr'>aequabilitate</span> <span class='ocrx_word' id='word_1_1781' title='bbox 1923 3758 2031 3787; x_wconf 90' lang='lat' dir='ltr'>nullum</span> <span class='ocrx_word' id='word_1_1782' title='bbox 2042 3758 2096 3788; x_wconf 78' lang='lat' dir='ltr'>esse</span> <span class='ocrx_word' id='word_1_1783' title='bbox 2107 3760 2219 3795; x_wconf 82' lang='lat' dir='ltr'>putaris.</span> 
     </span>
    </p>

    <p class='ocr_par' dir='ltr' id='par_1_91' title="bbox 1363 3796 2290 3833">
     <span class='ocr_line' id='line_1_202' title="bbox 1363 3796 2290 3833; baseline 0 -6"><span class='ocrx_word' id='word_1_1784' title='bbox 1363 3799 1540 3828; x_wconf 71' lang='lat' dir='ltr'>Conveniens</span> <span class='ocrx_word' id='word_1_1785' title='bbox 1551 3800 1576 3827; x_wconf 57' lang='grc'>8.*</span> <span class='ocrx_word' id='word_1_1786' title='bbox 1592 3798 1742 3833; x_wconf 70' lang='lat' dir='ltr'>conjuncta</span> <span class='ocrx_word' id='word_1_1787' title='bbox 1756 3799 1827 3825; x_wconf 86' lang='lat' dir='ltr'>inter</span> <span class='ocrx_word' id='word_1_1788' title='bbox 1838 3796 1953 3832; x_wconf 81' lang='lat' dir='ltr'>aliquos.</span> <span class='ocrx_word' id='word_1_1789' title='bbox 1977 3797 2034 3825; x_wconf 75' lang='grc'>016.</span> <span class='ocrx_word' id='word_1_1790' title='bbox 2048 3807 2072 3826; x_wconf 90' lang='lat'>2.</span> <span class='ocrx_word' id='word_1_1791' title='bbox 2085 3797 2121 3826; x_wconf 87' lang='lat' dir='ltr'>de</span> <span class='ocrx_word' id='word_1_1792' title='bbox 2138 3797 2228 3826; x_wconf 86' lang='lat' dir='ltr'>Divin.</span> <span class='ocrx_word' id='word_1_1793' title='bbox 2243 3802 2290 3831; x_wconf 82' lang='lat'>8²·</span> 
     </span>
    </p>

    <p class='ocr_par' dir='ltr' id='par_1_92' title="bbox 1363 3834 2061 3870">
     <span class='ocr_line' id='line_1_203' title="bbox 1363 3834 2061 3870; baseline -0.003 -5"><span class='ocrx_word' id='word_1_1794' title='bbox 1363 3836 1523 3866; x_wconf 81' lang='lat' dir='ltr'>Constantia</span> <span class='ocrx_word' id='word_1_1795' title='bbox 1536 3837 1560 3864; x_wconf 66' lang='grc' dir='ltr'><strong>ἃ</strong></span> <span class='ocrx_word' id='word_1_1796' title='bbox 1573 3835 1687 3864; x_wconf 83' lang='lat' dir='ltr'>firmitas</span> <span class='ocrx_word' id='word_1_1797' title='bbox 1700 3835 1794 3863; x_wconf 87' lang='lat' dir='ltr'>animi.</span> <span class='ocrx_word' id='word_1_1798' title='bbox 1819 3834 1877 3862; x_wconf 83' lang='lat' dir='ltr'>Cic.</span> <span class='ocrx_word' id='word_1_1799' title='bbox 1892 3844 1933 3862; x_wconf 82' lang='lat'>12.</span> <span class='ocrx_word' id='word_1_1800' title='bbox 1950 3837 2000 3863; x_wconf 70' lang='lat' dir='ltr'>titt.</span> <span class='ocrx_word' id='word_1_1801' title='bbox 2019 3843 2061 3870; x_wconf 89' lang='lat'>37.</span> 
     </span>
    </p>

    <p class='ocr_par' dir='ltr' id='par_1_93' title="bbox 1363 3871 2467 3911">
     <span class='ocr_line' id='line_1_204' title="bbox 1363 3871 2467 3911; baseline -0.002 -8"><span class='ocrx_word' id='word_1_1802' title='bbox 1363 3875 1403 3904; x_wconf 77' lang='lat' dir='ltr'>Ex</span> <span class='ocrx_word' id='word_1_1803' title='bbox 1415 3874 1602 3911; x_wconf 83' lang='lat' dir='ltr'>perpetuitate</span> <span class='ocrx_word' id='word_1_1804' title='bbox 1611 3882 1694 3910; x_wconf 86' lang='lat' dir='ltr'>atque</span> <span class='ocrx_word' id='word_1_1805' title='bbox 1704 3871 2187 3910; x_wconf 63' lang='lat' dir='ltr'>constantiaspet‘tandiphilosophi.</span> <span class='ocrx_word' id='word_1_1806' title='bbox 2212 3872 2270 3903; x_wconf 91' lang='lat' dir='ltr'>Cic.</span> <span class='ocrx_word' id='word_1_1807' title='bbox 2287 3883 2310 3909; x_wconf 87' lang='lat'>5.</span> <span class='ocrx_word' id='word_1_1808' title='bbox 2327 3872 2407 3902; x_wconf 87' lang='lat' dir='ltr'>Tusc.</span> <span class='ocrx_word' id='word_1_1809' title='bbox 2422 3880 2467 3909; x_wconf 84' lang='lat'>31.</span> 
     </span>
    </p>

    <p class='ocr_par' dir='ltr' id='par_1_94' title="bbox 1363 3910 2047 3947">
     <span class='ocr_line' id='line_1_205' title="bbox 1363 3910 2047 3947; baseline 0 -7"><span class='ocrx_word' id='word_1_1810' title='bbox 1363 3912 1512 3940; x_wconf 79' lang='lat' dir='ltr'>Notabilis.</span> <span class='ocrx_word' id='word_1_1811' title='bbox 1544 3912 1571 3940; x_wconf 88' lang='lat' dir='ltr'>h.</span> <span class='ocrx_word' id='word_1_1812' title='bbox 1584 3921 1607 3940; x_wconf 89' lang='lat' dir='ltr'>e.</span> <span class='ocrx_word' id='word_1_1813' title='bbox 1632 3911 1754 3947; x_wconf 66' lang='lat' dir='ltr'>Insignis</span> <span class='ocrx_word' id='word_1_1814' title='bbox 1778 3910 1868 3939; x_wconf 88' lang='lat' dir='ltr'>Tacit.</span> <span class='ocrx_word' id='word_1_1815' title='bbox 1885 3919 1908 3943; x_wconf 63' lang='grc' dir='ltr'>ι.</span> <span class='ocrx_word' id='word_1_1816' title='bbox 1922 3910 1988 3939; x_wconf 71' lang='lat' dir='ltr'>nist.</span> <span class='ocrx_word' id='word_1_1817' title='bbox 2005 3921 2047 3945; x_wconf 83' lang='lat'>54.</span> 
     </span>
    </p>

    <p class='ocr_par' dir='ltr' id='par_1_95' title="bbox 1363 3947 2256 3987">
     <span class='ocr_line' id='line_1_206' title="bbox 1363 3947 2256 3987; baseline -0.002 -8"><span class='ocrx_word' id='word_1_1818' title='bbox 1363 3950 1500 3987; x_wconf 79' lang='lat' dir='ltr'>Perpetua</span> <span class='ocrx_word' id='word_1_1819' title='bbox 1512 3949 1667 3979; x_wconf 83' lang='lat' dir='ltr'>constantia</span> <span class='ocrx_word' id='word_1_1820' title='bbox 1677 3948 1807 3978; x_wconf 82' lang='lat' dir='ltr'>roborare</span> <span class='ocrx_word' id='word_1_1821' title='bbox 1817 3947 1988 3986; x_wconf 81' lang='lat' dir='ltr'>gravitatem.</span> <span class='ocrx_word' id='word_1_1822' title='bbox 2011 3947 2070 3978; x_wconf 87' lang='lat' dir='ltr'>Cic.</span> <span class='ocrx_word' id='word_1_1823' title='bbox 2085 3958 2108 3978; x_wconf 90' lang='lat'>1.</span> <span class='ocrx_word' id='word_1_1824' title='bbox 2122 3947 2179 3978; x_wconf 81' lang='lat' dir='ltr'>Off.</span> <span class='ocrx_word' id='word_1_1825' title='bbox 2194 3957 2256 3978; x_wconf 77' lang='lat'>112.</span> 
     </span>
    </p>
   </div>
   <div class='ocr_carea' id='block_1_17' title="bbox 1890 3985 2489 4024">
    <p class='ocr_par' dir='ltr' id='par_1_96' title="bbox 1890 3985 2489 4024">
     <span class='ocr_line' id='line_1_207' title="bbox 1890 3985 2489 4024; baseline 0 -9"><span class='ocrx_word' id='word_1_1826' title='bbox 1890 3985 1935 4024; x_wconf 70' lang='lat' dir='ltr'>Pp</span> <span class='ocrx_word' id='word_1_1827' title='bbox 1944 3996 1990 4024; x_wconf 83' lang='lat' dir='ltr'>pp</span> <span class='ocrx_word' id='word_1_1828' title='bbox 2013 3996 2025 4023; x_wconf 82' lang='lat'><em>3</em></span> <span class='ocrx_word' id='word_1_1829' title='bbox 2373 3985 2489 4016; x_wconf 74' lang='lat' dir='ltr'>Summa</span> 
     </span>
    </p>
   </div>
  </div>
 </body>
</html>
