2604 4222
186 162 256 196 294
606 147 629 180 A
728 142 760 177 U
856 140 884 174 C

185 233 259 262 AVA
270 231 398 265 siritii,
420 229 497 259 aliud
515 227 581 258 Λᾶν.
604 223 813 262 [cannava]
846 222 931 252 l’laut.
952 220 1032 249 Cure.
1048 228 1070 247 1.
1083 225 1109 245 2.
1124 224 1166 252 35.
1199 215 1261 245 Hoc
1276 214 1338 243 vide

222 277 254 299 ut
266 269 415 306 ingurgitat
425 269 534 305 impura
547 266 575 294 in
587 264 613 293 sc
629 272 736 292 merum
746 262 860 290 arai-iter
871 282 879 294 ,
899 259 989 296 plenis
1000 255 1134 285 faucibus.

224 308 343 336 Avariter
353 305 441 335 escam
454 304 573 343 poscere.
595 302 681 331 Plaut.
696 300 768 329 Rud.
782 309 808 333 4.
822 307 846 335 7.
863 307 904 326 12.

186 346 260 376 ΑνΑ
272 355 306 373 Ri
321 355 334 372 r
345 355 353 372 i
364 354 382 372 A
394 366 402 378 ,
424 353 454 372 ae.
476 343 495 371 f.
518 337 695 377 [omegssffl'ae
706 360 714 371 ,
731 333 945 373 φιλοχςκωσ-ύνη]
966 330 1093 361 Habendi
1108 328 1255 366 cupiditas.
1278 325 1336 355 Cic.

224 394 251 418 4.
266 382 348 411 Tusc.
360 385 404 410 26.
427 381 561 411 Avaritia,
585 377 623 406 est
640 375 766 413 opinatio
783 373 935 402 vehemens
953 370 988 398 de
1010 368 1130 406 pecunia
1143 389 1150 402 ,
1171 365 1243 403 quasi
1258 364 1339 393 valde

223 419 382 457 expetenda
397 419 441 452 sit.
463 417 598 446 inhaerens
611 417 636 443 δε
650 414 762 451 penitus
773 411 860 439 insita.
900 409 966 438 Ter.
978 407 1086 436 Phorm.
1104 415 1130 434 2.
1145 414 1169 439 3.
1189 414 1235 432 12..
1266 402 1340 438 Quia

223 467 306 495 egens
317 456 410 486 relit'sta
418 456 456 485 est
466 454 578 483 misera:
600 452 741 488 ignoratur
753 457 868 486 parens:
890 445 1038 483 negligitur
1056 443 1128 481 ipsa:
1151 442 1231 475 vide,
1254 440 1341 468 avari-

223 497 261 525 tia
274 495 339 532 quid
351 494 423 522 facit.
447 491 552 522 Sallust.
565 490 623 518 Cat.
636 499 659 517 e.
677 498 719 517 ιι.
740 486 866 521 Avaritia,
885 484 1012 523 pecuniae
1021 482 1141 512 studium
1151 479 1245 513 habet,
1258 486 1340 514 quam

223 543 308 563 nemo
317 532 423 569 sapiens
434 529 603 566 concupivit.

225 571 265 600 Ab
278 570 390 598 avaritia
403 568 535 597 laborare.
556 565 624 594 Hor.
638 575 660 593 1.
671 563 758 592 Serm.
771 572 797 597 4.
810 564 855 590 26.

223 609 265 639 Ex
278 607 386 637 luxuria
399 605 509 635 avaritia
518 603 618 632 existit.
656 600 714 630 Cic.
731 610 782 638 pro
796 598 875 628 Rosc.
897 597 988 628 Anier.
1002 605 1047 633 75.
1078 593 1110 624 In
1130 593 1200 623 urbe
1220 591 1342 620 luxuries

243 652 364 679 creatur,
387 654 421 673 ex
432 642 540 672 luxuria
550 641 647 669 existat
657 639 768 668 avaritia
782 635 889 667 necesse
901 636 956 670 est,
977 644 1010 664 ex
1026 633 1140 663 avaritia
1155 631 1283 667 erumpat
1296 638 1342 657 au·

244 684 323 712 dacia
333 705 340 717 ,
362 682 427 710 inde
439 680 533 709 omnia
545 678 646 707 seelera
655 687 687 706 ac
698 675 833 705 maleficia
844 675 1002 712 gignuntur.
1332 682 1334 684 ·

224 721 342 752 Avaritia
355 721 380 749 δι
395 719 502 748 luxuria
512 716 643 745 laborare.
666 715 696 744 V.
719 715 748 743 in
762 724 797 742 vr
807 723 843 741 Ti
855 723 872 741 υ
883 723 912 740 M.
933 711 967 740 Η.
984 711 1022 739 St.

224 759 343 788 Avaritia
355 779 362 792 ,
383 757 494 786 alterius
506 755 580 783 bona
588 754 728 783 devorare.
750 751 809 781 Cic.
822 760 873 789 pro
883 749 973 778 Domo
982 747 1042 780 sua.
1057 749 1102 776 60.

224 797 328 827 Foedus
343 797 368 825 &
382 793 536 832 maculosus
547 791 667 821 avaritia.
708 790 799 820 Tacit.
815 798 856 825 13.
876 789 945 817 Anii.
962 795 1005 822 33.
1032 785 1119 815 Fuere
1134 783 1182 820 qui
1198 780 1346 811 crederent

245 834 411 871 Capitonem
426 838 455 861 ut
465 830 578 860 avaritia
589 831 614 859 ἃ
626 828 742 858 libidine
752 827 861 856 foedum
871 835 903 855 ac
912 823 1084 854 maculosum
1095 845 1103 858 ,
1123 822 1162 850 ita
1175 820 1345 857 cogitatione

226 888 227 891 ¹
242 881 333 901 rerum
347 879 480 899 novarum
494 867 658 898 abstinuiffe.

224 909 331 940 Ardens
350 908 470 937 avaritia.
537 907 570 935 ic.
586 915 608 940 3.
622 905 657 934 de
669 904 727 933 Fin.
741 906 784 941 36.
806 902 879 939 Quis
900 896 938 930 e'st
961 900 1055 933 enirn,
1076 904 1124 926 aut
1158 896 1200 925 uis
1220 902 1344 930 unquam

244 948 315 982 fuit,
337 953 383 975 aut
393 945 504 975 avaritia
542 943 703 979 mardenti‚
724 947 772 971 aut
781 939 985 970 tameffrenatis
1000 935 1150 974 cupiditati
1172 943 1220 969 us,
1240 939 1272 962 ut
1281 940 1346 960 ean.-

244 986 310 1014 dem
320 983 406 1022 ipsam
416 993 474 1013 rem
486 1005 493 1018 ,
508 984 560 1012 &a
1066 997 1070 1002 >

226 1023 313 1053 Caeca.
356 1022 386 1051 V.
416 1031 433 1050 c
442 1032 465 1050 AE
474 1031 491 1050 c
503 1031 519 1050 υ
529 1030 550 1049 s.

419 1059 475 1088 uod
487 1059 605 1087 caedium
626 1057 652 1086 Gt
672 1054 810 1084 bellorum
825 1052 965 1094 praecipua
975 1050 1102 1079 omnium
1114 1070 1122 1083 ,
1142 1045 1325 1084 utplurimum
1337 1065 1347 1079 ,

227 1061 349 1090 Cruenta
359 1082 367 1094 ,
389 1059 423 1096 Q

246 1098 325 1128 causa
335 1098 382 1127 est.
423 1097 519 1126 Claud.
536 1106 558 1125 1.
570 1096 600 1124 in
610 1095 724 1131 Eutrop.
740 1102 800 1128 ¹93·
875 1106 913 1111 —
922 1099 962 1118 Vis
972 1087 1048 1117 nulla
1058 1092 1205 1116 cruentam

307 1136 410 1165 Castrat
420 1136 572 1164 avaritiam.

226 1173 330 1204 Hiante
340 1174 453 1203 avaritia
464 1173 557 1201 horno.
606 1170 665 1199 Cic.
679 1180 703 1204 4.
716 1167 791 1197 Verr.
808 1168 868 1202 1342
900 1165 973 1194 Nam
995 1163 1084 1201 ipsum
1105 1161 1219 1191 Verrem
1238 1163 1348 1187 tantum

246 1212 360 1279 avililritia
378 1211 486 1249 semper
499 1210 594 1239 hiante
613 1216 695 1245 atque
714 1204 875 1235 imminenti
895 1202 974 1232 fuisse
984 1224 991 1237 2
1012 1199 1127 1239 ingenio
1139 1201 1165 1229 δι
1177 1196 1347 1233 cogitatione

246 1260 284 1279 nu
307 1260 331 1279 a.

227 1288 373 1326 Implicata
384 1284 547 1316 criminibus
561 1284 680 1314 avaritia.
718 1281 750 1311 ln
772 1291 810 1309 iia
819 1289 833 1308 ε
841 1290 857 1307 1.
867 1290 876 1308 1
886 1288 903 1308 c
913 1288 940 1307 o.

226 1325 423 1357 Intolerabilis.
462 1324 492 1353 ln
514 1335 521 1352 i
533 1333 553 1351 N
562 1333 580 1351 T
592 1333 608 1350 o
620 1330 656 1350 ω
668 1331 683 1349 fl
695 1330 713 1348 A
722 1330 737 1348 B
747 1330 756 1347 i
765 1330 781 1347 L
792 1329 800 1347 i
811 1328 833 1348 s.

227 1363 376 1394 Profunda.
400 1362 497 1391 Claud.
511 1362 546 1390 de
557 1360 623 1390 Bell.
634 1359 705 1388 Gild.
724 1360 785 1392 164.

228 1404 367 1440 Appetere
381 1410 430 1438 pet
441 1399 591 1428 avaritiam.
632 1397 664 1427 In
693 1406 712 1424 A
722 1405 735 1424 ι’
745 1404 758 1423 1²
768 1404 781 1423 a
790 1402 810 1422 T
819 1402 846 1422 o.

228 1441 330 1470 Ardere
343 1439 370 1468 in
385 1438 506 1468 avaritia.
546 1437 578 1466 ln
602 1445 647 1466 AR
658 1445 675 1463 o
685 1443 699 1462 ii
709 1443 735 1462 o.

229 1477 386 1517 Coarguere
398 1476 533 1505 avaritiae„
566 1474 598 1504 In
625 1482 641 1501 c
650 1482 666 1501 o
679 1481 697 1500 A
708 1481 723 1500 a
733 1480 751 1499 c
761 1480 779 1499 u
789 1479 815 1498 o.

227 1515 400 1552 Immigrzivit
410 1513 524 1542 avaritia
534 1511 677 1541 &luxuria
691 1509 721 1538 in
731 1518 820 1545 temp.
860 1505 891 1534 V.
913 1515 922 1534 1
932 1515 953 1534 tr
962 1514 983 1533 M
994 1514 1003 1532 1
1013 1512 1030 1532 c
1040 1511 1056 1531 R
1064 1509 1091 1531 θ’,

227 1552 387 1584 insimulare
396 1551 517 1588 aliquem
526 1549 655 1580 avaritiae.
694 1547 726 1576 V.
758 1557 767 1574 1
776 1555 796 1574 N
805 1555 816 1575 s
826 1555 863 1573 im
872 1554 891 1573 u
901 1554 917 1572 1.
927 1553 953 1572 o.
1238 1573 1240 1575 .

229 1590 342 1622 Tollere
353 1590 503 1620 avaritiam.
545 1588 602 1616 Cic.
616 1596 641 1616 2.
654 1586 690 1615 de
701 1585 778 1614 Orat.
793 1593 854 1620 171.
875 1580 1022 1611 Avaritiam
1033 1578 1051 1607 si
1059 1576 1159 1607 tollere
1169 1573 1252 1605 vultis
1263 1596 1271 1609 ‚
1292 1581 1349 1602 ma-

249 1637 292 1659 ter
301 1630 360 1662 ejus
371 1628 408 1657 est
418 1626 540 1656 tollenda
548 1625 678 1655 luxuries.

229 1667 340 1698 Exuere
347 1665 498 1695 avaritiam.
534 1664 624 1693 Tacit.
637 1661 723 1699 Agric.
734 1669 778 1695 30.
799 1659 834 1689 Et
843 1655 1027 1695 arrogantiam
1037 1655 1063 1684 δι
1072 1652 1214 1682 avaritiam
1224 1654 1347 1680 exuerat.

230 1705 349 1735 Avaritia
359 1703 452 1742 gloriae
463 1725 470 1738 ,
492 1712 542 1741 pro
553 1701 712 1739 Cupiditate
723 1698 817 1733 nimia.
840 1696 915 1726 Curt.
930 1694 978 1723 lib.
992 1704 1016 1729 9.
1029 1702 1055 1722 2.
1067 1702 1093 1727 9.

192 1743 239 1775 Av
248 1753 268 1773 A
276 1753 293 1772 R
302 1753 357 1771 1T1
368 1752 380 1770 r.
388 1751 400 1771 s
410 1763 418 1776 ,
440 1741 476 1771 ei.
498 1738 671 1776 [πλεονεξία]
690 1737 769 1767 Idem
778 1735 855 1773 quod
867 1732 993 1763 Avaritia.
1016 1730 1123 1760 Lucret.
1135 1728 1185 1758 lib.
1198 1737 1221 1765 3.
1237 1736 1279 1762 59.

302 1780 437 1816 Denique
449 1778 595 1812 avarities,
616 1778 642 1806 ἃ
657 1776 797 1805 honorum
813 1782 886 1802 caeca
900 1770 1022 1808 cupido,

310 1818 380 1855 Quae
397 1817 510 1846 miseros
524 1815 652 1845 homines
663 1818 769 1851 cogunt
778 1810 971 1841 transcendere
985 1807 1054 1836 fines

193 1857 239 1887 Av
247 1867 267 1886 A
276 1866 288 1886 s
296 1867 306 1885 1
314 1866 326 1886 s
334 1878 343 1893 ,
366 1854 436 1885 Urbs
446 1854 558 1892 AEgypti
574 1871 582 1888 ,
605 1862 689 1890 quam
700 1851 784 1881 etiam
794 1849 887 1880 Oasim
896 1852 1005 1877 vocant.

1169 1803 1252 1840 Juris.

637 1961 886 2002 AUC

193 2086 354 2116 Auceps,
375 2080 448 2118 ripis.
471 2088 530 2116 cg.
554 2070 732 2114 [ὄρνῆἡνῖξας]
756 2073 976 2113 quasiiiviceps3
999 2070 1055 2107 Qui
1068 2068 1112 2099 vel
1123 2068 1194 2105 Quae
1206 2074 1271 2096 aves
1289 2074 1353 2101 cap-2

229 2126 277 2150 tat.
319 2117 455 2148 Columel.
467 2117 515 2146 lib.
527 2121 553 2150 8.
571 2125 630 2152 cap.
647 2124 689 2144 10.
711 2114 768 2150 Qui
784 2112 817 2141 ab
829 2111 985 2148 aucupibus
1003 2110 1032 2138 in
1053 2108 1129 2137 hunc
1144 2105 1223 2136 usum
1236 2103 1352 2137 nutriti,

229 2157 303 2194 quasi
316 2157 461 2186 allectores
479 2155 530 2183 sint
546 2154 728 2191 captivorum.
768 2150 834 2180 Ter.
848 2149 916 2179 Eun.
931 2157 956 2177 2.
968 2156 994 2177 2.
1009 2150 1053 2177 26.
1084 2145 1174 2182 Coqui
1185 2165 1193 2179 ,
1214 2142 1330 2172 fartores
1342 2160 1351 2176 ἵ,

228 2195 378 2234 piscatores
389 2216 397 2230 ,
418 2202 549 2230 aucupes.
564 2224 569 2228 .
1328 2216 1333 2219 ⁸

229 2234 338 2270 Auceps
355 2231 538 2270 syllabarum,
560 2238 609 2267 per
631 2226 842 2256 translationem
861 2225 969 2254 dictum
989 2232 1005 2252 a
1023 2222 1081 2252 Cic.
1099 2231 1120 2250 1.
1140 2219 1176 2249 de
1195 2218 1272 2248 Orat.
1285 2225 1348 2253 237.

250 2271 306 2300 Nisi
318 2269 453 2308 leguleius
465 2268 577 2305 quidam
589 2272 686 2295 cautus
701 2266 727 2294 δι
739 2272 834 2294 acutus
847 2285 855 2298 ,
868 2271 961 2301 praeco
970 2261 1129 2294 adtionum,
1142 2264 1238 2287 cautor
1247 2256 1352 2284 formu-

248 2309 337 2338 larum
349 2330 357 2344 ,
378 2316 479 2345 auceps
487 2304 661 2343 syllabarum.

228 2347 337 2384 Auceps
346 2345 457 2375 auribus
469 2351 516 2373 aut
525 2343 643 2372 sei-moni
653 2340 772 2370 alterius.
814 2338 900 2368 Plaut.
909 2335 997 2366 Stich.
1015 2346 1037 2365 1.
1050 2345 1075 2365 2.
1088 2345 1134 2371 45.
1156 2331 1285 2369 Nunquis
1305 2330 1352 2358 hic

251 2385 289 2414 est
300 2384 408 2413 alienus
418 2382 515 2411 nostris
527 2381 609 2409 dictis
618 2388 721 2416 auceps
732 2376 845 2407 auribus
855 2377 868 2404 ⁶?
906 2375 986 2405 idem
994 2374 1056 2404 Mil.
1067 2384 1094 2410 4.
1111 2383 1134 2402 1.
1145 2381 1170 2408 9.
1193 2367 1351 2406 Circunspi=

251 2423 308 2452 cito
323 2422 391 2450 duni
406 2443 414 2452 .
435 2420 532 2456 nequis
542 2418 635 2447 nostro
647 2425 749 2454 auceps
759 2414 878 2444 sermoni
889 2413 945 2442 siet.

231 2459 392 2498 Aucupibus
402 2458 461 2487 noti
471 2458 592 2487 frutices.
614 2455 698 2485 Ovid.
712 2454 786 2490 1.,de
796 2454 859 2482 Arte
869 2453 927 2481 Am.
944 2460 990 2488 47.

194 2499 372 2533 Aucroa,
395 2497 666 2528 AucroairAs,
689 2494 740 2522 Sec.
772 2491 803 2520 V.
826 2491 855 2519 in
876 2498 1011 2518 Aucto.

648 2529 652 2538 J

195 2538 420 2569 Aucupiuii,
442 2535 459 2563 i.
482 2543 508 2563 n.
532 2532 703 2568 [beroin9n&,
722 2528 858 2572 θύςαῖγον]
889 2527 989 2556 Avium
999 2525 1102 2563 captio.
1124 2522 1183 2552 Cic.
1196 2530 1222 2551 2.
1240 2518 1275 2550 de
1288 2518 1349 2548 Fin.
1389 2523 1393 2526 '

230 2582 275 2608 23.
298 2573 390 2602 Nemo
405 2571 524 2601 nostrum
535 2570 609 2599 istius
617 2569 725 2607 generis
736 2568 825 2596 asotos
837 2565 961 2602 jucunde
977 2570 1057 2602 putat
1074 2563 1168 2591 vivere
1178 2582 1187 2596 ,
1208 2558 1330 2589 mundos
1342 2579 1351 2592 ‚

230 2611 388 2649 elegantes,
410 2610 523 2647 optimis
540 2608 631 2642 cocis,
652 2605 800 2644 pistoribus
812 2626 820 2639 ,
841 2603 964 2641 piscatu,
987 2601 1107 2638 aucupio
1119 2621 1128 2635 ,
1149 2598 1308 2628 venatione.

231 2649 391 2686 Aucupium
410 2647 566 2684 sagittarum
578 2668 586 2680 ,
607 2645 704 2681 Quum
724 2643 820 2680 sagitta
838 2642 959 2678 figuntur
975 2649 1048 2669 aves.
1071 2638 1129 2668 Cic.
1145 2647 1167 2673 ς.
1185 2637 1221 2665 de
1232 2635 1292 2665 Fin.
1307 2643 1352 2669 32.

253 2687 310 2724 Qui
322 2695 407 2723 quum
417 2685 585 2714 cruciaretur
596 2693 655 2712 non
664 2682 787 2711 ferendis
795 2679 940 2710 doloribus
954 2700 962 2713 ,
983 2677 1153 2716 propagabat
1161 2682 1255 2704 tamen
1265 2672 1353 2702 vitam

252 2724 376 2762 aucupio
390 2723 556 2760 sagittarum.

233 2762 328 2792 Omne
337 2771 423 2798 genus
433 2761 592 2803 aucupium.
634 2756 734 2801 Catull.
751 2765 776 2792 3.
791 2765 818 2792 3,
848 2755 867 2784 i.
882 2764 906 2783 e.
929 2754 1023 2784 Omne
1038 2751 1153 2789 aucupii
1170 2758 1274 2788 genus.
1296 2747 1354 2777 No.

249 2800 401 2843 minativus
410 2808 461 2836 pro
474 2800 596 2835 genitivo
610 2818 618 2831 ,
639 2795 689 2824 nili
708 2795 768 2832 quis
789 2792 869 2823 malit
885 2791 1041 2830 genitivum
1056 2788 1192 2828 pluralem
1211 2786 1265 2816 effe
1275 2808 1283 2822 ,
1304 2795 1354 2823 pro

253 2848 323 2868 aucu
347 2846 445 2866 iorum.

230 2847 476 2907 Mendiciffimum
488 2871 641 2902 salutatoris
652 2870 813 2908 aucupium.
855 2865 992 2897 Columel.
1006 2866 1036 2895 in
1048 2864 1152 2903 praesat.
1166 2863 1214 2892 lib.
1230 2872 1253 2891 1.
1281 2860 1355 2897 Quia

253 2915 305 2949 (ut
323 2913 446 2951 opinor)
468 2920 525 2940 non
543 2910 649 2947 semper
666 2907 816 2946 sportulam
834 2907 994 2944 accipiunt,
1017 2905 1062 2941 qui
1079 2912 1160 2932 mane
1175 2901 1292 2931 veniunt
1304 2908 1356 2936 po<

251 2952 385 2983 tentiores
398 2949 544 2979 salutatum
555 2970 562 2982 ‚
584 2947 630 2977 sed
644 2944 860 2983 frequentissime
874 2943 920 2973 sua
934 2944 980 2981 spe
1003 2942 1173 2972 frustrantur.
1216 2937 1272 2968 Nisi
1284 2937 1356 2965 forte

253 2990 314 3027 quis
328 2988 482 3018 contendat
494 2985 644 3024 legendum
654 2984 707 3014 elle
720 2981 966 3013 Mendicissimum.
979 2987 985 2989 “
1007 2978 1150 3019 Sportulas
1161 2977 1237 3007 enim
1249 2974 1355 3009 sectari,

253 3027 320 3065 quid
330 3027 406 3056 aliud
418 3025 455 3055 est
466 3034 550 3063 quani
560 3023 692 3061 Turpiter
706 3021 865 3050 mendicare
875 3021 888 3048 ?

234 3065 394 3096 Plumosum
406 3063 567 3100 aucupium.
590 3061 713 3098 Propert.
729 3069 755 3094 4.
771 3068 796 3088 2.
810 3067 855 3095 34.
1275 3079 1279 3085 ,

235 3104 360 3140 Aucupia
380 3102 532 3140 peregrina.
554 3109 604 3136 pro
614 3098 708 3136 Captis
718 3096 814 3126 avibus
826 3104 947 3134 peregre.
968 3094 1032 3123 Sen.
1047 3093 1082 3122 de
1098 3091 1211 3122 Provid;
1221 3100 1244 3119 c.
1258 3099 1282 3126 3.

236 3141 394 3178 Aucupiuni
406 3147 510 3169 novum
522 3160 530 3173 ,
552 3130 625 3166 diilit
635 3134 957 3174 parasitusTerentianus
967 3153 975 3167 ,
1016 3131 1042 3160 ui
1056 3130 1187 3159 omnibus
1206 3127 1301 3157 omnia
1320 3125 1357 3156 as-

254 3178 412 3209 sentabatur
422 3199 429 3211 ‚
450 3183 481 3206 ut
490 3176 565 3205 laute
573 3176 678 3204 viveret
687 3172 786 3202 alienis
796 3170 957 3208 sumptibus.
1013 3179 1031 3197 n
1046 3169 1116 3198 Eun.
1131 3177 1156 3197 2.
1172 3177 1198 3195 2.
1215 3170 1257 3195 16.

316 3215 393 3245 Olim
404 3215 445 3244 isti
457 3215 510 3243 suit
524 3212 619 3251 generi
638 3211 781 3250 quondam
798 3209 913 3247 quaestus
925 3207 999 3245 apud
1016 3206 1140 3235 seculum
1154 3205 1248 3242 prius:

317 3254 380 3283 Hoc
396 3261 501 3282 novum
511 3253 549 3281 est
569 3250 722 3288 aucupium
734 3258 740 3278 τ
762 3248 833 3277 adeo
847 3247 920 3276 hanc
929 3245 1035 3284 primus
1046 3243 1229 3273 inveniviam.

238 3292 397 3329 Aucupium
411 3290 611 3319 delectationis.
656 3288 715 3317 Cic.
733 3287 761 3315 in
772 3285 850 3315 Orat.
865 3293 925 3320 197.
955 3283 999 3312 Ne
1010 3281 1150 3311 elaborata
1165 3278 1356 3313 concinnitas,

257 3331 283 3359 δι
292 3330 434 3366 quoddam
443 3328 594 3365 aucupium
606 3323 798 3355 delectationis
810 3321 954 3352 manifesto
965 3318 1166 3356 deprehensum
1178 3323 1318 3354 appareat.

239 3368 396 3405 Aucupium
413 3366 526 3395 auribus
540 3366 638 3394 facere.
681 3363 766 3392 Plaut.
779 3360 839 3391 Mil.
848 3370 874 3395 4.
890 3369 912 3388 1.
925 3367 968 3395 43.
1007 3356 1104 3385 Viden'
1127 3361 1156 3384 tu
1170 3354 1247 3383 illam
1267 3352 1358 3382 oculis

257 3411 364 3434 mature
379 3405 487 3438 facere,
509 3410 535 3432 at
556 3412 590 3432 ue
608 3402 761 3439 aucupium
785 3397 923 3429 auribus?
964 3395 1133 3425 venaturam
1153 3393 1243 3422 facere
1263 3391 1298 3420 H.
1316 3392 1356 3420 St.

258 3443 401 3478 quomodo
412 3443 441 3471 in
449 3414 605 3477 emendatis
613 3439 688 3468 libris
698 3437 808 3476 pridem
819 3435 962 3465 excusum.

239 3480 398 3518 Aucupium
417 3479 565 3509 verborum
580 3477 768 3508 &literanum-
808 3474 866 3504 Cic.
879 3482 929 3511 pro
948 3470 1049 3501 Caecin.
1067 3471 1113 3505 65.
1143 3466 1219 3497 Tum
1238 3467 1359 3505 aucupio

260 3518 407 3547 verborum
416 3519 441 3547 ἃ
451 3517 591 3546 litei-arum
600 3514 752 3545 tendiculis
763 3513 791 3542 in
801 3511 935 3541 invidiam
942 3513 1053 3539 vocant.

205 3556 253 3586 Ati
262 3565 278 3584 c
288 3557 304 3584 ῠ
315 3565 329 3583 P
338 3565 354 3584 o
365 3565 378 3583 iz
391 3577 398 3590 ,
420 3554 604 3591 [ὁζνθυῖνρῶ]
625 3553 674 3582 ari.
697 3552 761 3589 dep.
786 3552 854 3580 Aves
866 3557 975 3587 capere.

242 3593 377 3630 Aucupari
390 3614 398 3627 ,
419 3602 468 3630 per
483 3591 690 3621 translationem
700 3589 737 3619 est
748 3587 870 3618 Artificio
881 3585 1003 3625 quodam
1012 3584 1038 3613 St
1048 3581 1156 3612 solertia
1167 3588 1297 3617 quaerere.
1319 3583 1360 3614 ut,

262 3631 397 3668 Aucupari
409 3631 520 3659 fiimani.
542 3628 609 3658 Plin.
624 3628 671 3657 lib>
693 3636 735 3663 33.
751 3635 811 3664 cap.
823 3635 849 3655 2.

244 3667 416 3704 Colligere&
428 3667 560 3704 aucupari
575 3666 677 3695 omnia.
701 3664 759 3694 Cic.
774 3674 799 3693 2.
813 3663 887 3692 Verr.

244 3705 466 3736 Delectationem
478 3705 598 3741 aliquam
607 3703 737 3733 dicendi).
760 3702 817 3731 Cic.
831 3702 859 3730 in
871 3700 947 3730 Orat.
958 3700 1003 3734 63.

243 3743 363 3774 Errores.
402 3742 493 3772 Cic.2.
506 3742 541 3771 de
553 3742 629 3771 Orat.
643 3751 686 3778 30.
710 3741 756 3770 Ars
766 3739 881 3768 dicendi
895 3736 1044 3775 opiniones
1054 3732 1203 3763 hominum
1218 3751 1226 3765 ‚
1248 3730 1275 3758 Sc
1293 3727 1363 3765 saepe

262 3789 368 3810 errores
378 3786 539 3816 aucupatur.

242 3819 355 3850 Famam
367 3816 415 3846 sibi
425 3817 555 3854 aucupari
567 3816 771 3846 obtrectatione
786 3814 884 3844 alienae
904 3811 1035 3842 scientiae.
1057 3808 1126 3838 Plin.
1144 3807 1174 3836 in
1185 3803 1260 3844 praef.
1278 3803 1364 3833 totius

263 3866 280 3885 o
303 3865 341 3885 er.

245 3865 366 3924 Griitiam
380 3890 496 3927 alicujus
506 3890 736 3920 assentatiuncula
751 3889 879 3927 quadam.
911 3886 971 3916 Cic.
985 3895 1009 3920 ς,
1026 3884 1100 3914 Fam.
1116 3891 1158 3912 12.
1180 3880 1247 3910 Non
1260 3887 1365 3911 vereor,

263 3941 299 3961 ne
310 3928 539 3960 assentatiuncula
551 3928 670 3964 quadam
685 3927 814 3965 aucupari
829 3934 906 3955 tuam
922 3924 1036 3961 gratiam
1046 3921 1149 3951 videar.

243 3967 469 3999 Imbecillitatem
478 3965 594 4001 alicujus
604 3965 735 4002 epistolis.
776 3964 834 3993 Cic.
846 3972 897 4001 pro
908 3962 996 3992 Flacc.
1011 3969 1056 3994 92.
1080 3958 1135 3988 Cur
1146 3956 1282 3986 Albanum
1292 3952 1369 3983 veni-
1405 3996 1407 3998 Ι

2422 0 2546 45 ,ssi

1841 126 1868 160 A
1965 124 1996 159 U
2096 123 2127 158 D
2543 47 2549 106 i

1450 219 1478 239 re
1490 208 1565 244 iubet
1575 209 1587 236 7
1610 217 1657 236 eur
1668 207 1745 236 matri
1755 214 1885 244 praeterea
1893 206 2034 235 blanditur
2044 207 2057 234 5
2078 215 2127 234 cur
2137 203 2259 243 epistolis
2272 205 2297 234 St
2311 202 2409 233 sororis
2418 204 2442 233 ἃ
2452 195 2540 234 matri:

1452 246 1673 276 imbecillitatem
1688 253 1840 282 aucupatur
1851 246 1864 273 ἶ)
2494 253 2498 258 -
2589 255 2600 265 .-

1433 285 1609 322 Opinionem
1619 283 1734 312 :iliorum
1747 289 1892 311 errantem.
1934 281 1992 310 Cic.
2006 291 2031 310 2.
2044 282 2079 309 de
2090 280 2148 309 Fin.
2163 289 2206 315 71.
2228 279 2269 308 Ita
2281 279 2355 315 quod
2369 277 2538 307 certissimum
2585 277 2604 306 l?

1452 322 1508 366 est,
1531 331 1579 359 pro
1591 331 1653 349 vera
1666 327 1794 357 ceitaque
1803 320 1903 356 justitia
1914 318 2115 347 simulationem
2126 318 2205 346 nobis
2215 317 2322 354 justitia*
2334 317 2440 344 traditis
2452 337 2460 349 ,
2478 325 2539 353 prag.
2596 309 2603 320 ''

1453 361 1600 402 cipitisque
1615 359 1736 395 quodam
1754 358 1839 386 modo
1856 364 1886 386 ut
1903 357 2020 385 nostram
2036 355 2161 385 stabilem
2177 354 2375 384 conscientiam
2387 358 2539 383 contemna-

1453 407 1514 440 mus
1527 420 1535 433 ,
1557 397 1675 426 aliorum
1687 402 1822 424 errantem
1832 395 1996 433 opinionem
2010 403 2189 431 aucupemur.

1435 436 1601 479 Orationem
1614 433 1745 470 aucupari
1755 442 1789 463 ex
1801 433 1878 461 omni
1888 442 1997 468 genere.
2039 432 2097 461 Cic.
2114 440 2164 467 pro
2179 431 2252 459 Sext.
2266 439 2325 463 119.
2348 429 2414 458 Non
2426 428 2481 458 sum
2488 433 2559 459 tam*

1453 482 1580 509 ignarus,
1601 471 1730 514 judices,
1752 470 1893 500 causarum
1905 492 1913 505 ,
1935 479 1994 498 non
2012 475 2069 498 tam
2086 468 2206 498 insolens
2218 469 2248 496 in
2259 467 2380 496 dicendo
2396 488 2405 502 ,
2425 471 2456 495 ut
2469 467 2540 497 omni
2552 490 2562 498 ,.

1454 520 1489 539 ex
1503 519 1607 547 genere
1621 516 1777 537 orationem
1790 517 1920 545 aucuper.
2549 505 2550 510 ¹

1436 549 1591 578 Rumoreni
1603 548 1724 575 inanem.
1746 546 1804 576 Cic.
1822 545 1947 575 insPison.
1964 553 2005 581 57.

1435 585 1618 616 Rumusculos
1629 585 1821 622 imperitorum
1832 584 1987 612 hominum.
2011 578 2070 610 Cic.
2082 590 2132 619 pro
2143 580 2256 610 Cluent.
2271 590 2332 610 10³.

1436 623 1656 654 Similitudinem
1667 623 1814 660 quandam.
1855 622 1931 650 Auet.
1944 620 1978 648 ad
1990 619 2092 648 Heren.
2105 628 2150 655 23.
2171 618 2211 648 Ex
2220 617 2431 647 ratiocinatione
2441 622 2532 648 conti-o
2558 628 2561 634 ¹

1456 661 1540 690 versia
1554 660 1676 694 constat,
1698 669 1782 696 quum
1797 669 1839 688 res
1854 659 1910 688 sine
1928 658 2038 695 propria
2056 657 2117 694 lege
2131 657 2209 685 venit
2223 657 2251 685 in
2269 655 2404 691 judicium
2416 676 2423 690 ‚
2443 664 2500 691 quae
2508 662 2553 687 ta-

1457 709 1522 728 men
1533 699 1567 728 ab
1577 698 1636 727 aliis
1645 697 1752 734 legibus
1767 697 1977 726 limilirudinem
1990 696 2127 732 quandam
2138 701 2302 732 aucupatur.
2561 720 2563 724 ,

1437 737 1564 773 Tempus
1580 736 1721 765 observare
1740 738 1766 764 ἃ
1781 735 1922 773 aucupari.
1963 733 2021 763 Cic.
2036 743 2087 771 pro
2106 732 2186 762 Rosc.
2202 734 2291 761 Amer.
2308 740 2351 760 22.
2375 729 2469 766 Quum
2484 735 2553 768 prJae-

1456 774 1549 804 sertim
1567 780 1624 803 tam
1650 774 1732 803 multi
1757 774 1975 811 occupationem
2003 772 2063 805 eius
2085 770 2246 806 observent,
2279 776 2445 806 tempusque
2469 777 2550 798 aucu-
2593 773 2602 794 11

1457 819 1569 851 peiitur.
2534 811 2536 813 ’
2553 806 2556 831 l
2590 810 2604 833 ii

1438 850 1675 893 Tranquillitates.
1715 848 1774 878 Cic.
1785 851 1811 878 6.
1830 849 1884 877 Att.
1897 854 1922 883 8.
1950 847 2010 876 Nos
2028 846 2204 876 Rhodiorum
2221 842 2358 884 aphractis
2370 865 2379 879 ,
2400 842 2567 881 ceterisque*
2592 841 2604 869 *t*

1458 889 1549 925 longis
1559 887 1675 917 navibus
1689 886 1901 923 tranquillitates
1912 885 2076 923 aucupaturi
2089 894 2206 914 eramus.
2554 876 2556 903 Ῐ
2595 887 2604 905 'l

1439 926 1549 970 Verba,
1579 932 1628 969 aut
1647 925 1706 954 Vim
1724 925 1883 954 verborum.
1925 923 1983 953 Cic.
2005 932 2057 960 pro
2077 922 2182 952 Caecin.
2201 931 2241 951 12.
2278 920 2373 950 Sermo
2396 917 2506 948 hercule
2521 920 2547 949 ἃ
2595 934 2602 942 ν

1457 964 1599 1008 familiaris
1618 966 1643 993 &
1659 963 1837 1000 quotidianus
1859 971 1918 991 non
1939 960 2109 996 cohaerebit,
2140 960 2157 989 si
2180 959 2263 989 verba
2279 959 2352 988 inter
2366 966 2417 986 nos
2435 964 2558 994 aucupa.
2601 967 2604 972 ¹

1458 1002 1558 1031 bimur.
1599 1001 1727 1036 Ibidem,
1749 1001 1811 1030 Vim
1829 999 1978 1030 verborum
1992 998 2141 1028 necessario
2166 997 2346 1027 similitudine
2365 1003 2456 1024 rerum
2472 1003 2548 1024 aucu.
2593 1015 2600 1022 ..

1460 1050 1568 1078 pamur.

1441 1075 1534 1108 Verba
1543 1076 1721 1106 attendere&
1733 1076 1865 1113 aucupari
1875 1074 2027 1113 oportebit.
2050 1073 2108 1104 Cic.
2119 1083 2145 1104 2.
2155 1073 2190 1103 de
2202 1072 2278 1103 Orat.
2291 1074 2357 1108 256.

1442 1116 1532 1146 Verba
1541 1116 1666 1151 alicujus.
1688 1115 1752 1143 Sen.
1764 1115 1793 1143 iri
1803 1113 1894 1143 Theb.
1907 1123 1934 1142 2.

1441 1154 1608 1184 Utilitatem.
1660 1152 1719 1181 Cic.
1736 1162 1761 1181 2.
1793 1152 1828 1181 de
1844 1151 1922 1181 Orat.
1942 1160 1985 1186 59.

1461 1202 1521 1222 non
1538 1201 1589 1229 ego
1606 1190 1755 1220 utilitatem
1775 1189 1895 1226 aliquam
1913 1189 1948 1217 ad
1967 1188 2122 1218 dicendum
2141 1196 2281 1224 aucupans
2293 1208 2300 1220 ,
2334 1186 2433 1214 horum
2452 1182 2566 1220 libros,-

1460 1228 1658 1297 1‹ssclnonnullos
1673 1228 1759 1264 alios,
1779 1227 1828 1257 sed
1847 1226 2041 1256 delectationis
2061 1224 2157 1261 causa,
2178 1234 2265 1262 quum
2279 1224 2317 1254 est
2336 1222 2446 1257 otium,
2465 1219 2561 1258 leger

1472 1279 1488 1297 o
1502 1277 1544 1297 eo.
2526 1267 2529 1269 ’
2560 1266 2562 1274 “

1401 1308 1551 1340 ‘Ancum
1562 1327 1571 1340 ‚
1592 1304 1770 1347 [ὁενρἳκςῖι]
1789 1306 1844 1333 are.
1884 1303 1917 1333 In
1934 1302 2021 1332 activa
2038 1312 2107 1331 voce
2123 1301 2192 1338 saepe
2210 1299 2273 1329 usus
2291 1299 2329 1328 est
2346 1298 2433 1327 Plaut.
2445 1294 2548 1327 Mostel.
2568 1303 2572 1319 ·'

1441 1355 1468 1375 2.
1490 1354 1516 1373 2.
1534 1353 1584 1402 ἐκ.
1625 1341 1803 1380 Circunspice
1824 1342 1892 1370 dum
1905 1363 1914 1376 ,
1935 1340 2056 1376 nunquis
2075 1341 2114 1370 est
2133 1339 2290 1368 sermonem
2309 1337 2432 1366 nostrum
2447 1334 2493 1372 qui
2507 1344 2551 1365 au·
2560 1337 2570 1372 γ’

1440 1390 1527 1420 cupet
1539 1405 1545 1410 .
2565 1380 2568 1388 ⁴

1441 1419 1583 1458 Aucupavi
1595 1440 1603 1453 ‚
1625 1417 1803 1456 praeteritum.
1843 1416 1929 1447 Plaut.
1942 1416 2025 1446 Truc.
2040 1426 2064 1450 ς.
2076 1424 2100 1444 1.
2111 1423 2154 1452 73.
2176 1413 2284 1452 Lepide
2300 1411 2403 1442 ecastor
2412 1409 2550 1448 aucupavi,
2566 1411 2572 1447 ἷ

1460 1465 1542 1495 atque
1554 1467 1569 1486 e
1582 1466 1643 1485 mea
1655 1456 1797 1485 sententia.
2536 1460 2538 1462 ¹

1409 1526 1411 1528 ,
1440 1498 1585 1533 Aucupare
1594 1493 1742 1523 exinsidiis
1750 1493 1816 1531 quid
1827 1498 1930 1531 agatur.
1949 1490 2035 1521 Plaut.
2048 1490 2118 1520 Asin.
2132 1501 2155 1526 ς.
2171 1499 2197 1520 2.
2211 1498 2254 1526 32.
2543 1510 2549 1519 .

1404 1535 1423 1566 'A
1433 1545 1454 1564 u
1464 1545 1481 1564 c
1491 1544 1531 1563 up
1543 1542 1589 1576 A'N
1599 1542 1610 1561 s
1622 1553 1630 1566 .
1650 1532 1747 1561 Partic.
1779 1531 1837 1561 Cic.
1853 1540 1877 1568 3.
1894 1531 1929 1560 de
1936 1529 2030 1567 Legib.
2042 1537 2085 1565 35.
2116 1529 2263 1566 Aucupans
2274 1534 2373 1556 omnes
2386 1521 2545 1554 rumuscul-
2562 1528 2569 1541 '¹

1441 1571 1568 1611 populari
1580 1570 1695 1599 ratione.

1405 1612 1454 1641 Au
1463 1620 1480 1640 c
1490 1612 1508 1639 u
1519 1620 1532 1638 P
1543 1613 1560 1638 Ᾰ
1570 1618 1589 1637 τ
1598 1618 1616 1637 υ
1626 1618 1638 1638 s
1649 1630 1657 1643 ,
1678 1607 1774 1637 Partic.
1787 1605 1853 1644 pass.
1868 1605 1943 1635 Lact.
1959 1603 2045 1635 Instit.
2061 1615 2085 1640 ς.
2102 1613 2147 1640 23.
2163 1608 2231 1633 extr.

1404 1648 1633 1680 AUCUPATio
1646 1667 1654 1681 ,
1671 1645 1746 1678 finis.
1768 1644 1785 1673 f.
1810 1641 2020 1680 [speeiem]
2039 1641 2190 1680 Actusipse
2207 1639 2337 1678 capiendi
2353 1646 2424 1668 aves.

1443 1686 1560 1716 Venatio
1570 1686 1596 1714 ἃ
1604 1684 1761 1720 aucupatio,
1784 1682 1903 1718 Quintil.
1915 1682 1944 1710 in
1953 1681 2033 1719 Apib.

1442 1723 1614 1762 Aucupatio,
1635 1722 1703 1751 teste
1717 1720 1819 1750 Budaeo
1834 1720 1870 1749 de
1888 1719 1966 1754 Asse,
1987 1718 2155 1756 quandoque
2167 1716 2298 1755 significat
2308 1714 2437 1744 Lucrum.
2477 1711 2554 1742 Und
2570 1734 2576 1752 f

1462 1762 1537 1800 apud
1548 1760 1615 1790 Plin.
1631 1759 1713 1794 lib.9.
1728 1768 1789 1796 cap.
1805 1766 1848 1795 35.
1860 1757 1947 1795 legit,
1978 1756 2043 1786 Vidi
2055 1755 2140 1794 ipsam
2151 1755 2296 1784 confestim
2307 1758 2431 1791 paratam
2442 1759 2544 1790 aucupa
2566 1759 2576 1784 f.
2599 1753 2604 1783 Ι

1409 1826 1414 1837 2
1461 1802 1568 1829 tionem
1578 1797 1678 1828 tabulis
1688 1796 1812 1834 probare.
1853 1795 1906 1825 Alii
1917 1794 2267 1832 autemNuncupationem
2276 1791 2381 1829 legunt.
2564 1787 2576 1804 '¹
2598 1790 2604 1821 Ξ

1406 1839 1426 1876 A
1437 1849 1455 1867 u
1464 1848 1482 1867 c
1494 1847 1534 1866 υΡ
1543 1841 1559 1866 ἶ.
1569 1846 1589 1865 τ
1598 1846 1617 1864 U
1626 1845 1637 1865 s
1648 1857 1655 1869 .
1676 1836 1716 1864 [ιε.
1740 1844 1777 1864 m.
1798 1832 1885 1863 idem.
1898 1832 2017 1870 Capitol.
2028 1833 2127 1862 Anton.
2142 1830 2239 1861 Philos.
2255 1839 2315 1867 cap.
2327 1841 2355 1865 4.
2570 1806 2578 1859 i,
2603 1841 2604 1858 ᾗ

1404 1878 1742 1909 AucUPAziJNnus,
1765 1872 1824 1908 Adj.
1846 1871 1964 1900 Tertuli.
1982 1870 2018 1899 de
2033 1870 2256 1908 Anim.cap.39.
2572 1862 2576 1874 '
2599 1867 2604 1896 'i

1405 1916 1455 1944 Au
1466 1923 1482 1943 c
1493 1923 1509 1943 u
1520 1921 1660 1941 PAToRi
1671 1921 1726 1946 us,
1756 1910 1817 1945 Adi.
1846 1905 2064 1945 [33¹¹aiv‘s'ii'ess&]
2085 1908 2172 1945 Quod
2194 1907 2230 1936 ad
2252 1904 2403 1943 aucupium
2428 1902 2552 1941 pertinet.
2576 1920 2579 1924 ν
2600 1905 2604 1934 ,i

1444 1951 1514 1981 Plin.
1526 1951 1574 1979 lib.
1592 1953 1632 1978 16.
1648 1959 1709 1986 cap.
1723 1952 1765 1984 36.
1789 1947 1885 1984 Qium
1903 1947 1986 1983 igitur
2004 1956 2079 1978 anno
2099 1944 2279 1984 permanserit
2296 1941 2458 1975 inundatio,
2479 1939 2554 1978 profi-
2572 1932 2578 1952 ⁸

1445 1991 1524 2020 ciunt
1538 1987 1785 2031 inaucupatoriam
1796 1994 1905 2022 quoque
1915 1984 2139 2022 amplitudinem.
2178 1983 2221 2012 De
2240 1981 2352 2011 calamis
2374 1979 2505 2016 aquaticis
2519 1965 2579 2078 ΜΞ
2602 2007 2604 2010 ,

1446 2028 1548 2065 quitur.
1568 2036 1585 2055 i.
1597 2035 1621 2054 e.
1643 2026 1713 2061 Qiae
1723 2023 1826 2062 possint
1835 2022 1887 2051 effe
1896 2022 1954 2051 usui
1964 2023 2094 2059 aucupio,

1407 2066 1428 2096 A
1436 2076 1454 2095 υ
1463 2075 1480 2095 c
1488 2075 1502 2094 ri
1511 2075 1532 2093 T
1541 2074 1559 2093 A
1572 2086 1580 2098 ,
1601 2064 1679 2101 Saepe
1689 2063 1776 2091 aucta.
1809 2060 1910 2091 Festus.
1939 2059 2010 2089 Vols.
2030 2061 2153 2090 Auctata.
2458 2076 2460 2081 .
2568 2076 2573 2087 7.

1407 2104 1428 2134 A
1438 2113 1456 2133 u
1466 2113 1512 2132 cn
1524 2111 1614 2136 tric,
1637 2100 1789 2136 [Λῦχῖτωι]
1809 2098 1908 2136 Populi
1928 2098 1963 2127 ad
1984 2107 2014 2127 os
2037 2097 2179 2134 Bosphori.
2216 2094 2285 2125 Plin.
2300 2093 2346 2123 lib.
2359 2104 2385 2130 4.
2400 2101 2461 2129 cap.
2474 2101 2513 2121 12.
2531 2090 2558 2121 A»
2568 2086 2579 2131 ly

1444 2141 1566 2179 Taphris
1577 2149 1625 2183 per
1635 2139 1827 2170 continentem
1843 2136 1973 2165 introrsus
1987 2142 2083 2166 tenent
2095 2134 2223 2164 Auchetae
2235 2155 2242 2168 ,
2264 2132 2340 2170 apud
2358 2140 2428 2169 quos
2440 2128 2550 2168 Hypan'
2572 2126 2581 2167 i*

1445 2179 1546 2209 fluvius
1555 2184 1642 2206 oritur
1653 2198 1661 2211 ‚
1684 2177 1736 2206 stc.
1775 2174 1828 2204 Alii
1839 2174 1965 2203 Auchatae
1976 2176 2002 2204 δε
2014 2173 2150 2204 Auchates
2162 2171 2295 2202 scribunt.
2335 2169 2366 2199 V.
2387 2134 2575 2204 Burman.a··i

1445 2217 1594 2251 Flaccum,
1617 2218 1644 2244 6.
1666 2215 1766 2251 Argon.
1783 2222 1844 2249 152.

1406 2255 1664 2287 Auca-Asinii,
1688 2255 1857 2285 ilucrio,
1880 2251 2173 2283 ΛυετιοΝΛκιι,
2194 2248 2331 2277 Αυετο.
2371 2243 2402 2274 V.
2426 2242 2571 2273 anano-i

1407 2294 1666 2323 Aucrottcus
1683 2312 1691 2326 ,
1715 2289 1751 2330 Υ.
1775 2297 2010 2318 AUTOLchs.
2051 2284 2378 2317 Sicenimscribcndum.
2522 2296 2531 2305 -¹
2568 2286 2572 2318 ’ς

1407 2332 1637 2363 Aucroxus,
1660 2326 1829 2363 [Λὶινὲῖςνῶ]
1850 2325 1934 2355 Filius
1948 2325 2101 2363 Apollinis,
2124 2323 2285 2362 &Cyrenes
2296 2319 2462 2351 Peneifiliae.
2568 2331 2569 2334 ¹

1407 2370 1582 2403 AUCTOR,
1606 2368 1766 2396 AueTus.
1803 2364 1835 2393 V.
1858 2373 1993 2393 Auctio.

1407 2408 1587 2440 AucuLA,
1608 2403 1763 2434 Tuscorum
1776 2402 1840 2431 urbs
1851 2401 2018 2436 Ptolemaeo,
2039 2400 2100 2430 aliis
2111 2398 2215 2436 Aquila.
2256 2396 2345 2434 Vulgo
2358 2394 2541 2432 Aquapendm.
2570 2419 2580 2435 .-

1407 2441 2188 2479 linearium,Aucuponffiueupmonius.
2229 2435 2436 2465 V.Auci³i²s.
2571 2435 2573 2441 '

2023 1150 2104 1187 Atqui
2135 1149 2233 1179 Catule
2262 1147 2375 1184 (inquit
2401 1144 2567 1183 Antonius)
2596 1154 2604 1173 r

2595 1338 2604 1396 —1-1—2-

2596 1395 2603 1402 a

2597 1411 2604 1453 ἐ

2597 1535 2604 1744 .-«ς-«.,ι.-μ.-»Α.-.-
2597 1457 2604 1516 ‚uste

1835 2554 1862 2589 A
1962 2553 1993 2587 U
2101 2552 2134 2586 D

1409 2671 1614 2704 AunAciA‚
1635 2669 1865 2700 AunAc'raR,
1889 2665 2046 2698 AunAx,
2075 2662 2285 2691 AUDENTiA.
2323 2658 2356 2688 V.
2378 2665 2508 2687 Atium.

1410 2711 1431 2738 A
1442 2719 1460 2737 u
1472 2719 1489 2736 o
1500 2717 1518 2736 A
1527 2717 1547 2736 N
1559 2717 1586 2735 11
1601 2729 1609 2742 ,
1631 2708 1645 2742 [
1657 2701 1789 2739 audoinus]
1811 2703 1929 2741 Iapygiae
1939 2725 1946 2734 .
1969 2711 2051 2739 quam
2063 2702 2089 2730 δε
2099 2698 2263 2737 Messapiam
2277 2697 2365 2727 Graeci
2378 2699 2479 2725 vocant
2490 2715 2498 2729 ‚
2517 2690 2574 2724 Po..

1451 2745 1531 2784 puli,
1554 2754 1672 2782 quorum
1684 2742 1812 2772 meminit
1825 2740 1912 2770 Strab.
1928 2740 1978 2769 lib.
1991 2743 2016 2769 6.

1411 2785 1432 2814 A
1442 2794 1461 2812 U
1472 2787 1514 2812 οξ
1523 2792 1543 2812 N
1554 2793 1572 2811 A
1583 2805 1590 2818 ,
1613 2782 1723 2812 Fluvius
1736 2779 1827 2810 ltaliae.
1850 2778 1907 2808 Liv.
1919 2788 1964 2813 41.
1984 2788 2025 2813 19.

1411 2824 1536 2852 Auuiio
1549 2842 1557 2855 ,
1578 2819 1656 2850 ausus
1667 2819 1741 2852 suin,
1763 2817 1907 2853 [roafflffl
1928 2814 2052 2849 θαρσύω]
2073 2816 2127 2843 ἕπε.
2150 2812 2295 2843 Fidenteni
2305 2808 2368 2839 effe.
2402 2807 2467 2838 Ter.
2480 2803 2569 2836 Andr.

1451 2868 1476 2896 3.
1488 2869 1513 2888 2.
1527 2868 1572 2894 25.
1608 2857 1751 2896 Niliiljam
1765 2855 1865 2884 mutire
1876 2854 1974 2883 audeo.
1998 2852 2068 2889 Virg.
2086 2862 2107 2882 ε..
2121 2850 2182 2881 JEn.
2195 2859 2259 2886 497.
2561 2862 2566 2872 .

1444 2933 1448 2937 ‚
1566 2911 1604 2929 :-
1613 2896 1751 2931 audetque
1761 2893 1825 2922 viris
1835 2900 1999 2921 concurrere
2011 2891 2096 2927 virgo.

1450 2934 1577 2968 Audere,
1598 2933 1718 2963 Temere
1729 2930 1900 2969 praesumere.
1939 2929 2010 2965 Virg.
2028 2938 2068 2957 12.
2086 2927 2221 2960 AEn.814.

1449 2972 1546 3011 Audeo
1560 2971 1694 3001 confiteri.
1734 2970 1792 2998 Cic.
1810 2978 1859 3005 pro
1875 2967 1961 3003 Ligur.
1975 2973 2001 3000 8.
2026 2966 2094 2994 Vide
2103 2963 2192 3002 quaeso
2204 2961 2334 2995 Tubero,
2354 2960 2444 2997 utqui
2458 2957 2493 2987 de
2504 2963 2576 2987 meo

1468 3011 1543 3039 facTo
1558 3019 1616 3038 non
1629 3009 1756 3038 dubitem
1770 3006 1879 3040 dicere,
1901 3007 1936 3034 de
1949 3003 2047 3040 Ligarii
2058 3013 2115 3031 non
2129 3002 2246 3031 audeam
2259 2998 2394 3028 conl-iteri.

1449 3048 1558 3078 Audere
1569 3069 1577 3082 ,
1598 3056 1661 3076 cum
1673 3044 1827 3075 accusativo
1838 3066 1846 3079 ,
1868 3053 1918 3081 pro
1929 3042 1994 3072 Non
2011 3041 2107 3070 vereri.
2130 3040 2203 3076 Virg.
2217 3048 2240 3072 ς,
2254 3037 2312 3066 Ecl.
2326 3040 2368 3065 16.

1567 3084 1646 3120 Quid
1655 3082 1891 3116 dominifaciant,
1912 3080 2016 3109 audent
2045 3088 2112 3107 uum
2130 3077 2194 3106 talia
2209 3074 2305 3104 sures‘?

1449 3123 1546 3154 Aciem
1557 3123 1668 3152 audere.
1708 3120 1797 3150 Tacit.
1820 3128 1861 3148 12.
1883 3119 1952 3147 Ann.
1966 3124 2009 3150 28.
2026 3089 2138 3144 anstati
2155 3114 2232 3152 agri,
2253 3111 2353 3150 praedae
2374 3107 2471 3147 passim
2486 3106 2562 3139 aaa.

1469 3160 1616 3228 rionflausis
1633 3160 1722 3189 aciem
1740 3156 1873 3187 hostibus.
1898 3156 1925 3185 h.
1943 3165 1966 3185 e.
1997 3154 2062 3184 Non
2076 3153 2143 3183 aulis
2166 3154 2194 3182 in
2210 3152 2299 3181 aciem
2319 3146 2502 3181 descendere,
2520 3141 2562 3173 seu
2577 3146 2579 3151 “

1471 3208 1527 3228 con
1553 3206 1634 3235 igere.

1451 3237 1589 3274 Capitalia
1601 3235 1711 3264 audere.
1734 3233 1790 3263 Liv.
1803 3235 1829 3261 6.
1841 3230 1909 3262 Bell.
1923 3230 1990 3260 Puri.

1451 3275 1579 3305 Facinus.
1602 3273 1659 3302 Liv.
1677 3283 1717 3301 io.
1734 3270 1802 3301 Bell.
1816 3270 1883 3299 Puri.
2584 3275 2588 3281 ι

1451 3312 1580 3343 Feliciter
1597 3311 1687 3341 audet.
1737 3309 1804 3339 Hor.
1818 3317 1843 3336 2.
1866 3306 1950 3344 Epist.
1967 3314 1990 3334 1.
2005 3307 2078 3333 16⁶.·
2110 3303 2128 3332 i.
2149 3311 2174 3332 e.
2215 3298 2358 3331 Non‘sine
2376 3293 2494 3326 successu
2510 3299 2564 3331 pto-
2580 3303 2581 3335 i

1471 3350 1562 3388 spero.
1585 3351 1599 3385 [
1614 3348 1689 3378 Felix
1697 3347 1771 3377 estin
1784 3345 1923 3374 audendo.
2237 3346 2239 3349 ’
2543 3351 2545 3355 ⁴
2580 3347 2581 3351 ¹

1452 3388 1577 3418 Hostilia.
1599 3386 1690 3416 Tacit.
1704 3397 1729 3420 4.
1748 3383 1816 3414 Hist.
1832 3392 1878 3412 20.
2538 3383 2540 3385 ¹
2580 3383 2590 3395 ¹·

1451 3426 1575 3463 Longius
1591 3425 1701 3454 audere.
1722 3422 1813 3451 Tacit.
1830 3430 1853 3456 ς.
1870 3418 1935 3449 Hist.
1951 3427 1993 3447 11.
2558 3427 2561 3430 -
2592 3422 2593 3425 ¹

1452 3464 1561 3498 Maiora
1571 3462 1684 3491 viribus.
1705 3460 1778 3497 Virg.
1794 3468 1834 3487 10.
1852 3458 1912 3488 ffin.
1930 3462 1993 3490 811.
2591 3416 2604 3517 ξ

1451 3500 1530 3532 Nihil
1544 3500 1614 3530 ultra
1628 3499 1768 3529 fremitum
1780 3498 1806 3526 δε
1819 3496 1906 3524 minas
1918 3493 2005 3523 ausus.
2026 3491 2118 3522 Tacit.
2132 3500 2156 3520 1.
2169 3489 2238 3519 Hist.
2252 3498 2292 3522 ις.
2582 3514 2583 3519 ,

1454 3539 1712 3577 Oppugnationem.
1752 3534 1844 3565 Tacit.
1861 3542 1886 3562 2.
1911 3532 1981 3561 Ann.
1997 3539 2039 3560 12.
2062 3528 2233 3564 Ausurosque
2246 3526 2411 3555 nocturnam
2426 3519 2566 3557 castrorum
2582 3522 2604 3542 ³⁴¹

1473 3576 1724 3614 oppugnationem.
2596 3567 2604 3591 '.

1455 3614 1580 3644 Poenam.
1639 3612 1730 3642 Tacit.
1750 3619 1776 3640 2.
1805 3609 1874 3639 Ann.
1893 3616 1938 3642 40.
1979 3605 2040 3635 Nec
2057 3603 2188 3633 Tiberius
2206 3609 2319 3640 poenam
2341 3599 2401 3634 ejus
2417 3595 2506 3634 palam
2524 3596 2604 3637 πῆς,

1474 3652 1525 3682 sus.
2079 3672 2081 3675 ,
2595 3642 2604 3652 ··

1455 3688 1620 3720 Periculum.
1680 3686 1771 3716 Tacit.
1789 3692 1813 3720 3.
1838 3683 1905 3712 Ann.
1926 3684 1969 3718 76.
2011 3679 2111 3716 Neque
2137 3675 2293 3716 periculum
2326 3675 2356 3703 in
2378 3679 2473 3710 aperto
2493 3665 2568 3697 aude·
2592 3667 2604 3695 i

1457 3728 1589 3801 PiiZiiitani.
1635 3761 1725 3792 Tacit.
1751 3768 1791 3796 ¹3-
1815 3758 1940 3792 Ann.36.
1964 3755 2042 3784 Idem
2053 3765 2080 3789 4.
2092 3763 2138 3789 49.
2159 3761 2182 3781 1.
2204 3751 2232 3781 Si
2246 3738 2568 3779 barbarisucceffunoffis
2584 3727 2604 3790 Ῑῖ

1478 3802 1581 3830 alacres
1593 3822 1601 3833 ..
1623 3798 1747 3838 praelium
1761 3796 1903 3826 auderent.

1458 3839 1555 3869 Scelus
1566 3838 1688 3875 aliquod.
1726 3834 1810 3866 Ovid.
1832 3842 1873 3868 14.
1898 3830 1978 3868 Epist.
1994 3833 2020 3859 6.
2321 3840 2325 3843 ¹
2441 3857 2448 3862 Ι
2497 3855 2503 3861 ι
2595 3826 2604 3862 ξ,

1463 3876 1575 3906 Ultima.
1629 3875 1686 3905 Liv.
1709 3883 1733 3909 3.
1774 3872 1808 3902 Et
1826 3870 1927 3906 IEquos
1944 3866 2112 3897 conscientia
2133 3862 2266 3894 contrafti
2292 3860 2373 3898 culpa
2391 3854 2520 3897 pericuh‚
2546 3850 2570 3880 &
2590 3869 2604 3933 ἓ

1479 3914 1633 3981 ἀεζρεῑῑιῑίο
1656 3913 1753 3942 futurae
1779 3908 1827 3938 sibi
1847 3907 1941 3945 postea
1962 3905 2053 3940 fidei,
2093 3902 2190 3932 ultima
2215 3900 2317 3930 audere
2342 3899 2368 3927 δι
2391 3892 2506 3936 experiri
2529 3897 2571 3918 00-

1480 3961 1513 3990 ge
1535 3957 1570 3981 at.
2489 3952 2584 3995 Ultio-¹
2599 3947 2601 3954 ,
