<?xml version="1.0" encoding="UTF-8"?>
<!DOCTYPE html PUBLIC "-//W3C//DTD XHTML 1.0 Transitional//EN"
    "http://www.w3.org/TR/xhtml1/DTD/xhtml1-transitional.dtd">
<html xmlns="http://www.w3.org/1999/xhtml" xml:lang="en" lang="en">
 <head>
  <title>
</title>
<meta http-equiv="Content-Type" content="text/html;charset=utf-8" />
  <meta name='ocr-system' content='tesseract 3.04.00' />
  <meta name='ocr-capabilities' content='ocr_page ocr_carea ocr_par ocr_line ocrx_word'/>
</head>
<body>
  <div class='ocr_page' id='page_1' title='image "./robertistephanil01esti_0218.png"; bbox 0 0 2604 4222; ppageno 0'>
   <div class='ocr_carea' id='block_1_1' title="bbox 174 90 848 137">
    <p class='ocr_par' dir='ltr' id='par_1_1' title="bbox 174 90 848 137">
     <span class='ocr_line' id='line_1_1' title="bbox 174 90 848 137; baseline -0.004 -10"><span class='ocrx_word' id='word_1_1' title='bbox 174 100 243 137; x_wconf 83' lang='lat'>144</span> <span class='ocrx_word' id='word_1_2' title='bbox 572 90 601 126; x_wconf 81' lang='lat' dir='ltr'>A</span> <span class='ocrx_word' id='word_1_3' title='bbox 696 91 724 125; x_wconf 95' lang='lat' dir='ltr'>L</span> <span class='ocrx_word' id='word_1_4' title='bbox 819 90 848 124; x_wconf 85' lang='lat' dir='ltr'><strong>E</strong></span> 
     </span>
    </p>
   </div>
   <div class='ocr_carea' id='block_1_2' title="bbox 180 163 1341 248">
    <p class='ocr_par' dir='ltr' id='par_1_2' title="bbox 180 163 1341 248">
     <span class='ocr_line' id='line_1_2' title="bbox 180 163 1341 209; baseline -0.008 -6"><span class='ocrx_word' id='word_1_5' title='bbox 180 174 295 207; x_wconf 62' lang='lat' dir='ltr'>Amo,</span> <span class='ocrx_word' id='word_1_6' title='bbox 325 174 386 203; x_wconf 82' lang='lat' dir='ltr'>onis</span> <span class='ocrx_word' id='word_1_7' title='bbox 398 196 406 209; x_wconf 95' lang='lat'>,</span> <span class='ocrx_word' id='word_1_8' title='bbox 426 183 464 202; x_wconf 88' lang='lat' dir='ltr'>m.</span> <span class='ocrx_word' id='word_1_9' title='bbox 500 171 580 201; x_wconf 85' lang='lat' dir='ltr'>Idem</span> <span class='ocrx_word' id='word_1_10' title='bbox 594 172 670 209; x_wconf 85' lang='lat' dir='ltr'>quod</span> <span class='ocrx_word' id='word_1_11' title='bbox 688 171 814 206; x_wconf 76' lang='lat' dir='ltr'>Aleator,</span> <span class='ocrx_word' id='word_1_12' title='bbox 842 169 909 199; x_wconf 81' lang='lat' dir='ltr'>teste</span> <span class='ocrx_word' id='word_1_13' title='bbox 928 169 1006 200; x_wconf 89' lang='lat' dir='ltr'>Festo</span> <span class='ocrx_word' id='word_1_14' title='bbox 1017 177 1052 197; x_wconf 72' lang='lat' dir='ltr'>ex</span> <span class='ocrx_word' id='word_1_15' title='bbox 1068 166 1166 198; x_wconf 77' lang='lat' dir='ltr'>Naevio</span> <span class='ocrx_word' id='word_1_16' title='bbox 1180 187 1188 201; x_wconf 91' lang='lat'>,</span> <span class='ocrx_word' id='word_1_17' title='bbox 1209 163 1341 195; x_wconf 81' lang='lat' dir='ltr'>Peffimo-</span> 
     </span>
     <span class='ocr_line' id='line_1_3' title="bbox 220 208 896 248; baseline -0.006 -8"><span class='ocrx_word' id='word_1_18' title='bbox 220 221 282 240; x_wconf 84' lang='lat' dir='ltr'>rum</span> <span class='ocrx_word' id='word_1_19' title='bbox 295 211 420 248; x_wconf 69' lang='lat' dir='ltr'>pessume</span> <span class='ocrx_word' id='word_1_20' title='bbox 432 233 440 245; x_wconf 92' lang='lat'>,</span> <span class='ocrx_word' id='word_1_21' title='bbox 461 212 553 239; x_wconf 75' lang='lat' dir='ltr'>audax</span> <span class='ocrx_word' id='word_1_22' title='bbox 570 219 658 246; x_wconf 78' lang='lat' dir='ltr'>ganeo</span> <span class='ocrx_word' id='word_1_23' title='bbox 671 231 678 245; x_wconf 91' lang='lat'>,</span> <span class='ocrx_word' id='word_1_24' title='bbox 700 209 779 238; x_wconf 91' lang='lat' dir='ltr'>lurco</span> <span class='ocrx_word' id='word_1_25' title='bbox 790 230 797 243; x_wconf 88' lang='lat'>,</span> <span class='ocrx_word' id='word_1_26' title='bbox 825 208 896 237; x_wconf 88' lang='lat' dir='ltr'>aleo.</span> 
     </span>
    </p>
   </div>
   <div class='ocr_carea' id='block_1_3' title="bbox 182 246 1339 323">
    <p class='ocr_par' dir='ltr' id='par_1_3' title="bbox 182 246 1339 323">
     <span class='ocr_line' id='line_1_4' title="bbox 182 246 1266 285; baseline -0.006 -7"><span class='ocrx_word' id='word_1_27' title='bbox 182 250 203 278; x_wconf 83' lang='lat' dir='ltr'>A</span> <span class='ocrx_word' id='word_1_28' title='bbox 212 261 227 277; x_wconf 99' lang='lat' dir='ltr'>L</span> <span class='ocrx_word' id='word_1_29' title='bbox 238 259 276 278; x_wconf 77' lang='lat' dir='ltr'>so</span> <span class='ocrx_word' id='word_1_30' title='bbox 286 259 328 277; x_wconf 89' lang='lat' dir='ltr'>LA</span> <span class='ocrx_word' id='word_1_31' title='bbox 341 272 349 283; x_wconf 88' lang='lat'>,</span> <span class='ocrx_word' id='word_1_32' title='bbox 370 248 469 278; x_wconf 81' lang='lat' dir='ltr'><strong>dimin.</strong></span> <span class='ocrx_word' id='word_1_33' title='bbox 495 257 575 285; x_wconf 85' lang='lat' dir='ltr'>parva</span> <span class='ocrx_word' id='word_1_34' title='bbox 599 247 672 276; x_wconf 79' lang='lat' dir='ltr'>Alea.</span> <span class='ocrx_word' id='word_1_35' title='bbox 696 246 804 275; x_wconf 76' lang='lat' dir='ltr'>Cathol.</span> <span class='ocrx_word' id='word_1_36' title='bbox 1261 278 1266 283; x_wconf 28' lang='grc' dir='ltr'>ι</span> 
     </span>
     <span class='ocr_line' id='line_1_5' title="bbox 182 277 1339 323; baseline -0.01 -6"><span class='ocrx_word' id='word_1_37' title='bbox 182 289 297 323; x_wconf 71' lang='lat' dir='ltr'>AL&#39;EA,</span> <span class='ocrx_word' id='word_1_38' title='bbox 323 288 436 322; x_wconf 75' lang='grc' dir='ltr'>[Α’λέοι]</span> <span class='ocrx_word' id='word_1_39' title='bbox 457 286 569 315; x_wconf 81' lang='lat' dir='ltr'>Nomen</span> <span class='ocrx_word' id='word_1_40' title='bbox 595 285 694 323; x_wconf 84' lang='lat' dir='ltr'>oppidi</span> <span class='ocrx_word' id='word_1_41' title='bbox 712 286 742 313; x_wconf 92' lang='lat' dir='ltr'>in</span> <span class='ocrx_word' id='word_1_42' title='bbox 760 282 894 317; x_wconf 82' lang='lat' dir='ltr'>Arcadia,</span> <span class='ocrx_word' id='word_1_43' title='bbox 923 280 1030 310; x_wconf 64' lang='lat' dir='ltr'>dietum</span> <span class='ocrx_word' id='word_1_44' title='bbox 1049 279 1084 309; x_wconf 89' lang='lat' dir='ltr'>ab</span> <span class='ocrx_word' id='word_1_45' title='bbox 1098 279 1167 310; x_wconf 90' lang='lat' dir='ltr'>Aleo</span> <span class='ocrx_word' id='word_1_46' title='bbox 1183 277 1339 308; x_wconf 75' lang='lat' dir='ltr'>conditore.</span> 
     </span>
    </p>
   </div>
   <div class='ocr_carea' id='block_1_4' title="bbox 1436 153 2562 239">
    <p class='ocr_par' dir='ltr' id='par_1_4' title="bbox 1436 153 2562 239">
     <span class='ocr_line' id='line_1_6' title="bbox 1436 153 2562 205; baseline 0.002 -13"><span class='ocrx_word' id='word_1_47' title='bbox 1436 159 1589 204; x_wconf 78' lang='lat' dir='ltr'>Germanos</span> <span class='ocrx_word' id='word_1_48' title='bbox 1602 158 1677 205; x_wconf 80' lang='lat' dir='ltr'>abiis</span> <span class='ocrx_word' id='word_1_49' title='bbox 1688 164 1810 200; x_wconf 78' lang='lat' dir='ltr'>unquam</span> <span class='ocrx_word' id='word_1_50' title='bbox 1821 169 1990 193; x_wconf 75' lang='lat' dir='ltr'>numeratos.</span> <span class='ocrx_word' id='word_1_51' title='bbox 2028 163 2095 192; x_wconf 89' lang='lat' dir='ltr'>Non</span> <span class='ocrx_word' id='word_1_52' title='bbox 2103 163 2197 192; x_wconf 87' lang='lat' dir='ltr'>minus</span> <span class='ocrx_word' id='word_1_53' title='bbox 2207 153 2258 191; x_wconf 84' lang='lat' dir='ltr'>abs</span> <span class='ocrx_word' id='word_1_54' title='bbox 2255 158 2353 193; x_wconf 74' lang='lat' dir='ltr'>urcium</span> <span class='ocrx_word' id='word_1_55' title='bbox 2365 160 2475 194; x_wconf 60' lang='lat' dir='ltr'>videtur</span> <span class='ocrx_word' id='word_1_56' title='bbox 2484 154 2562 202; x_wconf 72' lang='lat' dir='ltr'>quod</span> 
     </span>
     <span class='ocr_line' id='line_1_7' title="bbox 1438 200 2561 239; baseline 0.001 -9"><span class='ocrx_word' id='word_1_57' title='bbox 1438 201 1532 230; x_wconf 79' lang='lat' dir='ltr'>scribit</span> <span class='ocrx_word' id='word_1_58' title='bbox 1548 201 1653 229; x_wconf 82' lang='lat' dir='ltr'>Ahmus</span> <span class='ocrx_word' id='word_1_59' title='bbox 1665 200 1823 236; x_wconf 77' lang='lat' dir='ltr'>Quadratus</span> <span class='ocrx_word' id='word_1_60' title='bbox 1842 202 1924 231; x_wconf 86' lang='lat' dir='ltr'>Italus</span> <span class='ocrx_word' id='word_1_61' title='bbox 1937 223 1944 236; x_wconf 75' lang='lat'>,</span> <span class='ocrx_word' id='word_1_62' title='bbox 1966 201 2133 230; x_wconf 79' lang='lat' dir='ltr'>Alemannos</span> <span class='ocrx_word' id='word_1_63' title='bbox 2147 200 2201 229; x_wconf 77' lang='lat' dir='ltr'>ell&#39;e</span> <span class='ocrx_word' id='word_1_64' title='bbox 2211 210 2245 229; x_wconf 80' lang='lat' dir='ltr'>ex</span> <span class='ocrx_word' id='word_1_65' title='bbox 2255 202 2328 230; x_wconf 83' lang='lat' dir='ltr'>varia</span> <span class='ocrx_word' id='word_1_66' title='bbox 2343 204 2467 239; x_wconf 79' lang='lat' dir='ltr'>gentium</span> <span class='ocrx_word' id='word_1_67' title='bbox 2476 201 2561 232; x_wconf 83' lang='lat' dir='ltr'>collu-</span> 
     </span>
    </p>
   </div>
   <div class='ocr_carea' id='block_1_5' title="bbox 1439 238 2560 314">
    <p class='ocr_par' dir='ltr' id='par_1_5' title="bbox 1439 238 2560 314">
     <span class='ocr_line' id='line_1_8' title="bbox 1439 238 2559 276; baseline 0.003 -9"><span class='ocrx_word' id='word_1_68' title='bbox 1439 240 1484 268; x_wconf 91' lang='lat' dir='ltr'>vie</span> <span class='ocrx_word' id='word_1_69' title='bbox 1497 238 1629 267; x_wconf 65' lang='lat' dir='ltr'>collet‘tos</span> <span class='ocrx_word' id='word_1_70' title='bbox 1641 260 1648 273; x_wconf 86' lang='lat'>,</span> <span class='ocrx_word' id='word_1_71' title='bbox 1671 240 1696 266; x_wconf 61' lang='lat' dir='ltr'>ct</span> <span class='ocrx_word' id='word_1_72' title='bbox 1706 247 1767 266; x_wconf 84' lang='lat' dir='ltr'>eam</span> <span class='ocrx_word' id='word_1_73' title='bbox 1784 238 1820 266; x_wconf 91' lang='lat' dir='ltr'>ob</span> <span class='ocrx_word' id='word_1_74' title='bbox 1830 239 1936 268; x_wconf 77' lang='lat' dir='ltr'>causam</span> <span class='ocrx_word' id='word_1_75' title='bbox 1951 238 2117 267; x_wconf 82' lang='lat' dir='ltr'>Alemannos</span> <span class='ocrx_word' id='word_1_76' title='bbox 2134 238 2224 267; x_wconf 66' lang='lat' dir='ltr'>dictos</span> <span class='ocrx_word' id='word_1_77' title='bbox 2234 259 2242 273; x_wconf 66' lang='lat'><strong>⁷</strong></span> <span class='ocrx_word' id='word_1_78' title='bbox 2264 240 2337 276; x_wconf 77' lang='lat' dir='ltr'>quasi</span> <span class='ocrx_word' id='word_1_79' title='bbox 2350 241 2466 275; x_wconf 56' lang='grc' dir='ltr'>ἀλήμονες</span> <span class='ocrx_word' id='word_1_80' title='bbox 2477 262 2485 273; x_wconf 77' lang='lat'>,</span> <span class='ocrx_word' id='word_1_81' title='bbox 2506 240 2559 270; x_wconf 75' lang='lat' dir='ltr'>hoe</span> 
     </span>
     <span class='ocr_line' id='line_1_9' title="bbox 1442 275 2560 314; baseline 0.002 -9"><span class='ocrx_word' id='word_1_82' title='bbox 1442 277 1616 305; x_wconf 84' lang='lat' dir='ltr'>esterrantes.</span> <span class='ocrx_word' id='word_1_83' title='bbox 1656 275 1729 304; x_wconf 82' lang='lat' dir='ltr'>Nam</span> <span class='ocrx_word' id='word_1_84' title='bbox 1746 276 1879 305; x_wconf 81' lang='lat' dir='ltr'>veriimile</span> <span class='ocrx_word' id='word_1_85' title='bbox 1892 287 1949 305; x_wconf 86' lang='lat' dir='ltr'>non</span> <span class='ocrx_word' id='word_1_86' title='bbox 1964 277 2010 311; x_wconf 82' lang='lat' dir='ltr'>est,</span> <span class='ocrx_word' id='word_1_87' title='bbox 2028 282 2123 313; x_wconf 79' lang='lat' dir='ltr'><strong>gentes</strong></span> <span class='ocrx_word' id='word_1_88' title='bbox 2154 275 2287 314; x_wconf 78' lang='lat' dir='ltr'>uaelonge</span> <span class='ocrx_word' id='word_1_89' title='bbox 2296 276 2424 306; x_wconf 89' lang='lat' dir='ltr'>meliores</span> <span class='ocrx_word' id='word_1_90' title='bbox 2437 277 2560 314; x_wconf 76' lang='lat' dir='ltr'><strong>regiones</strong></span> 
     </span>
    </p>
   </div>
   <div class='ocr_carea' id='block_1_6' title="bbox 219 322 1342 396">
    <p class='ocr_par' dir='ltr' id='par_1_6' title="bbox 219 322 1342 396">
     <span class='ocr_line' id='line_1_10' title="bbox 219 322 1272 361; baseline -0.005 -8"><span class='ocrx_word' id='word_1_91' title='bbox 219 325 290 354; x_wconf 89' lang='lat' dir='ltr'>Plin.</span> <span class='ocrx_word' id='word_1_92' title='bbox 303 324 351 353; x_wconf 90' lang='lat' dir='ltr'>lib.</span> <span class='ocrx_word' id='word_1_93' title='bbox 368 337 393 360; x_wconf 85' lang='lat'>4.</span> <span class='ocrx_word' id='word_1_94' title='bbox 410 334 471 361; x_wconf 88' lang='lat' dir='ltr'>cap.</span> <span class='ocrx_word' id='word_1_95' title='bbox 487 327 513 352; x_wconf 93' lang='lat'>6.</span> <span class='ocrx_word' id='word_1_96' title='bbox 536 325 561 353; x_wconf 69' lang='lat'>8&lt;</span> <span class='ocrx_word' id='word_1_97' title='bbox 577 322 710 360; x_wconf 71' lang='lat' dir='ltr'>Stephan.</span> <span class='ocrx_word' id='word_1_98' title='bbox 1267 354 1272 359; x_wconf 35' lang='lat'>⁸</span> 
     </span>
     <span class='ocr_line' id='line_1_11' title="bbox 221 353 1342 396; baseline -0.01 -3"><span class='ocrx_word' id='word_1_99' title='bbox 221 363 293 393; x_wconf 86' lang='lat' dir='ltr'>Item</span> <span class='ocrx_word' id='word_1_100' title='bbox 303 363 436 392; x_wconf 68' lang='lat' dir='ltr'>Minervae</span> <span class='ocrx_word' id='word_1_101' title='bbox 453 370 629 395; x_wconf 70' lang='lat' dir='ltr'>coenomen,</span> <span class='ocrx_word' id='word_1_102' title='bbox 651 369 711 396; x_wconf 62' lang='lat' dir='ltr'>quie</span> <span class='ocrx_word' id='word_1_103' title='bbox 728 359 800 387; x_wconf 83' lang='lat' dir='ltr'>circa</span> <span class='ocrx_word' id='word_1_104' title='bbox 809 356 882 385; x_wconf 89' lang='lat' dir='ltr'>hanc</span> <span class='ocrx_word' id='word_1_105' title='bbox 899 355 998 384; x_wconf 88' lang='lat' dir='ltr'>urbem</span> <span class='ocrx_word' id='word_1_106' title='bbox 1009 354 1153 384; x_wconf 80' lang='lat' dir='ltr'>colebatur</span> <span class='ocrx_word' id='word_1_107' title='bbox 1164 375 1173 390; x_wconf 73' lang='lat'>,</span> <span class='ocrx_word' id='word_1_108' title='bbox 1196 360 1227 383; x_wconf 89' lang='lat' dir='ltr'>ut</span> <span class='ocrx_word' id='word_1_109' title='bbox 1247 353 1342 383; x_wconf 85' lang='lat' dir='ltr'>vrdere</span> 
     </span>
    </p>
   </div>
   <div class='ocr_carea' id='block_1_7' title="bbox 184 392 1345 812">
    <p class='ocr_par' dir='ltr' id='par_1_7' title="bbox 185 392 1345 689">
     <span class='ocr_line' id='line_1_12' title="bbox 242 392 1343 438; baseline -0.01 -8"><span class='ocrx_word' id='word_1_110' title='bbox 242 400 280 430; x_wconf 87' lang='lat' dir='ltr'>est</span> <span class='ocrx_word' id='word_1_111' title='bbox 288 401 362 438; x_wconf 86' lang='lat' dir='ltr'>apud</span> <span class='ocrx_word' id='word_1_112' title='bbox 374 393 506 429; x_wconf 68' lang='lat' dir='ltr'>Herodof.</span> <span class='ocrx_word' id='word_1_113' title='bbox 524 398 572 427; x_wconf 89' lang='lat' dir='ltr'>lib.</span> <span class='ocrx_word' id='word_1_114' title='bbox 592 408 614 427; x_wconf 91' lang='lat'>1.</span> <span class='ocrx_word' id='word_1_115' title='bbox 637 398 663 426; x_wconf 58' lang='lat'>62</span> <span class='ocrx_word' id='word_1_116' title='bbox 678 396 788 425; x_wconf 83' lang='lat' dir='ltr'>Pausan.</span> <span class='ocrx_word' id='word_1_117' title='bbox 801 394 897 436; x_wconf 83' lang='lat' dir='ltr'>Arcad.</span> <span class='ocrx_word' id='word_1_118' title='bbox 938 393 1041 422; x_wconf 88' lang='lat' dir='ltr'>Verum</span> <span class='ocrx_word' id='word_1_119' title='bbox 1049 394 1078 421; x_wconf 92' lang='lat' dir='ltr'>in</span> <span class='ocrx_word' id='word_1_120' title='bbox 1090 393 1198 422; x_wconf 89' lang='lat' dir='ltr'>duabus</span> <span class='ocrx_word' id='word_1_121' title='bbox 1208 392 1281 421; x_wconf 88' lang='lat' dir='ltr'>hisce</span> <span class='ocrx_word' id='word_1_122' title='bbox 1293 401 1343 428; x_wconf 87' lang='lat' dir='ltr'>po-</span> 
     </span>
     <span class='ocr_line' id='line_1_13' title="bbox 241 430 1345 483; baseline -0.008 -16"><span class='ocrx_word' id='word_1_123' title='bbox 241 439 346 482; x_wconf 72' lang='lat' dir='ltr'>stremis</span> <span class='ocrx_word' id='word_1_124' title='bbox 361 436 604 483; x_wconf 65' lang='lat' dir='ltr'>significationibus</span> <span class='ocrx_word' id='word_1_125' title='bbox 614 436 733 472; x_wconf 79' lang='lat' dir='ltr'>primam</span> <span class='ocrx_word' id='word_1_126' title='bbox 750 432 882 469; x_wconf 82' lang='lat' dir='ltr'>cornpit,</span> <span class='ocrx_word' id='word_1_127' title='bbox 903 441 987 468; x_wconf 90' lang='lat' dir='ltr'>quam</span> <span class='ocrx_word' id='word_1_128' title='bbox 997 430 1100 468; x_wconf 78' lang='lat' dir='ltr'>alioqui</span> <span class='ocrx_word' id='word_1_129' title='bbox 1110 431 1251 469; x_wconf 87' lang='lat' dir='ltr'>producit.</span> <span class='ocrx_word' id='word_1_130' title='bbox 1284 431 1345 459; x_wconf 85' lang='lat' dir='ltr'>Sta-</span> 
     </span>
     <span class='ocr_line' id='line_1_14' title="bbox 241 475 1230 546; baseline -0.008 -3"><span class='ocrx_word' id='word_1_131' title='bbox 241 475 444 542; x_wconf 48' lang='lat' dir='ltr'>tiusiiiitbiiigir?</span> <span class='ocrx_word' id='word_1_132' title='bbox 453 497 524 541; x_wconf 84' lang='lat' dir='ltr'>lucis</span> <span class='ocrx_word' id='word_1_133' title='bbox 534 510 605 540; x_wconf 86' lang='lat' dir='ltr'>vidit</span> <span class='ocrx_word' id='word_1_134' title='bbox 615 509 715 546; x_wconf 76' lang='lat' dir='ltr'>Tegrea</span> <span class='ocrx_word' id='word_1_135' title='bbox 730 507 867 537; x_wconf 83' lang='lat' dir='ltr'>sacerdos.</span> <span class='ocrx_word' id='word_1_136' title='bbox 968 506 1003 536; x_wconf 87' lang='lat' dir='ltr'>Et</span> <span class='ocrx_word' id='word_1_137' title='bbox 1019 518 1045 543; x_wconf 89' lang='lat'>4.</span> <span class='ocrx_word' id='word_1_138' title='bbox 1056 505 1148 536; x_wconf 84' lang='lat' dir='ltr'>Theb.</span> <span class='ocrx_word' id='word_1_139' title='bbox 1166 511 1230 540; x_wconf 84' lang='lat'>288.</span> 
     </span>
     <span class='ocr_line' id='line_1_15' title="bbox 185 541 1345 585; baseline -0.009 -4"><span class='ocrx_word' id='word_1_140' title='bbox 185 552 207 585; x_wconf 85' lang='lat' dir='ltr'>A</span> <span class='ocrx_word' id='word_1_141' title='bbox 216 563 232 581; x_wconf 75' lang='grc'>1,</span> <span class='ocrx_word' id='word_1_142' title='bbox 241 556 256 580; x_wconf 65' lang='grc' dir='ltr'><strong>ἓ</strong></span> <span class='ocrx_word' id='word_1_143' title='bbox 266 562 281 580; x_wconf 74' lang='lat' dir='ltr'>e</span> <span class='ocrx_word' id='word_1_144' title='bbox 290 561 310 580; x_wconf 88' lang='lat' dir='ltr'>A</span> <span class='ocrx_word' id='word_1_145' title='bbox 319 561 331 580; x_wconf 89' lang='lat' dir='ltr'>s</span> <span class='ocrx_word' id='word_1_146' title='bbox 340 573 347 585; x_wconf 84' lang='lat'>,</span> <span class='ocrx_word' id='word_1_147' title='bbox 370 560 400 579; x_wconf 81' lang='lat' dir='ltr'>ae.</span> <span class='ocrx_word' id='word_1_148' title='bbox 424 560 461 578; x_wconf 92' lang='lat' dir='ltr'>m.</span> <span class='ocrx_word' id='word_1_149' title='bbox 483 550 498 584; x_wconf 90' lang='lat'>[</span> <span class='ocrx_word' id='word_1_150' title='bbox 511 547 639 581; x_wconf 51' lang='lat' dir='ltr'>amem]</span> <span class='ocrx_word' id='word_1_151' title='bbox 660 547 773 575; x_wconf 90' lang='lat' dir='ltr'>Nomen</span> <span class='ocrx_word' id='word_1_152' title='bbox 789 545 936 583; x_wconf 88' lang='lat' dir='ltr'>proprium</span> <span class='ocrx_word' id='word_1_153' title='bbox 957 545 1008 574; x_wconf 87' lang='lat' dir='ltr'>viri</span> <span class='ocrx_word' id='word_1_154' title='bbox 1020 568 1027 581; x_wconf 88' lang='lat'>,</span> <span class='ocrx_word' id='word_1_155' title='bbox 1049 545 1096 582; x_wconf 87' lang='lat' dir='ltr'>qui</span> <span class='ocrx_word' id='word_1_156' title='bbox 1121 544 1197 582; x_wconf 89' lang='lat' dir='ltr'>apud</span> <span class='ocrx_word' id='word_1_157' title='bbox 1216 541 1345 573; x_wconf 76' lang='lat' dir='ltr'>Larissam</span> 
     </span>
     <span class='ocr_line' id='line_1_16' title="bbox 223 581 1345 620; baseline -0.009 -1"><span class='ocrx_word' id='word_1_158' title='bbox 223 588 368 619; x_wconf 66' lang='lat' dir='ltr'>Thessaliae</span> <span class='ocrx_word' id='word_1_159' title='bbox 377 587 473 617; x_wconf 87' lang='lat' dir='ltr'>urbem</span> <span class='ocrx_word' id='word_1_160' title='bbox 482 584 666 615; x_wconf 74' lang='lat' dir='ltr'>crudelissime</span> <span class='ocrx_word' id='word_1_161' title='bbox 675 593 793 620; x_wconf 79' lang='lat' dir='ltr'>regnans</span> <span class='ocrx_word' id='word_1_162' title='bbox 804 606 812 618; x_wconf 88' lang='lat'>,</span> <span class='ocrx_word' id='word_1_163' title='bbox 834 582 966 613; x_wconf 82' lang='lat' dir='ltr'>satellites</span> <span class='ocrx_word' id='word_1_164' title='bbox 981 583 1126 619; x_wconf 80' lang='lat' dir='ltr'>adhibuit,</span> <span class='ocrx_word' id='word_1_165' title='bbox 1148 592 1164 612; x_wconf 85' lang='lat' dir='ltr'>a</span> <span class='ocrx_word' id='word_1_166' title='bbox 1172 581 1271 620; x_wconf 86' lang='lat' dir='ltr'>quibus</span> <span class='ocrx_word' id='word_1_167' title='bbox 1287 589 1345 610; x_wconf 85' lang='lat' dir='ltr'>tan-</span> 
     </span>
     <span class='ocr_line' id='line_1_17' title="bbox 224 622 960 689; baseline -0.012 -32"><span class='ocrx_word' id='word_1_168' title='bbox 224 628 289 657; x_wconf 89' lang='lat' dir='ltr'>dem</span> <span class='ocrx_word' id='word_1_169' title='bbox 301 625 517 675; x_wconf 69' lang='lat' dir='ltr'>estinterfeetus.</span> <span class='ocrx_word' id='word_1_170' title='bbox 547 623 631 652; x_wconf 87' lang='lat' dir='ltr'>Ovid.</span> <span class='ocrx_word' id='word_1_171' title='bbox 645 623 675 651; x_wconf 93' lang='lat' dir='ltr'>in</span> <span class='ocrx_word' id='word_1_172' title='bbox 689 622 845 689; x_wconf 36' lang='lat' dir='ltr'>ipim-erg&amp;</span> <span class='ocrx_word' id='word_1_173' title='bbox 862 657 960 689; x_wconf 47' lang='lat' dir='ltr'><strong>Aldus</strong></span> 
     </span>
    </p>

    <p class='ocr_par' dir='ltr' id='par_1_8' title="bbox 184 660 1341 812">
     <span class='ocr_line' id='line_1_18' title="bbox 297 660 1145 741; baseline -0.006 -11"><span class='ocrx_word' id='word_1_174' title='bbox 297 664 532 741; x_wconf 49' lang='lat' dir='ltr'>QlViiihlgrEUridssi</span> <span class='ocrx_word' id='word_1_175' title='bbox 548 660 633 727; x_wconf 43' lang='lat' dir='ltr'>{frilibss&#39;</span> <span class='ocrx_word' id='word_1_176' title='bbox 644 667 787 735; x_wconf 41' lang='lat' dir='ltr'>eliberilailre</span> <span class='ocrx_word' id='word_1_177' title='bbox 806 705 866 727; x_wconf 88' lang='lat' dir='ltr'>tuo.</span> <span class='ocrx_word' id='word_1_178' title='bbox 933 679 940 688; x_wconf 74' lang='lat'>.</span> <span class='ocrx_word' id='word_1_179' title='bbox 968 681 976 695; x_wconf 67' lang='lat'>&#39;</span> <span class='ocrx_word' id='word_1_180' title='bbox 998 696 1070 726; x_wconf 89' lang='lat' dir='ltr'>Ibid.</span> <span class='ocrx_word' id='word_1_181' title='bbox 1083 705 1145 732; x_wconf 78' lang='lat'>511.</span> 
     </span>
     <span class='ocr_line' id='line_1_19' title="bbox 184 734 1198 773; baseline -0.008 -3"><span class='ocrx_word' id='word_1_182' title='bbox 184 742 231 773; x_wconf 86' lang='lat' dir='ltr'>AL</span> <span class='ocrx_word' id='word_1_183' title='bbox 241 751 256 770; x_wconf 78' lang='grc' dir='ltr'>Ε</span> <span class='ocrx_word' id='word_1_184' title='bbox 265 751 280 769; x_wconf 79' lang='lat' dir='ltr'>s</span> <span class='ocrx_word' id='word_1_185' title='bbox 289 750 302 768; x_wconf 78' lang='lat' dir='ltr'>s</span> <span class='ocrx_word' id='word_1_186' title='bbox 312 749 328 769; x_wconf 93' lang='lat' dir='ltr'>c</span> <span class='ocrx_word' id='word_1_187' title='bbox 338 749 351 767; x_wconf 81' lang='lat' dir='ltr'>E</span> <span class='ocrx_word' id='word_1_188' title='bbox 360 749 376 767; x_wconf 73' lang='lat' dir='ltr'>r&lt;</span> <span class='ocrx_word' id='word_1_189' title='bbox 386 749 432 772; x_wconf 89' lang='lat'>11,</span> <span class='ocrx_word' id='word_1_190' title='bbox 454 736 549 766; x_wconf 73' lang='lat' dir='ltr'>Galhae</span> <span class='ocrx_word' id='word_1_191' title='bbox 561 735 748 765; x_wconf 80' lang='lat' dir='ltr'>Narbonensis</span> <span class='ocrx_word' id='word_1_192' title='bbox 764 736 874 773; x_wconf 89' lang='lat' dir='ltr'>populi.</span> <span class='ocrx_word' id='word_1_193' title='bbox 904 734 974 764; x_wconf 83' lang='lat' dir='ltr'>Plin.</span> <span class='ocrx_word' id='word_1_194' title='bbox 988 735 1037 763; x_wconf 91' lang='lat' dir='ltr'>lib.</span> <span class='ocrx_word' id='word_1_195' title='bbox 1052 744 1075 771; x_wconf 86' lang='lat'>3.</span> <span class='ocrx_word' id='word_1_196' title='bbox 1099 744 1130 763; x_wconf 81' lang='lat' dir='ltr'>ca</span> <span class='ocrx_word' id='word_1_197' title='bbox 1153 757 1159 763; x_wconf 92' lang='lat'>.</span> <span class='ocrx_word' id='word_1_198' title='bbox 1172 744 1198 769; x_wconf 89' lang='lat'>4.</span> 
     </span>
     <span class='ocr_line' id='line_1_20' title="bbox 184 769 1341 812; baseline -0.007 -4"><span class='ocrx_word' id='word_1_199' title='bbox 184 780 206 809; x_wconf 84' lang='lat' dir='ltr'>A</span> <span class='ocrx_word' id='word_1_200' title='bbox 214 791 230 807; x_wconf 91' lang='lat' dir='ltr'>L</span> <span class='ocrx_word' id='word_1_201' title='bbox 239 789 253 807; x_wconf 70' lang='lat' dir='ltr'>r:</span> <span class='ocrx_word' id='word_1_202' title='bbox 263 789 278 806; x_wconf 74' lang='lat' dir='ltr'>a</span> <span class='ocrx_word' id='word_1_203' title='bbox 288 788 304 806; x_wconf 84' lang='lat' dir='ltr'>R</span> <span class='ocrx_word' id='word_1_204' title='bbox 314 789 322 806; x_wconf 84' lang='lat'>1</span> <span class='ocrx_word' id='word_1_205' title='bbox 332 787 350 805; x_wconf 87' lang='lat' dir='ltr'>A</span> <span class='ocrx_word' id='word_1_206' title='bbox 362 798 369 811; x_wconf 88' lang='lat'>,</span> <span class='ocrx_word' id='word_1_207' title='bbox 391 776 503 804; x_wconf 80' lang='lat' dir='ltr'>Veteres</span> <span class='ocrx_word' id='word_1_208' title='bbox 516 774 649 804; x_wconf 78' lang='lat' dir='ltr'>dixerunt</span> <span class='ocrx_word' id='word_1_209' title='bbox 656 784 708 812; x_wconf 87' lang='lat' dir='ltr'>pro</span> <span class='ocrx_word' id='word_1_210' title='bbox 718 774 793 803; x_wconf 87' lang='lat' dir='ltr'>Bene</span> <span class='ocrx_word' id='word_1_211' title='bbox 802 773 949 803; x_wconf 89' lang='lat' dir='ltr'>alentibus.</span> <span class='ocrx_word' id='word_1_212' title='bbox 962 773 1063 802; x_wconf 87' lang='lat' dir='ltr'>Festus.</span> <span class='ocrx_word' id='word_1_213' title='bbox 1083 773 1118 801; x_wconf 88' lang='lat' dir='ltr'>Et</span> <span class='ocrx_word' id='word_1_214' title='bbox 1127 770 1210 801; x_wconf 69' lang='lat' dir='ltr'>(Jloff.</span> <span class='ocrx_word' id='word_1_215' title='bbox 1225 770 1283 800; x_wconf 89' lang='lat' dir='ltr'>Lat.</span> <span class='ocrx_word' id='word_1_216' title='bbox 1295 769 1341 800; x_wconf 74' lang='lat' dir='ltr'>Gr,</span> 
     </span>
    </p>
   </div>
   <div class='ocr_carea' id='block_1_8' title="bbox 182 814 1345 1835">
    <p class='ocr_par' dir='ltr' id='par_1_9' title="bbox 182 814 1345 1835">
     <span class='ocr_line' id='line_1_21' title="bbox 360 822 523 843; baseline -0.012 0"><span class='ocrx_word' id='word_1_217' title='bbox 360 837 365 843; x_wconf 93' lang='lat'>.</span> <span class='ocrx_word' id='word_1_218' title='bbox 391 823 412 842; x_wconf 77' lang='lat' dir='ltr'><strong>H</strong></span> <span class='ocrx_word' id='word_1_219' title='bbox 422 823 440 842; x_wconf 86' lang='lat' dir='ltr'>A</span> <span class='ocrx_word' id='word_1_220' title='bbox 449 824 464 841; x_wconf 89' lang='lat' dir='ltr'>L</span> <span class='ocrx_word' id='word_1_221' title='bbox 474 823 487 841; x_wconf 79' lang='grc' dir='ltr'>Ε</span> <span class='ocrx_word' id='word_1_222' title='bbox 497 822 523 842; x_wconf 88' lang='lat' dir='ltr'>c.</span> 
     </span>
     <span class='ocr_line' id='line_1_22' title="bbox 182 814 1344 889; baseline -0.009 -6"><span class='ocrx_word' id='word_1_223' title='bbox 182 814 357 887; x_wconf 47' lang='grc' dir='ltr'>ᾓιῇῑζέτοῖ</span> <span class='ocrx_word' id='word_1_224' title='bbox 385 861 426 880; x_wconf 89' lang='lat' dir='ltr'>us.</span> <span class='ocrx_word' id='word_1_225' title='bbox 450 847 601 886; x_wconf 50' lang='lat' dir='ltr'>[Anna-ni]</span> <span class='ocrx_word' id='word_1_226' title='bbox 623 849 684 879; x_wconf 86' lang='lat' dir='ltr'>Una</span> <span class='ocrx_word' id='word_1_227' title='bbox 697 849 736 879; x_wconf 91' lang='lat' dir='ltr'>est</span> <span class='ocrx_word' id='word_1_228' title='bbox 757 859 792 879; x_wconf 83' lang='lat' dir='ltr'>ex</span> <span class='ocrx_word' id='word_1_229' title='bbox 809 849 897 879; x_wconf 87' lang='lat' dir='ltr'>tribus</span> <span class='ocrx_word' id='word_1_230' title='bbox 908 848 1005 878; x_wconf 79' lang='lat' dir='ltr'>Furiis.</span> <span class='ocrx_word' id='word_1_231' title='bbox 1047 846 1117 876; x_wconf 86' lang='lat' dir='ltr'>Tres</span> <span class='ocrx_word' id='word_1_232' title='bbox 1131 847 1238 889; x_wconf 63' lang='grc'>31111113</span> <span class='ocrx_word' id='word_1_233' title='bbox 1251 846 1344 883; x_wconf 77' lang='lat' dir='ltr'>poetis</span> 
     </span>
     <span class='ocr_line' id='line_1_23' title="bbox 222 881 1345 925; baseline -0.008 -4"><span class='ocrx_word' id='word_1_234' title='bbox 222 890 432 923; x_wconf 84' lang='lat' dir='ltr'>describuntur,</span> <span class='ocrx_word' id='word_1_235' title='bbox 454 887 567 923; x_wconf 69' lang='lat' dir='ltr'>Alecto,</span> <span class='ocrx_word' id='word_1_236' title='bbox 588 887 708 925; x_wconf 77' lang='lat' dir='ltr'>Megaera</span> <span class='ocrx_word' id='word_1_237' title='bbox 718 910 725 923; x_wconf 89' lang='lat'><em>‚</em></span> <span class='ocrx_word' id='word_1_238' title='bbox 749 889 775 918; x_wconf 87' lang='lat'>&amp;</span> <span class='ocrx_word' id='word_1_239' title='bbox 789 887 952 925; x_wconf 72' lang='lat' dir='ltr'>Tisiphone.</span> <span class='ocrx_word' id='word_1_240' title='bbox 992 886 1075 915; x_wconf 89' lang='lat' dir='ltr'>Porro</span> <span class='ocrx_word' id='word_1_241' title='bbox 1086 884 1173 913; x_wconf 71' lang='lat' dir='ltr'>Furtae</span> <span class='ocrx_word' id='word_1_242' title='bbox 1185 881 1316 913; x_wconf 84' lang='lat' dir='ltr'>dicuntur</span> <span class='ocrx_word' id='word_1_243' title='bbox 1328 893 1345 912; x_wconf 86' lang='lat' dir='ltr'>a</span> 
     </span>
     <span class='ocr_line' id='line_1_24' title="bbox 221 922 1345 967; baseline -0.007 -10"><span class='ocrx_word' id='word_1_244' title='bbox 221 929 313 967; x_wconf 86' lang='lat' dir='ltr'>poetis</span> <span class='ocrx_word' id='word_1_245' title='bbox 328 928 389 957; x_wconf 67' lang='lat' dir='ltr'>filiae</span> <span class='ocrx_word' id='word_1_246' title='bbox 409 926 573 956; x_wconf 78' lang='lat' dir='ltr'>Acherontis</span> <span class='ocrx_word' id='word_1_247' title='bbox 585 948 592 961; x_wconf 88' lang='lat'>,</span> <span class='ocrx_word' id='word_1_248' title='bbox 612 927 639 955; x_wconf 66' lang='grc' dir='ltr'><strong>ἃ</strong></span> <span class='ocrx_word' id='word_1_249' title='bbox 659 926 774 961; x_wconf 69' lang='lat' dir='ltr'>Noeris,</span> <span class='ocrx_word' id='word_1_250' title='bbox 795 932 827 955; x_wconf 87' lang='lat' dir='ltr'>ut</span> <span class='ocrx_word' id='word_1_251' title='bbox 844 931 943 954; x_wconf 86' lang='lat' dir='ltr'>notant</span> <span class='ocrx_word' id='word_1_252' title='bbox 956 923 1065 960; x_wconf 84' lang='lat' dir='ltr'>Virgilii</span> <span class='ocrx_word' id='word_1_253' title='bbox 1076 923 1251 960; x_wconf 84' lang='lat' dir='ltr'>interpretes.</span> <span class='ocrx_word' id='word_1_254' title='bbox 1272 922 1345 963; x_wconf 29' lang='lat' dir='ltr'>*Or-</span> 
     </span>
     <span class='ocr_line' id='line_1_25' title="bbox 221 959 1345 1005; baseline -0.008 -10"><span class='ocrx_word' id='word_1_255' title='bbox 221 967 310 1005; x_wconf 87' lang='lat' dir='ltr'>pheus</span> <span class='ocrx_word' id='word_1_256' title='bbox 318 967 347 994; x_wconf 93' lang='lat' dir='ltr'>in</span> <span class='ocrx_word' id='word_1_257' title='bbox 358 966 469 1003; x_wconf 66' lang='lat' dir='ltr'>hymnis</span> <span class='ocrx_word' id='word_1_258' title='bbox 479 966 555 993; x_wconf 85' lang='lat' dir='ltr'>canit</span> <span class='ocrx_word' id='word_1_259' title='bbox 562 973 606 993; x_wconf 84' lang='lat' dir='ltr'>eas</span> <span class='ocrx_word' id='word_1_260' title='bbox 617 963 670 993; x_wconf 81' lang='lat' dir='ltr'>esse</span> <span class='ocrx_word' id='word_1_261' title='bbox 682 963 808 993; x_wconf 84' lang='lat' dir='ltr'>Plutonis</span> <span class='ocrx_word' id='word_1_262' title='bbox 824 965 850 993; x_wconf 70' lang='grc' dir='ltr'><strong>ἃ</strong></span> <span class='ocrx_word' id='word_1_263' title='bbox 861 962 1025 1000; x_wconf 66' lang='lat' dir='ltr'>Proserpinae</span> <span class='ocrx_word' id='word_1_264' title='bbox 1039 960 1117 989; x_wconf 81' lang='lat' dir='ltr'>filias.</span> <span class='ocrx_word' id='word_1_265' title='bbox 1157 959 1253 989; x_wconf 49' lang='lat' dir='ltr'>Alecto</span> <span class='ocrx_word' id='word_1_266' title='bbox 1266 959 1345 996; x_wconf 76' lang='lat' dir='ltr'>ligni-</span> 
     </span>
     <span class='ocr_line' id='line_1_26' title="bbox 221 997 1344 1040; baseline -0.007 -7"><span class='ocrx_word' id='word_1_267' title='bbox 221 1004 368 1034; x_wconf 79' lang='lat' dir='ltr'>ficatidem</span> <span class='ocrx_word' id='word_1_268' title='bbox 387 1003 463 1040; x_wconf 88' lang='lat' dir='ltr'>quod</span> <span class='ocrx_word' id='word_1_269' title='bbox 473 1003 638 1039; x_wconf 84' lang='lat' dir='ltr'>irrequieta,</span> <span class='ocrx_word' id='word_1_270' title='bbox 660 1002 726 1031; x_wconf 93' lang='lat' dir='ltr'>Non</span> <span class='ocrx_word' id='word_1_271' title='bbox 736 1002 878 1035; x_wconf 70' lang='lat' dir='ltr'>desinens,</span> <span class='ocrx_word' id='word_1_272' title='bbox 899 1000 934 1029; x_wconf 87' lang='lat' dir='ltr'>ab</span> <span class='ocrx_word' id='word_1_273' title='bbox 951 1012 968 1026; x_wconf 76' lang='grc' dir='ltr'>οι</span> <span class='ocrx_word' id='word_1_274' title='bbox 986 999 1121 1036; x_wconf 85' lang='lat' dir='ltr'>privativa</span> <span class='ocrx_word' id='word_1_275' title='bbox 1138 997 1293 1035; x_wconf 86' lang='lat' dir='ltr'>particula,</span> <span class='ocrx_word' id='word_1_276' title='bbox 1317 998 1344 1026; x_wconf 72' lang='lat' dir='ltr'>Se</span> 
     </span>
     <span class='ocr_line' id='line_1_27' title="bbox 220 1036 1343 1109; baseline -0.006 -38"><span class='ocrx_word' id='word_1_277' title='bbox 220 1044 280 1109; x_wconf 49' lang='lat'>7517„</span> <span class='ocrx_word' id='word_1_278' title='bbox 295 1064 302 1077; x_wconf 42' lang='grc' dir='ltr'><strong><em>Ἰ</em></strong></span> <span class='ocrx_word' id='word_1_279' title='bbox 325 1042 452 1108; x_wconf 44' lang='lat' dir='ltr'>(timesco,</span> <span class='ocrx_word' id='word_1_280' title='bbox 474 1040 568 1107; x_wconf 47' lang='lat' dir='ltr'>degno</span> <span class='ocrx_word' id='word_1_281' title='bbox 580 1062 588 1075; x_wconf 92' lang='lat'>,</span> <span class='ocrx_word' id='word_1_282' title='bbox 610 1037 700 1107; x_wconf 46' lang='lat' dir='ltr'>‘genuf&#39;</span> <span class='ocrx_word' id='word_1_283' title='bbox 728 1040 804 1106; x_wconf 55' lang='lat' dir='ltr'>&#39;qllibd</span> <span class='ocrx_word' id='word_1_284' title='bbox 823 1038 935 1105; x_wconf 59' lang='lat' dir='ltr'>nuill&#39;um</span> <span class='ocrx_word' id='word_1_285' title='bbox 948 1037 1035 1106; x_wconf 50' lang='lat' dir='ltr'>scelAEs</span> <span class='ocrx_word' id='word_1_286' title='bbox 1047 1036 1171 1065; x_wconf 83' lang='lat' dir='ltr'>inultum</span> <span class='ocrx_word' id='word_1_287' title='bbox 1188 1041 1343 1075; x_wconf 67' lang='lat' dir='ltr'>praetereat,</span> 
     </span>
     <span class='ocr_line' id='line_1_28' title="bbox 217 1081 1143 1159; baseline -0.008 -49"><span class='ocrx_word' id='word_1_288' title='bbox 217 1081 398 1148; x_wconf 42' lang='grc' dir='ltr'>ᾒῖῗῗιῖὴξῒιέ.</span> <span class='ocrx_word' id='word_1_289' title='bbox 406 1086 751 1159; x_wconf 35' lang='lat' dir='ltr'>toffiagoymffilsrzswuna</span> <span class='ocrx_word' id='word_1_290' title='bbox 794 1087 834 1106; x_wconf 87' lang='lat' dir='ltr'>us.</span> <span class='ocrx_word' id='word_1_291' title='bbox 881 1085 932 1113; x_wconf 82' lang='lat' dir='ltr'>irg.</span> <span class='ocrx_word' id='word_1_292' title='bbox 947 1085 972 1112; x_wconf 90' lang='lat'>7.</span> <span class='ocrx_word' id='word_1_293' title='bbox 1030 1084 1057 1103; x_wconf 87' lang='lat' dir='ltr'>n.</span> <span class='ocrx_word' id='word_1_294' title='bbox 1078 1084 1143 1111; x_wconf 80' lang='lat'>415.</span> 
     </span>
     <span class='ocr_line' id='line_1_29' title="bbox 218 1150 999 1190; baseline -0.008 -4"><span class='ocrx_word' id='word_1_295' title='bbox 218 1156 280 1186; x_wconf 81' lang='lat' dir='ltr'>Sata</span> <span class='ocrx_word' id='word_1_296' title='bbox 299 1157 392 1185; x_wconf 67' lang='lat' dir='ltr'>nofte.</span> <span class='ocrx_word' id='word_1_297' title='bbox 415 1156 433 1184; x_wconf 95' lang='lat' dir='ltr'>i.</span> <span class='ocrx_word' id='word_1_298' title='bbox 454 1164 476 1183; x_wconf 91' lang='lat' dir='ltr'>e.</span> <span class='ocrx_word' id='word_1_299' title='bbox 499 1154 598 1184; x_wconf 68' lang='lat' dir='ltr'>Noctis</span> <span class='ocrx_word' id='word_1_300' title='bbox 608 1153 672 1182; x_wconf 82' lang='lat' dir='ltr'>hha.</span> <span class='ocrx_word' id='word_1_301' title='bbox 714 1152 785 1190; x_wconf 84' lang='lat' dir='ltr'>Virg.</span> <span class='ocrx_word' id='word_1_302' title='bbox 803 1162 829 1190; x_wconf 91' lang='lat'>7.</span> <span class='ocrx_word' id='word_1_303' title='bbox 850 1150 914 1182; x_wconf 81' lang='lat' dir='ltr'>AEn.</span> <span class='ocrx_word' id='word_1_304' title='bbox 935 1158 999 1187; x_wconf 80' lang='lat'>324,</span> 
     </span>
     <span class='ocr_line' id='line_1_30' title="bbox 217 1191 752 1228; baseline -0.007 -4"><span class='ocrx_word' id='word_1_305' title='bbox 217 1195 312 1224; x_wconf 70' lang='lat' dir='ltr'>Atrox.</span> <span class='ocrx_word' id='word_1_306' title='bbox 344 1193 442 1222; x_wconf 73' lang='lat' dir='ltr'>Claud.</span> <span class='ocrx_word' id='word_1_307' title='bbox 461 1203 483 1221; x_wconf 87' lang='lat'>1.</span> <span class='ocrx_word' id='word_1_308' title='bbox 500 1193 530 1221; x_wconf 89' lang='lat' dir='ltr'>in</span> <span class='ocrx_word' id='word_1_309' title='bbox 548 1191 650 1221; x_wconf 82' lang='lat' dir='ltr'>Ruffin.</span> <span class='ocrx_word' id='word_1_310' title='bbox 666 1200 690 1228; x_wconf 90' lang='lat'>3.</span> <span class='ocrx_word' id='word_1_311' title='bbox 706 1201 752 1227; x_wconf 84' lang='lat'>25.</span> 
     </span>
     <span class='ocr_line' id='line_1_31' title="bbox 217 1229 644 1269; baseline -0.007 -7"><span class='ocrx_word' id='word_1_312' title='bbox 217 1232 343 1269; x_wconf 79' lang='lat' dir='ltr'>Cocytia.</span> <span class='ocrx_word' id='word_1_313' title='bbox 374 1231 445 1268; x_wconf 80' lang='lat' dir='ltr'>Virg.</span> <span class='ocrx_word' id='word_1_314' title='bbox 460 1240 485 1265; x_wconf 91' lang='lat'>7.</span> <span class='ocrx_word' id='word_1_315' title='bbox 507 1229 644 1267; x_wconf 81' lang='lat' dir='ltr'>AEn.479.</span> 
     </span>
     <span class='ocr_line' id='line_1_32' title="bbox 215 1268 573 1307; baseline -0.011 -7"><span class='ocrx_word' id='word_1_316' title='bbox 215 1270 284 1300; x_wconf 85' lang='lat' dir='ltr'>Dea.</span> <span class='ocrx_word' id='word_1_317' title='bbox 308 1269 380 1307; x_wconf 79' lang='lat' dir='ltr'>Virg.</span> <span class='ocrx_word' id='word_1_318' title='bbox 393 1279 418 1305; x_wconf 95' lang='lat'>7.</span> <span class='ocrx_word' id='word_1_319' title='bbox 436 1268 496 1298; x_wconf 83' lang='lat' dir='ltr'>IEn.</span> <span class='ocrx_word' id='word_1_320' title='bbox 512 1271 573 1304; x_wconf 82' lang='lat'>346.</span> 
     </span>
     <span class='ocr_line' id='line_1_33' title="bbox 216 1305 646 1345; baseline -0.009 -7"><span class='ocrx_word' id='word_1_321' title='bbox 216 1307 346 1345; x_wconf 82' lang='lat' dir='ltr'>Erinnys.</span> <span class='ocrx_word' id='word_1_322' title='bbox 373 1307 442 1344; x_wconf 81' lang='lat' dir='ltr'>Virg.</span> <span class='ocrx_word' id='word_1_323' title='bbox 456 1316 481 1343; x_wconf 91' lang='lat'>7.</span> <span class='ocrx_word' id='word_1_324' title='bbox 503 1305 563 1335; x_wconf 76' lang='lat' dir='ltr'>ffin.</span> <span class='ocrx_word' id='word_1_325' title='bbox 581 1313 646 1342; x_wconf 79' lang='lat'>447.</span> 
     </span>
     <span class='ocr_line' id='line_1_34' title="bbox 217 1343 772 1381; baseline -0.009 -5"><span class='ocrx_word' id='word_1_326' title='bbox 217 1346 323 1376; x_wconf 59' lang='lat' dir='ltr'>Infecta</span> <span class='ocrx_word' id='word_1_327' title='bbox 345 1345 470 1374; x_wconf 88' lang='lat' dir='ltr'>venenis.</span> <span class='ocrx_word' id='word_1_328' title='bbox 493 1344 564 1381; x_wconf 77' lang='lat' dir='ltr'>Virg.</span> <span class='ocrx_word' id='word_1_329' title='bbox 579 1353 604 1380; x_wconf 89' lang='lat'>7.</span> <span class='ocrx_word' id='word_1_330' title='bbox 626 1343 688 1374; x_wconf 79' lang='lat' dir='ltr'>AEn.</span> <span class='ocrx_word' id='word_1_331' title='bbox 709 1351 772 1379; x_wconf 76' lang='lat'>341.</span> 
     </span>
     <span class='ocr_line' id='line_1_35' title="bbox 216 1380 913 1419; baseline -0.006 -6"><span class='ocrx_word' id='word_1_332' title='bbox 216 1383 315 1414; x_wconf 80' lang='lat' dir='ltr'>Invisa.</span> <span class='ocrx_word' id='word_1_333' title='bbox 346 1382 443 1412; x_wconf 88' lang='lat' dir='ltr'>Claud.</span> <span class='ocrx_word' id='word_1_334' title='bbox 466 1392 488 1411; x_wconf 95' lang='lat'>1.</span> <span class='ocrx_word' id='word_1_335' title='bbox 504 1382 539 1410; x_wconf 89' lang='lat' dir='ltr'>de</span> <span class='ocrx_word' id='word_1_336' title='bbox 557 1381 636 1419; x_wconf 72' lang='lat' dir='ltr'>Rapt.</span> <span class='ocrx_word' id='word_1_337' title='bbox 648 1380 768 1419; x_wconf 88' lang='lat' dir='ltr'>Proserp.</span> <span class='ocrx_word' id='word_1_338' title='bbox 788 1388 831 1417; x_wconf 85' lang='lat'>33.</span> <span class='ocrx_word' id='word_1_339' title='bbox 847 1383 913 1416; x_wconf 75' lang='lat'>279.</span> 
     </span>
     <span class='ocr_line' id='line_1_36' title="bbox 217 1419 665 1457; baseline -0.009 -6"><span class='ocrx_word' id='word_1_340' title='bbox 217 1421 360 1452; x_wconf 71' lang='lat' dir='ltr'>Luffifica.</span> <span class='ocrx_word' id='word_1_341' title='bbox 396 1420 467 1457; x_wconf 82' lang='lat' dir='ltr'>Virg.</span> <span class='ocrx_word' id='word_1_342' title='bbox 480 1429 505 1456; x_wconf 89' lang='lat'>7.</span> <span class='ocrx_word' id='word_1_343' title='bbox 528 1419 665 1455; x_wconf 80' lang='lat' dir='ltr'>AEn.324.</span> 
     </span>
     <span class='ocr_line' id='line_1_37' title="bbox 217 1458 582 1496; baseline -0.008 -7"><span class='ocrx_word' id='word_1_344' title='bbox 217 1460 302 1489; x_wconf 81' lang='lat' dir='ltr'>Saeva.</span> <span class='ocrx_word' id='word_1_345' title='bbox 327 1459 397 1496; x_wconf 85' lang='lat' dir='ltr'>Virg.</span> <span class='ocrx_word' id='word_1_346' title='bbox 412 1468 437 1495; x_wconf 91' lang='lat'>7.</span> <span class='ocrx_word' id='word_1_347' title='bbox 460 1458 521 1487; x_wconf 67' lang='grc' dir='ltr'>ΖΕΗ.</span> <span class='ocrx_word' id='word_1_348' title='bbox 537 1462 582 1493; x_wconf 82' lang='lat'>84.</span> 
     </span>
     <span class='ocr_line' id='line_1_38' title="bbox 217 1493 839 1534; baseline -0.008 -7"><span class='ocrx_word' id='word_1_349' title='bbox 217 1497 360 1534; x_wconf 83' lang='lat' dir='ltr'>Torquata</span> <span class='ocrx_word' id='word_1_350' title='bbox 375 1496 505 1525; x_wconf 88' lang='lat' dir='ltr'>colubris.</span> <span class='ocrx_word' id='word_1_351' title='bbox 529 1494 612 1524; x_wconf 92' lang='lat' dir='ltr'>Ovid.</span> <span class='ocrx_word' id='word_1_352' title='bbox 623 1503 650 1524; x_wconf 91' lang='lat'>2.</span> <span class='ocrx_word' id='word_1_353' title='bbox 674 1493 760 1532; x_wconf 86' lang='lat' dir='ltr'>Epist.</span> <span class='ocrx_word' id='word_1_354' title='bbox 776 1502 839 1528; x_wconf 88' lang='lat'>119.</span> 
     </span>
     <span class='ocr_line' id='line_1_39' title="bbox 217 1533 636 1571; baseline -0.007 -7"><span class='ocrx_word' id='word_1_355' title='bbox 217 1535 322 1565; x_wconf 84' lang='lat' dir='ltr'>Tristis.</span> <span class='ocrx_word' id='word_1_356' title='bbox 353 1535 424 1571; x_wconf 83' lang='lat' dir='ltr'>Virg.</span> <span class='ocrx_word' id='word_1_357' title='bbox 444 1543 468 1570; x_wconf 89' lang='lat'>7.</span> <span class='ocrx_word' id='word_1_358' title='bbox 491 1533 552 1563; x_wconf 77' lang='lat' dir='ltr'>ffin.</span> <span class='ocrx_word' id='word_1_359' title='bbox 573 1536 636 1569; x_wconf 88' lang='lat'><strong>617.</strong></span> 
     </span>
     <span class='ocr_line' id='line_1_40' title="bbox 218 1569 891 1605; baseline -0.009 -2"><span class='ocrx_word' id='word_1_360' title='bbox 218 1574 317 1603; x_wconf 78' lang='lat' dir='ltr'>Cincta</span> <span class='ocrx_word' id='word_1_361' title='bbox 327 1572 433 1602; x_wconf 80' lang='lat' dir='ltr'>facibus</span> <span class='ocrx_word' id='word_1_362' title='bbox 443 1571 517 1600; x_wconf 85' lang='lat' dir='ltr'>atris.</span> <span class='ocrx_word' id='word_1_363' title='bbox 542 1570 640 1599; x_wconf 78' lang='lat' dir='ltr'>Claud.</span> <span class='ocrx_word' id='word_1_364' title='bbox 657 1579 678 1599; x_wconf 92' lang='grc'>1.</span> <span class='ocrx_word' id='word_1_365' title='bbox 693 1570 721 1598; x_wconf 90' lang='lat' dir='ltr'>in</span> <span class='ocrx_word' id='word_1_366' title='bbox 731 1569 835 1599; x_wconf 84' lang='lat' dir='ltr'>Ruffin.</span> <span class='ocrx_word' id='word_1_367' title='bbox 845 1578 891 1605; x_wconf 85' lang='lat'>49.</span> 
     </span>
     <span class='ocr_line' id='line_1_41' title="bbox 218 1607 820 1649; baseline -0.012 -7"><span class='ocrx_word' id='word_1_368' title='bbox 218 1611 312 1649; x_wconf 80' lang='lat' dir='ltr'>Mugit</span> <span class='ocrx_word' id='word_1_369' title='bbox 322 1617 478 1640; x_wconf 89' lang='lat' dir='ltr'>cruentum.</span> <span class='ocrx_word' id='word_1_370' title='bbox 511 1607 610 1637; x_wconf 86' lang='lat' dir='ltr'>Claud.</span> <span class='ocrx_word' id='word_1_371' title='bbox 620 1608 650 1636; x_wconf 91' lang='lat' dir='ltr'>in</span> <span class='ocrx_word' id='word_1_372' title='bbox 658 1607 761 1637; x_wconf 85' lang='lat' dir='ltr'>Ruffin.</span> <span class='ocrx_word' id='word_1_373' title='bbox 774 1610 820 1643; x_wconf 84' lang='lat'>65.</span> 
     </span>
     <span class='ocr_line' id='line_1_42' title="bbox 218 1644 1001 1684; baseline -0.009 -5"><span class='ocrx_word' id='word_1_374' title='bbox 218 1650 274 1680; x_wconf 80' lang='lat' dir='ltr'>Alae</span> <span class='ocrx_word' id='word_1_375' title='bbox 286 1649 394 1678; x_wconf 70' lang='lat' dir='ltr'>Aietius</span> <span class='ocrx_word' id='word_1_376' title='bbox 408 1648 551 1677; x_wconf 83' lang='lat' dir='ltr'>stridentes</span> <span class='ocrx_word' id='word_1_377' title='bbox 562 1646 707 1684; x_wconf 77' lang='lat' dir='ltr'>anguibus.</span> <span class='ocrx_word' id='word_1_378' title='bbox 728 1645 799 1682; x_wconf 88' lang='lat' dir='ltr'>Virg.</span> <span class='ocrx_word' id='word_1_379' title='bbox 812 1653 838 1682; x_wconf 93' lang='lat'>7.</span> <span class='ocrx_word' id='word_1_380' title='bbox 861 1644 923 1674; x_wconf 79' lang='lat' dir='ltr'>AEn.</span> <span class='ocrx_word' id='word_1_381' title='bbox 939 1645 1001 1680; x_wconf 74' lang='lat'>561.</span> 
     </span>
     <span class='ocr_line' id='line_1_43' title="bbox 217 1677 1341 1754; baseline -0.007 -37"><span class='ocrx_word' id='word_1_382' title='bbox 217 1688 384 1754; x_wconf 70' lang='lat' dir='ltr'>AlaedStygiae</span> <span class='ocrx_word' id='word_1_383' title='bbox 402 1686 520 1715; x_wconf 56' lang='lat' dir='ltr'>Aledius.</span> <span class='ocrx_word' id='word_1_384' title='bbox 543 1685 615 1722; x_wconf 89' lang='lat' dir='ltr'>Virg.</span> <span class='ocrx_word' id='word_1_385' title='bbox 629 1693 654 1721; x_wconf 90' lang='lat'>7.</span> <span class='ocrx_word' id='word_1_386' title='bbox 677 1683 739 1714; x_wconf 83' lang='lat' dir='ltr'>AEn.</span> <span class='ocrx_word' id='word_1_387' title='bbox 755 1692 819 1720; x_wconf 83' lang='lat'>773.</span> <span class='ocrx_word' id='word_1_388' title='bbox 861 1681 940 1713; x_wconf 84' lang='lat' dir='ltr'>Idem</span> <span class='ocrx_word' id='word_1_389' title='bbox 960 1691 1006 1712; x_wconf 83' lang='lat' dir='ltr'>eas</span> <span class='ocrx_word' id='word_1_390' title='bbox 1022 1679 1146 1719; x_wconf 83' lang='lat' dir='ltr'>appellat</span> <span class='ocrx_word' id='word_1_391' title='bbox 1158 1677 1273 1715; x_wconf 84' lang='lat' dir='ltr'>Fuscas,</span> <span class='ocrx_word' id='word_1_392' title='bbox 1294 1677 1341 1709; x_wconf 76' lang='lat' dir='ltr'>lib.</span> 
     </span>
     <span class='ocr_line' id='line_1_44' title="bbox 234 1731 375 1759; baseline -0.014 -4"><span class='ocrx_word' id='word_1_393' title='bbox 234 1736 268 1755; x_wconf 84' lang='lat' dir='ltr'>eo</span> <span class='ocrx_word' id='word_1_394' title='bbox 292 1749 297 1754; x_wconf 93' lang='lat'>.</span> <span class='ocrx_word' id='word_1_395' title='bbox 311 1731 375 1759; x_wconf 62' lang='lat'>408.</span> 
     </span>
     <span class='ocr_line' id='line_1_45' title="bbox 218 1758 879 1798; baseline -0.009 -5"><span class='ocrx_word' id='word_1_396' title='bbox 218 1763 303 1794; x_wconf 89' lang='lat' dir='ltr'>Oculi</span> <span class='ocrx_word' id='word_1_397' title='bbox 318 1763 440 1792; x_wconf 53' lang='lat' dir='ltr'>flammei</span> <span class='ocrx_word' id='word_1_398' title='bbox 455 1761 573 1791; x_wconf 63' lang='lat' dir='ltr'>Alefftus.</span> <span class='ocrx_word' id='word_1_399' title='bbox 594 1760 668 1798; x_wconf 84' lang='lat' dir='ltr'>Virg.</span> <span class='ocrx_word' id='word_1_400' title='bbox 701 1780 709 1788; x_wconf 91' lang='lat'>.</span> <span class='ocrx_word' id='word_1_401' title='bbox 730 1758 794 1789; x_wconf 85' lang='lat' dir='ltr'>AEn.</span> <span class='ocrx_word' id='word_1_402' title='bbox 813 1763 879 1796; x_wconf 86' lang='lat'>448.</span> 
     </span>
     <span class='ocr_line' id='line_1_46' title="bbox 216 1768 825 1835; baseline -0.01 -4"><span class='ocrx_word' id='word_1_403' title='bbox 216 1802 259 1831; x_wconf 83' lang='lat' dir='ltr'>Os</span> <span class='ocrx_word' id='word_1_404' title='bbox 268 1801 396 1830; x_wconf 83' lang='lat' dir='ltr'>rabidum</span> <span class='ocrx_word' id='word_1_405' title='bbox 411 1800 525 1830; x_wconf 68' lang='lat' dir='ltr'>Alectus.</span> <span class='ocrx_word' id='word_1_406' title='bbox 548 1798 621 1835; x_wconf 88' lang='lat' dir='ltr'>Virg.</span> <span class='ocrx_word' id='word_1_407' title='bbox 636 1809 661 1835; x_wconf 88' lang='lat'>7.</span> <span class='ocrx_word' id='word_1_408' title='bbox 683 1768 746 1828; x_wconf 54' lang='lat' dir='ltr'>isin.</span> <span class='ocrx_word' id='word_1_409' title='bbox 760 1806 825 1832; x_wconf 74' lang='lat'>451.</span> 
     </span>
    </p>
   </div>
   <div class='ocr_carea' id='block_1_9' title="bbox 218 1832 1347 1870">
    <p class='ocr_par' dir='ltr' id='par_1_10' title="bbox 218 1832 1347 1870">
     <span class='ocr_line' id='line_1_47' title="bbox 218 1832 1347 1870; baseline -0.007 -1"><span class='ocrx_word' id='word_1_410' title='bbox 218 1840 308 1869; x_wconf 88' lang='lat' dir='ltr'>Voces</span> <span class='ocrx_word' id='word_1_411' title='bbox 318 1839 419 1868; x_wconf 78' lang='lat' dir='ltr'>rabidae</span> <span class='ocrx_word' id='word_1_412' title='bbox 429 1838 546 1868; x_wconf 69' lang='lat' dir='ltr'>Alectus.</span> <span class='ocrx_word' id='word_1_413' title='bbox 579 1836 677 1866; x_wconf 84' lang='lat' dir='ltr'>Claud.</span> <span class='ocrx_word' id='word_1_414' title='bbox 689 1834 831 1864; x_wconf 85' lang='lat' dir='ltr'>inRuffin.</span> <span class='ocrx_word' id='word_1_415' title='bbox 853 1844 937 1870; x_wconf 86' lang='lat'>1.44.</span> <span class='ocrx_word' id='word_1_416' title='bbox 978 1833 1106 1868; x_wconf 59' lang='lat' dir='ltr'>Alenus,</span> <span class='ocrx_word' id='word_1_417' title='bbox 1134 1833 1180 1862; x_wconf 89' lang='lat' dir='ltr'>hic</span> <span class='ocrx_word' id='word_1_418' title='bbox 1197 1832 1227 1861; x_wconf 93' lang='lat' dir='ltr'>in</span> <span class='ocrx_word' id='word_1_419' title='bbox 1244 1840 1347 1870; x_wconf 72' lang='lat' dir='ltr'>przece-</span> 
     </span>
    </p>
   </div>
   <div class='ocr_carea' id='block_1_10' title="bbox 180 1872 1346 2136">
    <p class='ocr_par' dir='ltr' id='par_1_11' title="bbox 238 1872 1280 1914">
     <span class='ocr_line' id='line_1_48' title="bbox 238 1872 1280 1914; baseline -0.008 -7"><span class='ocrx_word' id='word_1_420' title='bbox 238 1878 370 1907; x_wconf 85' lang='lat' dir='ltr'>dentibus</span> <span class='ocrx_word' id='word_1_421' title='bbox 382 1899 389 1912; x_wconf 83' lang='lat'>,</span> <span class='ocrx_word' id='word_1_422' title='bbox 411 1877 449 1906; x_wconf 87' lang='lat' dir='ltr'>est</span> <span class='ocrx_word' id='word_1_423' title='bbox 463 1876 601 1914; x_wconf 88' lang='lat' dir='ltr'>genitivus</span> <span class='ocrx_word' id='word_1_424' title='bbox 617 1874 710 1909; x_wconf 84' lang='lat' dir='ltr'>casus,</span> <span class='ocrx_word' id='word_1_425' title='bbox 733 1873 828 1903; x_wconf 65' lang='lat' dir='ltr'>Graece</span> <span class='ocrx_word' id='word_1_426' title='bbox 848 1872 973 1907; x_wconf 58' lang='lat' dir='ltr'>A’nm‘lsf,</span> <span class='ocrx_word' id='word_1_427' title='bbox 998 1877 1099 1909; x_wconf 75' lang='lat' dir='ltr'>quartae</span> <span class='ocrx_word' id='word_1_428' title='bbox 1116 1872 1280 1900; x_wconf 64' lang='lat' dir='ltr'>contractas.</span> 
     </span>
    </p>

    <p class='ocr_par' dir='ltr' id='par_1_12' title="bbox 181 1909 1345 1991">
     <span class='ocr_line' id='line_1_49' title="bbox 181 1909 1345 1950; baseline -0.007 -5"><span class='ocrx_word' id='word_1_429' title='bbox 181 1916 204 1946; x_wconf 84' lang='lat' dir='ltr'>A</span> <span class='ocrx_word' id='word_1_430' title='bbox 212 1927 228 1945; x_wconf 95' lang='lat' dir='ltr'>L</span> <span class='ocrx_word' id='word_1_431' title='bbox 238 1926 251 1944; x_wconf 74' lang='lat' dir='ltr'>a</span> <span class='ocrx_word' id='word_1_432' title='bbox 261 1925 278 1944; x_wconf 88' lang='lat' dir='ltr'>c</span> <span class='ocrx_word' id='word_1_433' title='bbox 290 1926 307 1944; x_wconf 63' lang='grc'>’1</span> <span class='ocrx_word' id='word_1_434' title='bbox 317 1926 333 1944; x_wconf 91' lang='lat' dir='ltr'>o</span> <span class='ocrx_word' id='word_1_435' title='bbox 343 1926 358 1944; x_wconf 83' lang='lat' dir='ltr'>R</span> <span class='ocrx_word' id='word_1_436' title='bbox 370 1937 377 1950; x_wconf 87' lang='lat'>,</span> <span class='ocrx_word' id='word_1_437' title='bbox 409 1913 567 1950; x_wconf 45' lang='lat' dir='ltr'>[linia-mg]</span> <span class='ocrx_word' id='word_1_438' title='bbox 598 1912 686 1942; x_wconf 89' lang='lat' dir='ltr'>Filius</span> <span class='ocrx_word' id='word_1_439' title='bbox 700 1913 866 1948; x_wconf 72' lang='lat' dir='ltr'>Anaxagorae</span> <span class='ocrx_word' id='word_1_440' title='bbox 875 1932 883 1946; x_wconf 92' lang='lat'>,</span> <span class='ocrx_word' id='word_1_441' title='bbox 912 1909 1004 1948; x_wconf 84' lang='lat' dir='ltr'>Iphim</span> <span class='ocrx_word' id='word_1_442' title='bbox 1015 1909 1150 1946; x_wconf 82' lang='lat' dir='ltr'>genuit&amp;</span> <span class='ocrx_word' id='word_1_443' title='bbox 1162 1909 1327 1946; x_wconf 84' lang='lat' dir='ltr'>Capaneum</span> <span class='ocrx_word' id='word_1_444' title='bbox 1336 1929 1345 1944; x_wconf 84' lang='lat'>,</span> 
     </span>
     <span class='ocr_line' id='line_1_50' title="bbox 220 1947 1286 1991; baseline -0.008 -8"><span class='ocrx_word' id='word_1_445' title='bbox 220 1954 267 1991; x_wconf 90' lang='lat' dir='ltr'>qui</span> <span class='ocrx_word' id='word_1_446' title='bbox 284 1954 337 1983; x_wconf 87' lang='lat' dir='ltr'>fuit</span> <span class='ocrx_word' id='word_1_447' title='bbox 347 1963 363 1982; x_wconf 93' lang='lat' dir='ltr'>u</span> <span class='ocrx_word' id='word_1_448' title='bbox 369 1963 419 1982; x_wconf 85' lang='lat' dir='ltr'>nus</span> <span class='ocrx_word' id='word_1_449' title='bbox 431 1962 464 1982; x_wconf 79' lang='lat' dir='ltr'>ex</span> <span class='ocrx_word' id='word_1_450' title='bbox 476 1951 581 1989; x_wconf 85' lang='lat' dir='ltr'>septem</span> <span class='ocrx_word' id='word_1_451' title='bbox 592 1950 712 1980; x_wconf 82' lang='lat' dir='ltr'>ducibus</span> <span class='ocrx_word' id='word_1_452' title='bbox 723 1950 886 1987; x_wconf 83' lang='lat' dir='ltr'>Argivorum</span> <span class='ocrx_word' id='word_1_453' title='bbox 897 1948 972 1985; x_wconf 87' lang='lat' dir='ltr'>apud</span> <span class='ocrx_word' id='word_1_454' title='bbox 990 1947 1112 1977; x_wconf 84' lang='lat' dir='ltr'>Thebas.</span> <span class='ocrx_word' id='word_1_455' title='bbox 1154 1947 1286 1976; x_wconf 88' lang='lat' dir='ltr'>Volaterr.</span> 
     </span>
    </p>

    <p class='ocr_par' dir='ltr' id='par_1_13' title="bbox 180 1984 1346 2136">
     <span class='ocr_line' id='line_1_51' title="bbox 180 1984 1345 2028; baseline -0.007 -7"><span class='ocrx_word' id='word_1_456' title='bbox 180 1992 249 2022; x_wconf 83' lang='lat' dir='ltr'>ALs</span> <span class='ocrx_word' id='word_1_457' title='bbox 259 2001 302 2020; x_wconf 61' lang='lat' dir='ltr'>c&#39;r</span> <span class='ocrx_word' id='word_1_458' title='bbox 313 2001 353 2020; x_wconf 71' lang='lat' dir='ltr'>oa</span> <span class='ocrx_word' id='word_1_459' title='bbox 364 2002 371 2019; x_wconf 92' lang='lat'>1</span> <span class='ocrx_word' id='word_1_460' title='bbox 381 2001 399 2019; x_wconf 86' lang='lat' dir='ltr'>A</span> <span class='ocrx_word' id='word_1_461' title='bbox 412 2011 419 2023; x_wconf 77' lang='grc'>.</span> <span class='ocrx_word' id='word_1_462' title='bbox 441 2000 471 2020; x_wconf 81' lang='lat' dir='ltr'>ae.</span> <span class='ocrx_word' id='word_1_463' title='bbox 494 1990 574 2028; x_wconf 88' lang='lat' dir='ltr'>Lapis</span> <span class='ocrx_word' id='word_1_464' title='bbox 593 1990 641 2026; x_wconf 90' lang='lat' dir='ltr'>qui</span> <span class='ocrx_word' id='word_1_465' title='bbox 651 1989 680 2017; x_wconf 91' lang='lat' dir='ltr'>in</span> <span class='ocrx_word' id='word_1_466' title='bbox 698 1986 856 2017; x_wconf 87' lang='lat' dir='ltr'>ventriculo</span> <span class='ocrx_word' id='word_1_467' title='bbox 867 1985 1091 2023; x_wconf 79' lang='lat' dir='ltr'>galliinvenitur.</span> <span class='ocrx_word' id='word_1_468' title='bbox 1133 1984 1229 2014; x_wconf 90' lang='lat' dir='ltr'>Gallus</span> <span class='ocrx_word' id='word_1_469' title='bbox 1249 1985 1345 2019; x_wconf 79' lang='lat' dir='ltr'>enim,</span> 
     </span>
     <span class='ocr_line' id='line_1_52' title="bbox 220 2022 1346 2066; baseline -0.004 -10"><span class='ocrx_word' id='word_1_470' title='bbox 220 2030 330 2066; x_wconf 57' lang='grc' dir='ltr'>ἁλὲκνηως</span> <span class='ocrx_word' id='word_1_471' title='bbox 349 2029 459 2058; x_wconf 83' lang='lat' dir='ltr'>dicitur.</span> <span class='ocrx_word' id='word_1_472' title='bbox 481 2027 579 2057; x_wconf 90' lang='lat' dir='ltr'>Plin.l.</span> <span class='ocrx_word' id='word_1_473' title='bbox 598 2037 640 2064; x_wconf 85' lang='lat'>37.</span> <span class='ocrx_word' id='word_1_474' title='bbox 653 2036 713 2064; x_wconf 89' lang='lat' dir='ltr'>cap.</span> <span class='ocrx_word' id='word_1_475' title='bbox 729 2036 771 2055; x_wconf 86' lang='lat'>10.</span> <span class='ocrx_word' id='word_1_476' title='bbox 802 2025 953 2054; x_wconf 71' lang='lat' dir='ltr'>Alectorias</span> <span class='ocrx_word' id='word_1_477' title='bbox 964 2030 1066 2053; x_wconf 83' lang='lat' dir='ltr'>vocant</span> <span class='ocrx_word' id='word_1_478' title='bbox 1077 2022 1276 2053; x_wconf 87' lang='lat' dir='ltr'>inventriculis</span> <span class='ocrx_word' id='word_1_479' title='bbox 1290 2022 1346 2059; x_wconf 83' lang='lat' dir='ltr'>gal-</span> 
     </span>
     <span class='ocr_line' id='line_1_53' title="bbox 220 2060 1345 2102; baseline -0.006 -6"><span class='ocrx_word' id='word_1_480' title='bbox 220 2067 393 2096; x_wconf 88' lang='lat' dir='ltr'>linaceorum</span> <span class='ocrx_word' id='word_1_481' title='bbox 415 2067 541 2095; x_wconf 89' lang='lat' dir='ltr'>inventas</span> <span class='ocrx_word' id='word_1_482' title='bbox 559 2064 716 2102; x_wconf 86' lang='lat' dir='ltr'>crystallina</span> <span class='ocrx_word' id='word_1_483' title='bbox 726 2064 831 2102; x_wconf 86' lang='lat' dir='ltr'>specie,</span> <span class='ocrx_word' id='word_1_484' title='bbox 855 2062 1050 2100; x_wconf 85' lang='lat' dir='ltr'>magnitudine</span> <span class='ocrx_word' id='word_1_485' title='bbox 1064 2061 1147 2090; x_wconf 79' lang='lat' dir='ltr'>fabae:</span> <span class='ocrx_word' id='word_1_486' title='bbox 1170 2061 1270 2098; x_wconf 89' lang='lat' dir='ltr'>quibus</span> <span class='ocrx_word' id='word_1_487' title='bbox 1287 2060 1345 2090; x_wconf 78' lang='lat' dir='ltr'>Mi-</span> 
     </span>
     <span class='ocr_line' id='line_1_54' title="bbox 218 2098 1344 2136; baseline -0.005 -2"><span class='ocrx_word' id='word_1_488' title='bbox 218 2105 314 2134; x_wconf 92' lang='lat' dir='ltr'>lonem</span> <span class='ocrx_word' id='word_1_489' title='bbox 331 2104 540 2134; x_wconf 79' lang='lat' dir='ltr'>Crotoniensem</span> <span class='ocrx_word' id='word_1_490' title='bbox 558 2104 678 2133; x_wconf 89' lang='lat' dir='ltr'>usumin</span> <span class='ocrx_word' id='word_1_491' title='bbox 694 2101 910 2136; x_wconf 82' lang='lat' dir='ltr'>certaminibus,</span> <span class='ocrx_word' id='word_1_492' title='bbox 932 2100 1069 2129; x_wconf 64' lang='lat' dir='ltr'>invictum</span> <span class='ocrx_word' id='word_1_493' title='bbox 1090 2098 1170 2129; x_wconf 80' lang='lat' dir='ltr'>fuiffe</span> <span class='ocrx_word' id='word_1_494' title='bbox 1191 2099 1281 2129; x_wconf 84' lang='lat' dir='ltr'>videri</span> <span class='ocrx_word' id='word_1_495' title='bbox 1295 2108 1344 2129; x_wconf 87' lang='lat' dir='ltr'>vo-</span> 
     </span>
    </p>
   </div>
   <div class='ocr_carea' id='block_1_11' title="bbox 180 2137 1344 2215">
    <p class='ocr_par' dir='ltr' id='par_1_14' title="bbox 180 2137 1344 2215">
     <span class='ocr_line' id='line_1_55' title="bbox 218 2137 1091 2178; baseline -0.007 -5"><span class='ocrx_word' id='word_1_496' title='bbox 218 2143 289 2173; x_wconf 92' lang='lat' dir='ltr'>lunt.</span> <span class='ocrx_word' id='word_1_497' title='bbox 330 2143 426 2172; x_wconf 88' lang='lat' dir='ltr'>Solino</span> <span class='ocrx_word' id='word_1_498' title='bbox 435 2149 549 2172; x_wconf 81' lang='lat' dir='ltr'>vocatur</span> <span class='ocrx_word' id='word_1_499' title='bbox 559 2141 709 2170; x_wconf 58' lang='lat' dir='ltr'>Alecrorius</span> <span class='ocrx_word' id='word_1_500' title='bbox 724 2140 804 2178; x_wconf 85' lang='lat' dir='ltr'>lapis.</span> <span class='ocrx_word' id='word_1_501' title='bbox 826 2149 886 2177; x_wconf 88' lang='lat' dir='ltr'>cap.</span> <span class='ocrx_word' id='word_1_502' title='bbox 901 2150 928 2174; x_wconf 88' lang='lat'>4.</span> <span class='ocrx_word' id='word_1_503' title='bbox 950 2138 986 2167; x_wconf 83' lang='lat' dir='ltr'>ad</span> <span class='ocrx_word' id='word_1_504' title='bbox 997 2137 1091 2167; x_wconf 86' lang='lat' dir='ltr'>finem.</span> 
     </span>
     <span class='ocr_line' id='line_1_56' title="bbox 180 2174 1344 2215; baseline -0.007 -4"><span class='ocrx_word' id='word_1_505' title='bbox 180 2182 203 2212; x_wconf 84' lang='lat' dir='ltr'>A</span> <span class='ocrx_word' id='word_1_506' title='bbox 213 2193 229 2210; x_wconf 96' lang='lat' dir='ltr'>L</span> <span class='ocrx_word' id='word_1_507' title='bbox 237 2192 252 2210; x_wconf 78' lang='lat' dir='ltr'>a</span> <span class='ocrx_word' id='word_1_508' title='bbox 261 2192 277 2210; x_wconf 92' lang='lat' dir='ltr'>c</span> <span class='ocrx_word' id='word_1_509' title='bbox 288 2191 306 2209; x_wconf 59' lang='lat' dir='ltr'>*r</span> <span class='ocrx_word' id='word_1_510' title='bbox 315 2191 332 2209; x_wconf 90' lang='lat' dir='ltr'>o</span> <span class='ocrx_word' id='word_1_511' title='bbox 343 2191 357 2209; x_wconf 69' lang='lat' dir='ltr'>a</span> <span class='ocrx_word' id='word_1_512' title='bbox 368 2191 384 2210; x_wconf 92' lang='lat' dir='ltr'>o</span> <span class='ocrx_word' id='word_1_513' title='bbox 395 2192 411 2209; x_wconf 93' lang='lat' dir='ltr'>L</span> <span class='ocrx_word' id='word_1_514' title='bbox 419 2191 436 2209; x_wconf 93' lang='lat' dir='ltr'>o</span> <span class='ocrx_word' id='word_1_515' title='bbox 445 2190 460 2209; x_wconf 83' lang='lat' dir='ltr'>P</span> <span class='ocrx_word' id='word_1_516' title='bbox 468 2190 488 2209; x_wconf 80' lang='lat' dir='ltr'>H</span> <span class='ocrx_word' id='word_1_517' title='bbox 497 2190 514 2209; x_wconf 94' lang='lat' dir='ltr'>o</span> <span class='ocrx_word' id='word_1_518' title='bbox 525 2190 536 2208; x_wconf 98' lang='grc'>3</span> <span class='ocrx_word' id='word_1_519' title='bbox 547 2202 555 2213; x_wconf 93' lang='lat'>,</span> <span class='ocrx_word' id='word_1_520' title='bbox 578 2180 590 2215; x_wconf 96' lang='lat'>[</span> <span class='ocrx_word' id='word_1_521' title='bbox 604 2178 829 2213; x_wconf 57' lang='grc' dir='ltr'>ἀλεκπρόλοφῶυ]</span> <span class='ocrx_word' id='word_1_522' title='bbox 850 2176 945 2207; x_wconf 84' lang='lat' dir='ltr'>Herba</span> <span class='ocrx_word' id='word_1_523' title='bbox 955 2175 1178 2206; x_wconf 81' lang='lat' dir='ltr'>esttuilientibus</span> <span class='ocrx_word' id='word_1_524' title='bbox 1187 2174 1262 2204; x_wconf 90' lang='lat' dir='ltr'>utilis</span> <span class='ocrx_word' id='word_1_525' title='bbox 1272 2195 1280 2209; x_wconf 85' lang='lat'>‚</span> <span class='ocrx_word' id='word_1_526' title='bbox 1301 2174 1344 2204; x_wconf 63' lang='lat' dir='ltr'>fo⁴</span> 
     </span>
    </p>
   </div>
   <div class='ocr_carea' id='block_1_12' title="bbox 216 2213 1343 2294">
    <p class='ocr_par' dir='ltr' id='par_1_15' title="bbox 216 2213 1343 2294">
     <span class='ocr_line' id='line_1_57' title="bbox 218 2213 1343 2256; baseline -0.006 -8"><span class='ocrx_word' id='word_1_527' title='bbox 218 2219 265 2249; x_wconf 88' lang='lat' dir='ltr'>liis</span> <span class='ocrx_word' id='word_1_528' title='bbox 277 2219 340 2256; x_wconf 73' lang='lat' dir='ltr'>galli</span> <span class='ocrx_word' id='word_1_529' title='bbox 359 2218 505 2256; x_wconf 78' lang='lat' dir='ltr'>gallinacei</span> <span class='ocrx_word' id='word_1_530' title='bbox 516 2217 600 2246; x_wconf 85' lang='lat' dir='ltr'>cristae</span> <span class='ocrx_word' id='word_1_531' title='bbox 619 2217 766 2251; x_wconf 79' lang='lat' dir='ltr'>similibus,</span> <span class='ocrx_word' id='word_1_532' title='bbox 789 2215 898 2245; x_wconf 86' lang='lat' dir='ltr'>caulem</span> <span class='ocrx_word' id='word_1_533' title='bbox 908 2223 1023 2244; x_wconf 88' lang='lat' dir='ltr'>tenuem</span> <span class='ocrx_word' id='word_1_534' title='bbox 1038 2236 1046 2250; x_wconf 89' lang='lat'>,</span> <span class='ocrx_word' id='word_1_535' title='bbox 1069 2213 1220 2251; x_wconf 86' lang='lat' dir='ltr'>semenque</span> <span class='ocrx_word' id='word_1_536' title='bbox 1231 2213 1343 2249; x_wconf 87' lang='lat' dir='ltr'>nigrum</span> 
     </span>
     <span class='ocr_line' id='line_1_58' title="bbox 216 2250 1343 2294; baseline -0.005 -8"><span class='ocrx_word' id='word_1_537' title='bbox 216 2258 246 2286; x_wconf 90' lang='lat' dir='ltr'>in</span> <span class='ocrx_word' id='word_1_538' title='bbox 259 2257 362 2294; x_wconf 73' lang='lat' dir='ltr'>siliquis</span> <span class='ocrx_word' id='word_1_539' title='bbox 372 2257 484 2285; x_wconf 89' lang='lat' dir='ltr'>habens.</span> <span class='ocrx_word' id='word_1_540' title='bbox 524 2254 628 2284; x_wconf 87' lang='lat' dir='ltr'>Latinis</span> <span class='ocrx_word' id='word_1_541' title='bbox 638 2254 724 2284; x_wconf 87' lang='lat' dir='ltr'>Crista</span> <span class='ocrx_word' id='word_1_542' title='bbox 739 2254 856 2290; x_wconf 78' lang='lat' dir='ltr'>dicitur,</span> <span class='ocrx_word' id='word_1_543' title='bbox 876 2254 944 2283; x_wconf 88' lang='lat' dir='ltr'>teste</span> <span class='ocrx_word' id='word_1_544' title='bbox 958 2252 1028 2283; x_wconf 87' lang='lat' dir='ltr'>Plin.</span> <span class='ocrx_word' id='word_1_545' title='bbox 1038 2252 1087 2282; x_wconf 90' lang='lat' dir='ltr'>lib.</span> <span class='ocrx_word' id='word_1_546' title='bbox 1101 2261 1149 2289; x_wconf 88' lang='lat'>27.</span> <span class='ocrx_word' id='word_1_547' title='bbox 1160 2261 1221 2289; x_wconf 84' lang='lat' dir='ltr'>cap.</span> <span class='ocrx_word' id='word_1_548' title='bbox 1241 2262 1264 2287; x_wconf 86' lang='lat'>5.</span> <span class='ocrx_word' id='word_1_549' title='bbox 1289 2250 1343 2280; x_wconf 86' lang='lat' dir='ltr'>Alii</span> 
     </span>
    </p>
   </div>
   <div class='ocr_carea' id='block_1_13' title="bbox 180 2294 1343 2368">
    <p class='ocr_par' dir='ltr' id='par_1_16' title="bbox 180 2294 1343 2368">
     <span class='ocr_line' id='line_1_59' title="bbox 217 2294 574 2332; baseline -0.006 -8"><span class='ocrx_word' id='word_1_550' title='bbox 217 2294 452 2332; x_wconf 65' lang='lat' dir='ltr'>Aleetorolophen</span> <span class='ocrx_word' id='word_1_551' title='bbox 463 2300 574 2323; x_wconf 91' lang='lat' dir='ltr'>vocant.</span> 
     </span>
     <span class='ocr_line' id='line_1_60' title="bbox 180 2325 1343 2368; baseline -0.006 -4"><span class='ocrx_word' id='word_1_552' title='bbox 180 2334 203 2365; x_wconf 83' lang='lat' dir='ltr'>A</span> <span class='ocrx_word' id='word_1_553' title='bbox 212 2345 228 2362; x_wconf 91' lang='lat' dir='ltr'>L</span> <span class='ocrx_word' id='word_1_554' title='bbox 238 2344 252 2362; x_wconf 82' lang='lat' dir='ltr'>s</span> <span class='ocrx_word' id='word_1_555' title='bbox 262 2343 278 2362; x_wconf 87' lang='lat' dir='ltr'>e</span> <span class='ocrx_word' id='word_1_556' title='bbox 295 2343 307 2361; x_wconf 86' lang='lat' dir='ltr'>r</span> <span class='ocrx_word' id='word_1_557' title='bbox 317 2343 332 2361; x_wconf 82' lang='lat' dir='ltr'>R</span> <span class='ocrx_word' id='word_1_558' title='bbox 342 2343 360 2361; x_wconf 75' lang='lat' dir='ltr'>Y</span> <span class='ocrx_word' id='word_1_559' title='bbox 370 2343 386 2361; x_wconf 95' lang='lat' dir='ltr'>o</span> <span class='ocrx_word' id='word_1_560' title='bbox 399 2343 418 2360; x_wconf 74' lang='lat' dir='ltr'>N</span> <span class='ocrx_word' id='word_1_561' title='bbox 430 2355 438 2367; x_wconf 86' lang='lat'>,</span> <span class='ocrx_word' id='word_1_562' title='bbox 461 2334 475 2368; x_wconf 94' lang='lat'>[</span> <span class='ocrx_word' id='word_1_563' title='bbox 490 2330 646 2366; x_wconf 57' lang='grc' dir='ltr'>Χλεκσξυὼν]</span> <span class='ocrx_word' id='word_1_564' title='bbox 667 2329 834 2360; x_wconf 80' lang='lat' dir='ltr'>Adolescens</span> <span class='ocrx_word' id='word_1_565' title='bbox 846 2329 899 2358; x_wconf 87' lang='lat' dir='ltr'>fuit</span> <span class='ocrx_word' id='word_1_566' title='bbox 908 2350 915 2364; x_wconf 85' lang='lat'><strong>‚</strong></span> <span class='ocrx_word' id='word_1_567' title='bbox 937 2327 1022 2358; x_wconf 87' lang='lat' dir='ltr'>Marti</span> <span class='ocrx_word' id='word_1_568' title='bbox 1036 2327 1106 2357; x_wconf 89' lang='lat' dir='ltr'>adeo</span> <span class='ocrx_word' id='word_1_569' title='bbox 1126 2325 1270 2356; x_wconf 78' lang='lat' dir='ltr'>familiaris</span> <span class='ocrx_word' id='word_1_570' title='bbox 1281 2349 1289 2360; x_wconf 81' lang='lat'>,</span> <span class='ocrx_word' id='word_1_571' title='bbox 1310 2333 1343 2357; x_wconf 88' lang='lat' dir='ltr'>ut</span> 
     </span>
    </p>
   </div>
   <div class='ocr_carea' id='block_1_14' title="bbox 217 2365 1343 2521">
    <p class='ocr_par' dir='ltr' id='par_1_17' title="bbox 217 2365 1343 2521">
     <span class='ocr_line' id='line_1_61' title="bbox 217 2365 1343 2408; baseline -0.004 -8"><span class='ocrx_word' id='word_1_572' title='bbox 217 2370 345 2401; x_wconf 83' lang='lat' dir='ltr'>adulterii</span> <span class='ocrx_word' id='word_1_573' title='bbox 358 2380 412 2408; x_wconf 90' lang='lat' dir='ltr'>quo</span> <span class='ocrx_word' id='word_1_574' title='bbox 424 2370 523 2399; x_wconf 88' lang='lat' dir='ltr'>Veneri</span> <span class='ocrx_word' id='word_1_575' title='bbox 534 2369 581 2398; x_wconf 90' lang='lat' dir='ltr'>ille</span> <span class='ocrx_word' id='word_1_576' title='bbox 593 2368 824 2398; x_wconf 85' lang='lat' dir='ltr'>commiscebatur</span> <span class='ocrx_word' id='word_1_577' title='bbox 837 2389 845 2403; x_wconf 91' lang='lat'>,</span> <span class='ocrx_word' id='word_1_578' title='bbox 868 2366 995 2396; x_wconf 87' lang='lat' dir='ltr'>conscius</span> <span class='ocrx_word' id='word_1_579' title='bbox 1004 2365 1185 2395; x_wconf 85' lang='lat' dir='ltr'>adhiberetur</span> <span class='ocrx_word' id='word_1_580' title='bbox 1195 2387 1202 2400; x_wconf 92' lang='lat'>,</span> <span class='ocrx_word' id='word_1_581' title='bbox 1223 2365 1343 2395; x_wconf 75' lang='lat' dir='ltr'>foribus-</span> 
     </span>
     <span class='ocr_line' id='line_1_62' title="bbox 219 2402 1340 2447; baseline -0.005 -9"><span class='ocrx_word' id='word_1_582' title='bbox 219 2419 273 2447; x_wconf 83' lang='lat' dir='ltr'>que</span> <span class='ocrx_word' id='word_1_583' title='bbox 290 2409 379 2438; x_wconf 88' lang='lat' dir='ltr'>custos</span> <span class='ocrx_word' id='word_1_584' title='bbox 393 2419 408 2437; x_wconf 87' lang='lat' dir='ltr'>a</span> <span class='ocrx_word' id='word_1_585' title='bbox 432 2415 598 2446; x_wconf 85' lang='lat' dir='ltr'>poneretur,</span> <span class='ocrx_word' id='word_1_586' title='bbox 632 2417 668 2436; x_wconf 92' lang='lat' dir='ltr'>ne</span> <span class='ocrx_word' id='word_1_587' title='bbox 691 2406 763 2436; x_wconf 88' lang='lat' dir='ltr'>Solis</span> <span class='ocrx_word' id='word_1_588' title='bbox 774 2406 934 2435; x_wconf 83' lang='lat' dir='ltr'>interventu</span> <span class='ocrx_word' id='word_1_589' title='bbox 953 2403 1210 2442; x_wconf 86' lang='lat' dir='ltr'>deprehenderetur</span> <span class='ocrx_word' id='word_1_590' title='bbox 1223 2402 1340 2433; x_wconf 86' lang='lat' dir='ltr'>adulter.</span> 
     </span>
     <span class='ocr_line' id='line_1_63' title="bbox 218 2418 1343 2483; baseline -0.005 -7"><span class='ocrx_word' id='word_1_591' title='bbox 218 2447 321 2476; x_wconf 88' lang='lat' dir='ltr'>Verum</span> <span class='ocrx_word' id='word_1_592' title='bbox 330 2457 393 2475; x_wconf 83' lang='lat' dir='ltr'>cum</span> <span class='ocrx_word' id='word_1_593' title='bbox 405 2418 451 2475; x_wconf 60' lang='lat' dir='ltr'>ihe</span> <span class='ocrx_word' id='word_1_594' title='bbox 463 2446 559 2475; x_wconf 82' lang='lat' dir='ltr'>somno</span> <span class='ocrx_word' id='word_1_595' title='bbox 572 2444 714 2483; x_wconf 83' lang='lat' dir='ltr'>oppreffus</span> <span class='ocrx_word' id='word_1_596' title='bbox 724 2467 732 2480; x_wconf 92' lang='lat'>,</span> <span class='ocrx_word' id='word_1_597' title='bbox 752 2444 940 2482; x_wconf 78' lang='lat' dir='ltr'>negligentius</span> <span class='ocrx_word' id='word_1_598' title='bbox 952 2442 1084 2472; x_wconf 79' lang='lat' dir='ltr'>excubias</span> <span class='ocrx_word' id='word_1_599' title='bbox 1094 2449 1197 2479; x_wconf 84' lang='lat' dir='ltr'>ageret,</span> <span class='ocrx_word' id='word_1_600' title='bbox 1206 2448 1343 2477; x_wconf 84' lang='lat' dir='ltr'>amantes,</span> 
     </span>
     <span class='ocr_line' id='line_1_64' title="bbox 218 2479 1343 2521; baseline -0.004 -7"><span class='ocrx_word' id='word_1_601' title='bbox 218 2486 278 2521; x_wconf 79' lang='lat' dir='ltr'>ejus</span> <span class='ocrx_word' id='word_1_602' title='bbox 288 2485 388 2513; x_wconf 70' lang='lat' dir='ltr'>fiducia</span> <span class='ocrx_word' id='word_1_603' title='bbox 402 2483 430 2513; x_wconf 90' lang='lat' dir='ltr'>in</span> <span class='ocrx_word' id='word_1_604' title='bbox 444 2490 579 2521; x_wconf 73' lang='lat' dir='ltr'>utrunque</span> <span class='ocrx_word' id='word_1_605' title='bbox 596 2493 690 2512; x_wconf 86' lang='lat' dir='ltr'>aurem</span> <span class='ocrx_word' id='word_1_606' title='bbox 704 2482 893 2517; x_wconf 85' lang='lat' dir='ltr'>dormientes,</span> <span class='ocrx_word' id='word_1_607' title='bbox 923 2491 939 2510; x_wconf 86' lang='lat' dir='ltr'>a</span> <span class='ocrx_word' id='word_1_608' title='bbox 951 2480 1015 2510; x_wconf 87' lang='lat' dir='ltr'>Sole</span> <span class='ocrx_word' id='word_1_609' title='bbox 1033 2479 1197 2518; x_wconf 81' lang='lat' dir='ltr'>deprehensi</span> <span class='ocrx_word' id='word_1_610' title='bbox 1212 2479 1275 2509; x_wconf 90' lang='lat' dir='ltr'>sunt</span> <span class='ocrx_word' id='word_1_611' title='bbox 1285 2502 1293 2515; x_wconf 98' lang='lat'>,</span> <span class='ocrx_word' id='word_1_612' title='bbox 1316 2481 1343 2510; x_wconf 65' lang='lat' dir='ltr'>Sc</span> 
     </span>
    </p>
   </div>
   <div class='ocr_carea' id='block_1_15' title="bbox 218 2517 1346 2561">
    <p class='ocr_par' dir='ltr' id='par_1_18' title="bbox 218 2517 1346 2561">
     <span class='ocr_line' id='line_1_65' title="bbox 218 2517 1346 2561; baseline -0.005 -9"><span class='ocrx_word' id='word_1_613' title='bbox 218 2523 293 2561; x_wconf 87' lang='lat' dir='ltr'>apud</span> <span class='ocrx_word' id='word_1_614' title='bbox 314 2522 466 2552; x_wconf 63' lang='lat' dir='ltr'>Vulcanum</span> <span class='ocrx_word' id='word_1_615' title='bbox 476 2522 570 2557; x_wconf 73' lang='lat' dir='ltr'>delati,</span> <span class='ocrx_word' id='word_1_616' title='bbox 580 2521 766 2550; x_wconf 74' lang='lat' dir='ltr'>adamantinis</span> <span class='ocrx_word' id='word_1_617' title='bbox 777 2521 883 2550; x_wconf 88' lang='lat' dir='ltr'>catenis</span> <span class='ocrx_word' id='word_1_618' title='bbox 897 2518 960 2548; x_wconf 88' lang='lat' dir='ltr'>sunt</span> <span class='ocrx_word' id='word_1_619' title='bbox 973 2518 1113 2556; x_wconf 89' lang='lat' dir='ltr'>impliciti.</span> <span class='ocrx_word' id='word_1_620' title='bbox 1155 2517 1219 2554; x_wconf 83' lang='lat' dir='ltr'>Qua</span> <span class='ocrx_word' id='word_1_621' title='bbox 1231 2518 1266 2547; x_wconf 88' lang='lat' dir='ltr'>de</span> <span class='ocrx_word' id='word_1_622' title='bbox 1279 2528 1346 2547; x_wconf 85' lang='lat' dir='ltr'>cau-</span> 
     </span>
    </p>
   </div>
   <div class='ocr_carea' id='block_1_16' title="bbox 216 2556 1342 2640">
    <p class='ocr_par' dir='ltr' id='par_1_19' title="bbox 216 2556 1342 2640">
     <span class='ocr_line' id='line_1_66' title="bbox 216 2556 1342 2597; baseline -0.004 -7"><span class='ocrx_word' id='word_1_623' title='bbox 216 2561 244 2590; x_wconf 88' lang='lat' dir='ltr'>sa</span> <span class='ocrx_word' id='word_1_624' title='bbox 253 2561 413 2597; x_wconf 81' lang='lat' dir='ltr'>indignatus</span> <span class='ocrx_word' id='word_1_625' title='bbox 421 2560 504 2595; x_wconf 83' lang='lat' dir='ltr'>Mars,</span> <span class='ocrx_word' id='word_1_626' title='bbox 515 2560 707 2597; x_wconf 70' lang='lat' dir='ltr'>Alerftryonem</span> <span class='ocrx_word' id='word_1_627' title='bbox 716 2559 746 2587; x_wconf 91' lang='lat' dir='ltr'>in</span> <span class='ocrx_word' id='word_1_628' title='bbox 755 2568 834 2588; x_wconf 87' lang='lat' dir='ltr'>avem</span> <span class='ocrx_word' id='word_1_629' title='bbox 844 2558 884 2587; x_wconf 94' lang='lat' dir='ltr'>sui</span> <span class='ocrx_word' id='word_1_630' title='bbox 896 2557 1019 2586; x_wconf 87' lang='lat' dir='ltr'>nominis</span> <span class='ocrx_word' id='word_1_631' title='bbox 1033 2556 1246 2591; x_wconf 80' lang='lat' dir='ltr'>transformavit,</span> <span class='ocrx_word' id='word_1_632' title='bbox 1258 2565 1342 2593; x_wconf 90' lang='lat' dir='ltr'>quem</span> 
     </span>
     <span class='ocr_line' id='line_1_67' title="bbox 218 2594 1342 2640; baseline -0.004 -12"><span class='ocrx_word' id='word_1_633' title='bbox 218 2598 329 2628; x_wconf 89' lang='lat' dir='ltr'>Gallum</span> <span class='ocrx_word' id='word_1_634' title='bbox 344 2598 433 2627; x_wconf 87' lang='lat' dir='ltr'>Latini</span> <span class='ocrx_word' id='word_1_635' title='bbox 453 2598 610 2640; x_wconf 74' lang='lat' dir='ltr'>appellant:</span> <span class='ocrx_word' id='word_1_636' title='bbox 634 2598 681 2634; x_wconf 87' lang='lat' dir='ltr'>qui</span> <span class='ocrx_word' id='word_1_637' title='bbox 701 2597 785 2626; x_wconf 87' lang='lat' dir='ltr'>etiarn</span> <span class='ocrx_word' id='word_1_638' title='bbox 804 2596 890 2626; x_wconf 89' lang='lat' dir='ltr'>hodie</span> <span class='ocrx_word' id='word_1_639' title='bbox 914 2595 1014 2625; x_wconf 83' lang='lat' dir='ltr'>veteris</span> <span class='ocrx_word' id='word_1_640' title='bbox 1029 2594 1207 2632; x_wconf 60' lang='lat' dir='ltr'>negligentiae</span> <span class='ocrx_word' id='word_1_641' title='bbox 1223 2604 1342 2630; x_wconf 86' lang='lat' dir='ltr'>memor,</span> 
     </span>
    </p>
   </div>
   <div class='ocr_carea' id='block_1_17' title="bbox 1402 312 2604 2632">
    <p class='ocr_par' dir='ltr' id='par_1_20' title="bbox 1441 312 2560 354">
     <span class='ocr_line' id='line_1_68' title="bbox 1441 312 2560 354; baseline 0.001 -12"><span class='ocrx_word' id='word_1_642' title='bbox 1441 314 1627 352; x_wconf 69' lang='lat' dir='ltr'>possidebant,</span> <span class='ocrx_word' id='word_1_643' title='bbox 1639 313 1667 341; x_wconf 91' lang='lat' dir='ltr'>in</span> <span class='ocrx_word' id='word_1_644' title='bbox 1676 312 1876 349; x_wconf 84' lang='lat' dir='ltr'>Alemanniam,</span> <span class='ocrx_word' id='word_1_645' title='bbox 1886 320 1986 343; x_wconf 65' lang='lat' dir='ltr'>terram</span> <span class='ocrx_word' id='word_1_646' title='bbox 1998 313 2065 342; x_wconf 90' lang='lat' dir='ltr'>olim</span> <span class='ocrx_word' id='word_1_647' title='bbox 2076 315 2141 342; x_wconf 88' lang='lat' dir='ltr'>ineu</span> <span class='ocrx_word' id='word_1_648' title='bbox 2154 319 2209 341; x_wconf 83' lang='lat' dir='ltr'>tam</span> <span class='ocrx_word' id='word_1_649' title='bbox 2221 314 2247 342; x_wconf 70' lang='lat' dir='ltr'>o&amp;</span> <span class='ocrx_word' id='word_1_650' title='bbox 2259 313 2381 352; x_wconf 80' lang='lat' dir='ltr'>asperam</span> <span class='ocrx_word' id='word_1_651' title='bbox 2388 314 2560 354; x_wconf 78' lang='lat' dir='ltr'>confluxisse,</span> 
     </span>
    </p>

    <p class='ocr_par' dir='ltr' id='par_1_21' title="bbox 1443 350 2561 392">
     <span class='ocr_line' id='line_1_69' title="bbox 1443 350 2561 392; baseline 0.002 -12"><span class='ocrx_word' id='word_1_652' title='bbox 1443 359 1475 380; x_wconf 89' lang='lat' dir='ltr'>ut</span> <span class='ocrx_word' id='word_1_653' title='bbox 1486 353 1562 392; x_wconf 54' lang='lat' dir='ltr'>recte</span> <span class='ocrx_word' id='word_1_654' title='bbox 1573 351 1688 379; x_wconf 62' lang='lat' dir='ltr'>&#39;sucinis</span> <span class='ocrx_word' id='word_1_655' title='bbox 1696 351 1731 379; x_wconf 91' lang='lat' dir='ltr'>de</span> <span class='ocrx_word' id='word_1_656' title='bbox 1743 351 1845 381; x_wconf 79' lang='lat' dir='ltr'>Morib.</span> <span class='ocrx_word' id='word_1_657' title='bbox 1859 353 2060 381; x_wconf 76' lang='lat' dir='ltr'>Germanorum</span> <span class='ocrx_word' id='word_1_658' title='bbox 2069 361 2093 380; x_wconf 92' lang='lat' dir='ltr'>c.</span> <span class='ocrx_word' id='word_1_659' title='bbox 2106 361 2131 380; x_wconf 91' lang='lat'>2.</span> <span class='ocrx_word' id='word_1_660' title='bbox 2142 350 2272 388; x_wconf 77' lang='lat' dir='ltr'>disputat,</span> <span class='ocrx_word' id='word_1_661' title='bbox 2284 353 2331 389; x_wconf 90' lang='lat' dir='ltr'>qui</span> <span class='ocrx_word' id='word_1_662' title='bbox 2342 358 2447 387; x_wconf 89' lang='lat' dir='ltr'>contra,</span> <span class='ocrx_word' id='word_1_663' title='bbox 2455 352 2561 390; x_wconf 81' lang='lat' dir='ltr'>indige.</span> 
     </span>
    </p>

    <p class='ocr_par' dir='ltr' id='par_1_22' title="bbox 1444 388 2570 426">
     <span class='ocr_line' id='line_1_70' title="bbox 1444 388 2570 426; baseline 0.002 -8"><span class='ocrx_word' id='word_1_664' title='bbox 1444 399 1493 419; x_wconf 82' lang='lat' dir='ltr'>nas</span> <span class='ocrx_word' id='word_1_665' title='bbox 1503 390 1555 417; x_wconf 74' lang='lat' dir='ltr'>elle</span> <span class='ocrx_word' id='word_1_666' title='bbox 1565 389 1717 417; x_wconf 79' lang='lat' dir='ltr'>Germanos</span> <span class='ocrx_word' id='word_1_667' title='bbox 1733 388 1827 418; x_wconf 87' lang='lat' dir='ltr'>scribit</span> <span class='ocrx_word' id='word_1_668' title='bbox 1835 409 1841 418; x_wconf 84' lang='lat'>.</span> <span class='ocrx_word' id='word_1_669' title='bbox 1861 390 2032 426; x_wconf 80' lang='lat' dir='ltr'>minimeque</span> <span class='ocrx_word' id='word_1_670' title='bbox 2043 389 2157 418; x_wconf 86' lang='lat' dir='ltr'>aliarum</span> <span class='ocrx_word' id='word_1_671' title='bbox 2167 390 2293 425; x_wconf 84' lang='lat' dir='ltr'>gentium</span> <span class='ocrx_word' id='word_1_672' title='bbox 2303 390 2469 419; x_wconf 81' lang='lat' dir='ltr'>adventibus</span> <span class='ocrx_word' id='word_1_673' title='bbox 2479 391 2505 420; x_wconf 88' lang='lat'>&amp;</span> <span class='ocrx_word' id='word_1_674' title='bbox 2513 390 2570 421; x_wconf 88' lang='lat' dir='ltr'>ho..</span> 
     </span>
    </p>

    <p class='ocr_par' dir='ltr' id='par_1_23' title="bbox 1443 423 2570 466">
     <span class='ocr_line' id='line_1_71' title="bbox 1443 423 2570 466; baseline 0.002 -10"><span class='ocrx_word' id='word_1_675' title='bbox 1443 427 1531 464; x_wconf 85' lang='lat' dir='ltr'>spitiis</span> <span class='ocrx_word' id='word_1_676' title='bbox 1540 426 1650 454; x_wconf 78' lang='lat' dir='ltr'>mixros.</span> <span class='ocrx_word' id='word_1_677' title='bbox 1691 426 1787 463; x_wconf 87' lang='lat' dir='ltr'>ltaque</span> <span class='ocrx_word' id='word_1_678' title='bbox 1803 428 1904 457; x_wconf 68' lang='lat' dir='ltr'>ret‘tius</span> <span class='ocrx_word' id='word_1_679' title='bbox 1914 427 2003 456; x_wconf 84' lang='lat' dir='ltr'>multo</span> <span class='ocrx_word' id='word_1_680' title='bbox 2013 427 2136 455; x_wconf 89' lang='lat' dir='ltr'>nominis</span> <span class='ocrx_word' id='word_1_681' title='bbox 2146 428 2225 463; x_wconf 83' lang='lat' dir='ltr'>origo</span> <span class='ocrx_word' id='word_1_682' title='bbox 2239 427 2481 465; x_wconf 73' lang='lat' dir='ltr'>exeommlingua</span> <span class='ocrx_word' id='word_1_683' title='bbox 2494 423 2570 466; x_wconf 55' lang='lat' dir='ltr'>peti.⁴</span> 
     </span>
    </p>

    <p class='ocr_par' dir='ltr' id='par_1_24' title="bbox 1445 463 2563 502">
     <span class='ocr_line' id='line_1_72' title="bbox 1445 463 2563 502; baseline 0.002 -9"><span class='ocrx_word' id='word_1_684' title='bbox 1445 472 1498 493; x_wconf 89' lang='lat' dir='ltr'>tur.</span> <span class='ocrx_word' id='word_1_685' title='bbox 1521 463 1577 493; x_wconf 82' lang='lat' dir='ltr'>lllis</span> <span class='ocrx_word' id='word_1_686' title='bbox 1594 464 1669 492; x_wconf 91' lang='lat' dir='ltr'>enim</span> <span class='ocrx_word' id='word_1_687' title='bbox 1683 473 1701 491; x_wconf 98' lang='lat' dir='ltr'>A</span> <span class='ocrx_word' id='word_1_688' title='bbox 1712 475 1742 499; x_wconf 92' lang='lat' dir='ltr'>L,</span> <span class='ocrx_word' id='word_1_689' title='bbox 1759 471 1848 494; x_wconf 88' lang='lat' dir='ltr'>totum</span> <span class='ocrx_word' id='word_1_690' title='bbox 1860 465 2011 502; x_wconf 77' lang='lat' dir='ltr'>significat,</span> <span class='ocrx_word' id='word_1_691' title='bbox 2030 466 2057 494; x_wconf 72' lang='lat' dir='ltr'>Sc</span> <span class='ocrx_word' id='word_1_692' title='bbox 2077 474 2175 499; x_wconf 87' lang='lat' dir='ltr'>MAN,</span> <span class='ocrx_word' id='word_1_693' title='bbox 2189 465 2298 494; x_wconf 88' lang='lat' dir='ltr'>virum:</span> <span class='ocrx_word' id='word_1_694' title='bbox 2321 470 2353 494; x_wconf 80' lang='lat' dir='ltr'>ut</span> <span class='ocrx_word' id='word_1_695' title='bbox 2370 465 2514 495; x_wconf 79' lang='lat' dir='ltr'>Alemanni</span> <span class='ocrx_word' id='word_1_696' title='bbox 2523 467 2563 497; x_wconf 80' lang='lat' dir='ltr'>di.</span> 
     </span>
    </p>

    <p class='ocr_par' dir='ltr' id='par_1_25' title="bbox 1445 501 2563 545">
     <span class='ocr_line' id='line_1_73' title="bbox 1445 501 2563 545; baseline 0.002 -14"><span class='ocrx_word' id='word_1_697' title='bbox 1445 503 1482 531; x_wconf 75' lang='lat' dir='ltr'>cti</span> <span class='ocrx_word' id='word_1_698' title='bbox 1498 502 1549 545; x_wconf 77' lang='lat' dir='ltr'>sint</span> <span class='ocrx_word' id='word_1_699' title='bbox 1579 501 1632 529; x_wconf 85' lang='lat' dir='ltr'>uali</span> <span class='ocrx_word' id='word_1_700' title='bbox 1643 501 1669 530; x_wconf 91' lang='lat' dir='ltr'>T</span> <span class='ocrx_word' id='word_1_701' title='bbox 1671 502 1710 530; x_wconf 85' lang='lat' dir='ltr'>oti</span> <span class='ocrx_word' id='word_1_702' title='bbox 1719 502 1768 531; x_wconf 84' lang='lat' dir='ltr'>viri</span> <span class='ocrx_word' id='word_1_703' title='bbox 1779 505 1804 532; x_wconf 66' lang='grc' dir='ltr'>ἃ</span> <span class='ocrx_word' id='word_1_704' title='bbox 1815 503 1961 532; x_wconf 69' lang='lat' dir='ltr'>bellatores</span> <span class='ocrx_word' id='word_1_705' title='bbox 1972 502 2116 531; x_wconf 68' lang='lat' dir='ltr'>fortissimi.</span> <span class='ocrx_word' id='word_1_706' title='bbox 2129 501 2180 531; x_wconf 87' lang='lat' dir='ltr'>Cui</span> <span class='ocrx_word' id='word_1_707' title='bbox 2189 503 2227 531; x_wconf 89' lang='lat' dir='ltr'>rei</span> <span class='ocrx_word' id='word_1_708' title='bbox 2238 505 2264 532; x_wconf 70' lang='grc' dir='ltr'>ἃ</span> <span class='ocrx_word' id='word_1_709' title='bbox 2272 503 2326 532; x_wconf 87' lang='lat' dir='ltr'>alia</span> <span class='ocrx_word' id='word_1_710' title='bbox 2337 502 2487 541; x_wconf 87' lang='lat' dir='ltr'>appellatio</span> <span class='ocrx_word' id='word_1_711' title='bbox 2499 514 2563 535; x_wconf 83' lang='lat' dir='ltr'>con.</span> 
     </span>
    </p>

    <p class='ocr_par' dir='ltr' id='par_1_26' title="bbox 1444 539 2564 579">
     <span class='ocr_line' id='line_1_74' title="bbox 1444 539 2564 579; baseline 0.003 -10"><span class='ocrx_word' id='word_1_712' title='bbox 1444 548 1531 569; x_wconf 85' lang='lat' dir='ltr'>vernt.</span> <span class='ocrx_word' id='word_1_713' title='bbox 1591 539 1645 567; x_wconf 75' lang='grc' dir='ltr'>Ῐ11111</span> <span class='ocrx_word' id='word_1_714' title='bbox 1654 540 1728 576; x_wconf 90' lang='lat' dir='ltr'>quod</span> <span class='ocrx_word' id='word_1_715' title='bbox 1743 541 1888 570; x_wconf 86' lang='lat' dir='ltr'>inferiores</span> <span class='ocrx_word' id='word_1_716' title='bbox 1904 541 2034 570; x_wconf 72' lang='lat' dir='ltr'>Germani</span> <span class='ocrx_word' id='word_1_717' title='bbox 2046 540 2145 569; x_wconf 83' lang='lat' dir='ltr'>dicunt</span> <span class='ocrx_word' id='word_1_718' title='bbox 2154 550 2173 568; x_wconf 88' lang='lat' dir='ltr'>A</span> <span class='ocrx_word' id='word_1_719' title='bbox 2184 551 2200 568; x_wconf 90' lang='lat' dir='ltr'>L</span> <span class='ocrx_word' id='word_1_720' title='bbox 2210 562 2217 574; x_wconf 87' lang='lat'>,</span> <span class='ocrx_word' id='word_1_721' title='bbox 2236 541 2290 576; x_wconf 74' lang='lat' dir='ltr'>hoc</span> <span class='ocrx_word' id='word_1_722' title='bbox 2303 541 2456 579; x_wconf 87' lang='lat' dir='ltr'>superiores</span> <span class='ocrx_word' id='word_1_723' title='bbox 2467 542 2564 575; x_wconf 81' lang='lat' dir='ltr'>dicunt</span> 
     </span>
    </p>

    <p class='ocr_par' dir='ltr' id='par_1_27' title="bbox 1446 576 2568 615">
     <span class='ocr_line' id='line_1_75' title="bbox 1446 576 2568 615; baseline 0.003 -9"><span class='ocrx_word' id='word_1_724' title='bbox 1446 588 1465 606; x_wconf 79' lang='lat' dir='ltr'>o</span> <span class='ocrx_word' id='word_1_725' title='bbox 1476 588 1492 605; x_wconf 86' lang='lat' dir='ltr'>A</span> <span class='ocrx_word' id='word_1_726' title='bbox 1503 587 1534 605; x_wconf 81' lang='lat'>1-·.:</span> <span class='ocrx_word' id='word_1_727' title='bbox 1558 576 1688 613; x_wconf 76' lang='lat' dir='ltr'>Utrisque</span> <span class='ocrx_word' id='word_1_728' title='bbox 1699 584 1792 607; x_wconf 89' lang='lat' dir='ltr'>autem</span> <span class='ocrx_word' id='word_1_729' title='bbox 1811 590 1832 607; x_wconf 97' lang='lat' dir='ltr'>M</span> <span class='ocrx_word' id='word_1_730' title='bbox 1842 589 1861 607; x_wconf 82' lang='lat' dir='ltr'>A</span> <span class='ocrx_word' id='word_1_731' title='bbox 1872 588 1908 612; x_wconf 89' lang='lat' dir='ltr'>N,</span> <span class='ocrx_word' id='word_1_732' title='bbox 1928 579 2018 607; x_wconf 90' lang='lat' dir='ltr'>virum</span> <span class='ocrx_word' id='word_1_733' title='bbox 2034 577 2182 615; x_wconf 77' lang='lat' dir='ltr'>significat:</span> <span class='ocrx_word' id='word_1_734' title='bbox 2198 578 2236 607; x_wconf 86' lang='lat' dir='ltr'>ita</span> <span class='ocrx_word' id='word_1_735' title='bbox 2249 584 2280 607; x_wconf 88' lang='lat' dir='ltr'>ut</span> <span class='ocrx_word' id='word_1_736' title='bbox 2289 578 2425 608; x_wconf 87' lang='lat' dir='ltr'>vocabula</span> <span class='ocrx_word' id='word_1_737' title='bbox 2435 576 2568 612; x_wconf 61' lang='lat' dir='ltr'>Germani</span> 
     </span>
    </p>

    <p class='ocr_par' dir='ltr' id='par_1_28' title="bbox 1446 614 2564 657">
     <span class='ocr_line' id='line_1_76' title="bbox 1446 614 2564 657; baseline 0.004 -13"><span class='ocrx_word' id='word_1_738' title='bbox 1446 617 1472 644; x_wconf 66' lang='grc' dir='ltr'><strong>ἃ</strong></span> <span class='ocrx_word' id='word_1_739' title='bbox 1486 614 1639 657; x_wconf 78' lang='lat' dir='ltr'>Alemanni,</span> <span class='ocrx_word' id='word_1_740' title='bbox 1658 615 1777 645; x_wconf 87' lang='lat' dir='ltr'>eandem</span> <span class='ocrx_word' id='word_1_741' title='bbox 1785 616 1842 646; x_wconf 86' lang='lat' dir='ltr'>vim</span> <span class='ocrx_word' id='word_1_742' title='bbox 1854 616 1981 645; x_wconf 77' lang='lat' dir='ltr'>habeant.</span> <span class='ocrx_word' id='word_1_743' title='bbox 2005 616 2071 645; x_wconf 88' lang='lat' dir='ltr'>Non</span> <span class='ocrx_word' id='word_1_744' title='bbox 2087 621 2182 645; x_wconf 83' lang='lat' dir='ltr'>tamen</span> <span class='ocrx_word' id='word_1_745' title='bbox 2192 617 2217 646; x_wconf 71' lang='lat' dir='ltr'>Sc</span> <span class='ocrx_word' id='word_1_746' title='bbox 2231 616 2286 645; x_wconf 91' lang='lat' dir='ltr'>hoc</span> <span class='ocrx_word' id='word_1_747' title='bbox 2300 617 2429 654; x_wconf 89' lang='lat' dir='ltr'>ineptum</span> <span class='ocrx_word' id='word_1_748' title='bbox 2439 617 2476 647; x_wconf 90' lang='lat' dir='ltr'>est</span> <span class='ocrx_word' id='word_1_749' title='bbox 2487 640 2495 653; x_wconf 94' lang='lat'>,</span> <span class='ocrx_word' id='word_1_750' title='bbox 2517 619 2564 650; x_wconf 70' lang='lat' dir='ltr'>Ale</span> 
     </span>
    </p>

    <p class='ocr_par' dir='ltr' id='par_1_29' title="bbox 1445 653 2565 687">
     <span class='ocr_line' id='line_1_77' title="bbox 1445 653 2565 687; baseline 0.002 -5"><span class='ocrx_word' id='word_1_751' title='bbox 1445 662 1564 682; x_wconf 86' lang='lat' dir='ltr'>mannos</span> <span class='ocrx_word' id='word_1_752' title='bbox 1575 653 1664 681; x_wconf 60' lang='lat' dir='ltr'>dictos</span> <span class='ocrx_word' id='word_1_753' title='bbox 1673 653 1726 682; x_wconf 80' lang='lat' dir='ltr'>effe</span> <span class='ocrx_word' id='word_1_754' title='bbox 1742 653 1775 682; x_wconf 75' lang='lat' dir='ltr'>ab</span> <span class='ocrx_word' id='word_1_755' title='bbox 1790 655 1886 683; x_wconf 82' lang='lat' dir='ltr'>usitata</span> <span class='ocrx_word' id='word_1_756' title='bbox 1896 654 1930 682; x_wconf 88' lang='lat' dir='ltr'>ad</span> <span class='ocrx_word' id='word_1_757' title='bbox 1942 655 2073 682; x_wconf 86' lang='lat' dir='ltr'>virtutem</span> <span class='ocrx_word' id='word_1_758' title='bbox 2084 655 2110 683; x_wconf 70' lang='grc' dir='ltr'>ἃ</span> <span class='ocrx_word' id='word_1_759' title='bbox 2124 653 2318 683; x_wconf 83' lang='lat' dir='ltr'>fortitudinem</span> <span class='ocrx_word' id='word_1_760' title='bbox 2332 655 2498 684; x_wconf 84' lang='lat' dir='ltr'>adhortandi</span> <span class='ocrx_word' id='word_1_761' title='bbox 2512 656 2565 687; x_wconf 68' lang='lat' dir='ltr'>fon</span> 
     </span>
    </p>

    <p class='ocr_par' dir='ltr' id='par_1_30' title="bbox 1444 689 2582 809">
     <span class='ocr_line' id='line_1_78' title="bbox 1446 689 2578 733; baseline 0.002 -13"><span class='ocrx_word' id='word_1_762' title='bbox 1446 689 1531 733; x_wconf 72' lang='lat' dir='ltr'>mula,</span> <span class='ocrx_word' id='word_1_763' title='bbox 1540 691 1689 717; x_wconf 65' lang='lat' dir='ltr'>Alsmanner</span> <span class='ocrx_word' id='word_1_764' title='bbox 1699 703 1707 718; x_wconf 94' lang='lat'><em>:</em></span> <span class='ocrx_word' id='word_1_765' title='bbox 1728 691 1782 720; x_wconf 87' lang='lat' dir='ltr'>hoc</span> <span class='ocrx_word' id='word_1_766' title='bbox 1796 692 1833 721; x_wconf 90' lang='lat' dir='ltr'>est</span> <span class='ocrx_word' id='word_1_767' title='bbox 1843 715 1850 727; x_wconf 94' lang='lat'>,</span> <span class='ocrx_word' id='word_1_768' title='bbox 1865 692 1901 721; x_wconf 91' lang='lat' dir='ltr'>Ut</span> <span class='ocrx_word' id='word_1_769' title='bbox 1914 692 1973 727; x_wconf 86' lang='lat' dir='ltr'>viri,</span> <span class='ocrx_word' id='word_1_770' title='bbox 1985 692 2022 721; x_wconf 91' lang='lat' dir='ltr'>Ut</span> <span class='ocrx_word' id='word_1_771' title='bbox 2030 692 2103 720; x_wconf 90' lang='lat' dir='ltr'>viros</span> <span class='ocrx_word' id='word_1_772' title='bbox 2118 691 2208 726; x_wconf 90' lang='lat' dir='ltr'>decet,</span> <span class='ocrx_word' id='word_1_773' title='bbox 2219 692 2362 729; x_wconf 91' lang='lat' dir='ltr'>quomodo</span> <span class='ocrx_word' id='word_1_774' title='bbox 2372 693 2525 723; x_wconf 86' lang='lat' dir='ltr'>etiamnum</span> <span class='ocrx_word' id='word_1_775' title='bbox 2535 696 2564 726; x_wconf 86' lang='lat' dir='ltr'>in</span> <span class='ocrx_word' id='word_1_776' title='bbox 2576 700 2578 702; x_wconf 83' lang='lat'>&#39;</span> 
     </span>
     <span class='ocr_line' id='line_1_79' title="bbox 1444 727 2582 766; baseline 0.005 -10"><span class='ocrx_word' id='word_1_777' title='bbox 1444 727 1547 766; x_wconf 79' lang='lat' dir='ltr'>praelus</span> <span class='ocrx_word' id='word_1_778' title='bbox 1558 727 1612 757; x_wconf 89' lang='lat' dir='ltr'>sese</span> <span class='ocrx_word' id='word_1_779' title='bbox 1621 734 1719 757; x_wconf 90' lang='lat' dir='ltr'>mutuo</span> <span class='ocrx_word' id='word_1_780' title='bbox 1729 729 1917 759; x_wconf 82' lang='lat' dir='ltr'>cohortantur.</span> <span class='ocrx_word' id='word_1_781' title='bbox 1940 730 2093 759; x_wconf 84' lang='lat' dir='ltr'>Germanos</span> <span class='ocrx_word' id='word_1_782' title='bbox 2101 735 2204 764; x_wconf 86' lang='lat' dir='ltr'>autem,</span> <span class='ocrx_word' id='word_1_783' title='bbox 2214 730 2286 766; x_wconf 85' lang='lat' dir='ltr'>quasi</span> <span class='ocrx_word' id='word_1_784' title='bbox 2297 730 2497 761; x_wconf 87' lang='lat' dir='ltr'>Heermannos.</span> <span class='ocrx_word' id='word_1_785' title='bbox 2512 732 2529 762; x_wconf 87' lang='lat' dir='ltr'>i.</span> <span class='ocrx_word' id='word_1_786' title='bbox 2539 742 2564 764; x_wconf 89' lang='lat' dir='ltr'>e.</span> <span class='ocrx_word' id='word_1_787' title='bbox 2579 736 2582 740; x_wconf 91' lang='lat'>&#39;</span> 
     </span>
     <span class='ocr_line' id='line_1_80' title="bbox 1450 767 2567 809; baseline 0.004 -15"><span class='ocrx_word' id='word_1_788' title='bbox 1450 767 1659 809; x_wconf 66' lang='lat' dir='ltr'>Viriexercitus,</span> <span class='ocrx_word' id='word_1_789' title='bbox 1675 767 1727 795; x_wconf 90' lang='lat' dir='ltr'>viri</span> <span class='ocrx_word' id='word_1_790' title='bbox 1736 767 1879 803; x_wconf 86' lang='lat' dir='ltr'>militares,</span> <span class='ocrx_word' id='word_1_791' title='bbox 1888 768 2043 796; x_wconf 73' lang='lat' dir='ltr'>mutatione</span> <span class='ocrx_word' id='word_1_792' title='bbox 2050 767 2078 802; x_wconf 92' lang='lat' dir='ltr'>h,</span> <span class='ocrx_word' id='word_1_793' title='bbox 2100 768 2131 796; x_wconf 91' lang='lat' dir='ltr'>in</span> <span class='ocrx_word' id='word_1_794' title='bbox 2143 777 2178 804; x_wconf 84' lang='lat' dir='ltr'>g·‚</span> <span class='ocrx_word' id='word_1_795' title='bbox 2200 776 2260 804; x_wconf 69' lang='lat' dir='ltr'>quse</span> <span class='ocrx_word' id='word_1_796' title='bbox 2267 768 2305 797; x_wconf 90' lang='lat' dir='ltr'>est</span> <span class='ocrx_word' id='word_1_797' title='bbox 2312 769 2395 797; x_wconf 86' lang='lat' dir='ltr'>etiam</span> <span class='ocrx_word' id='word_1_798' title='bbox 2405 769 2482 806; x_wconf 86' lang='lat' dir='ltr'>origo</span> <span class='ocrx_word' id='word_1_799' title='bbox 2493 776 2567 800; x_wconf 86' lang='lat' dir='ltr'>vete.</span> 
     </span>
    </p>

    <p class='ocr_par' dir='ltr' id='par_1_31' title="bbox 1444 799 2592 847">
     <span class='ocr_line' id='line_1_81' title="bbox 1444 799 2592 847; baseline 0.005 -15"><span class='ocrx_word' id='word_1_800' title='bbox 1444 813 1482 833; x_wconf 83' lang='grc'>113</span> <span class='ocrx_word' id='word_1_801' title='bbox 1494 803 1690 847; x_wconf 80' lang='lat' dir='ltr'>appellationis</span> <span class='ocrx_word' id='word_1_802' title='bbox 1698 805 1892 841; x_wconf 82' lang='lat' dir='ltr'>Hermionum,</span> <span class='ocrx_word' id='word_1_803' title='bbox 1911 815 1971 842; x_wconf 68' lang='lat' dir='ltr'>quse</span> <span class='ocrx_word' id='word_1_804' title='bbox 1983 806 2021 834; x_wconf 87' lang='lat' dir='ltr'>est</span> <span class='ocrx_word' id='word_1_805' title='bbox 2032 805 2106 843; x_wconf 80' lang='lat' dir='ltr'>apud</span> <span class='ocrx_word' id='word_1_806' title='bbox 2122 805 2190 834; x_wconf 92' lang='lat' dir='ltr'>Plin.</span> <span class='ocrx_word' id='word_1_807' title='bbox 2205 805 2222 834; x_wconf 96' lang='lat' dir='ltr'>l.</span> <span class='ocrx_word' id='word_1_808' title='bbox 2235 817 2261 841; x_wconf 91' lang='lat'><strong>4.</strong></span> <span class='ocrx_word' id='word_1_809' title='bbox 2275 815 2298 834; x_wconf 94' lang='lat' dir='ltr'>c.</span> <span class='ocrx_word' id='word_1_810' title='bbox 2314 816 2358 841; x_wconf 87' lang='lat'>14.</span> <span class='ocrx_word' id='word_1_811' title='bbox 2398 799 2575 843; x_wconf 60' lang='lat' dir='ltr'>QuiTacito‘·</span> <span class='ocrx_word' id='word_1_812' title='bbox 2588 807 2592 811; x_wconf 79' lang='grc'><em>“</em></span> 
     </span>
    </p>

    <p class='ocr_par' dir='ltr' id='par_1_32' title="bbox 1447 841 2567 885">
     <span class='ocr_line' id='line_1_82' title="bbox 1447 841 2567 885; baseline 0.004 -16"><span class='ocrx_word' id='word_1_813' title='bbox 1447 841 1644 885; x_wconf 72' lang='lat' dir='ltr'>Herminones.</span> <span class='ocrx_word' id='word_1_814' title='bbox 1692 842 1821 878; x_wconf 89' lang='lat' dir='ltr'>[Falsum</span> <span class='ocrx_word' id='word_1_815' title='bbox 1835 844 1888 879; x_wconf 90' lang='lat' dir='ltr'>est,</span> <span class='ocrx_word' id='word_1_816' title='bbox 1917 843 2040 873; x_wconf 80' lang='lat' dir='ltr'>Asinium</span> <span class='ocrx_word' id='word_1_817' title='bbox 2064 843 2239 879; x_wconf 81' lang='lat' dir='ltr'>Quadratum</span> <span class='ocrx_word' id='word_1_818' title='bbox 2259 843 2410 873; x_wconf 83' lang='lat' dir='ltr'>Alemaniae</span> <span class='ocrx_word' id='word_1_819' title='bbox 2425 854 2531 874; x_wconf 89' lang='lat' dir='ltr'>nomen</span> <span class='ocrx_word' id='word_1_820' title='bbox 2550 857 2567 877; x_wconf 82' lang='lat' dir='ltr'>a</span> 
     </span>
    </p>

    <p class='ocr_par' dir='ltr' id='par_1_33' title="bbox 1446 880 2567 920">
     <span class='ocr_line' id='line_1_83' title="bbox 1446 880 2567 920; baseline 0.004 -12"><span class='ocrx_word' id='word_1_821' title='bbox 1446 889 1584 908; x_wconf 82' lang='lat' dir='ltr'>variarum</span> <span class='ocrx_word' id='word_1_822' title='bbox 1602 880 1726 917; x_wconf 85' lang='lat' dir='ltr'>gentium</span> <span class='ocrx_word' id='word_1_823' title='bbox 1741 881 1901 910; x_wconf 86' lang='lat' dir='ltr'>colluvione</span> <span class='ocrx_word' id='word_1_824' title='bbox 1909 881 2040 911; x_wconf 67' lang='lat' dir='ltr'>arcessere</span> <span class='ocrx_word' id='word_1_825' title='bbox 2052 903 2060 916; x_wconf 93' lang='lat'>,</span> <span class='ocrx_word' id='word_1_826' title='bbox 2078 890 2144 910; x_wconf 88' lang='lat' dir='ltr'>cum</span> <span class='ocrx_word' id='word_1_827' title='bbox 2152 882 2175 910; x_wconf 90' lang='lat' dir='ltr'>is</span> <span class='ocrx_word' id='word_1_828' title='bbox 2191 887 2300 910; x_wconf 90' lang='lat' dir='ltr'>tantum</span> <span class='ocrx_word' id='word_1_829' title='bbox 2311 882 2346 910; x_wconf 90' lang='lat' dir='ltr'>de</span> <span class='ocrx_word' id='word_1_830' title='bbox 2361 882 2468 919; x_wconf 88' lang='lat' dir='ltr'>origine</span> <span class='ocrx_word' id='word_1_831' title='bbox 2479 885 2567 920; x_wconf 81' lang='lat' dir='ltr'>gentis</span> 
     </span>
    </p>

    <p class='ocr_par' dir='ltr' id='par_1_34' title="bbox 1443 917 2566 961">
     <span class='ocr_line' id='line_1_84' title="bbox 1443 917 2566 961; baseline 0.005 -15"><span class='ocrx_word' id='word_1_832' title='bbox 1443 917 1557 960; x_wconf 75' lang='lat' dir='ltr'>locutus</span> <span class='ocrx_word' id='word_1_833' title='bbox 1573 917 1612 953; x_wconf 77' lang='lat' dir='ltr'>sit,</span> <span class='ocrx_word' id='word_1_834' title='bbox 1633 918 1668 947; x_wconf 90' lang='lat' dir='ltr'>de</span> <span class='ocrx_word' id='word_1_835' title='bbox 1682 920 1799 948; x_wconf 90' lang='lat' dir='ltr'>nomine</span> <span class='ocrx_word' id='word_1_836' title='bbox 1809 919 1885 961; x_wconf 85' lang='lat' dir='ltr'>quod</span> <span class='ocrx_word' id='word_1_837' title='bbox 1891 920 2004 949; x_wconf 85' lang='lat' dir='ltr'>additur</span> <span class='ocrx_word' id='word_1_838' title='bbox 2012 919 2046 949; x_wconf 88' lang='lat' dir='ltr'>ab</span> <span class='ocrx_word' id='word_1_839' title='bbox 2056 919 2171 956; x_wconf 85' lang='lat' dir='ltr'>Agathia</span> <span class='ocrx_word' id='word_1_840' title='bbox 2179 919 2354 956; x_wconf 79' lang='lat' dir='ltr'>profectum3</span> <span class='ocrx_word' id='word_1_841' title='bbox 2370 920 2477 950; x_wconf 83' lang='lat' dir='ltr'>tametsi</span> <span class='ocrx_word' id='word_1_842' title='bbox 2484 921 2566 952; x_wconf 85' lang='lat' dir='ltr'>video</span> 
     </span>
    </p>

    <p class='ocr_par' dir='ltr' id='par_1_35' title="bbox 1446 955 2591 998">
     <span class='ocr_line' id='line_1_85' title="bbox 1446 955 2591 998; baseline 0.005 -15"><span class='ocrx_word' id='word_1_843' title='bbox 1446 955 1671 998; x_wconf 77' lang='lat' dir='ltr'>Gmllrmannum</span> <span class='ocrx_word' id='word_1_844' title='bbox 1685 966 1796 994; x_wconf 90' lang='lat' dir='ltr'>quoque</span> <span class='ocrx_word' id='word_1_845' title='bbox 1808 958 1844 986; x_wconf 82' lang='lat' dir='ltr'>lic</span> <span class='ocrx_word' id='word_1_846' title='bbox 1853 957 1997 995; x_wconf 74' lang='lat' dir='ltr'>accepisse.</span> <span class='ocrx_word' id='word_1_847' title='bbox 2585 984 2591 989; x_wconf 97' lang='lat'>.</span> 
     </span>
    </p>

    <p class='ocr_par' dir='ltr' id='par_1_36' title="bbox 1443 993 2590 1062">
     <span class='ocr_line' id='line_1_86' title="bbox 1443 993 2579 1060; baseline 0.005 -39"><span class='ocrx_word' id='word_1_848' title='bbox 1443 993 1686 1060; x_wconf 39' lang='lat' dir='ltr'>Alemaxnnfftialm</span> <span class='ocrx_word' id='word_1_849' title='bbox 1694 995 1864 1024; x_wconf 87' lang='lat' dir='ltr'>vocabantur</span> <span class='ocrx_word' id='word_1_850' title='bbox 1875 995 2021 1026; x_wconf 90' lang='lat' dir='ltr'>Teutones</span> <span class='ocrx_word' id='word_1_851' title='bbox 2035 996 2062 1025; x_wconf 75' lang='grc' dir='ltr'>δι</span> <span class='ocrx_word' id='word_1_852' title='bbox 2072 994 2207 1030; x_wconf 90' lang='lat' dir='ltr'>Teutoni,</span> <span class='ocrx_word' id='word_1_853' title='bbox 2226 1004 2243 1024; x_wconf 91' lang='lat' dir='ltr'>a</span> <span class='ocrx_word' id='word_1_854' title='bbox 2250 994 2383 1024; x_wconf 88' lang='lat' dir='ltr'>Teutone</span> <span class='ocrx_word' id='word_1_855' title='bbox 2391 995 2445 1025; x_wconf 86' lang='lat' dir='ltr'>five</span> <span class='ocrx_word' id='word_1_856' title='bbox 2454 996 2579 1027; x_wconf 68' lang='lat' dir='ltr'>Tuiseo-&#39;²</span> 
     </span>
     <span class='ocr_line' id='line_1_87' title="bbox 1464 1041 2590 1062; baseline 0.004 -2"><span class='ocrx_word' id='word_1_857' title='bbox 1464 1041 1509 1060; x_wconf 86' lang='lat' dir='ltr'>ne.</span> <span class='ocrx_word' id='word_1_858' title='bbox 1557 1054 1564 1060; x_wconf 93' lang='lat'>.</span> <span class='ocrx_word' id='word_1_859' title='bbox 1598 1041 1634 1060; x_wconf 92' lang='lat' dir='ltr'>uo</span> <span class='ocrx_word' id='word_1_860' title='bbox 1662 1041 1723 1062; x_wconf 90' lang='lat' dir='ltr'>oco.</span> <span class='ocrx_word' id='word_1_861' title='bbox 2588 1042 2590 1051; x_wconf 80' lang='lat'><strong>¹</strong></span> 
     </span>
    </p>

    <p class='ocr_par' dir='ltr' id='par_1_37' title="bbox 1406 1063 2589 1185">
     <span class='ocr_line' id='line_1_88' title="bbox 1406 1063 2589 1112; baseline 0.001 -13"><span class='ocrx_word' id='word_1_862' title='bbox 1406 1069 1429 1099; x_wconf 85' lang='lat' dir='ltr'>A</span> <span class='ocrx_word' id='word_1_863' title='bbox 1438 1080 1454 1098; x_wconf 92' lang='lat' dir='ltr'>L</span> <span class='ocrx_word' id='word_1_864' title='bbox 1463 1079 1477 1098; x_wconf 73' lang='lat' dir='ltr'>a</span> <span class='ocrx_word' id='word_1_865' title='bbox 1486 1080 1507 1098; x_wconf 92' lang='lat' dir='ltr'>M</span> <span class='ocrx_word' id='word_1_866' title='bbox 1516 1079 1535 1098; x_wconf 90' lang='lat' dir='ltr'>A</span> <span class='ocrx_word' id='word_1_867' title='bbox 1544 1079 1565 1098; x_wconf 98' lang='lat' dir='ltr'>N</span> <span class='ocrx_word' id='word_1_868' title='bbox 1573 1079 1592 1098; x_wconf 95' lang='lat' dir='ltr'>N</span> <span class='ocrx_word' id='word_1_869' title='bbox 1601 1071 1614 1098; x_wconf 72' lang='lat' dir='ltr'><strong>f</strong></span> <span class='ocrx_word' id='word_1_870' title='bbox 1622 1079 1639 1098; x_wconf 92' lang='lat' dir='ltr'>c</span> <span class='ocrx_word' id='word_1_871' title='bbox 1648 1080 1667 1098; x_wconf 85' lang='lat' dir='ltr'>u</span> <span class='ocrx_word' id='word_1_872' title='bbox 1676 1079 1702 1112; x_wconf 78' lang='lat' dir='ltr'>s,</span> <span class='ocrx_word' id='word_1_873' title='bbox 1724 1080 1740 1099; x_wconf 88' lang='lat' dir='ltr'>a</span> <span class='ocrx_word' id='word_1_874' title='bbox 1749 1093 1757 1106; x_wconf 95' lang='lat'>,</span> <span class='ocrx_word' id='word_1_875' title='bbox 1782 1080 1839 1100; x_wconf 91' lang='lat' dir='ltr'>um.</span> <span class='ocrx_word' id='word_1_876' title='bbox 1861 1070 1921 1106; x_wconf 88' lang='lat' dir='ltr'>Adj.</span> <span class='ocrx_word' id='word_1_877' title='bbox 1944 1076 1976 1100; x_wconf 85' lang='lat' dir='ltr'>ut</span> <span class='ocrx_word' id='word_1_878' title='bbox 1988 1093 1996 1106; x_wconf 92' lang='lat'>,</span> <span class='ocrx_word' id='word_1_879' title='bbox 2020 1071 2157 1101; x_wconf 86' lang='lat' dir='ltr'>Tentoria</span> <span class='ocrx_word' id='word_1_880' title='bbox 2178 1069 2366 1101; x_wconf 85' lang='lat' dir='ltr'>Alemannica.</span> <span class='ocrx_word' id='word_1_881' title='bbox 2387 1071 2478 1101; x_wconf 85' lang='lat' dir='ltr'>Amm.</span> <span class='ocrx_word' id='word_1_882' title='bbox 2496 1063 2589 1103; x_wconf 48' lang='lat' dir='ltr'>Mara*</span> 
     </span>
     <span class='ocr_line' id='line_1_89' title="bbox 1446 1106 2584 1147; baseline 0.005 -12"><span class='ocrx_word' id='word_1_883' title='bbox 1446 1106 1509 1136; x_wconf 87' lang='lat' dir='ltr'>cell.</span> <span class='ocrx_word' id='word_1_884' title='bbox 1530 1116 1575 1144; x_wconf 87' lang='lat'>27.</span> <span class='ocrx_word' id='word_1_885' title='bbox 1596 1117 1620 1144; x_wconf 90' lang='lat'><strong>3.</strong></span> <span class='ocrx_word' id='word_1_886' title='bbox 1641 1107 1792 1138; x_wconf 83' lang='lat' dir='ltr'>Tributum</span> <span class='ocrx_word' id='word_1_887' title='bbox 1812 1107 2033 1138; x_wconf 82' lang='lat' dir='ltr'>Alemannicum.</span> <span class='ocrx_word' id='word_1_888' title='bbox 2056 1109 2149 1139; x_wconf 90' lang='lat' dir='ltr'>Nicet.</span> <span class='ocrx_word' id='word_1_889' title='bbox 2166 1108 2243 1138; x_wconf 79' lang='lat' dir='ltr'>Alex.</span> <span class='ocrx_word' id='word_1_890' title='bbox 2265 1120 2289 1139; x_wconf 92' lang='lat'>1.</span> <span class='ocrx_word' id='word_1_891' title='bbox 2337 1108 2369 1138; x_wconf 91' lang='lat' dir='ltr'><strong>V.</strong></span> <span class='ocrx_word' id='word_1_892' title='bbox 2396 1109 2511 1147; x_wconf 86' lang='lat' dir='ltr'>Buleng.</span> <span class='ocrx_word' id='word_1_893' title='bbox 2533 1106 2584 1141; x_wconf 60' lang='lat' dir='ltr'>de*</span> 
     </span>
     <span class='ocr_line' id='line_1_90' title="bbox 1444 1145 2085 1185; baseline 0 -11"><span class='ocrx_word' id='word_1_894' title='bbox 1444 1145 1549 1183; x_wconf 56' lang='lat' dir='ltr'>Vec‘tig.</span> <span class='ocrx_word' id='word_1_895' title='bbox 1564 1155 1625 1183; x_wconf 87' lang='lat' dir='ltr'>cap.</span> <span class='ocrx_word' id='word_1_896' title='bbox 1639 1151 1683 1182; x_wconf 81' lang='lat'>84.</span> <span class='ocrx_word' id='word_1_897' title='bbox 1706 1146 1816 1176; x_wconf 89' lang='lat' dir='ltr'>Gruteri</span> <span class='ocrx_word' id='word_1_898' title='bbox 1832 1146 1914 1176; x_wconf 89' lang='lat' dir='ltr'>Inscr.</span> <span class='ocrx_word' id='word_1_899' title='bbox 1930 1146 1977 1175; x_wconf 88' lang='lat' dir='ltr'>ubi</span> <span class='ocrx_word' id='word_1_900' title='bbox 1997 1147 2085 1185; x_wconf 91' lang='lat' dir='ltr'>supra.</span> 
     </span>
    </p>

    <p class='ocr_par' dir='ltr' id='par_1_38' title="bbox 1407 1183 2579 1298">
     <span class='ocr_line' id='line_1_91' title="bbox 1407 1183 2574 1223; baseline 0.001 -11"><span class='ocrx_word' id='word_1_901' title='bbox 1407 1184 1430 1213; x_wconf 81' lang='lat' dir='ltr'>A</span> <span class='ocrx_word' id='word_1_902' title='bbox 1438 1194 1454 1212; x_wconf 87' lang='grc'>1.</span> <span class='ocrx_word' id='word_1_903' title='bbox 1466 1193 1480 1212; x_wconf 79' lang='lat' dir='ltr'>s</span> <span class='ocrx_word' id='word_1_904' title='bbox 1488 1194 1510 1212; x_wconf 79' lang='lat' dir='ltr'>M</span> <span class='ocrx_word' id='word_1_905' title='bbox 1519 1194 1538 1212; x_wconf 84' lang='lat' dir='ltr'>A</span> <span class='ocrx_word' id='word_1_906' title='bbox 1548 1193 1567 1212; x_wconf 93' lang='lat' dir='ltr'>N</span> <span class='ocrx_word' id='word_1_907' title='bbox 1577 1193 1599 1212; x_wconf 87' lang='lat' dir='ltr'>N</span> <span class='ocrx_word' id='word_1_908' title='bbox 1609 1194 1627 1212; x_wconf 83' lang='lat' dir='ltr'><strong>U</strong></span> <span class='ocrx_word' id='word_1_909' title='bbox 1638 1194 1650 1213; x_wconf 89' lang='lat' dir='ltr'>s</span> <span class='ocrx_word' id='word_1_910' title='bbox 1661 1206 1669 1219; x_wconf 94' lang='lat'>,</span> <span class='ocrx_word' id='word_1_911' title='bbox 1694 1183 1808 1214; x_wconf 75' lang='lat' dir='ltr'>Flavius</span> <span class='ocrx_word' id='word_1_912' title='bbox 1816 1185 1892 1222; x_wconf 88' lang='lat' dir='ltr'>apud</span> <span class='ocrx_word' id='word_1_913' title='bbox 1903 1185 2007 1222; x_wconf 84' lang='lat' dir='ltr'>Rylios,</span> <span class='ocrx_word' id='word_1_914' title='bbox 2023 1185 2159 1222; x_wconf 88' lang='lat' dir='ltr'>originem</span> <span class='ocrx_word' id='word_1_915' title='bbox 2168 1194 2183 1213; x_wconf 91' lang='lat' dir='ltr'>a</span> <span class='ocrx_word' id='word_1_916' title='bbox 2194 1184 2290 1214; x_wconf 88' lang='lat' dir='ltr'>Rubro</span> <span class='ocrx_word' id='word_1_917' title='bbox 2302 1184 2387 1213; x_wconf 86' lang='lat' dir='ltr'>castro</span> <span class='ocrx_word' id='word_1_918' title='bbox 2400 1185 2574 1223; x_wconf 72' lang='lat' dir='ltr'>(Rotenburg)</span> 
     </span>
     <span class='ocr_line' id='line_1_92' title="bbox 1444 1221 2568 1261; baseline 0.004 -11"><span class='ocrx_word' id='word_1_919' title='bbox 1444 1221 1568 1251; x_wconf 85' lang='lat' dir='ltr'>trahens.</span> <span class='ocrx_word' id='word_1_920' title='bbox 1606 1221 1660 1251; x_wconf 88' lang='lat' dir='ltr'>Hic</span> <span class='ocrx_word' id='word_1_921' title='bbox 1675 1222 1710 1251; x_wconf 88' lang='lat' dir='ltr'>ad</span> <span class='ocrx_word' id='word_1_922' title='bbox 1719 1223 1831 1250; x_wconf 69' lang='lat' dir='ltr'>Kelheiw</span> <span class='ocrx_word' id='word_1_923' title='bbox 1846 1224 1985 1261; x_wconf 84' lang='lat' dir='ltr'>oppidum</span> <span class='ocrx_word' id='word_1_924' title='bbox 1996 1224 2120 1261; x_wconf 87' lang='lat' dir='ltr'>jungitur</span> <span class='ocrx_word' id='word_1_925' title='bbox 2130 1222 2270 1252; x_wconf 85' lang='lat' dir='ltr'>Danubio.</span> <span class='ocrx_word' id='word_1_926' title='bbox 2303 1221 2390 1260; x_wconf 88' lang='lat' dir='ltr'>Vulgo</span> <span class='ocrx_word' id='word_1_927' title='bbox 2412 1224 2517 1252; x_wconf 84' lang='lat' dir='ltr'>Atmola</span> <span class='ocrx_word' id='word_1_928' title='bbox 2526 1223 2568 1254; x_wconf 85' lang='lat' dir='ltr'>vel</span> 
     </span>
     <span class='ocr_line' id='line_1_93' title="bbox 1448 1258 2579 1298; baseline 0.004 -12"><span class='ocrx_word' id='word_1_929' title='bbox 1448 1260 1538 1298; x_wconf 78' lang='lat' dir='ltr'>Atmyl</span> <span class='ocrx_word' id='word_1_930' title='bbox 1553 1259 1717 1297; x_wconf 76' lang='lat' dir='ltr'>appellatur.</span> <span class='ocrx_word' id='word_1_931' title='bbox 1740 1259 1805 1289; x_wconf 88' lang='lat' dir='ltr'>Cale</span> <span class='ocrx_word' id='word_1_932' title='bbox 1827 1261 1866 1290; x_wconf 88' lang='lat' dir='ltr'>in.</span> <span class='ocrx_word' id='word_1_933' title='bbox 2565 1258 2579 1278; x_wconf 63' lang='grc'>’·</span> 
     </span>
    </p>

    <p class='ocr_par' dir='ltr' id='par_1_39' title="bbox 1406 1297 2566 1375">
     <span class='ocr_line' id='line_1_94' title="bbox 1406 1297 2566 1334; baseline 0.001 -6"><span class='ocrx_word' id='word_1_934' title='bbox 1406 1297 1455 1328; x_wconf 79' lang='lat' dir='ltr'>AL</span> <span class='ocrx_word' id='word_1_935' title='bbox 1466 1299 1580 1326; x_wconf 66' lang='lat' dir='ltr'>EMB‘J‘C</span> <span class='ocrx_word' id='word_1_936' title='bbox 1591 1307 1609 1326; x_wconf 83' lang='grc' dir='ltr'><em>υ</em></span> <span class='ocrx_word' id='word_1_937' title='bbox 1620 1309 1641 1327; x_wconf 86' lang='grc' dir='ltr'><strong><em>Μ</em></strong></span> <span class='ocrx_word' id='word_1_938' title='bbox 1654 1320 1662 1334; x_wconf 83' lang='grc'><em>,</em></span> <span class='ocrx_word' id='word_1_939' title='bbox 1683 1298 1701 1327; x_wconf 93' lang='lat' dir='ltr'>i.</span> <span class='ocrx_word' id='word_1_940' title='bbox 1723 1307 1750 1328; x_wconf 93' lang='lat' dir='ltr'>n.</span> <span class='ocrx_word' id='word_1_941' title='bbox 1773 1308 1805 1328; x_wconf 88' lang='lat' dir='ltr'>ve</span> <span class='ocrx_word' id='word_1_942' title='bbox 1837 1300 2074 1334; x_wconf 72' lang='lat' dir='ltr'>ALEMsfcus,</span> <span class='ocrx_word' id='word_1_943' title='bbox 2096 1299 2115 1327; x_wconf 92' lang='lat' dir='ltr'>i.</span> <span class='ocrx_word' id='word_1_944' title='bbox 2136 1307 2175 1327; x_wconf 92' lang='lat' dir='ltr'>m.</span> <span class='ocrx_word' id='word_1_945' title='bbox 2199 1297 2253 1328; x_wconf 87' lang='lat' dir='ltr'>Vas</span> <span class='ocrx_word' id='word_1_946' title='bbox 2267 1297 2479 1329; x_wconf 85' lang='lat' dir='ltr'>distillatorium.</span> <span class='ocrx_word' id='word_1_947' title='bbox 2504 1298 2566 1331; x_wconf 84' lang='lat' dir='ltr'>vid.</span> 
     </span>
     <span class='ocr_line' id='line_1_95' title="bbox 1446 1335 1946 1375; baseline 0.004 -11"><span class='ocrx_word' id='word_1_948' title='bbox 1446 1335 1554 1364; x_wconf 91' lang='lat' dir='ltr'>Reines.</span> <span class='ocrx_word' id='word_1_949' title='bbox 1579 1335 1652 1366; x_wconf 88' lang='lat' dir='ltr'>Varr.</span> <span class='ocrx_word' id='word_1_950' title='bbox 1663 1336 1737 1365; x_wconf 63' lang='lat' dir='ltr'>Le&amp;</span> <span class='ocrx_word' id='word_1_951' title='bbox 1749 1346 1775 1373; x_wconf 84' lang='lat'>3.</span> <span class='ocrx_word' id='word_1_952' title='bbox 1791 1342 1833 1370; x_wconf 83' lang='lat'>18·</span> <span class='ocrx_word' id='word_1_953' title='bbox 1843 1347 1870 1375; x_wconf 90' lang='lat' dir='ltr'>p.</span> <span class='ocrx_word' id='word_1_954' title='bbox 1882 1341 1946 1371; x_wconf 88' lang='lat'>668.</span> 
     </span>
    </p>

    <p class='ocr_par' dir='ltr' id='par_1_40' title="bbox 1406 1374 2458 1412">
     <span class='ocr_line' id='line_1_96' title="bbox 1406 1374 2458 1412; baseline 0.001 -10"><span class='ocrx_word' id='word_1_955' title='bbox 1406 1374 1430 1403; x_wconf 81' lang='lat' dir='ltr'>A</span> <span class='ocrx_word' id='word_1_956' title='bbox 1438 1384 1454 1402; x_wconf 87' lang='lat' dir='ltr'>L</span> <span class='ocrx_word' id='word_1_957' title='bbox 1462 1376 1479 1402; x_wconf 70' lang='grc' dir='ltr'><strong>ἓ</strong></span> <span class='ocrx_word' id='word_1_958' title='bbox 1488 1384 1509 1402; x_wconf 88' lang='grc' dir='ltr'><strong><em>Μ</em></strong></span> <span class='ocrx_word' id='word_1_959' title='bbox 1518 1383 1535 1402; x_wconf 97' lang='lat' dir='ltr'>o</span> <span class='ocrx_word' id='word_1_960' title='bbox 1544 1383 1565 1402; x_wconf 88' lang='lat' dir='ltr'>N</span> <span class='ocrx_word' id='word_1_961' title='bbox 1575 1395 1583 1409; x_wconf 82' lang='lat'><strong>‚</strong></span> <span class='ocrx_word' id='word_1_962' title='bbox 1605 1375 1675 1404; x_wconf 74' lang='lat' dir='ltr'>onis.</span> <span class='ocrx_word' id='word_1_963' title='bbox 1697 1384 1735 1403; x_wconf 91' lang='lat' dir='ltr'>m.</span> <span class='ocrx_word' id='word_1_964' title='bbox 1756 1375 1834 1404; x_wconf 87' lang='lat' dir='ltr'>Pater</span> <span class='ocrx_word' id='word_1_965' title='bbox 1843 1374 1968 1412; x_wconf 82' lang='lat' dir='ltr'>Myscelli</span> <span class='ocrx_word' id='word_1_966' title='bbox 1980 1375 2027 1411; x_wconf 88' lang='lat' dir='ltr'>qui</span> <span class='ocrx_word' id='word_1_967' title='bbox 2041 1374 2194 1404; x_wconf 88' lang='lat' dir='ltr'>Crotonem</span> <span class='ocrx_word' id='word_1_968' title='bbox 2204 1374 2341 1403; x_wconf 89' lang='lat' dir='ltr'>condidit.</span> <span class='ocrx_word' id='word_1_969' title='bbox 2383 1374 2458 1403; x_wconf 89' lang='lat' dir='ltr'>Hine</span> 
     </span>
    </p>

    <p class='ocr_par' dir='ltr' id='par_1_41' title="bbox 1405 1412 2594 1451">
     <span class='ocr_line' id='line_1_97' title="bbox 1405 1412 2594 1451; baseline 0.001 -11"><span class='ocrx_word' id='word_1_970' title='bbox 1405 1412 1477 1441; x_wconf 73' lang='lat' dir='ltr'>ALE</span> <span class='ocrx_word' id='word_1_971' title='bbox 1487 1421 1534 1440; x_wconf 86' lang='lat' dir='ltr'>M0</span> <span class='ocrx_word' id='word_1_972' title='bbox 1544 1414 1613 1440; x_wconf 79' lang='grc' dir='ltr'>Νῐῡ</span> <span class='ocrx_word' id='word_1_973' title='bbox 1623 1422 1656 1441; x_wconf 84' lang='lat' dir='ltr'>ss</span> <span class='ocrx_word' id='word_1_974' title='bbox 1667 1434 1675 1448; x_wconf 82' lang='lat'>,</span> <span class='ocrx_word' id='word_1_975' title='bbox 1696 1422 1727 1442; x_wconf 87' lang='lat' dir='ltr'>ae.</span> <span class='ocrx_word' id='word_1_976' title='bbox 1749 1422 1786 1442; x_wconf 91' lang='lat' dir='ltr'>m.</span> <span class='ocrx_word' id='word_1_977' title='bbox 1807 1412 1865 1451; x_wconf 86' lang='lat' dir='ltr'>ipse</span> <span class='ocrx_word' id='word_1_978' title='bbox 1881 1412 2038 1450; x_wconf 70' lang='lat' dir='ltr'>Myscellus.</span> <span class='ocrx_word' id='word_1_979' title='bbox 2080 1412 2110 1441; x_wconf 94' lang='lat' dir='ltr'>V.</span> <span class='ocrx_word' id='word_1_980' title='bbox 2133 1412 2217 1442; x_wconf 83' lang='lat' dir='ltr'>Ovid.</span> <span class='ocrx_word' id='word_1_981' title='bbox 2233 1422 2275 1448; x_wconf 82' lang='lat'>15.</span> <span class='ocrx_word' id='word_1_982' title='bbox 2298 1413 2367 1442; x_wconf 85' lang='lat' dir='ltr'>Met.</span> <span class='ocrx_word' id='word_1_983' title='bbox 2383 1422 2426 1447; x_wconf 89' lang='lat'>19.</span> <span class='ocrx_word' id='word_1_984' title='bbox 2448 1413 2528 1441; x_wconf 85' lang='lat'>&amp;26.</span> <span class='ocrx_word' id='word_1_985' title='bbox 2554 1431 2557 1434; x_wconf 61' lang='lat'>&lt;</span> <span class='ocrx_word' id='word_1_986' title='bbox 2589 1430 2594 1434; x_wconf 90' lang='lat'>·</span> 
     </span>
    </p>

    <p class='ocr_par' dir='ltr' id='par_1_42' title="bbox 1407 1449 2588 1524">
     <span class='ocr_line' id='line_1_98' title="bbox 1407 1449 2588 1488; baseline 0.002 -10"><span class='ocrx_word' id='word_1_987' title='bbox 1407 1449 1429 1479; x_wconf 85' lang='grc' dir='ltr'><strong>Δ</strong></span> <span class='ocrx_word' id='word_1_988' title='bbox 1438 1460 1454 1478; x_wconf 85' lang='lat' dir='ltr'>L</span> <span class='ocrx_word' id='word_1_989' title='bbox 1463 1451 1508 1478; x_wconf 72' lang='lat' dir='ltr'>f-:M</span> <span class='ocrx_word' id='word_1_990' title='bbox 1518 1453 1535 1479; x_wconf 82' lang='lat'><em>6</em></span> <span class='ocrx_word' id='word_1_991' title='bbox 1546 1459 1566 1478; x_wconf 87' lang='grc' dir='ltr'>Ν</span> <span class='ocrx_word' id='word_1_992' title='bbox 1575 1459 1594 1478; x_wconf 84' lang='lat' dir='ltr'>A</span> <span class='ocrx_word' id='word_1_993' title='bbox 1611 1472 1618 1485; x_wconf 88' lang='lat'>‚</span> <span class='ocrx_word' id='word_1_994' title='bbox 1640 1460 1670 1480; x_wconf 83' lang='lat' dir='ltr'>ae.</span> <span class='ocrx_word' id='word_1_995' title='bbox 1692 1450 1711 1479; x_wconf 89' lang='lat' dir='ltr'>f.</span> <span class='ocrx_word' id='word_1_996' title='bbox 1734 1450 1793 1480; x_wconf 86' lang='lat' dir='ltr'>Dea</span> <span class='ocrx_word' id='word_1_997' title='bbox 1803 1472 1811 1486; x_wconf 85' lang='lat'>,</span> <span class='ocrx_word' id='word_1_998' title='bbox 1840 1451 1875 1479; x_wconf 82' lang='lat' dir='ltr'>de</span> <span class='ocrx_word' id='word_1_999' title='bbox 1886 1461 1939 1488; x_wconf 83' lang='lat' dir='ltr'>qua</span> <span class='ocrx_word' id='word_1_1000' title='bbox 1949 1449 2067 1481; x_wconf 87' lang='lat' dir='ltr'>Tertull.</span> <span class='ocrx_word' id='word_1_1001' title='bbox 2090 1450 2125 1478; x_wconf 90' lang='lat' dir='ltr'>de</span> <span class='ocrx_word' id='word_1_1002' title='bbox 2137 1451 2227 1479; x_wconf 84' lang='lat' dir='ltr'>Anim.</span> <span class='ocrx_word' id='word_1_1003' title='bbox 2239 1460 2263 1479; x_wconf 90' lang='lat' dir='ltr'>c.</span> <span class='ocrx_word' id='word_1_1004' title='bbox 2277 1459 2320 1487; x_wconf 88' lang='lat'><strong>37.</strong></span> <span class='ocrx_word' id='word_1_1005' title='bbox 2342 1449 2505 1488; x_wconf 89' lang='lat' dir='ltr'>Superstitio</span> <span class='ocrx_word' id='word_1_1006' title='bbox 2516 1449 2588 1483; x_wconf 51' lang='lat' dir='ltr'>Roqs</span> 
     </span>
     <span class='ocr_line' id='line_1_99' title="bbox 1445 1487 2251 1524; baseline 0 -8"><span class='ocrx_word' id='word_1_1007' title='bbox 1445 1497 1529 1516; x_wconf 84' lang='lat' dir='ltr'>mana</span> <span class='ocrx_word' id='word_1_1008' title='bbox 1537 1487 1626 1517; x_wconf 86' lang='lat' dir='ltr'>Deam</span> <span class='ocrx_word' id='word_1_1009' title='bbox 1638 1488 1719 1517; x_wconf 83' lang='lat' dir='ltr'>finxit</span> <span class='ocrx_word' id='word_1_1010' title='bbox 1732 1487 1904 1524; x_wconf 78' lang='lat' dir='ltr'>Alemonam,</span> <span class='ocrx_word' id='word_1_1011' title='bbox 1924 1489 2018 1518; x_wconf 86' lang='lat' dir='ltr'>alendi</span> <span class='ocrx_word' id='word_1_1012' title='bbox 2027 1490 2056 1517; x_wconf 89' lang='lat' dir='ltr'>in</span> <span class='ocrx_word' id='word_1_1013' title='bbox 2064 1495 2144 1517; x_wconf 87' lang='lat' dir='ltr'>utero</span> <span class='ocrx_word' id='word_1_1014' title='bbox 2158 1487 2251 1517; x_wconf 85' lang='lat' dir='ltr'>foetus.</span> 
     </span>
    </p>

    <p class='ocr_par' dir='ltr' id='par_1_43' title="bbox 1406 1525 2577 1602">
     <span class='ocr_line' id='line_1_100' title="bbox 1406 1525 2568 1565; baseline 0.001 -9"><span class='ocrx_word' id='word_1_1015' title='bbox 1406 1525 1429 1556; x_wconf 83' lang='lat' dir='ltr'>A</span> <span class='ocrx_word' id='word_1_1016' title='bbox 1438 1536 1454 1554; x_wconf 95' lang='lat' dir='ltr'>L</span> <span class='ocrx_word' id='word_1_1017' title='bbox 1464 1536 1478 1554; x_wconf 74' lang='lat' dir='ltr'>s</span> <span class='ocrx_word' id='word_1_1018' title='bbox 1486 1537 1508 1554; x_wconf 90' lang='lat' dir='ltr'>M</span> <span class='ocrx_word' id='word_1_1019' title='bbox 1518 1536 1536 1554; x_wconf 84' lang='lat' dir='ltr'>u</span> <span class='ocrx_word' id='word_1_1020' title='bbox 1545 1535 1557 1554; x_wconf 93' lang='lat' dir='ltr'>s</span> <span class='ocrx_word' id='word_1_1021' title='bbox 1569 1537 1578 1554; x_wconf 88' lang='lat'>1</span> <span class='ocrx_word' id='word_1_1022' title='bbox 1587 1537 1596 1554; x_wconf 86' lang='lat'>1</span> <span class='ocrx_word' id='word_1_1023' title='bbox 1606 1548 1614 1562; x_wconf 84' lang='lat'><strong>‚</strong></span> <span class='ocrx_word' id='word_1_1024' title='bbox 1636 1527 1732 1556; x_wconf 84' lang='lat' dir='ltr'>Atticae</span> <span class='ocrx_word' id='word_1_1025' title='bbox 1744 1526 1860 1565; x_wconf 90' lang='lat' dir='ltr'>populi,</span> <span class='ocrx_word' id='word_1_1026' title='bbox 1882 1528 1958 1565; x_wconf 83' lang='lat' dir='ltr'>apud</span> <span class='ocrx_word' id='word_1_1027' title='bbox 1972 1536 2041 1564; x_wconf 84' lang='lat' dir='ltr'>quos</span> <span class='ocrx_word' id='word_1_1028' title='bbox 2052 1527 2091 1556; x_wconf 88' lang='lat' dir='ltr'>est</span> <span class='ocrx_word' id='word_1_1029' title='bbox 2101 1526 2209 1555; x_wconf 86' lang='lat' dir='ltr'>Cereris</span> <span class='ocrx_word' id='word_1_1030' title='bbox 2219 1525 2340 1563; x_wconf 86' lang='lat' dir='ltr'>legiferae</span> <span class='ocrx_word' id='word_1_1031' title='bbox 2355 1534 2387 1555; x_wconf 83' lang='lat' dir='ltr'>ac</span> <span class='ocrx_word' id='word_1_1032' title='bbox 2402 1525 2568 1564; x_wconf 77' lang='lat' dir='ltr'>Proserpinae</span> 
     </span>
     <span class='ocr_line' id='line_1_101' title="bbox 1443 1563 2577 1602; baseline 0.003 -10"><span class='ocrx_word' id='word_1_1033' title='bbox 1443 1563 1590 1602; x_wconf 88' lang='lat' dir='ltr'>templum.</span> <span class='ocrx_word' id='word_1_1034' title='bbox 1612 1564 1722 1594; x_wconf 86' lang='lat' dir='ltr'>Pausan.</span> <span class='ocrx_word' id='word_1_1035' title='bbox 1735 1565 1766 1594; x_wconf 91' lang='lat' dir='ltr'>in</span> <span class='ocrx_word' id='word_1_1036' title='bbox 1776 1565 1856 1594; x_wconf 84' lang='lat' dir='ltr'>Attic.</span> <span class='ocrx_word' id='word_1_1037' title='bbox 2567 1583 2577 1589; x_wconf 62' lang='grc' dir='ltr'>ν</span> 
     </span>
    </p>

    <p class='ocr_par' dir='ltr' id='par_1_44' title="bbox 1405 1602 1817 1637">
     <span class='ocr_line' id='line_1_102' title="bbox 1405 1602 1817 1637; baseline 0.005 -6"><span class='ocrx_word' id='word_1_1038' title='bbox 1405 1602 1522 1637; x_wconf 76' lang='lat' dir='ltr'>ALso,</span> <span class='ocrx_word' id='word_1_1039' title='bbox 1544 1603 1615 1631; x_wconf 89' lang='lat' dir='ltr'>onis.</span> <span class='ocrx_word' id='word_1_1040' title='bbox 1656 1603 1688 1632; x_wconf 93' lang='lat' dir='ltr'>V.</span> <span class='ocrx_word' id='word_1_1041' title='bbox 1711 1613 1817 1633; x_wconf 79' lang='lat' dir='ltr'>ALsA.</span> 
     </span>
    </p>

    <p class='ocr_par' dir='ltr' id='par_1_45' title="bbox 1405 1640 2040 1679">
     <span class='ocr_line' id='line_1_103' title="bbox 1405 1640 2040 1679; baseline 0.002 -10"><span class='ocrx_word' id='word_1_1042' title='bbox 1405 1640 1531 1669; x_wconf 74' lang='lat' dir='ltr'>ALEON</span> <span class='ocrx_word' id='word_1_1043' title='bbox 1543 1662 1551 1675; x_wconf 90' lang='lat'>,</span> <span class='ocrx_word' id='word_1_1044' title='bbox 1574 1640 1695 1671; x_wconf 85' lang='lat' dir='ltr'>Fluvius.</span> <span class='ocrx_word' id='word_1_1045' title='bbox 1718 1640 1786 1671; x_wconf 90' lang='lat' dir='ltr'>Plin.</span> <span class='ocrx_word' id='word_1_1046' title='bbox 1808 1641 1855 1671; x_wconf 81' lang='lat' dir='ltr'>lib.</span> <span class='ocrx_word' id='word_1_1047' title='bbox 1876 1652 1899 1677; x_wconf 83' lang='lat'>5.</span> <span class='ocrx_word' id='word_1_1048' title='bbox 1920 1651 1979 1679; x_wconf 85' lang='lat' dir='ltr'>cap.</span> <span class='ocrx_word' id='word_1_1049' title='bbox 1995 1649 2040 1677; x_wconf 84' lang='lat'>29.</span> 
     </span>
    </p>

    <p class='ocr_par' dir='ltr' id='par_1_46' title="bbox 1403 1678 2122 1716">
     <span class='ocr_line' id='line_1_104' title="bbox 1403 1678 2122 1716; baseline 0.001 -8"><span class='ocrx_word' id='word_1_1050' title='bbox 1403 1678 1426 1708; x_wconf 97' lang='lat' dir='ltr'>A</span> <span class='ocrx_word' id='word_1_1051' title='bbox 1436 1689 1452 1706; x_wconf 90' lang='lat' dir='ltr'>L</span> <span class='ocrx_word' id='word_1_1052' title='bbox 1461 1689 1475 1707; x_wconf 82' lang='lat' dir='ltr'>s</span> <span class='ocrx_word' id='word_1_1053' title='bbox 1483 1688 1500 1707; x_wconf 93' lang='grc'>0</span> <span class='ocrx_word' id='word_1_1054' title='bbox 1508 1688 1523 1708; x_wconf 82' lang='lat'>1&gt;</span> <span class='ocrx_word' id='word_1_1055' title='bbox 1533 1688 1576 1707; x_wconf 72' lang='grc'>111</span> <span class='ocrx_word' id='word_1_1056' title='bbox 1584 1688 1601 1707; x_wconf 80' lang='lat' dir='ltr'>R</span> <span class='ocrx_word' id='word_1_1057' title='bbox 1610 1688 1628 1707; x_wconf 87' lang='lat' dir='ltr'>A</span> <span class='ocrx_word' id='word_1_1058' title='bbox 1638 1701 1646 1713; x_wconf 79' lang='lat'>‚</span> <span class='ocrx_word' id='word_1_1059' title='bbox 1667 1678 1757 1708; x_wconf 87' lang='lat' dir='ltr'>Insula</span> <span class='ocrx_word' id='word_1_1060' title='bbox 1770 1680 1800 1708; x_wconf 92' lang='lat' dir='ltr'>in</span> <span class='ocrx_word' id='word_1_1061' title='bbox 1819 1680 1961 1710; x_wconf 65' lang='lat' dir='ltr'>Maeotide.</span> <span class='ocrx_word' id='word_1_1062' title='bbox 1993 1678 2122 1716; x_wconf 80' lang='lat' dir='ltr'>Calepin.</span> 
     </span>
    </p>

    <p class='ocr_par' dir='ltr' id='par_1_47' title="bbox 1403 1712 2581 1791">
     <span class='ocr_line' id='line_1_105' title="bbox 1403 1712 2581 1784; baseline 0.001 -38"><span class='ocrx_word' id='word_1_1063' title='bbox 1403 1716 1452 1784; x_wconf 81' lang='lat' dir='ltr'>ALl</span> <span class='ocrx_word' id='word_1_1064' title='bbox 1459 1727 1473 1745; x_wconf 77' lang='lat' dir='ltr'>s</span> <span class='ocrx_word' id='word_1_1065' title='bbox 1483 1726 1499 1745; x_wconf 93' lang='lat' dir='ltr'>o</span> <span class='ocrx_word' id='word_1_1066' title='bbox 1509 1726 1524 1759; x_wconf 41' lang='lat' dir='ltr'>s·</span> <span class='ocrx_word' id='word_1_1067' title='bbox 1533 1738 1541 1751; x_wconf 95' lang='lat'>,</span> <span class='ocrx_word' id='word_1_1068' title='bbox 1563 1717 1702 1784; x_wconf 50' lang='lat' dir='ltr'>Arnnkiplest</span> <span class='ocrx_word' id='word_1_1069' title='bbox 1710 1717 1832 1784; x_wconf 47' lang='lat' dir='ltr'>fissytliris</span> <span class='ocrx_word' id='word_1_1070' title='bbox 1841 1719 1909 1747; x_wconf 85' lang='lat' dir='ltr'>urbe</span> <span class='ocrx_word' id='word_1_1071' title='bbox 1919 1717 2030 1747; x_wconf 61' lang='lat' dir='ltr'>(iraeciae</span> <span class='ocrx_word' id='word_1_1072' title='bbox 2041 1718 2114 1746; x_wconf 88' lang='lat' dir='ltr'>inter</span> <span class='ocrx_word' id='word_1_1073' title='bbox 2126 1716 2269 1754; x_wconf 84' lang='lat' dir='ltr'>Megaram</span> <span class='ocrx_word' id='word_1_1074' title='bbox 2280 1717 2307 1746; x_wconf 68' lang='lat' dir='ltr'>sc</span> <span class='ocrx_word' id='word_1_1075' title='bbox 2319 1715 2433 1746; x_wconf 85' lang='lat' dir='ltr'>Thebas</span> <span class='ocrx_word' id='word_1_1076' title='bbox 2443 1737 2451 1753; x_wconf 89' lang='lat'>‚</span> <span class='ocrx_word' id='word_1_1077' title='bbox 2472 1717 2519 1755; x_wconf 85' lang='lat' dir='ltr'>qui</span> <span class='ocrx_word' id='word_1_1078' title='bbox 2528 1712 2581 1756; x_wconf 64' lang='lat' dir='ltr'>pis-&#39;⁴</span> 
     </span>
     <span class='ocr_line' id='line_1_106' title="bbox 1455 1760 1929 1791; baseline 0.002 -8"><span class='ocrx_word' id='word_1_1079' title='bbox 1455 1764 1485 1784; x_wconf 90' lang='lat' dir='ltr'>os</span> <span class='ocrx_word' id='word_1_1080' title='bbox 1518 1760 1596 1791; x_wconf 77' lang='lat' dir='ltr'>ignit.</span> <span class='ocrx_word' id='word_1_1081' title='bbox 1662 1765 1699 1785; x_wconf 90' lang='grc'>111.</span> <span class='ocrx_word' id='word_1_1082' title='bbox 1752 1778 1758 1784; x_wconf 94' lang='grc'>.</span> <span class='ocrx_word' id='word_1_1083' title='bbox 1791 1766 1813 1785; x_wconf 92' lang='grc'>1.</span> <span class='ocrx_word' id='word_1_1084' title='bbox 1828 1766 1859 1785; x_wconf 78' lang='lat' dir='ltr'>ca</span> <span class='ocrx_word' id='word_1_1085' title='bbox 1882 1779 1887 1785; x_wconf 98' lang='lat'>.</span> <span class='ocrx_word' id='word_1_1086' title='bbox 1903 1766 1929 1784; x_wconf 93' lang='lat'>2.</span> 
     </span>
    </p>

    <p class='ocr_par' dir='ltr' id='par_1_48' title="bbox 1402 1764 2530 1831">
     <span class='ocr_line' id='line_1_107' title="bbox 1402 1764 2530 1831; baseline 0 -9"><span class='ocrx_word' id='word_1_1087' title='bbox 1402 1792 1425 1822; x_wconf 90' lang='lat' dir='ltr'>A</span> <span class='ocrx_word' id='word_1_1088' title='bbox 1434 1804 1450 1822; x_wconf 89' lang='lat' dir='ltr'>L</span> <span class='ocrx_word' id='word_1_1089' title='bbox 1460 1803 1474 1821; x_wconf 81' lang='lat' dir='ltr'>s</span> <span class='ocrx_word' id='word_1_1090' title='bbox 1483 1764 1518 1821; x_wconf 72' lang='lat' dir='ltr'>agr</span> <span class='ocrx_word' id='word_1_1091' title='bbox 1528 1803 1547 1821; x_wconf 94' lang='lat' dir='ltr'>A</span> <span class='ocrx_word' id='word_1_1092' title='bbox 1557 1815 1565 1827; x_wconf 91' lang='lat'>,</span> <span class='ocrx_word' id='word_1_1093' title='bbox 1588 1792 1703 1822; x_wconf 84' lang='lat' dir='ltr'>Corficae</span> <span class='ocrx_word' id='word_1_1094' title='bbox 1714 1765 1826 1823; x_wconf 65' lang='lat' dir='ltr'>coltinia</span> <span class='ocrx_word' id='word_1_1095' title='bbox 1839 1766 1938 1831; x_wconf 50' lang='lat' dir='ltr'>agylla</span> <span class='ocrx_word' id='word_1_1096' title='bbox 1947 1793 2084 1824; x_wconf 66' lang='lat' dir='ltr'>dictatore</span> <span class='ocrx_word' id='word_1_1097' title='bbox 2095 1793 2225 1822; x_wconf 54' lang='lat' dir='ltr'>deducta.</span> <span class='ocrx_word' id='word_1_1098' title='bbox 2247 1791 2317 1821; x_wconf 88' lang='lat' dir='ltr'>Plin.</span> <span class='ocrx_word' id='word_1_1099' title='bbox 2329 1792 2376 1822; x_wconf 83' lang='lat' dir='ltr'>lib.</span> <span class='ocrx_word' id='word_1_1100' title='bbox 2390 1802 2415 1828; x_wconf 88' lang='lat'><strong>3.</strong></span> <span class='ocrx_word' id='word_1_1101' title='bbox 2431 1802 2492 1831; x_wconf 83' lang='lat' dir='ltr'>cap.</span> <span class='ocrx_word' id='word_1_1102' title='bbox 2503 1796 2530 1822; x_wconf 89' lang='lat'>6.</span> 
     </span>
    </p>

    <p class='ocr_par' dir='ltr' id='par_1_49' title="bbox 1403 1830 2604 2050">
     <span class='ocr_line' id='line_1_108' title="bbox 1403 1830 2567 1869; baseline -0.002 -9"><span class='ocrx_word' id='word_1_1103' title='bbox 1403 1831 1425 1860; x_wconf 90' lang='lat' dir='ltr'>A</span> <span class='ocrx_word' id='word_1_1104' title='bbox 1435 1842 1451 1860; x_wconf 96' lang='lat' dir='ltr'>L</span> <span class='ocrx_word' id='word_1_1105' title='bbox 1461 1840 1509 1866; x_wconf 77' lang='lat' dir='ltr'>ss,</span> <span class='ocrx_word' id='word_1_1106' title='bbox 1530 1831 1586 1860; x_wconf 77' lang='lat' dir='ltr'>itis.</span> <span class='ocrx_word' id='word_1_1107' title='bbox 1608 1830 1731 1860; x_wconf 88' lang='lat' dir='ltr'>absolute</span> <span class='ocrx_word' id='word_1_1108' title='bbox 1744 1831 1823 1869; x_wconf 85' lang='lat' dir='ltr'>polit.</span> <span class='ocrx_word' id='word_1_1109' title='bbox 1847 1833 1927 1868; x_wconf 57' lang='lat' dir='ltr'>[aem</span> <span class='ocrx_word' id='word_1_1110' title='bbox 1941 1854 1948 1867; x_wconf 84' lang='lat'>‚</span> <span class='ocrx_word' id='word_1_1111' title='bbox 1970 1832 2070 1866; x_wconf 63' lang='lat' dir='ltr'>aiam]</span> <span class='ocrx_word' id='word_1_1112' title='bbox 2092 1832 2155 1860; x_wconf 89' lang='lat' dir='ltr'>Avis</span> <span class='ocrx_word' id='word_1_1113' title='bbox 2174 1831 2250 1860; x_wconf 63' lang='lat' dir='ltr'>dieta</span> <span class='ocrx_word' id='word_1_1114' title='bbox 2265 1830 2299 1858; x_wconf 89' lang='lat' dir='ltr'>ab</span> <span class='ocrx_word' id='word_1_1115' title='bbox 2310 1830 2416 1859; x_wconf 85' lang='lat' dir='ltr'>alarum</span> <span class='ocrx_word' id='word_1_1116' title='bbox 2431 1831 2567 1868; x_wconf 58' lang='lat' dir='ltr'>magnitua</span> 
     </span>
     <span class='ocr_line' id='line_1_109' title="bbox 1441 1867 2569 1908; baseline 0 -11"><span class='ocrx_word' id='word_1_1117' title='bbox 1441 1869 1517 1898; x_wconf 90' lang='lat' dir='ltr'>dine.</span> <span class='ocrx_word' id='word_1_1118' title='bbox 1555 1869 1710 1899; x_wconf 86' lang='lat' dir='ltr'>Suntenim</span> <span class='ocrx_word' id='word_1_1119' title='bbox 1723 1870 1807 1900; x_wconf 86' lang='lat' dir='ltr'>Alites</span> <span class='ocrx_word' id='word_1_1120' title='bbox 1818 1870 1929 1908; x_wconf 88' lang='lat' dir='ltr'>proprie</span> <span class='ocrx_word' id='word_1_1121' title='bbox 1945 1870 2063 1905; x_wconf 86' lang='lat' dir='ltr'>majores</span> <span class='ocrx_word' id='word_1_1122' title='bbox 2074 1879 2154 1898; x_wconf 86' lang='lat' dir='ltr'>aves:</span> <span class='ocrx_word' id='word_1_1123' title='bbox 2178 1877 2209 1898; x_wconf 87' lang='lat' dir='ltr'>ut</span> <span class='ocrx_word' id='word_1_1124' title='bbox 2218 1867 2350 1904; x_wconf 64' lang='lat' dir='ltr'>Gallinae,</span> <span class='ocrx_word' id='word_1_1125' title='bbox 2368 1868 2492 1905; x_wconf 87' lang='lat' dir='ltr'>anseres,</span> <span class='ocrx_word' id='word_1_1126' title='bbox 2511 1878 2569 1898; x_wconf 64' lang='lat' dir='ltr'>cora</span> 
     </span>
     <span class='ocr_line' id='line_1_110' title="bbox 1439 1905 2568 1950; baseline 0 -14"><span class='ocrx_word' id='word_1_1127' title='bbox 1439 1907 1534 1950; x_wconf 77' lang='lat' dir='ltr'>nices,</span> <span class='ocrx_word' id='word_1_1128' title='bbox 1554 1908 1649 1942; x_wconf 87' lang='lat' dir='ltr'>corvi,</span> <span class='ocrx_word' id='word_1_1129' title='bbox 1665 1917 1754 1945; x_wconf 82' lang='lat' dir='ltr'>grues.</span> <span class='ocrx_word' id='word_1_1130' title='bbox 1776 1908 1845 1937; x_wconf 90' lang='lat' dir='ltr'>Plin.</span> <span class='ocrx_word' id='word_1_1131' title='bbox 1857 1907 1875 1937; x_wconf 90' lang='lat' dir='ltr'>l.</span> <span class='ocrx_word' id='word_1_1132' title='bbox 1891 1918 1932 1937; x_wconf 88' lang='lat'>10.</span> <span class='ocrx_word' id='word_1_1133' title='bbox 1945 1917 1968 1937; x_wconf 92' lang='lat' dir='ltr'>c.</span> <span class='ocrx_word' id='word_1_1134' title='bbox 1982 1918 2023 1944; x_wconf 91' lang='lat'>19.</span> <span class='ocrx_word' id='word_1_1135' title='bbox 2051 1907 2135 1937; x_wconf 86' lang='lat' dir='ltr'>Nunc</span> <span class='ocrx_word' id='word_1_1136' title='bbox 2146 1905 2181 1936; x_wconf 87' lang='lat' dir='ltr'>de</span> <span class='ocrx_word' id='word_1_1137' title='bbox 2191 1907 2313 1936; x_wconf 89' lang='lat' dir='ltr'>secundo</span> <span class='ocrx_word' id='word_1_1138' title='bbox 2324 1907 2423 1935; x_wconf 87' lang='lat' dir='ltr'>ordine</span> <span class='ocrx_word' id='word_1_1139' title='bbox 2433 1906 2568 1944; x_wconf 64' lang='lat' dir='ltr'>dicamus,</span> 
     </span>
     <span class='ocr_line' id='line_1_111' title="bbox 1442 1944 2580 1983; baseline 0.002 -10"><span class='ocrx_word' id='word_1_1140' title='bbox 1442 1946 1529 1982; x_wconf 83' lang='lat' dir='ltr'>quim</span> <span class='ocrx_word' id='word_1_1141' title='bbox 1540 1945 1609 1974; x_wconf 86' lang='lat' dir='ltr'>duas</span> <span class='ocrx_word' id='word_1_1142' title='bbox 1621 1946 1756 1975; x_wconf 87' lang='lat' dir='ltr'>dividitur</span> <span class='ocrx_word' id='word_1_1143' title='bbox 1766 1945 1881 1983; x_wconf 89' lang='lat' dir='ltr'>species,</span> <span class='ocrx_word' id='word_1_1144' title='bbox 1894 1945 2000 1975; x_wconf 84' lang='lat' dir='ltr'>oscines</span> <span class='ocrx_word' id='word_1_1145' title='bbox 2010 1944 2131 1975; x_wconf 80' lang='lat' dir='ltr'>&amp;alites.</span> <span class='ocrx_word' id='word_1_1146' title='bbox 2167 1944 2279 1976; x_wconf 84' lang='lat' dir='ltr'>illarum</span> <span class='ocrx_word' id='word_1_1147' title='bbox 2288 1946 2382 1982; x_wconf 77' lang='lat' dir='ltr'>generi</span> <span class='ocrx_word' id='word_1_1148' title='bbox 2393 1952 2490 1974; x_wconf 87' lang='lat' dir='ltr'>cantus</span> <span class='ocrx_word' id='word_1_1149' title='bbox 2503 1945 2566 1981; x_wconf 82' lang='lat' dir='ltr'>oris&#39;,</span> <span class='ocrx_word' id='word_1_1150' title='bbox 2578 1972 2580 1975; x_wconf 90' lang='lat'>.</span> 
     </span>
     <span class='ocr_line' id='line_1_112' title="bbox 1439 1983 2604 2050; baseline 0.002 -39"><span class='ocrx_word' id='word_1_1151' title='bbox 1439 1983 1484 2050; x_wconf 54' lang='lat' dir='ltr'>ffls</span> <span class='ocrx_word' id='word_1_1152' title='bbox 1496 1984 1661 2050; x_wconf 62' lang='lat' dir='ltr'>m&#39;aimlitUdo</span> <span class='ocrx_word' id='word_1_1153' title='bbox 1673 1984 1860 2014; x_wconf 86' lang='lat' dir='ltr'>differentiam</span> <span class='ocrx_word' id='word_1_1154' title='bbox 1880 1984 1969 2013; x_wconf 87' lang='lat' dir='ltr'>dedit.</span> <span class='ocrx_word' id='word_1_1155' title='bbox 1998 1983 2062 2013; x_wconf 89' lang='lat' dir='ltr'>Hoc</span> <span class='ocrx_word' id='word_1_1156' title='bbox 2071 1993 2177 2013; x_wconf 90' lang='lat' dir='ltr'>nomen</span> <span class='ocrx_word' id='word_1_1157' title='bbox 2194 1983 2309 2021; x_wconf 83' lang='lat' dir='ltr'>proprie</span> <span class='ocrx_word' id='word_1_1158' title='bbox 2323 1983 2503 2012; x_wconf 71' lang='lat' dir='ltr'>foemininum</span> <span class='ocrx_word' id='word_1_1159' title='bbox 2520 1983 2566 2013; x_wconf 80' lang='lat' dir='ltr'>est·</span> <span class='ocrx_word' id='word_1_1160' title='bbox 2603 2014 2604 2017; x_wconf 61' lang='grc'>,</span> 
     </span>
    </p>

    <p class='ocr_par' dir='ltr' id='par_1_50' title="bbox 1459 2026 2604 2099">
     <span class='ocr_line' id='line_1_113' title="bbox 1459 2026 1711 2051; baseline 0.004 -1"><span class='ocrx_word' id='word_1_1161' title='bbox 1459 2028 1560 2050; x_wconf 81' lang='lat' dir='ltr'>attia.</span> <span class='ocrx_word' id='word_1_1162' title='bbox 1587 2032 1619 2051; x_wconf 88' lang='lat'>.1</span> <span class='ocrx_word' id='word_1_1163' title='bbox 1646 2026 1682 2051; x_wconf 91' lang='lat'>.6</span> <span class='ocrx_word' id='word_1_1164' title='bbox 1705 2046 1711 2051; x_wconf 98' lang='lat'>.</span> 
     </span>
     <span class='ocr_line' id='line_1_114' title="bbox 1520 2031 2604 2099; baseline 0 -11"><span class='ocrx_word' id='word_1_1165' title='bbox 1520 2059 1598 2089; x_wconf 85' lang='lat' dir='ltr'>Alitis</span> <span class='ocrx_word' id='word_1_1166' title='bbox 1609 2031 1719 2090; x_wconf 61' lang='lat' dir='ltr'>eiiimiae</span> <span class='ocrx_word' id='word_1_1167' title='bbox 1727 2061 1815 2090; x_wconf 87' lang='lat' dir='ltr'>cauda</span> <span class='ocrx_word' id='word_1_1168' title='bbox 1828 2059 1944 2099; x_wconf 89' lang='lat' dir='ltr'>superba</span> <span class='ocrx_word' id='word_1_1169' title='bbox 1952 2059 2013 2089; x_wconf 81' lang='lat' dir='ltr'>fuit.</span> <span class='ocrx_word' id='word_1_1170' title='bbox 2054 2059 2072 2089; x_wconf 89' lang='lat' dir='ltr'>i.</span> <span class='ocrx_word' id='word_1_1171' title='bbox 2092 2069 2116 2089; x_wconf 90' lang='lat' dir='ltr'>e.</span> <span class='ocrx_word' id='word_1_1172' title='bbox 2136 2059 2263 2089; x_wconf 66' lang='lat' dir='ltr'>Pavom&#39;s.</span> <span class='ocrx_word' id='word_1_1173' title='bbox 2323 2058 2370 2088; x_wconf 86' lang='lat' dir='ltr'>Sic</span> <span class='ocrx_word' id='word_1_1174' title='bbox 2383 2058 2489 2096; x_wconf 85' lang='lat' dir='ltr'>ubique</span> <span class='ocrx_word' id='word_1_1175' title='bbox 2500 2057 2566 2088; x_wconf 82' lang='lat' dir='ltr'>Plin.</span> <span class='ocrx_word' id='word_1_1176' title='bbox 2602 2053 2604 2061; x_wconf 63' lang='lat'><strong><em>⁴</em></strong></span> 
     </span>
    </p>

    <p class='ocr_par' dir='ltr' id='par_1_51' title="bbox 1439 2065 2604 2166">
     <span class='ocr_line' id='line_1_115' title="bbox 1439 2065 2604 2166; baseline 0 -40"><span class='ocrx_word' id='word_1_1177' title='bbox 1439 2104 1574 2164; x_wconf 36' lang='lat' dir='ltr'>&amp;lantum</span> <span class='ocrx_word' id='word_1_1178' title='bbox 1586 2098 1701 2166; x_wconf 50' lang='grc' dir='ltr'>ηἱέἰάεῐη</span> <span class='ocrx_word' id='word_1_1179' title='bbox 1710 2099 1850 2130; x_wconf 87' lang='lat' dir='ltr'>observare</span> <span class='ocrx_word' id='word_1_1180' title='bbox 1859 2099 1949 2137; x_wconf 87' lang='lat' dir='ltr'>potui.</span> <span class='ocrx_word' id='word_1_1181' title='bbox 1988 2098 2099 2127; x_wconf 89' lang='lat' dir='ltr'>Poetice</span> <span class='ocrx_word' id='word_1_1182' title='bbox 2111 2103 2206 2127; x_wconf 87' lang='lat' dir='ltr'>tamen</span> <span class='ocrx_word' id='word_1_1183' title='bbox 2219 2099 2245 2127; x_wconf 82' lang='lat'>&amp;</span> <span class='ocrx_word' id='word_1_1184' title='bbox 2256 2097 2287 2126; x_wconf 89' lang='lat' dir='ltr'>in</span> <span class='ocrx_word' id='word_1_1185' title='bbox 2296 2097 2450 2127; x_wconf 85' lang='lat' dir='ltr'>masculino</span> <span class='ocrx_word' id='word_1_1186' title='bbox 2457 2097 2565 2135; x_wconf 73' lang='lat' dir='ltr'>legitur.</span> <span class='ocrx_word' id='word_1_1187' title='bbox 2601 2065 2604 2133; x_wconf 81' lang='grc' dir='ltr'>Ι</span> 
     </span>
     <span class='ocr_line' id='line_1_116' title="bbox 1465 2142 1738 2166; baseline 0.007 -2"><span class='ocrx_word' id='word_1_1188' title='bbox 1465 2146 1488 2164; x_wconf 88' lang='lat' dir='ltr'>1r</span> <span class='ocrx_word' id='word_1_1189' title='bbox 1507 2158 1515 2164; x_wconf 91' lang='lat'>.</span> <span class='ocrx_word' id='word_1_1190' title='bbox 1532 2145 1574 2165; x_wconf 89' lang='lat'><strong>12.</strong></span> <span class='ocrx_word' id='word_1_1191' title='bbox 1596 2142 1606 2166; x_wconf 67' lang='lat' dir='ltr'>l</span> <span class='ocrx_word' id='word_1_1192' title='bbox 1632 2146 1658 2166; x_wconf 91' lang='lat' dir='ltr'>n.</span> <span class='ocrx_word' id='word_1_1193' title='bbox 1674 2146 1690 2166; x_wconf 92' lang='lat'>2</span> <span class='ocrx_word' id='word_1_1194' title='bbox 1732 2160 1738 2166; x_wconf 92' lang='lat'>.</span> 
     </span>
    </p>

    <p class='ocr_par' dir='ltr' id='par_1_52' title="bbox 1475 2134 2604 2228">
     <span class='ocr_line' id='line_1_117' title="bbox 1475 2134 2604 2228; baseline 0 -26"><span class='ocrx_word' id='word_1_1195' title='bbox 1475 2145 1508 2216; x_wconf 33' lang='lat' dir='ltr'>*g</span> <span class='ocrx_word' id='word_1_1196' title='bbox 1521 2173 1640 2211; x_wconf 87' lang='lat' dir='ltr'>Nanque</span> <span class='ocrx_word' id='word_1_1197' title='bbox 1651 2147 1748 2204; x_wconf 40' lang='lat' dir='ltr'>volziis</span> <span class='ocrx_word' id='word_1_1198' title='bbox 1759 2174 1840 2204; x_wconf 85' lang='lat' dir='ltr'>rubra</span> <span class='ocrx_word' id='word_1_1199' title='bbox 1848 2172 1939 2203; x_wconf 84' lang='lat' dir='ltr'>fulvus</span> <span class='ocrx_word' id='word_1_1200' title='bbox 1949 2173 2025 2209; x_wconf 86' lang='lat' dir='ltr'>Jovis</span> <span class='ocrx_word' id='word_1_1201' title='bbox 2041 2173 2097 2203; x_wconf 84' lang='lat' dir='ltr'>ales</span> <span class='ocrx_word' id='word_1_1202' title='bbox 2114 2174 2144 2203; x_wconf 90' lang='lat' dir='ltr'>in</span> <span class='ocrx_word' id='word_1_1203' title='bbox 2155 2173 2247 2203; x_wconf 82' lang='lat' dir='ltr'>aethra.</span> <span class='ocrx_word' id='word_1_1204' title='bbox 2325 2173 2344 2202; x_wconf 84' lang='lat' dir='ltr'>i.</span> <span class='ocrx_word' id='word_1_1205' title='bbox 2366 2183 2391 2202; x_wconf 87' lang='lat' dir='ltr'>e.</span> <span class='ocrx_word' id='word_1_1206' title='bbox 2421 2171 2529 2210; x_wconf 85' lang='lat' dir='ltr'>Aquila.</span> <span class='ocrx_word' id='word_1_1207' title='bbox 2566 2204 2569 2211; x_wconf 21' lang='grc' dir='ltr'><strong>Ἰ</strong></span> <span class='ocrx_word' id='word_1_1208' title='bbox 2600 2134 2604 2228; x_wconf 60' lang='grc' dir='ltr'>ἒ</span> 
     </span>
    </p>

    <p class='ocr_par' dir='ltr' id='par_1_53' title="bbox 1438 2210 2498 2251">
     <span class='ocr_line' id='line_1_118' title="bbox 1438 2210 2498 2251; baseline -0.001 -10"><span class='ocrx_word' id='word_1_1209' title='bbox 1438 2210 1567 2241; x_wconf 81' lang='lat' dir='ltr'>Alituum</span> <span class='ocrx_word' id='word_1_1210' title='bbox 1579 2234 1586 2248; x_wconf 86' lang='lat'>,</span> <span class='ocrx_word' id='word_1_1211' title='bbox 1608 2213 1693 2249; x_wconf 85' lang='lat' dir='ltr'>genit.</span> <span class='ocrx_word' id='word_1_1212' title='bbox 1715 2213 1754 2251; x_wconf 90' lang='lat' dir='ltr'>pl.</span> <span class='ocrx_word' id='word_1_1213' title='bbox 1778 2223 1827 2251; x_wconf 88' lang='lat' dir='ltr'>per</span> <span class='ocrx_word' id='word_1_1214' title='bbox 1835 2212 2008 2251; x_wconf 86' lang='lat' dir='ltr'>epenthelim</span> <span class='ocrx_word' id='word_1_1215' title='bbox 2017 2234 2025 2247; x_wconf 91' lang='lat'>,</span> <span class='ocrx_word' id='word_1_1216' title='bbox 2047 2222 2097 2250; x_wconf 88' lang='lat' dir='ltr'>pro</span> <span class='ocrx_word' id='word_1_1217' title='bbox 2109 2211 2223 2241; x_wconf 90' lang='lat' dir='ltr'>Alitum.</span> <span class='ocrx_word' id='word_1_1218' title='bbox 2245 2210 2317 2248; x_wconf 80' lang='lat' dir='ltr'>Virg.</span> <span class='ocrx_word' id='word_1_1219' title='bbox 2332 2217 2358 2246; x_wconf 72' lang='lat'>8.</span> <span class='ocrx_word' id='word_1_1220' title='bbox 2381 2211 2443 2242; x_wconf 83' lang='lat' dir='ltr'>AEn.</span> <span class='ocrx_word' id='word_1_1221' title='bbox 2453 2221 2498 2249; x_wconf 92' lang='lat'>27.</span> 
     </span>
    </p>

    <p class='ocr_par' dir='ltr' id='par_1_54' title="bbox 1520 2249 2297 2290">
     <span class='ocr_line' id='line_1_119' title="bbox 1520 2249 2297 2290; baseline -0.001 -11"><span class='ocrx_word' id='word_1_1222' title='bbox 1520 2250 1644 2280; x_wconf 88' lang='lat' dir='ltr'>Alituum</span> <span class='ocrx_word' id='word_1_1223' title='bbox 1655 2273 1663 2285; x_wconf 91' lang='lat'>,</span> <span class='ocrx_word' id='word_1_1224' title='bbox 1684 2251 1882 2290; x_wconf 87' lang='lat' dir='ltr'>pecudumque</span> <span class='ocrx_word' id='word_1_1225' title='bbox 1893 2259 1980 2287; x_wconf 83' lang='lat' dir='ltr'>genus</span> <span class='ocrx_word' id='word_1_1226' title='bbox 1993 2250 2075 2288; x_wconf 89' lang='lat' dir='ltr'>sopor</span> <span class='ocrx_word' id='word_1_1227' title='bbox 2087 2249 2158 2279; x_wconf 86' lang='lat' dir='ltr'>altus</span> <span class='ocrx_word' id='word_1_1228' title='bbox 2169 2249 2297 2279; x_wconf 85' lang='lat' dir='ltr'>habebat.</span> 
     </span>
    </p>

    <p class='ocr_par' dir='ltr' id='par_1_55' title="bbox 1439 2287 2597 2441">
     <span class='ocr_line' id='line_1_120' title="bbox 1439 2287 2597 2325; baseline -0.002 -7"><span class='ocrx_word' id='word_1_1229' title='bbox 1439 2287 1503 2318; x_wconf 84' lang='lat' dir='ltr'>Ales</span> <span class='ocrx_word' id='word_1_1230' title='bbox 1514 2289 1613 2319; x_wconf 70' lang='lat' dir='ltr'>&amp;avis</span> <span class='ocrx_word' id='word_1_1231' title='bbox 1637 2289 1695 2319; x_wconf 72' lang='lat' dir='ltr'>Cic.</span> <span class='ocrx_word' id='word_1_1232' title='bbox 1716 2301 1738 2319; x_wconf 91' lang='lat'>1.</span> <span class='ocrx_word' id='word_1_1233' title='bbox 1750 2289 1785 2319; x_wconf 88' lang='lat' dir='ltr'>de</span> <span class='ocrx_word' id='word_1_1234' title='bbox 1795 2289 1887 2318; x_wconf 85' lang='lat' dir='ltr'>Divin.</span> <span class='ocrx_word' id='word_1_1235' title='bbox 1902 2288 2063 2325; x_wconf 84' lang='lat' dir='ltr'>Eademque</span> <span class='ocrx_word' id='word_1_1236' title='bbox 2073 2288 2160 2317; x_wconf 80' lang='lat' dir='ltr'>efficit</span> <span class='ocrx_word' id='word_1_1237' title='bbox 2171 2288 2200 2316; x_wconf 91' lang='lat' dir='ltr'>in</span> <span class='ocrx_word' id='word_1_1238' title='bbox 2218 2287 2314 2316; x_wconf 84' lang='lat' dir='ltr'>avibus</span> <span class='ocrx_word' id='word_1_1239' title='bbox 2325 2287 2420 2316; x_wconf 88' lang='lat' dir='ltr'>divina</span> <span class='ocrx_word' id='word_1_1240' title='bbox 2431 2296 2527 2323; x_wconf 83' lang='lat' dir='ltr'>mens,</span> <span class='ocrx_word' id='word_1_1241' title='bbox 2537 2288 2571 2316; x_wconf 69' lang='lat' dir='ltr'>ut</span> <span class='ocrx_word' id='word_1_1242' title='bbox 2595 2298 2597 2303; x_wconf 90' lang='lat'>·</span> 
     </span>
     <span class='ocr_line' id='line_1_121' title="bbox 1459 2325 2573 2362; baseline -0.001 -7"><span class='ocrx_word' id='word_1_1243' title='bbox 1459 2332 1521 2355; x_wconf 88' lang='lat' dir='ltr'>tum</span> <span class='ocrx_word' id='word_1_1244' title='bbox 1535 2326 1590 2356; x_wconf 90' lang='lat' dir='ltr'>huc</span> <span class='ocrx_word' id='word_1_1245' title='bbox 1600 2336 1660 2356; x_wconf 87' lang='lat' dir='ltr'>tum</span> <span class='ocrx_word' id='word_1_1246' title='bbox 1671 2327 1738 2356; x_wconf 90' lang='lat' dir='ltr'>illue</span> <span class='ocrx_word' id='word_1_1247' title='bbox 1748 2326 1845 2356; x_wconf 92' lang='lat' dir='ltr'>volent</span> <span class='ocrx_word' id='word_1_1248' title='bbox 1852 2326 1940 2356; x_wconf 88' lang='lat' dir='ltr'>alites.</span> <span class='ocrx_word' id='word_1_1249' title='bbox 1978 2326 2058 2356; x_wconf 87' lang='lat' dir='ltr'>Idem</span> <span class='ocrx_word' id='word_1_1250' title='bbox 2068 2336 2093 2355; x_wconf 90' lang='lat'>2.</span> <span class='ocrx_word' id='word_1_1251' title='bbox 2114 2325 2149 2354; x_wconf 93' lang='lat' dir='ltr'>de</span> <span class='ocrx_word' id='word_1_1252' title='bbox 2159 2325 2222 2355; x_wconf 85' lang='lat' dir='ltr'>Nat.</span> <span class='ocrx_word' id='word_1_1253' title='bbox 2233 2325 2316 2354; x_wconf 90' lang='lat' dir='ltr'>Deor.</span> <span class='ocrx_word' id='word_1_1254' title='bbox 2327 2329 2372 2361; x_wconf 91' lang='lat'>64.</span> <span class='ocrx_word' id='word_1_1255' title='bbox 2411 2325 2481 2354; x_wconf 90' lang='lat' dir='ltr'>Aves</span> <span class='ocrx_word' id='word_1_1256' title='bbox 2491 2334 2573 2362; x_wconf 59' lang='lat' dir='ltr'>quas-v</span> 
     </span>
     <span class='ocr_line' id='line_1_122' title="bbox 1459 2362 2572 2402; baseline -0.001 -9"><span class='ocrx_word' id='word_1_1257' title='bbox 1459 2364 1525 2393; x_wconf 88' lang='lat' dir='ltr'>dam</span> <span class='ocrx_word' id='word_1_1258' title='bbox 1536 2366 1561 2394; x_wconf 67' lang='grc' dir='ltr'>δε</span> <span class='ocrx_word' id='word_1_1259' title='bbox 1574 2364 1665 2401; x_wconf 82' lang='lat' dir='ltr'>alites,</span> <span class='ocrx_word' id='word_1_1260' title='bbox 1678 2367 1704 2395; x_wconf 69' lang='grc' dir='ltr'>ἃ</span> <span class='ocrx_word' id='word_1_1261' title='bbox 1716 2365 1822 2394; x_wconf 86' lang='lat' dir='ltr'>oscines</span> <span class='ocrx_word' id='word_1_1262' title='bbox 1832 2387 1840 2401; x_wconf 90' lang='lat'>,</span> <span class='ocrx_word' id='word_1_1263' title='bbox 1858 2370 1890 2394; x_wconf 90' lang='lat' dir='ltr'>ut</span> <span class='ocrx_word' id='word_1_1264' title='bbox 1904 2364 1987 2393; x_wconf 86' lang='lat' dir='ltr'>nostri</span> <span class='ocrx_word' id='word_1_1265' title='bbox 1995 2366 2118 2402; x_wconf 80' lang='lat' dir='ltr'>Augures</span> <span class='ocrx_word' id='word_1_1266' title='bbox 2129 2362 2283 2402; x_wconf 83' lang='lat' dir='ltr'>appellant,</span> <span class='ocrx_word' id='word_1_1267' title='bbox 2296 2373 2390 2393; x_wconf 87' lang='lat' dir='ltr'>rerum</span> <span class='ocrx_word' id='word_1_1268' title='bbox 2399 2362 2572 2400; x_wconf 61' lang='lat' dir='ltr'>auguranda·</span> 
     </span>
     <span class='ocr_line' id='line_1_123' title="bbox 1459 2403 1911 2441; baseline 0.002 -10"><span class='ocrx_word' id='word_1_1269' title='bbox 1459 2412 1522 2432; x_wconf 89' lang='lat' dir='ltr'>rum</span> <span class='ocrx_word' id='word_1_1270' title='bbox 1534 2403 1614 2433; x_wconf 87' lang='lat' dir='ltr'>causa</span> <span class='ocrx_word' id='word_1_1271' title='bbox 1623 2410 1700 2433; x_wconf 86' lang='lat' dir='ltr'>natas</span> <span class='ocrx_word' id='word_1_1272' title='bbox 1710 2403 1763 2433; x_wconf 87' lang='lat' dir='ltr'>effe</span> <span class='ocrx_word' id='word_1_1273' title='bbox 1772 2410 1911 2441; x_wconf 86' lang='lat' dir='ltr'>putamus.</span> 
     </span>
    </p>

    <p class='ocr_par' dir='ltr' id='par_1_56' title="bbox 1438 2433 2604 2487">
     <span class='ocr_line' id='line_1_124' title="bbox 1438 2433 2604 2487; baseline 0.001 -18"><span class='ocrx_word' id='word_1_1274' title='bbox 1438 2434 1557 2470; x_wconf 83' lang='lat' dir='ltr'>Palladis</span> <span class='ocrx_word' id='word_1_1275' title='bbox 1567 2441 1623 2471; x_wconf 87' lang='lat' dir='ltr'>ales</span> <span class='ocrx_word' id='word_1_1276' title='bbox 1636 2464 1644 2477; x_wconf 87' lang='lat'>,</span> <span class='ocrx_word' id='word_1_1277' title='bbox 1665 2451 1716 2480; x_wconf 91' lang='lat' dir='ltr'>pro</span> <span class='ocrx_word' id='word_1_1278' title='bbox 1735 2441 1854 2471; x_wconf 67' lang='lat' dir='ltr'>Noetua.</span> <span class='ocrx_word' id='word_1_1279' title='bbox 1877 2440 1960 2470; x_wconf 88' lang='lat' dir='ltr'>Ovid.</span> <span class='ocrx_word' id='word_1_1280' title='bbox 1975 2450 2001 2470; x_wconf 94' lang='lat'>2.</span> <span class='ocrx_word' id='word_1_1281' title='bbox 2025 2440 2093 2470; x_wconf 82' lang='lat' dir='ltr'>Fast.</span> <span class='ocrx_word' id='word_1_1282' title='bbox 2106 2446 2151 2475; x_wconf 82' lang='lat'>89.</span> <span class='ocrx_word' id='word_1_1283' title='bbox 2602 2433 2604 2487; x_wconf 56' lang='lat' dir='ltr'>l</span> 
     </span>
    </p>

    <p class='ocr_par' dir='ltr' id='par_1_57' title="bbox 1438 2474 2604 2556">
     <span class='ocr_line' id='line_1_125' title="bbox 1438 2474 2604 2514; baseline 0.001 -7"><span class='ocrx_word' id='word_1_1284' title='bbox 1438 2477 1592 2509; x_wconf 83' lang='lat' dir='ltr'>Pandionis</span> <span class='ocrx_word' id='word_1_1285' title='bbox 1603 2479 1668 2509; x_wconf 88' lang='lat' dir='ltr'>ales.</span> <span class='ocrx_word' id='word_1_1286' title='bbox 1710 2479 1814 2509; x_wconf 83' lang='lat' dir='ltr'>Lucan.</span> <span class='ocrx_word' id='word_1_1287' title='bbox 1830 2479 1865 2509; x_wconf 87' lang='lat' dir='ltr'>ad</span> <span class='ocrx_word' id='word_1_1288' title='bbox 1874 2478 1962 2508; x_wconf 88' lang='lat' dir='ltr'>Pison.</span> <span class='ocrx_word' id='word_1_1289' title='bbox 1983 2488 2083 2514; x_wconf 77' lang='lat' dir='ltr'>v.255.</span> <span class='ocrx_word' id='word_1_1290' title='bbox 2106 2477 2297 2507; x_wconf 85' lang='lat' dir='ltr'>Hirundinem</span> <span class='ocrx_word' id='word_1_1291' title='bbox 2310 2474 2452 2514; x_wconf 85' lang='lat' dir='ltr'>intelligit,</span> <span class='ocrx_word' id='word_1_1292' title='bbox 2463 2475 2575 2508; x_wconf 56' lang='lat' dir='ltr'>autLuei</span> <span class='ocrx_word' id='word_1_1293' title='bbox 2602 2488 2604 2514; x_wconf 67' lang='grc'>1</span> 
     </span>
     <span class='ocr_line' id='line_1_126' title="bbox 1458 2515 2604 2556; baseline -0.001 -11"><span class='ocrx_word' id='word_1_1294' title='bbox 1458 2516 1582 2547; x_wconf 81' lang='lat' dir='ltr'>sciniam.</span> <span class='ocrx_word' id='word_1_1295' title='bbox 1604 2518 1710 2556; x_wconf 80' lang='lat' dir='ltr'>Progne</span> <span class='ocrx_word' id='word_1_1296' title='bbox 1722 2517 1857 2555; x_wconf 84' lang='lat' dir='ltr'>fiquidem</span> <span class='ocrx_word' id='word_1_1297' title='bbox 1867 2519 1893 2547; x_wconf 61' lang='lat'>62</span> <span class='ocrx_word' id='word_1_1298' title='bbox 1905 2517 2058 2546; x_wconf 85' lang='lat' dir='ltr'>Philomela</span> <span class='ocrx_word' id='word_1_1299' title='bbox 2066 2516 2131 2546; x_wconf 84' lang='lat' dir='ltr'>filiae</span> <span class='ocrx_word' id='word_1_1300' title='bbox 2138 2516 2252 2546; x_wconf 90' lang='lat' dir='ltr'>fuerunt</span> <span class='ocrx_word' id='word_1_1301' title='bbox 2264 2515 2425 2545; x_wconf 89' lang='lat' dir='ltr'>Pandionis.</span> <span class='ocrx_word' id='word_1_1302' title='bbox 2602 2518 2604 2536; x_wconf 84' lang='lat'>¹</span> 
     </span>
    </p>

    <p class='ocr_par' dir='ltr' id='par_1_58' title="bbox 1438 2521 2600 2594">
     <span class='ocr_line' id='line_1_127' title="bbox 1438 2521 2600 2594; baseline 0.001 -11"><span class='ocrx_word' id='word_1_1303' title='bbox 1438 2553 1559 2584; x_wconf 83' lang='lat' dir='ltr'>Phafidis</span> <span class='ocrx_word' id='word_1_1304' title='bbox 1571 2578 1578 2590; x_wconf 93' lang='lat'>,</span> <span class='ocrx_word' id='word_1_1305' title='bbox 1600 2566 1652 2594; x_wconf 89' lang='lat' dir='ltr'>pro</span> <span class='ocrx_word' id='word_1_1306' title='bbox 1669 2556 1807 2585; x_wconf 81' lang='lat' dir='ltr'>Phafiano.</span> <span class='ocrx_word' id='word_1_1307' title='bbox 1831 2555 1898 2585; x_wconf 89' lang='lat' dir='ltr'>Stat.</span> <span class='ocrx_word' id='word_1_1308' title='bbox 1914 2566 1939 2590; x_wconf 89' lang='lat'>4.</span> <span class='ocrx_word' id='word_1_1309' title='bbox 1962 2555 2035 2592; x_wconf 89' lang='lat' dir='ltr'>Sylv.</span> <span class='ocrx_word' id='word_1_1310' title='bbox 2053 2558 2078 2584; x_wconf 92' lang='lat'>6.</span> <span class='ocrx_word' id='word_1_1311' title='bbox 2090 2560 2116 2589; x_wconf 84' lang='lat'>8.</span> <span class='ocrx_word' id='word_1_1312' title='bbox 2564 2563 2568 2569; x_wconf 71' lang='grc'><strong>“</strong></span> <span class='ocrx_word' id='word_1_1313' title='bbox 2596 2521 2600 2584; x_wconf 83' lang='lat' dir='ltr'>i</span> 
     </span>
    </p>

    <p class='ocr_par' dir='ltr' id='par_1_59' title="bbox 1439 2591 2319 2632">
     <span class='ocr_line' id='line_1_128' title="bbox 1439 2591 2319 2632; baseline -0.001 -11"><span class='ocrx_word' id='word_1_1314' title='bbox 1439 2592 1593 2631; x_wconf 85' lang='lat' dir='ltr'>Cyllenius,</span> <span class='ocrx_word' id='word_1_1315' title='bbox 1604 2604 1656 2632; x_wconf 86' lang='lat' dir='ltr'>pro</span> <span class='ocrx_word' id='word_1_1316' title='bbox 1665 2594 1814 2623; x_wconf 84' lang='lat' dir='ltr'>Mercurio.</span> <span class='ocrx_word' id='word_1_1317' title='bbox 1836 2593 1935 2623; x_wconf 84' lang='lat' dir='ltr'>Claud.</span> <span class='ocrx_word' id='word_1_1318' title='bbox 1949 2603 1971 2623; x_wconf 81' lang='lat'>1.</span> <span class='ocrx_word' id='word_1_1319' title='bbox 1984 2593 2020 2622; x_wconf 88' lang='lat' dir='ltr'>de</span> <span class='ocrx_word' id='word_1_1320' title='bbox 2029 2593 2112 2631; x_wconf 84' lang='lat' dir='ltr'>Rapt.</span> <span class='ocrx_word' id='word_1_1321' title='bbox 2122 2591 2243 2630; x_wconf 88' lang='lat' dir='ltr'>Proserp.</span> <span class='ocrx_word' id='word_1_1322' title='bbox 2254 2602 2319 2628; x_wconf 88' lang='lat'>440.</span> 
     </span>
    </p>
   </div>
   <div class='ocr_carea' id='block_1_18' title="bbox 177 2624 1345 2861">
    <p class='ocr_par' dir='ltr' id='par_1_60' title="bbox 216 2624 1144 2673">
     <span class='ocr_line' id='line_1_129' title="bbox 216 2624 1144 2673; baseline -0.005 -7"><span class='ocrx_word' id='word_1_1323' title='bbox 216 2636 289 2667; x_wconf 88' lang='lat' dir='ltr'>Solis</span> <span class='ocrx_word' id='word_1_1324' title='bbox 307 2636 460 2665; x_wconf 87' lang='lat' dir='ltr'>adventum</span> <span class='ocrx_word' id='word_1_1325' title='bbox 475 2643 557 2665; x_wconf 82' lang='lat' dir='ltr'>cantu</span> <span class='ocrx_word' id='word_1_1326' title='bbox 568 2638 617 2664; x_wconf 80' lang='lat' dir='ltr'>luo</span> <span class='ocrx_word' id='word_1_1327' title='bbox 633 2635 810 2673; x_wconf 63' lang='lat' dir='ltr'>praenuntiat.</span> <span class='ocrx_word' id='word_1_1328' title='bbox 852 2633 966 2663; x_wconf 86' lang='lat' dir='ltr'>Lucian.</span> <span class='ocrx_word' id='word_1_1329' title='bbox 978 2633 1008 2662; x_wconf 90' lang='lat' dir='ltr'>in</span> <span class='ocrx_word' id='word_1_1330' title='bbox 1017 2624 1144 2670; x_wconf 75' lang='lat' dir='ltr'>Micyllo.</span> 
     </span>
    </p>

    <p class='ocr_par' dir='ltr' id='par_1_61' title="bbox 178 2670 1344 2748">
     <span class='ocr_line' id='line_1_130' title="bbox 178 2670 1344 2711; baseline -0.004 -6"><span class='ocrx_word' id='word_1_1331' title='bbox 178 2676 200 2706; x_wconf 86' lang='lat' dir='ltr'>A</span> <span class='ocrx_word' id='word_1_1332' title='bbox 209 2686 224 2704; x_wconf 88' lang='lat' dir='ltr'>L</span> <span class='ocrx_word' id='word_1_1333' title='bbox 234 2684 272 2704; x_wconf 74' lang='lat' dir='ltr'>sc</span> <span class='ocrx_word' id='word_1_1334' title='bbox 281 2684 301 2703; x_wconf 82' lang='lat' dir='ltr'>T</span> <span class='ocrx_word' id='word_1_1335' title='bbox 310 2684 325 2703; x_wconf 84' lang='lat' dir='ltr'>R</span> <span class='ocrx_word' id='word_1_1336' title='bbox 334 2685 353 2703; x_wconf 86' lang='lat' dir='ltr'>Y</span> <span class='ocrx_word' id='word_1_1337' title='bbox 363 2676 380 2703; x_wconf 87' lang='grc' dir='ltr'><em>ὀ</em></span> <span class='ocrx_word' id='word_1_1338' title='bbox 391 2684 410 2702; x_wconf 90' lang='grc' dir='ltr'>Ν</span> <span class='ocrx_word' id='word_1_1339' title='bbox 421 2684 434 2702; x_wconf 78' lang='lat' dir='ltr'>s</span> <span class='ocrx_word' id='word_1_1340' title='bbox 443 2684 454 2702; x_wconf 92' lang='grc'>3</span> <span class='ocrx_word' id='word_1_1341' title='bbox 464 2696 471 2707; x_wconf 91' lang='lat'>,</span> <span class='ocrx_word' id='word_1_1342' title='bbox 493 2684 550 2703; x_wconf 90' lang='lat' dir='ltr'>um.</span> <span class='ocrx_word' id='word_1_1343' title='bbox 573 2673 610 2711; x_wconf 85' lang='lat' dir='ltr'>pl.</span> <span class='ocrx_word' id='word_1_1344' title='bbox 634 2673 742 2702; x_wconf 79' lang='lat' dir='ltr'>Cristati</span> <span class='ocrx_word' id='word_1_1345' title='bbox 762 2672 865 2701; x_wconf 88' lang='lat' dir='ltr'>Carum</span> <span class='ocrx_word' id='word_1_1346' title='bbox 886 2670 990 2700; x_wconf 83' lang='lat' dir='ltr'>milites</span> <span class='ocrx_word' id='word_1_1347' title='bbox 1012 2670 1081 2700; x_wconf 61' lang='lat' dir='ltr'>dieti</span> <span class='ocrx_word' id='word_1_1348' title='bbox 1105 2680 1121 2699; x_wconf 86' lang='lat' dir='ltr'>a</span> <span class='ocrx_word' id='word_1_1349' title='bbox 1139 2670 1222 2701; x_wconf 71' lang='lat' dir='ltr'>Persis</span> <span class='ocrx_word' id='word_1_1350' title='bbox 1231 2693 1240 2707; x_wconf 95' lang='lat'>,</span> <span class='ocrx_word' id='word_1_1351' title='bbox 1261 2676 1293 2701; x_wconf 89' lang='lat' dir='ltr'>ut</span> <span class='ocrx_word' id='word_1_1352' title='bbox 1308 2677 1344 2700; x_wconf 72' lang='lat' dir='ltr'>ex</span> 
     </span>
     <span class='ocr_line' id='line_1_131' title="bbox 216 2708 1126 2748; baseline -0.004 -6"><span class='ocrx_word' id='word_1_1353' title='bbox 216 2712 362 2743; x_wconf 80' lang='lat' dir='ltr'>Plutarcho</span> <span class='ocrx_word' id='word_1_1354' title='bbox 374 2712 496 2741; x_wconf 85' lang='lat' dir='ltr'>referunt</span> <span class='ocrx_word' id='word_1_1355' title='bbox 508 2711 621 2741; x_wconf 86' lang='lat' dir='ltr'>Casaub.</span> <span class='ocrx_word' id='word_1_1356' title='bbox 642 2712 667 2741; x_wconf 83' lang='lat'>&amp;</span> <span class='ocrx_word' id='word_1_1357' title='bbox 683 2711 815 2748; x_wconf 85' lang='lat' dir='ltr'>Bernegg.</span> <span class='ocrx_word' id='word_1_1358' title='bbox 826 2710 862 2739; x_wconf 89' lang='lat' dir='ltr'>ad</span> <span class='ocrx_word' id='word_1_1359' title='bbox 875 2709 951 2739; x_wconf 89' lang='lat' dir='ltr'>Suet.</span> <span class='ocrx_word' id='word_1_1360' title='bbox 961 2708 1026 2738; x_wconf 77' lang='lat' dir='ltr'>Caes.</span> <span class='ocrx_word' id='word_1_1361' title='bbox 1040 2718 1086 2745; x_wconf 88' lang='lat'>24.</span> <span class='ocrx_word' id='word_1_1362' title='bbox 1100 2717 1126 2739; x_wconf 92' lang='lat'>2.</span> 
     </span>
    </p>

    <p class='ocr_par' dir='ltr' id='par_1_62' title="bbox 177 2749 692 2786">
     <span class='ocr_line' id='line_1_132' title="bbox 177 2749 692 2786; baseline -0.008 -5"><span class='ocrx_word' id='word_1_1363' title='bbox 177 2752 378 2786; x_wconf 79' lang='lat' dir='ltr'>ALseULA,</span> <span class='ocrx_word' id='word_1_1364' title='bbox 418 2749 449 2779; x_wconf 95' lang='lat' dir='ltr'>V.</span> <span class='ocrx_word' id='word_1_1365' title='bbox 473 2759 692 2778; x_wconf 76' lang='lat' dir='ltr'>HALscuLA.</span> 
     </span>
    </p>

    <p class='ocr_par' dir='ltr' id='par_1_63' title="bbox 179 2783 1345 2861">
     <span class='ocr_line' id='line_1_133' title="bbox 179 2783 1345 2823; baseline -0.006 -5"><span class='ocrx_word' id='word_1_1366' title='bbox 179 2791 200 2819; x_wconf 94' lang='lat' dir='ltr'>A</span> <span class='ocrx_word' id='word_1_1367' title='bbox 209 2801 224 2818; x_wconf 95' lang='lat' dir='ltr'>L</span> <span class='ocrx_word' id='word_1_1368' title='bbox 234 2799 248 2818; x_wconf 84' lang='lat' dir='ltr'>s</span> <span class='ocrx_word' id='word_1_1369' title='bbox 258 2798 276 2817; x_wconf 80' lang='grc'>0</span> <span class='ocrx_word' id='word_1_1370' title='bbox 287 2798 300 2817; x_wconf 80' lang='lat' dir='ltr'>a</span> <span class='ocrx_word' id='word_1_1371' title='bbox 309 2798 329 2817; x_wconf 82' lang='lat' dir='ltr'>N</span> <span class='ocrx_word' id='word_1_1372' title='bbox 339 2798 356 2817; x_wconf 93' lang='grc'>0</span> <span class='ocrx_word' id='word_1_1373' title='bbox 367 2798 381 2816; x_wconf 81' lang='lat' dir='ltr'>R</span> <span class='ocrx_word' id='word_1_1374' title='bbox 393 2810 401 2823; x_wconf 91' lang='lat'>,</span> <span class='ocrx_word' id='word_1_1375' title='bbox 430 2787 509 2817; x_wconf 89' lang='lat' dir='ltr'>Unus</span> <span class='ocrx_word' id='word_1_1376' title='bbox 520 2786 573 2816; x_wconf 89' lang='lat' dir='ltr'>fuit</span> <span class='ocrx_word' id='word_1_1377' title='bbox 584 2786 705 2816; x_wconf 89' lang='lat' dir='ltr'>filiorum</span> <span class='ocrx_word' id='word_1_1378' title='bbox 720 2786 820 2816; x_wconf 86' lang='lat' dir='ltr'>Boethi</span> <span class='ocrx_word' id='word_1_1379' title='bbox 835 2795 841 2815; x_wconf 91' lang='lat'><strong>:</strong></span> <span class='ocrx_word' id='word_1_1380' title='bbox 864 2790 982 2823; x_wconf 85' lang='lat' dir='ltr'>quatuor</span> <span class='ocrx_word' id='word_1_1381' title='bbox 996 2785 1073 2814; x_wconf 90' lang='lat' dir='ltr'>enim</span> <span class='ocrx_word' id='word_1_1382' title='bbox 1084 2784 1213 2820; x_wconf 87' lang='lat' dir='ltr'>fuerunt,</span> <span class='ocrx_word' id='word_1_1383' title='bbox 1234 2783 1345 2822; x_wconf 87' lang='lat' dir='ltr'>Hippo.</span> 
     </span>
     <span class='ocr_line' id='line_1_134' title="bbox 217 2822 1194 2861; baseline -0.006 -5"><span class='ocrx_word' id='word_1_1384' title='bbox 217 2827 315 2856; x_wconf 90' lang='lat' dir='ltr'>damus</span> <span class='ocrx_word' id='word_1_1385' title='bbox 327 2848 335 2861; x_wconf 87' lang='lat'>,</span> <span class='ocrx_word' id='word_1_1386' title='bbox 357 2824 497 2855; x_wconf 74' lang='lat' dir='ltr'>Electrion</span> <span class='ocrx_word' id='word_1_1387' title='bbox 509 2847 517 2860; x_wconf 90' lang='lat'>,</span> <span class='ocrx_word' id='word_1_1388' title='bbox 540 2824 702 2861; x_wconf 78' lang='lat' dir='ltr'>Archilycus</span> <span class='ocrx_word' id='word_1_1389' title='bbox 713 2845 720 2857; x_wconf 87' lang='lat'><em>‚</em></span> <span class='ocrx_word' id='word_1_1390' title='bbox 741 2823 876 2861; x_wconf 84' lang='lat' dir='ltr'>Alegenor</span> <span class='ocrx_word' id='word_1_1391' title='bbox 894 2845 902 2858; x_wconf 93' lang='lat'>,</span> <span class='ocrx_word' id='word_1_1392' title='bbox 924 2823 991 2851; x_wconf 85' lang='lat' dir='ltr'>teste</span> <span class='ocrx_word' id='word_1_1393' title='bbox 1010 2822 1093 2851; x_wconf 89' lang='lat' dir='ltr'>Diod.</span> <span class='ocrx_word' id='word_1_1394' title='bbox 1107 2822 1157 2851; x_wconf 92' lang='lat' dir='ltr'>lib.</span> <span class='ocrx_word' id='word_1_1395' title='bbox 1170 2833 1194 2858; x_wconf 85' lang='lat'>5.</span> 
     </span>
    </p>
   </div>
   <div class='ocr_carea' id='block_1_19' title="bbox 178 2859 1345 2901">
    <p class='ocr_par' dir='ltr' id='par_1_64' title="bbox 178 2859 1345 2901">
     <span class='ocr_line' id='line_1_135' title="bbox 178 2859 1345 2901; baseline -0.008 -5"><span class='ocrx_word' id='word_1_1396' title='bbox 178 2866 226 2896; x_wconf 89' lang='lat' dir='ltr'>AL</span> <span class='ocrx_word' id='word_1_1397' title='bbox 238 2875 251 2893; x_wconf 76' lang='lat' dir='ltr'>s</span> <span class='ocrx_word' id='word_1_1398' title='bbox 262 2876 269 2893; x_wconf 85' lang='lat'>1</span> <span class='ocrx_word' id='word_1_1399' title='bbox 280 2874 297 2893; x_wconf 90' lang='lat' dir='ltr'>o</span> <span class='ocrx_word' id='word_1_1400' title='bbox 305 2874 317 2893; x_wconf 91' lang='lat' dir='ltr'>s</span> <span class='ocrx_word' id='word_1_1401' title='bbox 334 2863 465 2901; x_wconf 79' lang='lat' dir='ltr'>Campos,</span> <span class='ocrx_word' id='word_1_1402' title='bbox 488 2864 588 2899; x_wconf 62' lang='grc' dir='ltr'>[Α’ὶ-έῑ»</span> <span class='ocrx_word' id='word_1_1403' title='bbox 604 2859 698 2897; x_wconf 58' lang='lat' dir='ltr'>mdlx]</span> <span class='ocrx_word' id='word_1_1404' title='bbox 718 2862 814 2891; x_wconf 87' lang='lat' dir='ltr'>Strabo</span> <span class='ocrx_word' id='word_1_1405' title='bbox 826 2871 914 2899; x_wconf 88' lang='lat' dir='ltr'>prope</span> <span class='ocrx_word' id='word_1_1406' title='bbox 925 2860 1043 2890; x_wconf 86' lang='lat' dir='ltr'>Mallum</span> <span class='ocrx_word' id='word_1_1407' title='bbox 1051 2861 1077 2890; x_wconf 70' lang='lat' dir='ltr'>Sc</span> <span class='ocrx_word' id='word_1_1408' title='bbox 1087 2860 1231 2897; x_wconf 74' lang='lat' dir='ltr'>Magarson</span> <span class='ocrx_word' id='word_1_1409' title='bbox 1243 2861 1345 2890; x_wconf 83' lang='lat' dir='ltr'>consti.</span> 
     </span>
    </p>
   </div>
   <div class='ocr_carea' id='block_1_20' title="bbox 177 2897 1343 3959">
    <p class='ocr_par' dir='ltr' id='par_1_65' title="bbox 177 2897 1343 3959">
     <span class='ocr_line' id='line_1_136' title="bbox 216 2897 1343 2936; baseline -0.004 -4"><span class='ocrx_word' id='word_1_1410' title='bbox 216 2903 278 2932; x_wconf 85' lang='lat' dir='ltr'>tuit.</span> <span class='ocrx_word' id='word_1_1411' title='bbox 309 2901 443 2931; x_wconf 85' lang='lat' dir='ltr'>Meminit</span> <span class='ocrx_word' id='word_1_1412' title='bbox 452 2903 478 2931; x_wconf 72' lang='lat' dir='ltr'>Sc</span> <span class='ocrx_word' id='word_1_1413' title='bbox 492 2900 558 2931; x_wconf 88' lang='lat' dir='ltr'>Plin.</span> <span class='ocrx_word' id='word_1_1414' title='bbox 571 2901 600 2929; x_wconf 90' lang='lat' dir='ltr'>in</span> <span class='ocrx_word' id='word_1_1415' title='bbox 611 2900 715 2930; x_wconf 63' lang='lat' dir='ltr'>Ciliciae</span> <span class='ocrx_word' id='word_1_1416' title='bbox 727 2900 784 2929; x_wconf 82' lang='lat' dir='ltr'>situ.</span> <span class='ocrx_word' id='word_1_1417' title='bbox 807 2899 986 2930; x_wconf 84' lang='lat' dir='ltr'>Mentionem</span> <span class='ocrx_word' id='word_1_1418' title='bbox 996 2898 1062 2927; x_wconf 81' lang='lat' dir='ltr'>facit</span> <span class='ocrx_word' id='word_1_1419' title='bbox 1076 2899 1105 2926; x_wconf 93' lang='lat' dir='ltr'>in</span> <span class='ocrx_word' id='word_1_1420' title='bbox 1115 2897 1343 2936; x_wconf 89' lang='lat' dir='ltr'>Bellerophontis</span> 
     </span>
     <span class='ocr_line' id='line_1_137' title="bbox 216 2936 1343 2977; baseline -0.004 -7"><span class='ocrx_word' id='word_1_1421' title='bbox 216 2938 318 2970; x_wconf 85' lang='lat' dir='ltr'>fabella</span> <span class='ocrx_word' id='word_1_1422' title='bbox 326 2940 476 2971; x_wconf 90' lang='lat' dir='ltr'>Homerus.</span> <span class='ocrx_word' id='word_1_1423' title='bbox 518 2938 650 2977; x_wconf 79' lang='lat' dir='ltr'>Exposuit</span> <span class='ocrx_word' id='word_1_1424' title='bbox 660 2938 815 2967; x_wconf 90' lang='lat' dir='ltr'>Eustathius</span> <span class='ocrx_word' id='word_1_1425' title='bbox 829 2959 836 2971; x_wconf 82' lang='lat'>,</span> <span class='ocrx_word' id='word_1_1426' title='bbox 857 2938 883 2967; x_wconf 70' lang='grc' dir='ltr'>ἂ</span> <span class='ocrx_word' id='word_1_1427' title='bbox 895 2936 928 2966; x_wconf 88' lang='lat' dir='ltr'>ab</span> <span class='ocrx_word' id='word_1_1428' title='bbox 938 2946 1030 2966; x_wconf 90' lang='lat' dir='ltr'>errore</span> <span class='ocrx_word' id='word_1_1429' title='bbox 1037 2936 1151 2974; x_wconf 85' lang='lat' dir='ltr'>quidem</span> <span class='ocrx_word' id='word_1_1430' title='bbox 1163 2944 1343 2975; x_wconf 85' lang='lat' dir='ltr'>nuncupatos</span> 
     </span>
     <span class='ocr_line' id='line_1_138' title="bbox 216 2974 1342 3015; baseline -0.004 -7"><span class='ocrx_word' id='word_1_1431' title='bbox 216 2979 431 3015; x_wconf 83' lang='lat' dir='ltr'>interpretatur,</span> <span class='ocrx_word' id='word_1_1432' title='bbox 462 2977 525 3015; x_wconf 90' lang='lat' dir='ltr'>quia</span> <span class='ocrx_word' id='word_1_1433' title='bbox 545 2976 627 3010; x_wconf 63' lang='grc' dir='ltr'>ἀλᾶὢζ</span> <span class='ocrx_word' id='word_1_1434' title='bbox 645 2976 805 3005; x_wconf 82' lang='lat' dir='ltr'>Graecorum</span> <span class='ocrx_word' id='word_1_1435' title='bbox 832 2975 942 3012; x_wconf 87' lang='lat' dir='ltr'>lingua,</span> <span class='ocrx_word' id='word_1_1436' title='bbox 964 2984 1052 3003; x_wconf 87' lang='lat' dir='ltr'>errare</span> <span class='ocrx_word' id='word_1_1437' title='bbox 1070 2974 1115 3003; x_wconf 80' lang='lat' dir='ltr'>sit:</span> <span class='ocrx_word' id='word_1_1438' title='bbox 1138 2975 1272 3012; x_wconf 83' lang='lat' dir='ltr'>quoniam</span> <span class='ocrx_word' id='word_1_1439' title='bbox 1292 2985 1342 3012; x_wconf 90' lang='lat' dir='ltr'>per</span> 
     </span>
     <span class='ocr_line' id='line_1_139' title="bbox 217 3012 1341 3054; baseline -0.004 -8"><span class='ocrx_word' id='word_1_1440' title='bbox 217 3027 265 3047; x_wconf 88' lang='lat' dir='ltr'>eos</span> <span class='ocrx_word' id='word_1_1441' title='bbox 279 3016 410 3045; x_wconf 77' lang='lat' dir='ltr'>aberrarit</span> <span class='ocrx_word' id='word_1_1442' title='bbox 418 3016 539 3054; x_wconf 89' lang='lat' dir='ltr'>primum</span> <span class='ocrx_word' id='word_1_1443' title='bbox 550 3013 677 3044; x_wconf 77' lang='lat' dir='ltr'>excussus</span> <span class='ocrx_word' id='word_1_1444' title='bbox 688 3012 788 3052; x_wconf 85' lang='lat' dir='ltr'>Pegaso</span> <span class='ocrx_word' id='word_1_1445' title='bbox 801 3013 1040 3050; x_wconf 84' lang='lat' dir='ltr'>Bellerophontes.</span> <span class='ocrx_word' id='word_1_1446' title='bbox 1081 3013 1152 3041; x_wconf 88' lang='lat' dir='ltr'>Sunt</span> <span class='ocrx_word' id='word_1_1447' title='bbox 1162 3013 1208 3049; x_wconf 89' lang='lat' dir='ltr'>qui</span> <span class='ocrx_word' id='word_1_1448' title='bbox 1219 3012 1341 3050; x_wconf 83' lang='lat' dir='ltr'>Campos</span> 
     </span>
     <span class='ocr_line' id='line_1_140' title="bbox 216 3048 1341 3091; baseline -0.004 -7"><span class='ocrx_word' id='word_1_1449' title='bbox 216 3064 318 3084; x_wconf 83' lang='lat' dir='ltr'>vacuos</span> <span class='ocrx_word' id='word_1_1450' title='bbox 332 3053 429 3083; x_wconf 89' lang='lat' dir='ltr'>Latine</span> <span class='ocrx_word' id='word_1_1451' title='bbox 442 3053 494 3083; x_wconf 77' lang='lat' dir='ltr'>sint</span> <span class='ocrx_word' id='word_1_1452' title='bbox 512 3052 694 3091; x_wconf 88' lang='lat' dir='ltr'>interpretati.</span> <span class='ocrx_word' id='word_1_1453' title='bbox 735 3052 796 3082; x_wconf 89' lang='lat' dir='ltr'>Nec</span> <span class='ocrx_word' id='word_1_1454' title='bbox 810 3050 910 3080; x_wconf 86' lang='lat' dir='ltr'>desunt</span> <span class='ocrx_word' id='word_1_1455' title='bbox 929 3059 963 3079; x_wconf 76' lang='lat' dir='ltr'>ex</span> <span class='ocrx_word' id='word_1_1456' title='bbox 974 3050 1075 3079; x_wconf 65' lang='lat' dir='ltr'>Grzecis</span> <span class='ocrx_word' id='word_1_1457' title='bbox 1085 3073 1092 3086; x_wconf 89' lang='lat'>,</span> <span class='ocrx_word' id='word_1_1458' title='bbox 1114 3051 1161 3087; x_wconf 88' lang='lat' dir='ltr'>qui</span> <span class='ocrx_word' id='word_1_1459' title='bbox 1179 3048 1273 3080; x_wconf 85' lang='lat' dir='ltr'>Aleios</span> <span class='ocrx_word' id='word_1_1460' title='bbox 1284 3050 1341 3080; x_wconf 80' lang='lat' dir='ltr'>dlci</span> 
     </span>
     <span class='ocr_line' id='line_1_141' title="bbox 216 3087 1338 3130; baseline -0.002 -8"><span class='ocrx_word' id='word_1_1461' title='bbox 216 3102 331 3130; x_wconf 85' lang='lat' dir='ltr'>campos</span> <span class='ocrx_word' id='word_1_1462' title='bbox 352 3098 452 3130; x_wconf 81' lang='lat' dir='ltr'>putent</span> <span class='ocrx_word' id='word_1_1463' title='bbox 470 3101 528 3120; x_wconf 92' lang='lat' dir='ltr'>non</span> <span class='ocrx_word' id='word_1_1464' title='bbox 544 3090 578 3120; x_wconf 91' lang='lat' dir='ltr'>ab</span> <span class='ocrx_word' id='word_1_1465' title='bbox 588 3099 679 3120; x_wconf 89' lang='lat' dir='ltr'>errore</span> <span class='ocrx_word' id='word_1_1466' title='bbox 690 3112 698 3125; x_wconf 81' lang='lat'>,</span> <span class='ocrx_word' id='word_1_1467' title='bbox 719 3088 767 3119; x_wconf 89' lang='lat' dir='ltr'>sed</span> <span class='ocrx_word' id='word_1_1468' title='bbox 779 3089 812 3118; x_wconf 85' lang='lat' dir='ltr'>ab</span> <span class='ocrx_word' id='word_1_1469' title='bbox 823 3088 931 3126; x_wconf 86' lang='lat' dir='ltr'>oppido</span> <span class='ocrx_word' id='word_1_1470' title='bbox 943 3088 1019 3125; x_wconf 85' lang='lat' dir='ltr'>quod</span> <span class='ocrx_word' id='word_1_1471' title='bbox 1038 3087 1097 3117; x_wconf 90' lang='lat' dir='ltr'>Alas</span> <span class='ocrx_word' id='word_1_1472' title='bbox 1114 3095 1338 3127; x_wconf 82' lang='lat' dir='ltr'>nuncuparetur:</span> 
     </span>
     <span class='ocr_line' id='line_1_142' title="bbox 216 3125 1337 3167; baseline -0.002 -8"><span class='ocrx_word' id='word_1_1473' title='bbox 216 3131 378 3167; x_wconf 86' lang='lat' dir='ltr'>adduntque</span> <span class='ocrx_word' id='word_1_1474' title='bbox 397 3130 469 3159; x_wconf 90' lang='lat' dir='ltr'>inter</span> <span class='ocrx_word' id='word_1_1475' title='bbox 481 3129 608 3159; x_wconf 86' lang='lat' dir='ltr'>Pinarum</span> <span class='ocrx_word' id='word_1_1476' title='bbox 630 3130 656 3159; x_wconf 89' lang='lat'>&amp;</span> <span class='ocrx_word' id='word_1_1477' title='bbox 675 3128 807 3164; x_wconf 87' lang='lat' dir='ltr'>Cydnum</span> <span class='ocrx_word' id='word_1_1478' title='bbox 819 3136 914 3156; x_wconf 87' lang='lat' dir='ltr'>amnes</span> <span class='ocrx_word' id='word_1_1479' title='bbox 928 3125 1174 3155; x_wconf 56' lang='lat' dir='ltr'>collocarissaelius</span> <span class='ocrx_word' id='word_1_1480' title='bbox 1183 3126 1201 3155; x_wconf 95' lang='grc'>1.</span> <span class='ocrx_word' id='word_1_1481' title='bbox 1214 3137 1239 3161; x_wconf 88' lang='lat'>9.</span> <span class='ocrx_word' id='word_1_1482' title='bbox 1255 3137 1278 3156; x_wconf 91' lang='lat' dir='ltr'>c.</span> <span class='ocrx_word' id='word_1_1483' title='bbox 1290 3137 1337 3165; x_wconf 86' lang='lat'>47.</span> 
     </span>
     <span class='ocr_line' id='line_1_143' title="bbox 178 3164 1340 3204; baseline -0.003 -6"><span class='ocrx_word' id='word_1_1484' title='bbox 178 3169 246 3199; x_wconf 72' lang='lat' dir='ltr'>ALE</span> <span class='ocrx_word' id='word_1_1485' title='bbox 256 3178 275 3197; x_wconf 87' lang='lat' dir='ltr'>M</span> <span class='ocrx_word' id='word_1_1486' title='bbox 285 3178 303 3197; x_wconf 89' lang='lat' dir='ltr'>A</span> <span class='ocrx_word' id='word_1_1487' title='bbox 313 3178 332 3197; x_wconf 92' lang='lat' dir='ltr'>N</span> <span class='ocrx_word' id='word_1_1488' title='bbox 342 3178 409 3197; x_wconf 84' lang='lat' dir='ltr'>NrA</span> <span class='ocrx_word' id='word_1_1489' title='bbox 427 3190 435 3204; x_wconf 93' lang='lat'>,</span> <span class='ocrx_word' id='word_1_1490' title='bbox 473 3166 488 3203; x_wconf 89' lang='lat'>[</span> <span class='ocrx_word' id='word_1_1491' title='bbox 501 3167 665 3202; x_wconf 73' lang='grc' dir='ltr'>Α’λοιμκνίοι]</span> <span class='ocrx_word' id='word_1_1492' title='bbox 695 3166 783 3203; x_wconf 84' lang='lat' dir='ltr'>Regio</span> <span class='ocrx_word' id='word_1_1493' title='bbox 813 3164 1030 3194; x_wconf 85' lang='lat' dir='ltr'>Alemannorum</span> <span class='ocrx_word' id='word_1_1494' title='bbox 1048 3186 1056 3199; x_wconf 89' lang='lat'>,</span> <span class='ocrx_word' id='word_1_1495' title='bbox 1093 3174 1155 3201; x_wconf 90' lang='lat' dir='ltr'>pars</span> <span class='ocrx_word' id='word_1_1496' title='bbox 1185 3165 1340 3195; x_wconf 77' lang='lat' dir='ltr'>Germania:</span> 
     </span>
     <span class='ocr_line' id='line_1_144' title="bbox 216 3202 1340 3244; baseline -0.002 -9"><span class='ocrx_word' id='word_1_1497' title='bbox 216 3206 358 3244; x_wconf 89' lang='lat' dir='ltr'>quondam</span> <span class='ocrx_word' id='word_1_1498' title='bbox 368 3228 375 3241; x_wconf 87' lang='lat'>‚</span> <span class='ocrx_word' id='word_1_1499' title='bbox 417 3206 473 3235; x_wconf 91' lang='lat' dir='ltr'>uod</span> <span class='ocrx_word' id='word_1_1500' title='bbox 481 3215 587 3235; x_wconf 88' lang='lat' dir='ltr'>nomen</span> <span class='ocrx_word' id='word_1_1501' title='bbox 595 3205 688 3243; x_wconf 84' lang='lat' dir='ltr'>postea</span> <span class='ocrx_word' id='word_1_1502' title='bbox 703 3202 836 3233; x_wconf 69' lang='lat' dir='ltr'>universae</span> <span class='ocrx_word' id='word_1_1503' title='bbox 846 3202 983 3232; x_wconf 85' lang='lat' dir='ltr'>tributum</span> <span class='ocrx_word' id='word_1_1504' title='bbox 994 3202 1059 3238; x_wconf 89' lang='lat' dir='ltr'>fuit,</span> <span class='ocrx_word' id='word_1_1505' title='bbox 1073 3209 1155 3240; x_wconf 89' lang='lat' dir='ltr'>atque</span> <span class='ocrx_word' id='word_1_1506' title='bbox 1167 3204 1252 3232; x_wconf 85' lang='lat' dir='ltr'>etiam</span> <span class='ocrx_word' id='word_1_1507' title='bbox 1264 3214 1340 3233; x_wconf 88' lang='lat' dir='ltr'>nunc</span> 
     </span>
     <span class='ocr_line' id='line_1_145' title="bbox 217 3240 1020 3279; baseline -0.006 -7"><span class='ocrx_word' id='word_1_1508' title='bbox 217 3244 252 3273; x_wconf 87' lang='lat' dir='ltr'>ab</span> <span class='ocrx_word' id='word_1_1509' title='bbox 262 3245 363 3273; x_wconf 80' lang='lat' dir='ltr'>exteris</span> <span class='ocrx_word' id='word_1_1510' title='bbox 374 3245 407 3272; x_wconf 90' lang='lat' dir='ltr'>tri</span> <span class='ocrx_word' id='word_1_1511' title='bbox 432 3244 513 3273; x_wconf 89' lang='lat' dir='ltr'>uitur.</span> <span class='ocrx_word' id='word_1_1512' title='bbox 537 3242 636 3273; x_wconf 88' lang='lat' dir='ltr'>Claud.</span> <span class='ocrx_word' id='word_1_1513' title='bbox 651 3242 686 3272; x_wconf 88' lang='lat' dir='ltr'>de</span> <span class='ocrx_word' id='word_1_1514' title='bbox 695 3252 721 3279; x_wconf 78' lang='lat'>4.</span> <span class='ocrx_word' id='word_1_1515' title='bbox 745 3240 826 3270; x_wconf 90' lang='lat' dir='ltr'>Cons.</span> <span class='ocrx_word' id='word_1_1516' title='bbox 837 3241 943 3270; x_wconf 90' lang='lat' dir='ltr'>Honor.</span> <span class='ocrx_word' id='word_1_1517' title='bbox 955 3250 1020 3276; x_wconf 88' lang='lat'>449.</span> 
     </span>
     <span class='ocr_line' id='line_1_146' title="bbox 296 3276 1341 3319; baseline -0.002 -8"><span class='ocrx_word' id='word_1_1518' title='bbox 296 3281 482 3319; x_wconf 75' lang='lat' dir='ltr'>imploratque</span> <span class='ocrx_word' id='word_1_1519' title='bbox 501 3288 581 3311; x_wconf 91' lang='lat' dir='ltr'>tuum</span> <span class='ocrx_word' id='word_1_1520' title='bbox 601 3280 720 3319; x_wconf 80' lang='lat' dir='ltr'>supplex</span> <span class='ocrx_word' id='word_1_1521' title='bbox 735 3278 901 3309; x_wconf 84' lang='lat' dir='ltr'>Alemannia</span> <span class='ocrx_word' id='word_1_1522' title='bbox 920 3287 1034 3306; x_wconf 88' lang='lat' dir='ltr'>nomen.</span> <span class='ocrx_word' id='word_1_1523' title='bbox 1129 3276 1171 3307; x_wconf 87' lang='lat' dir='ltr'>Ita</span> <span class='ocrx_word' id='word_1_1524' title='bbox 1182 3279 1341 3309; x_wconf 86' lang='lat' dir='ltr'>occurririn</span> 
     </span>
     <span class='ocr_line' id='line_1_147' title="bbox 215 3315 1340 3358; baseline -0.001 -10"><span class='ocrx_word' id='word_1_1525' title='bbox 215 3316 342 3357; x_wconf 90' lang='lat' dir='ltr'>pluribus</span> <span class='ocrx_word' id='word_1_1526' title='bbox 368 3320 507 3355; x_wconf 90' lang='lat' dir='ltr'>nummis,</span> <span class='ocrx_word' id='word_1_1527' title='bbox 534 3319 610 3358; x_wconf 90' lang='lat' dir='ltr'>quod</span> <span class='ocrx_word' id='word_1_1528' title='bbox 628 3319 694 3348; x_wconf 89' lang='lat' dir='ltr'>ideo</span> <span class='ocrx_word' id='word_1_1529' title='bbox 718 3318 829 3357; x_wconf 72' lang='lat' dir='ltr'>praefert</span> <span class='ocrx_word' id='word_1_1530' title='bbox 846 3316 998 3355; x_wconf 83' lang='lat' dir='ltr'>spanhem.</span> <span class='ocrx_word' id='word_1_1531' title='bbox 1049 3315 1104 3345; x_wconf 91' lang='lat' dir='ltr'>Sed</span> <span class='ocrx_word' id='word_1_1532' title='bbox 1124 3315 1340 3347; x_wconf 76' lang='lat' dir='ltr'>ALAMANNIA</span> 
     </span>
     <span class='ocr_line' id='line_1_148' title="bbox 217 3352 1338 3395; baseline -0.001 -9"><span class='ocrx_word' id='word_1_1533' title='bbox 217 3359 247 3386; x_wconf 93' lang='lat' dir='ltr'>in</span> <span class='ocrx_word' id='word_1_1534' title='bbox 258 3367 316 3386; x_wconf 87' lang='lat' dir='ltr'>uno</span> <span class='ocrx_word' id='word_1_1535' title='bbox 326 3365 443 3386; x_wconf 88' lang='lat' dir='ltr'>nummo</span> <span class='ocrx_word' id='word_1_1536' title='bbox 457 3367 540 3387; x_wconf 88' lang='lat' dir='ltr'>aureo</span> <span class='ocrx_word' id='word_1_1537' title='bbox 550 3380 559 3393; x_wconf 89' lang='lat'>,</span> <span class='ocrx_word' id='word_1_1538' title='bbox 581 3367 664 3395; x_wconf 87' lang='lat' dir='ltr'>quem</span> <span class='ocrx_word' id='word_1_1539' title='bbox 674 3357 730 3387; x_wconf 89' lang='lat' dir='ltr'>Nic</span> <span class='ocrx_word' id='word_1_1540' title='bbox 752 3355 878 3385; x_wconf 74' lang='lat' dir='ltr'>Heinsius</span> <span class='ocrx_word' id='word_1_1541' title='bbox 889 3353 1007 3391; x_wconf 79' lang='lat' dir='ltr'>exponit</span> <span class='ocrx_word' id='word_1_1542' title='bbox 1024 3353 1060 3382; x_wconf 86' lang='lat' dir='ltr'>ad</span> <span class='ocrx_word' id='word_1_1543' title='bbox 1069 3352 1167 3382; x_wconf 91' lang='lat' dir='ltr'>Claud.</span> <span class='ocrx_word' id='word_1_1544' title='bbox 1184 3352 1202 3382; x_wconf 83' lang='lat' dir='ltr'>l.</span> <span class='ocrx_word' id='word_1_1545' title='bbox 1215 3363 1238 3383; x_wconf 93' lang='lat' dir='ltr'>c.</span> <span class='ocrx_word' id='word_1_1546' title='bbox 1263 3356 1338 3385; x_wconf 91' lang='lat' dir='ltr'>conf.</span> 
     </span>
     <span class='ocr_line' id='line_1_149' title="bbox 216 3391 1340 3431; baseline -0.002 -7"><span class='ocrx_word' id='word_1_1547' title='bbox 216 3395 301 3424; x_wconf 90' lang='lat' dir='ltr'>eund.</span> <span class='ocrx_word' id='word_1_1548' title='bbox 314 3395 348 3423; x_wconf 89' lang='lat' dir='ltr'>de</span> <span class='ocrx_word' id='word_1_1549' title='bbox 363 3394 464 3425; x_wconf 86' lang='lat' dir='ltr'>laudib.</span> <span class='ocrx_word' id='word_1_1550' title='bbox 479 3394 538 3425; x_wconf 88' lang='lat' dir='ltr'>Stil.</span> <span class='ocrx_word' id='word_1_1551' title='bbox 557 3405 579 3425; x_wconf 86' lang='lat'>1.</span> <span class='ocrx_word' id='word_1_1552' title='bbox 592 3405 656 3431; x_wconf 88' lang='lat'>234.</span> <span class='ocrx_word' id='word_1_1553' title='bbox 680 3396 706 3425; x_wconf 65' lang='grc' dir='ltr'>ὅ(</span> <span class='ocrx_word' id='word_1_1554' title='bbox 724 3392 850 3431; x_wconf 86' lang='lat' dir='ltr'>Inscript.</span> <span class='ocrx_word' id='word_1_1555' title='bbox 862 3391 990 3426; x_wconf 88' lang='lat' dir='ltr'>Gruteri,</span> <span class='ocrx_word' id='word_1_1556' title='bbox 1011 3401 1037 3428; x_wconf 89' lang='lat' dir='ltr'>p.</span> <span class='ocrx_word' id='word_1_1557' title='bbox 1058 3401 1118 3427; x_wconf 85' lang='lat'>159.</span> <span class='ocrx_word' id='word_1_1558' title='bbox 1142 3392 1168 3420; x_wconf 78' lang='lat' dir='ltr'>Sc</span> <span class='ocrx_word' id='word_1_1559' title='bbox 1181 3395 1241 3420; x_wconf 86' lang='lat'>160.</span> <span class='ocrx_word' id='word_1_1560' title='bbox 1284 3393 1340 3429; x_wconf 83' lang='lat' dir='ltr'>[ln</span> 
     </span>
     <span class='ocr_line' id='line_1_150' title="bbox 217 3428 1340 3470; baseline -0.002 -9"><span class='ocrx_word' id='word_1_1561' title='bbox 217 3432 358 3467; x_wconf 86' lang='lat' dir='ltr'>omnibus,</span> <span class='ocrx_word' id='word_1_1562' title='bbox 372 3443 431 3470; x_wconf 69' lang='lat' dir='ltr'>quie</span> <span class='ocrx_word' id='word_1_1563' title='bbox 441 3434 554 3469; x_wconf 87' lang='lat' dir='ltr'>quidem</span> <span class='ocrx_word' id='word_1_1564' title='bbox 565 3434 682 3462; x_wconf 89' lang='lat' dir='ltr'>viderim</span> <span class='ocrx_word' id='word_1_1565' title='bbox 697 3455 705 3468; x_wconf 75' lang='lat'>,</span> <span class='ocrx_word' id='word_1_1566' title='bbox 727 3431 918 3461; x_wconf 84' lang='lat' dir='ltr'>monumentis</span> <span class='ocrx_word' id='word_1_1567' title='bbox 927 3429 1048 3466; x_wconf 86' lang='lat' dir='ltr'>antiquis</span> <span class='ocrx_word' id='word_1_1568' title='bbox 1065 3428 1154 3465; x_wconf 82' lang='lat' dir='ltr'>gentis</span> <span class='ocrx_word' id='word_1_1569' title='bbox 1169 3429 1244 3458; x_wconf 89' lang='lat' dir='ltr'>istius</span> <span class='ocrx_word' id='word_1_1570' title='bbox 1264 3431 1290 3459; x_wconf 57' lang='lat' dir='ltr'>Sa</span> <span class='ocrx_word' id='word_1_1571' title='bbox 1301 3441 1340 3459; x_wconf 87' lang='lat' dir='ltr'>re-</span> 
     </span>
     <span class='ocr_line' id='line_1_151' title="bbox 216 3465 1341 3509; baseline -0.001 -11"><span class='ocrx_word' id='word_1_1572' title='bbox 216 3471 307 3508; x_wconf 78' lang='lat' dir='ltr'>gionis</span> <span class='ocrx_word' id='word_1_1573' title='bbox 317 3480 420 3499; x_wconf 86' lang='lat' dir='ltr'>nomen</span> <span class='ocrx_word' id='word_1_1574' title='bbox 436 3480 500 3500; x_wconf 89' lang='lat' dir='ltr'>eum</span> <span class='ocrx_word' id='word_1_1575' title='bbox 513 3471 632 3509; x_wconf 74' lang='lat' dir='ltr'>simplici</span> <span class='ocrx_word' id='word_1_1576' title='bbox 644 3493 651 3506; x_wconf 90' lang='lat'>,</span> <span class='ocrx_word' id='word_1_1577' title='bbox 672 3480 730 3499; x_wconf 91' lang='grc'>11011</span> <span class='ocrx_word' id='word_1_1578' title='bbox 746 3470 902 3508; x_wconf 84' lang='lat' dir='ltr'>geminata,</span> <span class='ocrx_word' id='word_1_1579' title='bbox 923 3467 1002 3497; x_wconf 83' lang='lat' dir='ltr'>litera</span> <span class='ocrx_word' id='word_1_1580' title='bbox 1013 3467 1041 3495; x_wconf 91' lang='lat' dir='ltr'>in</span> <span class='ocrx_word' id='word_1_1581' title='bbox 1059 3467 1147 3504; x_wconf 88' lang='lat' dir='ltr'>prima</span> <span class='ocrx_word' id='word_1_1582' title='bbox 1158 3465 1268 3503; x_wconf 83' lang='lat' dir='ltr'>Syllaba</span> <span class='ocrx_word' id='word_1_1583' title='bbox 1278 3467 1341 3497; x_wconf 90' lang='lat' dir='ltr'>scri-</span> 
     </span>
     <span class='ocr_line' id='line_1_152' title="bbox 194 3505 1340 3546; baseline -0.004 -9"><span class='ocrx_word' id='word_1_1584' title='bbox 194 3517 198 3519; x_wconf 53' lang='lat'><em>*</em></span> <span class='ocrx_word' id='word_1_1585' title='bbox 215 3508 291 3537; x_wconf 89' lang='lat' dir='ltr'>bitur</span> <span class='ocrx_word' id='word_1_1586' title='bbox 308 3530 314 3541; x_wconf 81' lang='lat'>,</span> <span class='ocrx_word' id='word_1_1587' title='bbox 338 3509 366 3537; x_wconf 86' lang='lat' dir='ltr'>id</span> <span class='ocrx_word' id='word_1_1588' title='bbox 380 3508 573 3546; x_wconf 83' lang='lat' dir='ltr'>quodliquido</span> <span class='ocrx_word' id='word_1_1589' title='bbox 592 3509 667 3546; x_wconf 88' lang='lat' dir='ltr'>apud</span> <span class='ocrx_word' id='word_1_1590' title='bbox 683 3508 868 3538; x_wconf 81' lang='lat' dir='ltr'>Claudianum</span> <span class='ocrx_word' id='word_1_1591' title='bbox 889 3507 914 3536; x_wconf 86' lang='lat'>&amp;</span> <span class='ocrx_word' id='word_1_1592' title='bbox 925 3505 1073 3535; x_wconf 86' lang='lat' dir='ltr'>Sidonium</span> <span class='ocrx_word' id='word_1_1593' title='bbox 1084 3505 1165 3533; x_wconf 90' lang='lat' dir='ltr'>metri</span> <span class='ocrx_word' id='word_1_1594' title='bbox 1178 3513 1287 3542; x_wconf 85' lang='lat' dir='ltr'>quoque</span> <span class='ocrx_word' id='word_1_1595' title='bbox 1300 3516 1340 3535; x_wconf 77' lang='lat' dir='ltr'>ra.</span> 
     </span>
     <span class='ocr_line' id='line_1_153' title="bbox 216 3541 1338 3583; baseline -0.001 -9"><span class='ocrx_word' id='word_1_1596' title='bbox 216 3546 256 3575; x_wconf 93' lang='lat' dir='ltr'>tio</span> <span class='ocrx_word' id='word_1_1597' title='bbox 268 3545 387 3583; x_wconf 83' lang='lat' dir='ltr'>postulat</span> <span class='ocrx_word' id='word_1_1598' title='bbox 399 3556 405 3574; x_wconf 89' lang='lat'>:</span> <span class='ocrx_word' id='word_1_1599' title='bbox 428 3546 456 3575; x_wconf 86' lang='lat' dir='ltr'>Si</span> <span class='ocrx_word' id='word_1_1600' title='bbox 465 3546 651 3576; x_wconf 84' lang='lat' dir='ltr'>Mediobarbo</span> <span class='ocrx_word' id='word_1_1601' title='bbox 662 3546 711 3575; x_wconf 87' lang='lat' dir='ltr'>Co.</span> <span class='ocrx_word' id='word_1_1602' title='bbox 724 3546 810 3575; x_wconf 83' lang='lat' dir='ltr'>fidere</span> <span class='ocrx_word' id='word_1_1603' title='bbox 820 3545 886 3574; x_wconf 87' lang='lat' dir='ltr'>licet</span> <span class='ocrx_word' id='word_1_1604' title='bbox 902 3543 932 3574; x_wconf 93' lang='lat' dir='ltr'>in</span> <span class='ocrx_word' id='word_1_1605' title='bbox 942 3543 1064 3573; x_wconf 85' lang='lat' dir='ltr'>nummis</span> <span class='ocrx_word' id='word_1_1606' title='bbox 1078 3541 1174 3580; x_wconf 75' lang='lat' dir='ltr'>saepius</span> <span class='ocrx_word' id='word_1_1607' title='bbox 1185 3564 1193 3577; x_wconf 90' lang='lat'>,</span> <span class='ocrx_word' id='word_1_1608' title='bbox 1213 3542 1279 3572; x_wconf 88' lang='lat' dir='ltr'>licet</span> <span class='ocrx_word' id='word_1_1609' title='bbox 1290 3553 1338 3573; x_wconf 88' lang='lat' dir='ltr'>ne-</span> 
     </span>
     <span class='ocr_line' id='line_1_154' title="bbox 216 3581 1339 3620; baseline -0.003 -9"><span class='ocrx_word' id='word_1_1610' title='bbox 216 3584 318 3620; x_wconf 82' lang='lat' dir='ltr'>gaverit</span> <span class='ocrx_word' id='word_1_1611' title='bbox 345 3583 482 3619; x_wconf 84' lang='lat' dir='ltr'>Oiselius,</span> <span class='ocrx_word' id='word_1_1612' title='bbox 516 3584 724 3614; x_wconf 68' lang='lat' dir='ltr'>ALAMANNlA</span> <span class='ocrx_word' id='word_1_1613' title='bbox 745 3583 879 3612; x_wconf 88' lang='lat' dir='ltr'>scribitur.</span> <span class='ocrx_word' id='word_1_1614' title='bbox 928 3581 1028 3611; x_wconf 74' lang='lat' dir='ltr'>Graecis</span> <span class='ocrx_word' id='word_1_1615' title='bbox 1047 3587 1184 3617; x_wconf 88' lang='lat' dir='ltr'>perpetuo</span> <span class='ocrx_word' id='word_1_1616' title='bbox 1206 3584 1339 3613; x_wconf 54' lang='grc' dir='ltr'>Λλοιρμνὸι</span> 
     </span>
     <span class='ocr_line' id='line_1_155' title="bbox 215 3616 1338 3657; baseline -0.002 -8"><span class='ocrx_word' id='word_1_1617' title='bbox 215 3627 356 3650; x_wconf 85' lang='lat' dir='ltr'>vocantur.</span> <span class='ocrx_word' id='word_1_1618' title='bbox 398 3622 528 3651; x_wconf 83' lang='lat' dir='ltr'>Ceterum</span> <span class='ocrx_word' id='word_1_1619' title='bbox 540 3622 575 3651; x_wconf 90' lang='lat' dir='ltr'>de</span> <span class='ocrx_word' id='word_1_1620' title='bbox 592 3623 698 3657; x_wconf 64' lang='lat' dir='ltr'>origine</span> <span class='ocrx_word' id='word_1_1621' title='bbox 712 3622 834 3650; x_wconf 88' lang='lat' dir='ltr'>nominis</span> <span class='ocrx_word' id='word_1_1622' title='bbox 851 3621 979 3650; x_wconf 85' lang='lat' dir='ltr'>Virorum</span> <span class='ocrx_word' id='word_1_1623' title='bbox 992 3619 1139 3648; x_wconf 71' lang='lat' dir='ltr'>doctorum</span> <span class='ocrx_word' id='word_1_1624' title='bbox 1150 3616 1318 3653; x_wconf 66' lang='lat' dir='ltr'>conjecturis</span> <span class='ocrx_word' id='word_1_1625' title='bbox 1330 3641 1338 3654; x_wconf 95' lang='lat'>,</span> 
     </span>
     <span class='ocr_line' id='line_1_156' title="bbox 217 3656 1341 3697; baseline -0.002 -10"><span class='ocrx_word' id='word_1_1626' title='bbox 217 3668 284 3695; x_wconf 77' lang='lat' dir='ltr'>quas</span> <span class='ocrx_word' id='word_1_1627' title='bbox 295 3669 396 3695; x_wconf 70' lang='lat' dir='ltr'>magno</span> <span class='ocrx_word' id='word_1_1628' title='bbox 414 3668 530 3688; x_wconf 87' lang='lat' dir='ltr'>numero</span> <span class='ocrx_word' id='word_1_1629' title='bbox 540 3660 596 3695; x_wconf 82' lang='lat' dir='ltr'>jam</span> <span class='ocrx_word' id='word_1_1630' title='bbox 611 3659 786 3697; x_wconf 88' lang='lat' dir='ltr'>protulerunt</span> <span class='ocrx_word' id='word_1_1631' title='bbox 798 3681 805 3693; x_wconf 87' lang='lat'>,</span> <span class='ocrx_word' id='word_1_1632' title='bbox 828 3669 886 3688; x_wconf 92' lang='lat' dir='ltr'>non</span> <span class='ocrx_word' id='word_1_1633' title='bbox 897 3657 1015 3687; x_wconf 90' lang='lat' dir='ltr'>multum</span> <span class='ocrx_word' id='word_1_1634' title='bbox 1024 3656 1087 3685; x_wconf 77' lang='lat' dir='ltr'>sane</span> <span class='ocrx_word' id='word_1_1635' title='bbox 1096 3656 1249 3685; x_wconf 87' lang='lat' dir='ltr'>tribuerim.</span> <span class='ocrx_word' id='word_1_1636' title='bbox 1273 3656 1341 3685; x_wconf 63' lang='lat' dir='ltr'>Prae-</span> 
     </span>
     <span class='ocr_line' id='line_1_157' title="bbox 217 3694 1336 3734; baseline -0.002 -9"><span class='ocrx_word' id='word_1_1637' title='bbox 217 3704 328 3730; x_wconf 70' lang='lat' dir='ltr'>tereas,</span> <span class='ocrx_word' id='word_1_1638' title='bbox 350 3706 409 3733; x_wconf 62' lang='lat' dir='ltr'>qua*</span> <span class='ocrx_word' id='word_1_1639' title='bbox 417 3707 481 3725; x_wconf 77' lang='lat' dir='ltr'>mox</span> <span class='ocrx_word' id='word_1_1640' title='bbox 491 3705 705 3734; x_wconf 80' lang='lat' dir='ltr'>proponuntur,</span> <span class='ocrx_word' id='word_1_1641' title='bbox 727 3697 792 3726; x_wconf 72' lang='lat' dir='ltr'>alins</span> <span class='ocrx_word' id='word_1_1642' title='bbox 813 3697 844 3726; x_wconf 95' lang='lat' dir='ltr'>V.</span> <span class='ocrx_word' id='word_1_1643' title='bbox 867 3695 942 3734; x_wconf 85' lang='lat' dir='ltr'>apud</span> <span class='ocrx_word' id='word_1_1644' title='bbox 956 3694 1055 3724; x_wconf 74' lang='lat' dir='ltr'>Cellas.</span> <span class='ocrx_word' id='word_1_1645' title='bbox 1073 3694 1172 3731; x_wconf 78' lang='lat' dir='ltr'>Geogr.</span> <span class='ocrx_word' id='word_1_1646' title='bbox 1187 3694 1248 3722; x_wconf 86' lang='lat' dir='ltr'>Ant.</span> <span class='ocrx_word' id='word_1_1647' title='bbox 1266 3703 1291 3723; x_wconf 89' lang='lat'>2.</span> <span class='ocrx_word' id='word_1_1648' title='bbox 1312 3705 1336 3730; x_wconf 85' lang='lat'>5.</span> 
     </span>
     <span class='ocr_line' id='line_1_158' title="bbox 216 3731 1282 3771; baseline -0.003 -8"><span class='ocrx_word' id='word_1_1649' title='bbox 216 3746 243 3770; x_wconf 89' lang='lat'>4.</span> <span class='ocrx_word' id='word_1_1650' title='bbox 257 3736 283 3764; x_wconf 69' lang='lat' dir='ltr'>«Sc</span> <span class='ocrx_word' id='word_1_1651' title='bbox 294 3744 337 3771; x_wconf 91' lang='lat'>70.</span> <span class='ocrx_word' id='word_1_1652' title='bbox 361 3734 484 3763; x_wconf 81' lang='lat' dir='ltr'>Guillim.</span> <span class='ocrx_word' id='word_1_1653' title='bbox 508 3735 542 3763; x_wconf 84' lang='lat' dir='ltr'>de</span> <span class='ocrx_word' id='word_1_1654' title='bbox 554 3735 621 3763; x_wconf 85' lang='lat' dir='ltr'>Reb.</span> <span class='ocrx_word' id='word_1_1655' title='bbox 639 3734 746 3764; x_wconf 86' lang='lat' dir='ltr'>Helvet.</span> <span class='ocrx_word' id='word_1_1656' title='bbox 757 3734 774 3763; x_wconf 95' lang='lat' dir='ltr'>l.</span> <span class='ocrx_word' id='word_1_1657' title='bbox 789 3745 810 3763; x_wconf 85' lang='lat'>1.</span> <span class='ocrx_word' id='word_1_1658' title='bbox 823 3745 846 3764; x_wconf 81' lang='lat' dir='ltr'>c.</span> <span class='ocrx_word' id='word_1_1659' title='bbox 866 3744 890 3770; x_wconf 86' lang='lat'>3.</span> <span class='ocrx_word' id='word_1_1660' title='bbox 915 3732 1032 3762; x_wconf 81' lang='lat' dir='ltr'>Plantin.</span> <span class='ocrx_word' id='word_1_1661' title='bbox 1046 3731 1126 3761; x_wconf 58' lang='lat' dir='ltr'>Heu.</span> <span class='ocrx_word' id='word_1_1662' title='bbox 1138 3734 1200 3760; x_wconf 90' lang='lat' dir='ltr'>Ant.</span> <span class='ocrx_word' id='word_1_1663' title='bbox 1212 3737 1282 3760; x_wconf 84' lang='lat' dir='ltr'>extr.</span> 
     </span>
     <span class='ocr_line' id='line_1_159' title="bbox 177 3769 1338 3807; baseline -0.003 -6"><span class='ocrx_word' id='word_1_1664' title='bbox 177 3773 332 3803; x_wconf 74' lang='lat' dir='ltr'>ALsMAN</span> <span class='ocrx_word' id='word_1_1665' title='bbox 345 3781 402 3805; x_wconf 80' lang='lat' dir='ltr'>Nl,</span> <span class='ocrx_word' id='word_1_1666' title='bbox 432 3773 616 3807; x_wconf 40' lang='lat' dir='ltr'>[Amatam]</span> <span class='ocrx_word' id='word_1_1667' title='bbox 636 3772 698 3801; x_wconf 87' lang='lat' dir='ltr'>sunt</span> <span class='ocrx_word' id='word_1_1668' title='bbox 719 3772 805 3801; x_wconf 87' lang='lat' dir='ltr'>iidem</span> <span class='ocrx_word' id='word_1_1669' title='bbox 822 3773 868 3801; x_wconf 84' lang='lat' dir='ltr'>(ui</span> <span class='ocrx_word' id='word_1_1670' title='bbox 890 3771 1038 3800; x_wconf 84' lang='lat' dir='ltr'>Germani:</span> <span class='ocrx_word' id='word_1_1671' title='bbox 1061 3770 1130 3799; x_wconf 62' lang='lat' dir='ltr'>dicti</span> <span class='ocrx_word' id='word_1_1672' title='bbox 1151 3770 1207 3806; x_wconf 90' lang='lat' dir='ltr'>(ut</span> <span class='ocrx_word' id='word_1_1673' title='bbox 1242 3769 1338 3798; x_wconf 85' lang='lat' dir='ltr'>uidam</span> 
     </span>
     <span class='ocr_line' id='line_1_160' title="bbox 214 3807 1338 3848; baseline -0.002 -11"><span class='ocrx_word' id='word_1_1674' title='bbox 214 3810 336 3848; x_wconf 83' lang='lat' dir='ltr'>putant)</span> <span class='ocrx_word' id='word_1_1675' title='bbox 351 3819 365 3837; x_wconf 78' lang='lat' dir='ltr'>a</span> <span class='ocrx_word' id='word_1_1676' title='bbox 377 3809 482 3838; x_wconf 82' lang='lat' dir='ltr'>Manno</span> <span class='ocrx_word' id='word_1_1677' title='bbox 492 3809 630 3838; x_wconf 78' lang='lat' dir='ltr'>Teutonis</span> <span class='ocrx_word' id='word_1_1678' title='bbox 644 3811 689 3839; x_wconf 85' lang='lat' dir='ltr'>dei</span> <span class='ocrx_word' id='word_1_1679' title='bbox 701 3809 767 3838; x_wconf 85' lang='lat' dir='ltr'>filio.</span> <span class='ocrx_word' id='word_1_1680' title='bbox 807 3811 827 3838; x_wconf 90' lang='lat' dir='ltr'>A</span> <span class='ocrx_word' id='word_1_1681' title='bbox 849 3809 961 3838; x_wconf 89' lang='lat' dir='ltr'>surdum</span> <span class='ocrx_word' id='word_1_1682' title='bbox 973 3816 1066 3838; x_wconf 85' lang='lat' dir='ltr'>autem</span> <span class='ocrx_word' id='word_1_1683' title='bbox 1081 3807 1119 3837; x_wconf 85' lang='lat' dir='ltr'>est</span> <span class='ocrx_word' id='word_1_1684' title='bbox 1130 3807 1205 3844; x_wconf 90' lang='lat' dir='ltr'>quod</span> <span class='ocrx_word' id='word_1_1685' title='bbox 1218 3817 1232 3836; x_wconf 85' lang='lat' dir='ltr'>a</span> <span class='ocrx_word' id='word_1_1686' title='bbox 1246 3807 1264 3836; x_wconf 94' lang='lat' dir='ltr'>ii</span> <span class='ocrx_word' id='word_1_1687' title='bbox 1280 3807 1338 3835; x_wconf 75' lang='lat' dir='ltr'>exi-</span> 
     </span>
     <span class='ocr_line' id='line_1_161' title="bbox 214 3844 1337 3882; baseline -0.003 -6"><span class='ocrx_word' id='word_1_1688' title='bbox 214 3849 340 3880; x_wconf 79' lang='lat' dir='ltr'>stimant,</span> <span class='ocrx_word' id='word_1_1689' title='bbox 363 3847 451 3875; x_wconf 66' lang='lat' dir='ltr'>diuos</span> <span class='ocrx_word' id='word_1_1690' title='bbox 464 3847 517 3876; x_wconf 80' lang='lat' dir='ltr'>else</span> <span class='ocrx_word' id='word_1_1691' title='bbox 527 3847 716 3876; x_wconf 77' lang='lat' dir='ltr'>Alemannosa</span> <span class='ocrx_word' id='word_1_1692' title='bbox 730 3846 852 3875; x_wconf 77' lang='lat' dir='ltr'>Lem-ano</span> <span class='ocrx_word' id='word_1_1693' title='bbox 868 3847 939 3875; x_wconf 80' lang='lat' dir='ltr'>lacu.</span> <span class='ocrx_word' id='word_1_1694' title='bbox 980 3847 1051 3876; x_wconf 88' lang='lat' dir='ltr'>Nam</span> <span class='ocrx_word' id='word_1_1695' title='bbox 1062 3846 1169 3874; x_wconf 83' lang='lat' dir='ltr'>constat</span> <span class='ocrx_word' id='word_1_1696' title='bbox 1183 3854 1230 3874; x_wconf 86' lang='lat' dir='ltr'>eos</span> <span class='ocrx_word' id='word_1_1697' title='bbox 1243 3845 1288 3882; x_wconf 86' lang='lat' dir='ltr'>qui</span> <span class='ocrx_word' id='word_1_1698' title='bbox 1301 3844 1337 3873; x_wconf 86' lang='lat' dir='ltr'>ad</span> 
     </span>
     <span class='ocr_line' id='line_1_162' title="bbox 214 3881 1337 3918; baseline -0.003 -4"><span class='ocrx_word' id='word_1_1699' title='bbox 214 3886 305 3914; x_wconf 68' lang='lat' dir='ltr'>lacum</span> <span class='ocrx_word' id='word_1_1700' title='bbox 326 3884 478 3913; x_wconf 67' lang='lat' dir='ltr'>lemanum</span> <span class='ocrx_word' id='word_1_1701' title='bbox 501 3884 705 3918; x_wconf 84' lang='lat' dir='ltr'>consederunt,</span> <span class='ocrx_word' id='word_1_1702' title='bbox 736 3894 793 3912; x_wconf 87' lang='lat' dir='ltr'>non</span> <span class='ocrx_word' id='word_1_1703' title='bbox 814 3884 980 3913; x_wconf 81' lang='lat' dir='ltr'>Alemannos</span> <span class='ocrx_word' id='word_1_1704' title='bbox 995 3906 1002 3918; x_wconf 61' lang='lat'>7</span> <span class='ocrx_word' id='word_1_1705' title='bbox 1025 3890 1073 3913; x_wconf 79' lang='lat' dir='ltr'>aut</span> <span class='ocrx_word' id='word_1_1706' title='bbox 1094 3883 1247 3912; x_wconf 84' lang='lat' dir='ltr'>Germanos</span> <span class='ocrx_word' id='word_1_1707' title='bbox 1260 3904 1267 3917; x_wconf 89' lang='lat'>,</span> <span class='ocrx_word' id='word_1_1708' title='bbox 1290 3881 1337 3911; x_wconf 85' lang='lat' dir='ltr'>sed</span> 
     </span>
     <span class='ocr_line' id='line_1_163' title="bbox 213 3919 1336 3959; baseline -0.003 -6"><span class='ocrx_word' id='word_1_1709' title='bbox 213 3922 358 3954; x_wconf 78' lang='lat' dir='ltr'>Helvetios</span> <span class='ocrx_word' id='word_1_1710' title='bbox 375 3922 482 3959; x_wconf 79' lang='lat' dir='ltr'>semper</span> <span class='ocrx_word' id='word_1_1711' title='bbox 500 3922 590 3953; x_wconf 68' lang='lat' dir='ltr'>dictos</span> <span class='ocrx_word' id='word_1_1712' title='bbox 609 3922 662 3952; x_wconf 81' lang='lat' dir='ltr'>eise</span> <span class='ocrx_word' id='word_1_1713' title='bbox 681 3933 696 3951; x_wconf 75' lang='lat' dir='ltr'>a</span> <span class='ocrx_word' id='word_1_1714' title='bbox 710 3920 868 3958; x_wconf 82' lang='lat' dir='ltr'>veteribus,</span> <span class='ocrx_word' id='word_1_1715' title='bbox 895 3931 986 3958; x_wconf 82' lang='lat' dir='ltr'>neque</span> <span class='ocrx_word' id='word_1_1716' title='bbox 1005 3921 1077 3952; x_wconf 71' lang='lat' dir='ltr'>inter</span> <span class='ocrx_word' id='word_1_1717' title='bbox 1098 3919 1268 3954; x_wconf 75' lang='lat' dir='ltr'>Alemannos</span> <span class='ocrx_word' id='word_1_1718' title='bbox 1289 3925 1336 3950; x_wconf 77' lang='lat' dir='ltr'>aut</span> 
     </span>
    </p>
   </div>
   <div class='ocr_carea' id='block_1_21' title="bbox 1434 2629 2579 3425">
    <p class='ocr_par' dir='ltr' id='par_1_66' title="bbox 1437 2629 2579 2822">
     <span class='ocr_line' id='line_1_164' title="bbox 1438 2629 2569 2675; baseline -0.002 -15"><span class='ocrx_word' id='word_1_1719' title='bbox 1438 2630 1596 2675; x_wconf 78' lang='lat' dir='ltr'>Cythereia,</span> <span class='ocrx_word' id='word_1_1720' title='bbox 1608 2642 1659 2670; x_wconf 89' lang='lat' dir='ltr'>pro</span> <span class='ocrx_word' id='word_1_1721' title='bbox 1673 2631 1819 2662; x_wconf 90' lang='lat' dir='ltr'>Columba.</span> <span class='ocrx_word' id='word_1_1722' title='bbox 1841 2631 1888 2661; x_wconf 91' lang='lat' dir='ltr'>Sil.</span> <span class='ocrx_word' id='word_1_1723' title='bbox 1903 2630 1963 2661; x_wconf 82' lang='lat' dir='ltr'>Ital.</span> <span class='ocrx_word' id='word_1_1724' title='bbox 1977 2630 2026 2674; x_wconf 81' lang='lat' dir='ltr'>lib.</span> <span class='ocrx_word' id='word_1_1725' title='bbox 2042 2641 2067 2668; x_wconf 90' lang='lat'>3.</span> <span class='ocrx_word' id='word_1_1726' title='bbox 2100 2631 2144 2660; x_wconf 83' lang='lat' dir='ltr'>Est</span> <span class='ocrx_word' id='word_1_1727' title='bbox 2153 2631 2229 2673; x_wconf 81' lang='lat' dir='ltr'>enim</span> <span class='ocrx_word' id='word_1_1728' title='bbox 2240 2629 2341 2659; x_wconf 89' lang='lat' dir='ltr'>Veneri</span> <span class='ocrx_word' id='word_1_1729' title='bbox 2353 2629 2453 2659; x_wconf 87' lang='lat' dir='ltr'>dicata.</span> <span class='ocrx_word' id='word_1_1730' title='bbox 2560 2659 2569 2672; x_wconf 29' lang='grc' dir='ltr'>ἱ,</span> 
     </span>
     <span class='ocr_line' id='line_1_165' title="bbox 1437 2667 2566 2709; baseline -0.002 -11"><span class='ocrx_word' id='word_1_1731' title='bbox 1437 2668 1551 2699; x_wconf 76' lang='lat' dir='ltr'>Daulias</span> <span class='ocrx_word' id='word_1_1732' title='bbox 1563 2669 1628 2706; x_wconf 77' lang='lat' dir='ltr'>ales,</span> <span class='ocrx_word' id='word_1_1733' title='bbox 1641 2680 1693 2709; x_wconf 88' lang='lat' dir='ltr'>pro</span> <span class='ocrx_word' id='word_1_1734' title='bbox 1703 2668 1856 2700; x_wconf 84' lang='lat' dir='ltr'>Philomela</span> <span class='ocrx_word' id='word_1_1735' title='bbox 1865 2670 1918 2699; x_wconf 78' lang='lat' dir='ltr'>sive</span> <span class='ocrx_word' id='word_1_1736' title='bbox 1928 2668 2066 2704; x_wconf 81' lang='lat' dir='ltr'>Luscmia,</span> <span class='ocrx_word' id='word_1_1737' title='bbox 2079 2679 2094 2698; x_wconf 90' lang='lat' dir='ltr'>a</span> <span class='ocrx_word' id='word_1_1738' title='bbox 2103 2667 2225 2698; x_wconf 85' lang='lat' dir='ltr'>Dauhde</span> <span class='ocrx_word' id='word_1_1739' title='bbox 2233 2668 2349 2706; x_wconf 85' lang='lat' dir='ltr'>oppido.</span> <span class='ocrx_word' id='word_1_1740' title='bbox 2365 2668 2431 2698; x_wconf 86' lang='lat' dir='ltr'>Sen.</span> <span class='ocrx_word' id='word_1_1741' title='bbox 2443 2667 2566 2707; x_wconf 54' lang='lat' dir='ltr'>OEth.3.;.</span> 
     </span>
     <span class='ocr_line' id='line_1_166' title="bbox 1438 2717 2579 2785; baseline -0.003 -11"><span class='ocrx_word' id='word_1_1742' title='bbox 1438 2717 1625 2783; x_wconf 48' lang='lat' dir='ltr'>Glangzgtzicuffi</span> <span class='ocrx_word' id='word_1_1743' title='bbox 1646 2756 1697 2785; x_wconf 91' lang='lat' dir='ltr'>pro</span> <span class='ocrx_word' id='word_1_1744' title='bbox 1718 2745 1858 2776; x_wconf 85' lang='lat' dir='ltr'>Phoenice.</span> <span class='ocrx_word' id='word_1_1745' title='bbox 1898 2744 2035 2774; x_wconf 86' lang='lat' dir='ltr'>Ausonius</span> <span class='ocrx_word' id='word_1_1746' title='bbox 2046 2743 2075 2772; x_wconf 89' lang='lat' dir='ltr'>in</span> <span class='ocrx_word' id='word_1_1747' title='bbox 2095 2743 2241 2773; x_wconf 82' lang='lat' dir='ltr'>Ternario.</span> <span class='ocrx_word' id='word_1_1748' title='bbox 2567 2717 2579 2741; x_wconf 27' lang='grc' dir='ltr'>μ’</span> 
     </span>
     <span class='ocr_line' id='line_1_167' title="bbox 1437 2782 2114 2822; baseline -0.001 -10"><span class='ocrx_word' id='word_1_1749' title='bbox 1437 2783 1588 2813; x_wconf 88' lang='lat' dir='ltr'>Phoebeius</span> <span class='ocrx_word' id='word_1_1750' title='bbox 1602 2805 1610 2819; x_wconf 95' lang='lat'>,</span> <span class='ocrx_word' id='word_1_1751' title='bbox 1632 2794 1683 2822; x_wconf 84' lang='lat' dir='ltr'>pro</span> <span class='ocrx_word' id='word_1_1752' title='bbox 1694 2784 1792 2814; x_wconf 89' lang='lat' dir='ltr'>Corvo.</span> <span class='ocrx_word' id='word_1_1753' title='bbox 1816 2782 1901 2812; x_wconf 86' lang='lat' dir='ltr'>Ovid.</span> <span class='ocrx_word' id='word_1_1754' title='bbox 1915 2792 1940 2812; x_wconf 90' lang='lat'>2.</span> <span class='ocrx_word' id='word_1_1755' title='bbox 1965 2783 2036 2812; x_wconf 77' lang='lat' dir='ltr'>Met.</span> <span class='ocrx_word' id='word_1_1756' title='bbox 2052 2793 2114 2817; x_wconf 83' lang='lat'>544.</span> 
     </span>
    </p>

    <p class='ocr_par' dir='ltr' id='par_1_67' title="bbox 1437 2819 2222 2861">
     <span class='ocr_line' id='line_1_168' title="bbox 1437 2819 2222 2861; baseline -0.001 -11"><span class='ocrx_word' id='word_1_1757' title='bbox 1437 2821 1624 2859; x_wconf 78' lang='lat' dir='ltr'>Tegeaticus,</span> <span class='ocrx_word' id='word_1_1758' title='bbox 1646 2832 1698 2861; x_wconf 89' lang='lat' dir='ltr'>pro</span> <span class='ocrx_word' id='word_1_1759' title='bbox 1713 2821 1863 2852; x_wconf 80' lang='lat' dir='ltr'>Mercurio,</span> <span class='ocrx_word' id='word_1_1760' title='bbox 1889 2821 1956 2850; x_wconf 88' lang='lat' dir='ltr'>Stat.</span> <span class='ocrx_word' id='word_1_1761' title='bbox 1985 2831 2009 2855; x_wconf 79' lang='grc' dir='ltr'>ς.</span> <span class='ocrx_word' id='word_1_1762' title='bbox 2032 2819 2106 2856; x_wconf 80' lang='lat' dir='ltr'>Sylv.</span> <span class='ocrx_word' id='word_1_1763' title='bbox 2121 2830 2146 2849; x_wconf 90' lang='grc'>1.</span> <span class='ocrx_word' id='word_1_1764' title='bbox 2161 2830 2222 2849; x_wconf 85' lang='lat'>102.</span> 
     </span>
    </p>

    <p class='ocr_par' dir='ltr' id='par_1_68' title="bbox 1437 2856 2293 2898">
     <span class='ocr_line' id='line_1_169' title="bbox 1437 2856 2293 2898; baseline -0.002 -9"><span class='ocrx_word' id='word_1_1765' title='bbox 1437 2858 1583 2896; x_wconf 85' lang='lat' dir='ltr'>Titanius,</span> <span class='ocrx_word' id='word_1_1766' title='bbox 1605 2870 1655 2898; x_wconf 90' lang='lat' dir='ltr'>pro</span> <span class='ocrx_word' id='word_1_1767' title='bbox 1665 2860 1805 2890; x_wconf 88' lang='lat' dir='ltr'>Phoenice.</span> <span class='ocrx_word' id='word_1_1768' title='bbox 1828 2858 1926 2888; x_wconf 88' lang='lat' dir='ltr'>Claud.</span> <span class='ocrx_word' id='word_1_1769' title='bbox 1940 2858 2033 2896; x_wconf 75' lang='lat' dir='ltr'>Epigr.</span> <span class='ocrx_word' id='word_1_1770' title='bbox 2047 2858 2077 2886; x_wconf 91' lang='lat' dir='ltr'>in</span> <span class='ocrx_word' id='word_1_1771' title='bbox 2090 2856 2214 2888; x_wconf 85' lang='lat' dir='ltr'>Phoenic.</span> <span class='ocrx_word' id='word_1_1772' title='bbox 2226 2867 2251 2888; x_wconf 91' lang='lat' dir='ltr'>v.</span> <span class='ocrx_word' id='word_1_1773' title='bbox 2267 2864 2293 2896; x_wconf 82' lang='lat'>7.</span> 
     </span>
    </p>

    <p class='ocr_par' dir='ltr' id='par_1_69' title="bbox 1436 2897 2191 2935">
     <span class='ocr_line' id='line_1_170' title="bbox 1436 2897 2191 2935; baseline -0.003 -9"><span class='ocrx_word' id='word_1_1774' title='bbox 1436 2898 1582 2935; x_wconf 85' lang='lat' dir='ltr'>Argentea.</span> <span class='ocrx_word' id='word_1_1775' title='bbox 1604 2900 1623 2928; x_wconf 87' lang='lat' dir='ltr'>i.</span> <span class='ocrx_word' id='word_1_1776' title='bbox 1647 2908 1670 2928; x_wconf 89' lang='lat' dir='ltr'>e.</span> <span class='ocrx_word' id='word_1_1777' title='bbox 1693 2898 1769 2927; x_wconf 88' lang='lat' dir='ltr'>Alba.</span> <span class='ocrx_word' id='word_1_1778' title='bbox 1793 2897 1878 2926; x_wconf 84' lang='lat' dir='ltr'>Ovid.</span> <span class='ocrx_word' id='word_1_1779' title='bbox 1894 2906 1919 2925; x_wconf 91' lang='lat'>2.</span> <span class='ocrx_word' id='word_1_1780' title='bbox 1943 2897 2013 2926; x_wconf 78' lang='lat' dir='ltr'>Met.</span> <span class='ocrx_word' id='word_1_1781' title='bbox 2027 2899 2087 2931; x_wconf 83' lang='lat'>536.</span> <span class='ocrx_word' id='word_1_1782' title='bbox 2188 2930 2191 2931; x_wconf 52' lang='lat'>.</span> 
     </span>
    </p>

    <p class='ocr_par' dir='ltr' id='par_1_70' title="bbox 1435 2932 2569 3089">
     <span class='ocr_line' id='line_1_171' title="bbox 1435 2932 2566 2983; baseline -0.001 -18"><span class='ocrx_word' id='word_1_1783' title='bbox 1435 2935 1499 2983; x_wconf 77' lang='lat' dir='ltr'>Ales</span> <span class='ocrx_word' id='word_1_1784' title='bbox 1513 2936 1593 2966; x_wconf 83' lang='lat' dir='ltr'>avida</span> <span class='ocrx_word' id='word_1_1785' title='bbox 1606 2959 1614 2972; x_wconf 88' lang='lat'>,</span> <span class='ocrx_word' id='word_1_1786' title='bbox 1636 2946 1686 2975; x_wconf 89' lang='lat' dir='ltr'>pro</span> <span class='ocrx_word' id='word_1_1787' title='bbox 1698 2935 1812 2966; x_wconf 87' lang='lat' dir='ltr'>Vulture</span> <span class='ocrx_word' id='word_1_1788' title='bbox 1821 2935 1899 2968; x_wconf 86' lang='lat' dir='ltr'>jecur</span> <span class='ocrx_word' id='word_1_1789' title='bbox 1913 2934 1990 2972; x_wconf 86' lang='lat' dir='ltr'>Tityi</span> <span class='ocrx_word' id='word_1_1790' title='bbox 2001 2934 2102 2971; x_wconf 82' lang='lat' dir='ltr'>jugiter</span> <span class='ocrx_word' id='word_1_1791' title='bbox 2112 2933 2259 2963; x_wconf 81' lang='lat' dir='ltr'>exedente.</span> <span class='ocrx_word' id='word_1_1792' title='bbox 2281 2933 2346 2964; x_wconf 83' lang='lat' dir='ltr'>Sen.</span> <span class='ocrx_word' id='word_1_1793' title='bbox 2360 2932 2442 2963; x_wconf 82' lang='lat' dir='ltr'>Herc.</span> <span class='ocrx_word' id='word_1_1794' title='bbox 2454 2932 2506 2963; x_wconf 84' lang='lat' dir='ltr'>fur.-</span> <span class='ocrx_word' id='word_1_1795' title='bbox 2520 2937 2566 2971; x_wconf 42' lang='lat'>132</span> 
     </span>
     <span class='ocr_line' id='line_1_172' title="bbox 1437 2975 2569 3051; baseline -0.002 -11"><span class='ocrx_word' id='word_1_1796' title='bbox 1437 2975 1586 3048; x_wconf 44' lang='lat' dir='ltr'>Cicnrgfflsn&#39;.</span> <span class='ocrx_word' id='word_1_1797' title='bbox 1600 2985 1653 3051; x_wconf 55' lang='grc' dir='ltr'>Ι1110</span> <span class='ocrx_word' id='word_1_1798' title='bbox 1665 3012 1771 3050; x_wconf 80' lang='lat' dir='ltr'>Cygno.</span> <span class='ocrx_word' id='word_1_1799' title='bbox 1793 3010 1861 3040; x_wconf 85' lang='lat' dir='ltr'>Hor.</span> <span class='ocrx_word' id='word_1_1800' title='bbox 1873 3019 1898 3039; x_wconf 85' lang='lat'>2.</span> <span class='ocrx_word' id='word_1_1801' title='bbox 1917 3009 2007 3039; x_wconf 80' lang='lat' dir='ltr'>Carm.</span> <span class='ocrx_word' id='word_1_1802' title='bbox 2022 3020 2066 3039; x_wconf 87' lang='lat'>20.</span> <span class='ocrx_word' id='word_1_1803' title='bbox 2088 3019 2129 3046; x_wconf 81' lang='grc' dir='ltr'>ις.</span> <span class='ocrx_word' id='word_1_1804' title='bbox 2142 3012 2185 3040; x_wconf 88' lang='grc'>16.</span> <span class='ocrx_word' id='word_1_1805' title='bbox 2565 2980 2569 2987; x_wconf 71' lang='lat'>&#39;</span> 
     </span>
     <span class='ocr_line' id='line_1_173' title="bbox 1437 3048 2088 3089; baseline -0.005 -10"><span class='ocrx_word' id='word_1_1806' title='bbox 1437 3049 1568 3080; x_wconf 83' lang='lat' dir='ltr'>Cristatus</span> <span class='ocrx_word' id='word_1_1807' title='bbox 1579 3073 1586 3086; x_wconf 95' lang='lat'>,</span> <span class='ocrx_word' id='word_1_1808' title='bbox 1608 3061 1659 3089; x_wconf 80' lang='lat' dir='ltr'>pro</span> <span class='ocrx_word' id='word_1_1809' title='bbox 1675 3049 1763 3080; x_wconf 83' lang='lat' dir='ltr'>GallO.</span> <span class='ocrx_word' id='word_1_1810' title='bbox 1790 3048 1873 3078; x_wconf 84' lang='lat' dir='ltr'>Ovid.</span> <span class='ocrx_word' id='word_1_1811' title='bbox 1896 3059 1917 3077; x_wconf 85' lang='lat'>1.</span> <span class='ocrx_word' id='word_1_1812' title='bbox 1941 3048 2008 3077; x_wconf 73' lang='lat' dir='ltr'>fast.</span> <span class='ocrx_word' id='word_1_1813' title='bbox 2023 3059 2088 3084; x_wconf 80' lang='lat'>455.</span> 
     </span>
    </p>

    <p class='ocr_par' dir='ltr' id='par_1_71' title="bbox 1435 3081 2564 3135">
     <span class='ocr_line' id='line_1_174' title="bbox 1435 3081 2564 3135; baseline -0.003 -18"><span class='ocrx_word' id='word_1_1814' title='bbox 1435 3087 1627 3135; x_wconf 66' lang='lat' dir='ltr'>Flammiger,</span> <span class='ocrx_word' id='word_1_1815' title='bbox 1641 3099 1693 3126; x_wconf 87' lang='lat' dir='ltr'>pro</span> <span class='ocrx_word' id='word_1_1816' title='bbox 1714 3087 1809 3117; x_wconf 57' lang='lat' dir='ltr'>Avila</span> <span class='ocrx_word' id='word_1_1817' title='bbox 1820 3096 1880 3123; x_wconf 82' lang='lat' dir='ltr'>quae</span> <span class='ocrx_word' id='word_1_1818' title='bbox 1891 3086 1967 3122; x_wconf 86' lang='lat' dir='ltr'>Jovis</span> <span class='ocrx_word' id='word_1_1819' title='bbox 1979 3085 2145 3116; x_wconf 84' lang='lat' dir='ltr'>fulminibus</span> <span class='ocrx_word' id='word_1_1820' title='bbox 2154 3085 2237 3116; x_wconf 84' lang='lat' dir='ltr'>servit</span> <span class='ocrx_word' id='word_1_1821' title='bbox 2251 3107 2259 3122; x_wconf 89' lang='lat'>,</span> <span class='ocrx_word' id='word_1_1822' title='bbox 2280 3091 2314 3115; x_wconf 87' lang='lat' dir='ltr'>ut</span> <span class='ocrx_word' id='word_1_1823' title='bbox 2327 3081 2564 3123; x_wconf 66' lang='lat' dir='ltr'>exponitLadtam</span> 
     </span>
    </p>

    <p class='ocr_par' dir='ltr' id='par_1_72' title="bbox 1435 3126 2127 3203">
     <span class='ocr_line' id='line_1_175' title="bbox 1435 3126 2127 3203; baseline -0.003 -10"><span class='ocrx_word' id='word_1_1824' title='bbox 1435 3126 1827 3203; x_wconf 42' lang='grc' dir='ltr'>ΙῐῖιξὲῗςεῗῖῃὲῑέΜξιέἓυ1ἰέΫ</span> <span class='ocrx_word' id='word_1_1825' title='bbox 1833 3136 1901 3192; x_wconf 67' lang='lat' dir='ltr'>Stat.</span> <span class='ocrx_word' id='word_1_1826' title='bbox 1914 3172 1937 3191; x_wconf 61' lang='lat'>1.</span> <span class='ocrx_word' id='word_1_1827' title='bbox 1961 3159 2053 3191; x_wconf 89' lang='lat' dir='ltr'>Theb.</span> <span class='ocrx_word' id='word_1_1828' title='bbox 2064 3170 2127 3192; x_wconf 88' lang='lat'>202.</span> 
     </span>
    </p>

    <p class='ocr_par' dir='ltr' id='par_1_73' title="bbox 1435 3201 1771 3236">
     <span class='ocr_line' id='line_1_176' title="bbox 1435 3201 1771 3236; baseline -0.003 -5"><span class='ocrx_word' id='word_1_1829' title='bbox 1435 3201 1589 3232; x_wconf 82' lang='lat' dir='ltr'>Interritus.</span> <span class='ocrx_word' id='word_1_1830' title='bbox 1611 3203 1659 3232; x_wconf 83' lang='lat' dir='ltr'>Sil.</span> <span class='ocrx_word' id='word_1_1831' title='bbox 1670 3202 1730 3231; x_wconf 82' lang='lat' dir='ltr'>ltal.</span> <span class='ocrx_word' id='word_1_1832' title='bbox 1747 3212 1771 3236; x_wconf 80' lang='grc' dir='ltr'>ς.</span> 
     </span>
    </p>

    <p class='ocr_par' dir='ltr' id='par_1_74' title="bbox 1435 3236 2377 3279">
     <span class='ocr_line' id='line_1_177' title="bbox 1435 3236 2377 3279; baseline -0.005 -9"><span class='ocrx_word' id='word_1_1833' title='bbox 1435 3239 1583 3278; x_wconf 74' lang='lat' dir='ltr'>Longaeva,</span> <span class='ocrx_word' id='word_1_1834' title='bbox 1594 3251 1645 3279; x_wconf 84' lang='lat' dir='ltr'>pro</span> <span class='ocrx_word' id='word_1_1835' title='bbox 1657 3240 1798 3269; x_wconf 70' lang='lat' dir='ltr'>Phoenice.</span> <span class='ocrx_word' id='word_1_1836' title='bbox 1821 3236 1919 3267; x_wconf 83' lang='lat' dir='ltr'>Claud.</span> <span class='ocrx_word' id='word_1_1837' title='bbox 1935 3247 1961 3267; x_wconf 90' lang='lat'>2.</span> <span class='ocrx_word' id='word_1_1838' title='bbox 1979 3237 2014 3266; x_wconf 90' lang='lat' dir='ltr'>de</span> <span class='ocrx_word' id='word_1_1839' title='bbox 2023 3237 2103 3275; x_wconf 83' lang='lat' dir='ltr'>Rapt.</span> <span class='ocrx_word' id='word_1_1840' title='bbox 2120 3236 2239 3274; x_wconf 89' lang='lat' dir='ltr'>Proserp.</span> <span class='ocrx_word' id='word_1_1841' title='bbox 2252 3245 2295 3273; x_wconf 80' lang='lat'>3³-</span> <span class='ocrx_word' id='word_1_1842' title='bbox 2312 3242 2377 3273; x_wconf 80' lang='lat'>217.</span> 
     </span>
    </p>

    <p class='ocr_par' dir='ltr' id='par_1_75' title="bbox 1436 3270 2558 3326">
     <span class='ocr_line' id='line_1_178' title="bbox 1436 3270 2558 3326; baseline -0.006 -17"><span class='ocrx_word' id='word_1_1843' title='bbox 1436 3278 1571 3326; x_wconf 72' lang='lat' dir='ltr'>Lugubris</span> <span class='ocrx_word' id='word_1_1844' title='bbox 1582 3301 1589 3315; x_wconf 89' lang='lat'>,</span> <span class='ocrx_word' id='word_1_1845' title='bbox 1612 3288 1662 3317; x_wconf 90' lang='lat' dir='ltr'>pro</span> <span class='ocrx_word' id='word_1_1846' title='bbox 1674 3277 1751 3308; x_wconf 75' lang='lat' dir='ltr'>Malo</span> <span class='ocrx_word' id='word_1_1847' title='bbox 1767 3278 1792 3307; x_wconf 69' lang='grc' dir='ltr'>δε</span> <span class='ocrx_word' id='word_1_1848' title='bbox 1810 3276 1918 3305; x_wconf 87' lang='lat' dir='ltr'>infelici</span> <span class='ocrx_word' id='word_1_1849' title='bbox 1931 3275 2054 3314; x_wconf 88' lang='lat' dir='ltr'>auspicio</span> <span class='ocrx_word' id='word_1_1850' title='bbox 2064 3297 2072 3312; x_wconf 92' lang='lat'>,</span> <span class='ocrx_word' id='word_1_1851' title='bbox 2091 3281 2123 3304; x_wconf 90' lang='lat' dir='ltr'>ut</span> <span class='ocrx_word' id='word_1_1852' title='bbox 2131 3275 2327 3312; x_wconf 85' lang='lat' dir='ltr'>interpretatur</span> <span class='ocrx_word' id='word_1_1853' title='bbox 2338 3275 2439 3304; x_wconf 88' lang='lat' dir='ltr'>Acron.</span> <span class='ocrx_word' id='word_1_1854' title='bbox 2457 3270 2522 3303; x_wconf 87' lang='lat' dir='ltr'>Hor.</span> <span class='ocrx_word' id='word_1_1855' title='bbox 2534 3274 2558 3310; x_wconf 74' lang='lat'>3·</span> 
     </span>
    </p>

    <p class='ocr_par' dir='ltr' id='par_1_76' title="bbox 1434 3318 1966 3391">
     <span class='ocr_line' id='line_1_179' title="bbox 1434 3318 1966 3391; baseline -0.009 -7"><span class='ocrx_word' id='word_1_1856' title='bbox 1434 3318 1735 3391; x_wconf 53' lang='lat' dir='ltr'>lviiiiiiii&#39;1iie.⁶[³¹r&#39;opert.</span> <span class='ocrx_word' id='word_1_1857' title='bbox 1758 3350 1807 3382; x_wconf 91' lang='lat' dir='ltr'>lib.</span> <span class='ocrx_word' id='word_1_1858' title='bbox 1824 3361 1846 3380; x_wconf 85' lang='lat'>1.</span> <span class='ocrx_word' id='word_1_1859' title='bbox 1867 3355 1908 3379; x_wconf 90' lang='lat'>16.</span> <span class='ocrx_word' id='word_1_1860' title='bbox 1921 3354 1966 3386; x_wconf 82' lang='lat'>46.</span> 
     </span>
    </p>

    <p class='ocr_par' dir='ltr' id='par_1_77' title="bbox 1435 3389 1954 3425">
     <span class='ocr_line' id='line_1_180' title="bbox 1435 3389 1954 3425; baseline -0.01 -3"><span class='ocrx_word' id='word_1_1861' title='bbox 1435 3392 1612 3422; x_wconf 75' lang='lat' dir='ltr'>miserabilis.</span> <span class='ocrx_word' id='word_1_1862' title='bbox 1647 3391 1732 3421; x_wconf 77' lang='lat' dir='ltr'>Ovid.</span> <span class='ocrx_word' id='word_1_1863' title='bbox 1751 3401 1790 3419; x_wconf 88' lang='lat'>11.</span> <span class='ocrx_word' id='word_1_1864' title='bbox 1807 3389 1876 3418; x_wconf 80' lang='lat' dir='ltr'>Met.</span> <span class='ocrx_word' id='word_1_1865' title='bbox 1892 3398 1954 3425; x_wconf 85' lang='lat'>733.</span> 
     </span>
    </p>
   </div>
   <div class='ocr_carea' id='block_1_22' title="bbox 1434 3423 2604 3467">
    <p class='ocr_par' dir='ltr' id='par_1_78' title="bbox 1434 3423 2604 3467">
     <span class='ocr_line' id='line_1_181' title="bbox 1434 3423 2604 3467; baseline -0.007 -7"><span class='ocrx_word' id='word_1_1866' title='bbox 1434 3430 1545 3460; x_wconf 83' lang='lat' dir='ltr'>Potiore</span> <span class='ocrx_word' id='word_1_1867' title='bbox 1555 3430 1621 3460; x_wconf 87' lang='lat' dir='ltr'>alite</span> <span class='ocrx_word' id='word_1_1868' title='bbox 1635 3429 1742 3467; x_wconf 80' lang='lat' dir='ltr'>aliquid</span> <span class='ocrx_word' id='word_1_1869' title='bbox 1762 3429 1858 3457; x_wconf 79' lang='lat' dir='ltr'>facere.</span> <span class='ocrx_word' id='word_1_1870' title='bbox 1885 3427 1902 3455; x_wconf 87' lang='lat' dir='ltr'>i.</span> <span class='ocrx_word' id='word_1_1871' title='bbox 1920 3436 1945 3455; x_wconf 88' lang='lat' dir='ltr'>e.</span> <span class='ocrx_word' id='word_1_1872' title='bbox 1966 3425 2079 3457; x_wconf 83' lang='lat' dir='ltr'>Meliori</span> <span class='ocrx_word' id='word_1_1873' title='bbox 2094 3425 2225 3464; x_wconf 88' lang='lat' dir='ltr'>auspicio.</span> <span class='ocrx_word' id='word_1_1874' title='bbox 2247 3423 2315 3454; x_wconf 90' lang='lat' dir='ltr'>Hor.</span> <span class='ocrx_word' id='word_1_1875' title='bbox 2329 3435 2357 3461; x_wconf 89' lang='lat'>4.</span> <span class='ocrx_word' id='word_1_1876' title='bbox 2373 3423 2462 3454; x_wconf 85' lang='lat' dir='ltr'>Carm.</span> <span class='ocrx_word' id='word_1_1877' title='bbox 2476 3426 2554 3460; x_wconf 82' lang='lat'>6.23.</span> <span class='ocrx_word' id='word_1_1878' title='bbox 2597 3431 2604 3456; x_wconf 72' lang='lat'>2</span> 
     </span>
    </p>
   </div>
   <div class='ocr_carea' id='block_1_23' title="bbox 1433 3463 2051 3543">
    <p class='ocr_par' dir='ltr' id='par_1_79' title="bbox 1433 3463 2051 3543">
     <span class='ocr_line' id='line_1_182' title="bbox 1434 3463 2051 3506; baseline -0.006 -9"><span class='ocrx_word' id='word_1_1879' title='bbox 1434 3468 1521 3505; x_wconf 78' lang='lat' dir='ltr'>Regia</span> <span class='ocrx_word' id='word_1_1880' title='bbox 1533 3491 1541 3504; x_wconf 89' lang='lat'>,</span> <span class='ocrx_word' id='word_1_1881' title='bbox 1563 3479 1613 3506; x_wconf 89' lang='lat' dir='ltr'>pro</span> <span class='ocrx_word' id='word_1_1882' title='bbox 1627 3468 1733 3505; x_wconf 83' lang='lat' dir='ltr'>Aquila.</span> <span class='ocrx_word' id='word_1_1883' title='bbox 1754 3465 1837 3496; x_wconf 87' lang='lat' dir='ltr'>Ovid.</span> <span class='ocrx_word' id='word_1_1884' title='bbox 1852 3476 1879 3501; x_wconf 89' lang='lat'>4.</span> <span class='ocrx_word' id='word_1_1885' title='bbox 1897 3463 1968 3494; x_wconf 81' lang='lat' dir='ltr'>Met.</span> <span class='ocrx_word' id='word_1_1886' title='bbox 1989 3467 2051 3501; x_wconf 86' lang='lat'>362.</span> 
     </span>
     <span class='ocr_line' id='line_1_183' title="bbox 1433 3506 1796 3543; baseline -0.008 -8"><span class='ocrx_word' id='word_1_1887' title='bbox 1433 3507 1518 3536; x_wconf 65' lang='lat' dir='ltr'>Saeva.</span> <span class='ocrx_word' id='word_1_1888' title='bbox 1542 3506 1606 3536; x_wconf 87' lang='lat' dir='ltr'>Seu.</span> <span class='ocrx_word' id='word_1_1889' title='bbox 1628 3506 1737 3543; x_wconf 83' lang='lat' dir='ltr'>OEdip.</span> <span class='ocrx_word' id='word_1_1890' title='bbox 1757 3514 1796 3533; x_wconf 93' lang='lat'>12.</span> 
     </span>
    </p>
   </div>
   <div class='ocr_carea' id='block_1_24' title="bbox 1433 3530 2604 3580">
    <p class='ocr_par' dir='ltr' id='par_1_80' title="bbox 1433 3530 2604 3580">
     <span class='ocr_line' id='line_1_184' title="bbox 1433 3530 2604 3580; baseline -0.008 -6"><span class='ocrx_word' id='word_1_1891' title='bbox 1433 3544 1564 3574; x_wconf 75' lang='lat' dir='ltr'>Secunda</span> <span class='ocrx_word' id='word_1_1892' title='bbox 1576 3544 1640 3574; x_wconf 80' lang='lat' dir='ltr'>alite</span> <span class='ocrx_word' id='word_1_1893' title='bbox 1650 3542 1755 3580; x_wconf 77' lang='lat' dir='ltr'>aliquid</span> <span class='ocrx_word' id='word_1_1894' title='bbox 1762 3542 1859 3571; x_wconf 78' lang='lat' dir='ltr'>facere.</span> <span class='ocrx_word' id='word_1_1895' title='bbox 1883 3540 1900 3569; x_wconf 90' lang='lat' dir='ltr'>i.</span> <span class='ocrx_word' id='word_1_1896' title='bbox 1913 3549 1936 3570; x_wconf 88' lang='lat' dir='ltr'>e.</span> <span class='ocrx_word' id='word_1_1897' title='bbox 1959 3539 2091 3578; x_wconf 88' lang='lat' dir='ltr'>Prospero</span> <span class='ocrx_word' id='word_1_1898' title='bbox 2105 3537 2238 3576; x_wconf 84' lang='lat' dir='ltr'>auspicio,</span> <span class='ocrx_word' id='word_1_1899' title='bbox 2250 3537 2486 3576; x_wconf 85' lang='lat' dir='ltr'>utinterpretatur</span> <span class='ocrx_word' id='word_1_1900' title='bbox 2496 3535 2558 3566; x_wconf 52' lang='lat' dir='ltr'>Por*</span> <span class='ocrx_word' id='word_1_1901' title='bbox 2586 3530 2604 3558; x_wconf 59' lang='grc'>’1</span> 
     </span>
    </p>
   </div>
   <div class='ocr_carea' id='block_1_25' title="bbox 1431 3579 2554 3882">
    <p class='ocr_par' dir='ltr' id='par_1_81' title="bbox 1453 3579 1893 3620">
     <span class='ocr_line' id='line_1_185' title="bbox 1453 3579 1893 3620; baseline -0.009 -10"><span class='ocrx_word' id='word_1_1902' title='bbox 1453 3583 1564 3619; x_wconf 86' lang='lat' dir='ltr'>phyrio.</span> <span class='ocrx_word' id='word_1_1903' title='bbox 1590 3582 1657 3611; x_wconf 84' lang='lat' dir='ltr'>lior.</span> <span class='ocrx_word' id='word_1_1904' title='bbox 1682 3579 1772 3620; x_wconf 85' lang='lat' dir='ltr'>Epod.</span> <span class='ocrx_word' id='word_1_1905' title='bbox 1791 3583 1832 3608; x_wconf 89' lang='lat'>16.</span> <span class='ocrx_word' id='word_1_1906' title='bbox 1850 3587 1893 3614; x_wconf 87' lang='lat'>24.</span> 
     </span>
    </p>

    <p class='ocr_par' dir='ltr' id='par_1_82' title="bbox 1432 3605 2554 3685">
     <span class='ocr_line' id='line_1_186' title="bbox 1432 3605 2554 3685; baseline -0.008 -36"><span class='ocrx_word' id='word_1_1907' title='bbox 1432 3619 1568 3685; x_wconf 56' lang='lat' dir='ltr'>sffundis</span> <span class='ocrx_word' id='word_1_1908' title='bbox 1589 3619 1702 3649; x_wconf 80' lang='lat' dir='ltr'>alitibus</span> <span class='ocrx_word' id='word_1_1909' title='bbox 1718 3617 1879 3656; x_wconf 84' lang='lat' dir='ltr'>procedere.</span> <span class='ocrx_word' id='word_1_1910' title='bbox 1902 3615 1919 3644; x_wconf 87' lang='lat' dir='ltr'>i.</span> <span class='ocrx_word' id='word_1_1911' title='bbox 1945 3624 1968 3644; x_wconf 89' lang='lat' dir='ltr'>e.</span> <span class='ocrx_word' id='word_1_1912' title='bbox 1993 3614 2080 3645; x_wconf 85' lang='lat' dir='ltr'>Felici</span> <span class='ocrx_word' id='word_1_1913' title='bbox 2104 3615 2130 3644; x_wconf 84' lang='lat'>&amp;</span> <span class='ocrx_word' id='word_1_1914' title='bbox 2151 3613 2283 3652; x_wconf 82' lang='lat' dir='ltr'>prospero</span> <span class='ocrx_word' id='word_1_1915' title='bbox 2305 3611 2437 3651; x_wconf 78' lang='lat' dir='ltr'>auspicio.</span> <span class='ocrx_word' id='word_1_1916' title='bbox 2460 3605 2554 3642; x_wconf 85' lang='lat' dir='ltr'>Claud.</span> 
     </span>
    </p>

    <p class='ocr_par' dir='ltr' id='par_1_83' title="bbox 1473 3667 1638 3692">
     <span class='ocr_line' id='line_1_187' title="bbox 1473 3667 1638 3692; baseline 0 -6"><span class='ocrx_word' id='word_1_1917' title='bbox 1473 3667 1551 3692; x_wconf 60' lang='lat' dir='ltr'>anea.</span> <span class='ocrx_word' id='word_1_1918' title='bbox 1588 3680 1594 3687; x_wconf 96' lang='lat'>.</span> <span class='ocrx_word' id='word_1_1919' title='bbox 1634 3680 1638 3686; x_wconf 94' lang='lat'>.</span> 
     </span>
    </p>

    <p class='ocr_par' dir='ltr' id='par_1_84' title="bbox 1432 3667 2322 3733">
     <span class='ocr_line' id='line_1_188' title="bbox 1432 3667 2322 3733; baseline -0.004 -11"><span class='ocrx_word' id='word_1_1920' title='bbox 1432 3667 1594 3730; x_wconf 69' lang='lat' dir='ltr'>Vastaailes7,</span> <span class='ocrx_word' id='word_1_1921' title='bbox 1613 3668 1666 3733; x_wconf 54' lang='lat' dir='ltr'>(pro</span> <span class='ocrx_word' id='word_1_1922' title='bbox 1675 3690 1917 3724; x_wconf 81' lang='lat' dir='ltr'>Struthiocamelo.</span> <span class='ocrx_word' id='word_1_1923' title='bbox 1942 3689 2040 3720; x_wconf 85' lang='lat' dir='ltr'>Claud.</span> <span class='ocrx_word' id='word_1_1924' title='bbox 2054 3700 2079 3720; x_wconf 90' lang='lat'>2.</span> <span class='ocrx_word' id='word_1_1925' title='bbox 2091 3690 2121 3719; x_wconf 91' lang='lat' dir='ltr'>in</span> <span class='ocrx_word' id='word_1_1926' title='bbox 2131 3689 2246 3726; x_wconf 86' lang='lat' dir='ltr'>Eutrop.</span> <span class='ocrx_word' id='word_1_1927' title='bbox 2262 3698 2322 3725; x_wconf 81' lang='lat'>134.</span> 
     </span>
    </p>

    <p class='ocr_par' dir='ltr' id='par_1_85' title="bbox 1432 3727 2306 3769">
     <span class='ocr_line' id='line_1_189' title="bbox 1432 3727 2306 3769; baseline -0.006 -9"><span class='ocrx_word' id='word_1_1928' title='bbox 1432 3731 1531 3761; x_wconf 65' lang='lat' dir='ltr'>Delam</span> <span class='ocrx_word' id='word_1_1929' title='bbox 1541 3734 1640 3769; x_wconf 81' lang='lat' dir='ltr'>pennis</span> <span class='ocrx_word' id='word_1_1930' title='bbox 1650 3733 1705 3761; x_wconf 83' lang='lat' dir='ltr'>ales</span> <span class='ocrx_word' id='word_1_1931' title='bbox 1716 3732 1744 3760; x_wconf 92' lang='lat' dir='ltr'>in</span> <span class='ocrx_word' id='word_1_1932' title='bbox 1757 3730 1878 3766; x_wconf 80' lang='lat' dir='ltr'>aliquem</span> <span class='ocrx_word' id='word_1_1933' title='bbox 1890 3728 1993 3757; x_wconf 86' lang='lat' dir='ltr'>locum.</span> <span class='ocrx_word' id='word_1_1934' title='bbox 2017 3728 2125 3757; x_wconf 87' lang='lat' dir='ltr'>Lucret.</span> <span class='ocrx_word' id='word_1_1935' title='bbox 2142 3727 2192 3756; x_wconf 88' lang='lat' dir='ltr'>lib.</span> <span class='ocrx_word' id='word_1_1936' title='bbox 2202 3732 2227 3756; x_wconf 89' lang='lat'>6.</span> <span class='ocrx_word' id='word_1_1937' title='bbox 2242 3731 2306 3760; x_wconf 84' lang='lat'>821.</span> 
     </span>
    </p>

    <p class='ocr_par' dir='ltr' id='par_1_86' title="bbox 1432 3763 2429 3807">
     <span class='ocr_line' id='line_1_190' title="bbox 1432 3763 2429 3807; baseline -0.007 -9"><span class='ocrx_word' id='word_1_1938' title='bbox 1432 3768 1517 3806; x_wconf 78' lang='lat' dir='ltr'>Lapsa</span> <span class='ocrx_word' id='word_1_1939' title='bbox 1534 3770 1631 3799; x_wconf 74' lang='lat' dir='ltr'>aleszrb</span> <span class='ocrx_word' id='word_1_1940' title='bbox 1642 3773 1703 3799; x_wconf 73' lang='lat' dir='ltr'>aere</span> <span class='ocrx_word' id='word_1_1941' title='bbox 1714 3792 1722 3804; x_wconf 94' lang='lat'>,</span> <span class='ocrx_word' id='word_1_1942' title='bbox 1746 3778 1796 3807; x_wconf 87' lang='lat' dir='ltr'>pro</span> <span class='ocrx_word' id='word_1_1943' title='bbox 1807 3769 1861 3796; x_wconf 87' lang='lat' dir='ltr'>Ave</span> <span class='ocrx_word' id='word_1_1944' title='bbox 1871 3765 2001 3794; x_wconf 68' lang='lat' dir='ltr'>deorsum</span> <span class='ocrx_word' id='word_1_1945' title='bbox 2010 3766 2131 3795; x_wconf 78' lang='lat' dir='ltr'>volante.</span> <span class='ocrx_word' id='word_1_1946' title='bbox 2155 3765 2227 3802; x_wconf 80' lang='lat' dir='ltr'>Virg.</span> <span class='ocrx_word' id='word_1_1947' title='bbox 2243 3775 2264 3793; x_wconf 85' lang='lat'>1.</span> <span class='ocrx_word' id='word_1_1948' title='bbox 2279 3763 2340 3794; x_wconf 83' lang='lat' dir='ltr'>AEn.</span> <span class='ocrx_word' id='word_1_1949' title='bbox 2366 3772 2429 3800; x_wconf 89' lang='lat'>394.</span> 
     </span>
    </p>

    <p class='ocr_par' dir='ltr' id='par_1_87' title="bbox 1431 3798 2554 3882">
     <span class='ocr_line' id='line_1_191' title="bbox 1431 3798 2554 3845; baseline -0.007 -9"><span class='ocrx_word' id='word_1_1950' title='bbox 1431 3806 1517 3836; x_wconf 84' lang='lat' dir='ltr'>Alites</span> <span class='ocrx_word' id='word_1_1951' title='bbox 1525 3807 1617 3836; x_wconf 74' lang='lat' dir='ltr'>volatu</span> <span class='ocrx_word' id='word_1_1952' title='bbox 1628 3808 1748 3845; x_wconf 86' lang='lat' dir='ltr'>auspicia</span> <span class='ocrx_word' id='word_1_1953' title='bbox 1757 3805 1891 3835; x_wconf 78' lang='lat' dir='ltr'>facientes</span> <span class='ocrx_word' id='word_1_1954' title='bbox 1902 3804 1954 3832; x_wconf 69' lang='lat' dir='ltr'>ista=</span> <span class='ocrx_word' id='word_1_1955' title='bbox 1965 3804 2150 3840; x_wconf 77' lang='lat' dir='ltr'>putabantur:</span> <span class='ocrx_word' id='word_1_1956' title='bbox 2174 3803 2273 3837; x_wconf 86' lang='lat' dir='ltr'>Buteo,</span> <span class='ocrx_word' id='word_1_1957' title='bbox 2290 3800 2443 3837; x_wconf 78' lang='lat' dir='ltr'>Sanqualis,</span> <span class='ocrx_word' id='word_1_1958' title='bbox 2456 3798 2554 3829; x_wconf 78' lang='lat' dir='ltr'>Immu⁴</span> 
     </span>
     <span class='ocr_line' id='line_1_192' title="bbox 1451 3838 2403 3882; baseline -0.006 -8"><span class='ocrx_word' id='word_1_1959' title='bbox 1451 3844 1558 3878; x_wconf 84' lang='lat' dir='ltr'>sculus,</span> <span class='ocrx_word' id='word_1_1960' title='bbox 1583 3845 1693 3882; x_wconf 75' lang='lat' dir='ltr'>Aquila,</span> <span class='ocrx_word' id='word_1_1961' title='bbox 1718 3841 1879 3877; x_wconf 84' lang='lat' dir='ltr'>Vulturius,</span> <span class='ocrx_word' id='word_1_1962' title='bbox 1902 3842 2003 3871; x_wconf 76' lang='lat' dir='ltr'>Festus.</span> <span class='ocrx_word' id='word_1_1963' title='bbox 2044 3842 2074 3871; x_wconf 94' lang='lat' dir='ltr'>V.</span> <span class='ocrx_word' id='word_1_1964' title='bbox 2097 3840 2220 3870; x_wconf 89' lang='lat' dir='ltr'>eundem</span> <span class='ocrx_word' id='word_1_1965' title='bbox 2234 3841 2263 3868; x_wconf 89' lang='lat' dir='ltr'>in</span> <span class='ocrx_word' id='word_1_1966' title='bbox 2280 3838 2403 3868; x_wconf 88' lang='lat' dir='ltr'>Oscines.</span> 
     </span>
    </p>
   </div>
   <div class='ocr_carea' id='block_1_26' title="bbox 1392 3873 2550 3921">
    <p class='ocr_par' dir='ltr' id='par_1_88' title="bbox 1392 3873 2550 3921">
     <span class='ocr_line' id='line_1_193' title="bbox 1392 3873 2550 3921; baseline -0.008 -9"><span class='ocrx_word' id='word_1_1967' title='bbox 1392 3883 1413 3913; x_wconf 92' lang='lat' dir='ltr'>A</span> <span class='ocrx_word' id='word_1_1968' title='bbox 1422 3894 1439 3912; x_wconf 86' lang='lat' dir='ltr'>L</span> <span class='ocrx_word' id='word_1_1969' title='bbox 1448 3893 1462 3911; x_wconf 76' lang='lat' dir='ltr'>a</span> <span class='ocrx_word' id='word_1_1970' title='bbox 1471 3892 1493 3917; x_wconf 89' lang='lat' dir='ltr'>s,</span> <span class='ocrx_word' id='word_1_1971' title='bbox 1506 3883 1563 3916; x_wconf 81' lang='lat' dir='ltr'>Adj.</span> <span class='ocrx_word' id='word_1_1972' title='bbox 1577 3892 1651 3911; x_wconf 89' lang='lat' dir='ltr'>omn.</span> <span class='ocrx_word' id='word_1_1973' title='bbox 1663 3892 1724 3919; x_wconf 76' lang='lat' dir='ltr'>gen.</span> <span class='ocrx_word' id='word_1_1974' title='bbox 1738 3881 1827 3917; x_wconf 62' lang='grc' dir='ltr'>[ὠκὺς.</span> <span class='ocrx_word' id='word_1_1975' title='bbox 1841 3880 1958 3921; x_wconf 44' lang='lat' dir='ltr'>adagim]</span> <span class='ocrx_word' id='word_1_1976' title='bbox 1969 3880 2083 3916; x_wconf 83' lang='lat' dir='ltr'>ponitur</span> <span class='ocrx_word' id='word_1_1977' title='bbox 2094 3879 2210 3916; x_wconf 79' lang='lat' dir='ltr'>apoetis</span> <span class='ocrx_word' id='word_1_1978' title='bbox 2220 3886 2269 3915; x_wconf 86' lang='lat' dir='ltr'>pro</span> <span class='ocrx_word' id='word_1_1979' title='bbox 2283 3876 2386 3906; x_wconf 87' lang='lat' dir='ltr'>Veloci.</span> <span class='ocrx_word' id='word_1_1980' title='bbox 2408 3873 2455 3906; x_wconf 83' lang='lat' dir='ltr'>Sil.</span> <span class='ocrx_word' id='word_1_1981' title='bbox 2463 3878 2550 3911; x_wconf 60' lang='lat'>1267.</span> 
     </span>
    </p>
   </div>
   <div class='ocr_carea' id='block_1_27' title="bbox 2481 3951 2551 3986">
    <p class='ocr_par' dir='ltr' id='par_1_89' title="bbox 2481 3944 2604 4002">
     <span class='ocr_line' id='line_1_194' title="bbox 2481 3951 2551 3986; baseline -0.008 -6"><span class='ocrx_word' id='word_1_1982' title='bbox 2481 3951 2551 3986; x_wconf 75' lang='lat' dir='ltr'>Ales,</span> 
     </span>
    </p>
   </div>
   <div class='ocr_carea' id='block_1_28' title="bbox 1431 3913 2361 3957">
    <p class='ocr_par' dir='ltr' id='par_1_90' title="bbox 1431 3913 2361 3957">
     <span class='ocr_line' id='line_1_195' title="bbox 1431 3913 2361 3957; baseline -0.01 -4"><span class='ocrx_word' id='word_1_1983' title='bbox 1431 3920 1503 3953; x_wconf 72' lang='lat' dir='ltr'>Alite</span> <span class='ocrx_word' id='word_1_1984' title='bbox 1512 3923 1608 3952; x_wconf 71' lang='lat' dir='ltr'>vectus</span> <span class='ocrx_word' id='word_1_1985' title='bbox 1617 3930 1698 3957; x_wconf 81' lang='lat' dir='ltr'>equo.</span> <span class='ocrx_word' id='word_1_1986' title='bbox 1740 3918 1811 3956; x_wconf 85' lang='lat' dir='ltr'>Virg.</span> <span class='ocrx_word' id='word_1_1987' title='bbox 1826 3923 1850 3952; x_wconf 87' lang='lat'>8.</span> <span class='ocrx_word' id='word_1_1988' title='bbox 1870 3918 1933 3949; x_wconf 65' lang='lat' dir='ltr'>jhu.</span> <span class='ocrx_word' id='word_1_1989' title='bbox 1944 3927 2008 3953; x_wconf 83' lang='lat'>430.</span> <span class='ocrx_word' id='word_1_1990' title='bbox 2109 3931 2146 3937; x_wconf 91' lang='lat'>—</span> <span class='ocrx_word' id='word_1_1991' title='bbox 2176 3915 2255 3946; x_wconf 77' lang='lat' dir='ltr'>Alitis</span> <span class='ocrx_word' id='word_1_1992' title='bbox 2273 3913 2361 3944; x_wconf 77' lang='lat' dir='ltr'>austri.</span> 
     </span>
    </p>
   </div>
   <div class='ocr_carea' id='block_1_29' title="bbox 2583 3173 2592 3950">
    <p class='ocr_par' dir='ltr' id='par_1_91' title="bbox 2583 3173 2592 3950">
     <span class='ocr_line' id='line_1_196' title="bbox 2583 3173 2592 3950; baseline 0 0"><span class='ocrx_word' id='word_1_1993' title='bbox 2583 3173 2592 3950; x_wconf 95' lang='lat' dir='ltr'> </span> 
     </span>
    </p>
   </div>
   <div class='ocr_carea' id='block_1_30' title="bbox 2589 3737 2604 3953">
    <p class='ocr_par' dir='ltr' id='par_1_92' title="bbox 2589 3737 2604 3953">
     <span class='ocr_line' id='line_1_197' title="bbox 2589 3737 2604 3953; textangle 90"><span class='ocrx_word' id='word_1_1994' title='bbox 2589 3737 2604 3953; x_wconf 47' lang='lat'>..4...-*=-&#39;-.-</span> 
     </span>
    </p>
   </div>
  </div>
 </body>
</html>
