2604 4222
160 142 231 179 264
582 133 609 166 A
705 130 735 165 R
830 127 865 163 Τ

166 218 186 245 A
196 225 211 245 R
220 225 232 245 s
242 225 284 244 RN
294 216 331 244 ἴε
340 224 358 244 u
367 226 388 244 Μ
399 237 408 249 ‚
429 214 588 250 [a'eemnoe‘v]
609 213 702 242 Genus
714 211 751 240 est
761 210 861 240 coloris
872 208 939 237 lutei
950 229 958 242 ‚
981 204 1050 248 Plint
1070 212 1113 239 30.
1130 210 1173 238 13.
1187 202 1213 231 &
1228 205 1320 236 ³418:

205 253 371 284 Matthiolus
382 254 419 281 ait
432 252 588 281 Arscnicurn
602 259 697 280 verum
708 259 766 277 non
784 248 841 277 fieri
863 254 920 275 arte
932 267 939 280 ,
961 251 992 273 ut
1006 242 1118 286 quidam
1136 246 1253 277 putant,
1274 238 1322 267 sed

208 292 280 321 nasci
292 292 318 319 in
329 291 435 319 eisdem
446 290 570 318 cavernis
581 288 627 318 ubi
638 288 724 316 oritur
735 286 980 324 auripigmentum.
1004 281 1036 309 V.
1053 289 1098 321 AR
1108 289 1123 306 R
1133 287 1152 306 Η
1163 287 1176 305 F,
1186 287 1226 319 Ni
1237 286 1254 305 c
1264 286 1322 319 υιΜ.

171 329 216 360 AR
227 340 238 358 s
249 339 263 357 n
273 339 291 357 N
302 339 318 357 o
329 338 345 357 c
356 332 372 357 ὁ
385 338 401 356 N
413 338 429 356 o
440 337 459 355 N
472 348 480 361 ,
502 322 685 362 [ἀςπνζῃένον]
712 323 803 353 Herba
820 323 910 350 serens
922 322 1013 348 lemen
1026 317 1138 359 testibus
1159 314 1244 343 simile
1257 336 1264 347 ‚
1286 321 1325 342 ita

208 367 283 396 dicta
293 389 301 401 ⁷
323 366 396 402 quod
410 365 511 393 vinoiii
521 370 719 400 quoiiiaccrata
733 361 770 389 cst
784 366 869 397 epoto
880 380 887 393 ‚
910 366 996 386 mares
1013 362 1136 398 generari
1155 352 1321 396 credantur,

209 403 445 442 quemadmodum
456 402 640 435 Thclvgono,
661 399 792 427 fosiiiinae.
815 396 884 425 Pliii.
897 400 942 424 26.
958 405 998 430 ις.
1015 392 1138 423 Dioscor.
1152 399 1176 427 3.
1194 400 1253 426 140.
1265 399 1326 425 ιιρρε-

210 439 295 478 νυῃέιον
310 440 398 478 Phylli
406 439 449 469 vel
463 431 586 476 Bryo'niic
596 438 706 474 species.
907 471 913 476 ψ
957 470 961 474 ·
1078 468 1083 474 ⁹
1275 464 1280 469 ,

171 479 217 509 AR
226 489 238 508 s
248 489 261 507 s
272 488 291 507 N
302 489 318 507 ο
328 488 347 506 ἰ-
358 488 377 506 H
389 487 403 506 E
412 488 428 505 i.
439 487 453 505 r,
464 488 481 505 A
491 486 502 505 s
514 498 520 509 ,
542 473 740 511 [άςσινοῖκλέις]
761 472 837 501 Deos
857 475 963 507 antiqui
982 468 1036 498 effe
1056 468 1187 509 dixerunt
1197 488 1205 500 ‚
1227 463 1325 494 utrius-

209 526 263 554 que
275 516 352 545 sexus
363 514 576 552 participatione
587 534 594 546 ‚
617 510 689 548 quasi
699 509 975 550 Masculofoeuiiiiasi
995 516 1050 550 quo
1063 513 1177 548 nomine
1197 503 1324 540 quaedam

209 563 318 591 quoque
330 551 457 581 animalia
465 551 499 579 ab
512 549 652 579 Aristotele
663 549 859 581 nominantur,
881 545 1023 582 semetipsa
1038 549 1182 584 ineuntia.¹

171 592 193 621 A
202 601 219 620 R
229 601 241 620 s
251 601 264 619 R
274 601 293 619 N
304 601 320 619 u
331 600 343 619 s
353 612 360 624 7
382 586 526 625 [Ἀεσήνκ]
546 587 631 615 Lacus
649 586 686 615 est
694 587 722 614 in
736 586 863 614 Armenia
872 606 880 617 ‚
892 593 975 620 quein
984 583 1067 611 etiam
1075 581 1205 610 Thaeotm
1214 582 1325 620 vocant,

209 628 327 658 nitrosus
338 627 488 665 plurimum
499 647 506 660 .
528 625 603 653 unde
622 624 707 653 vestes
724 622 854 652 dilacerat
867 621 1034 663 etc-rumpit,
1056 621 1082 649 δε
1099 624 1245 657 propterea
1266 624 1325 651 ejus

209 676 279 703 aqua
293 676 349 694 nori
359 665 470 693 bibitur.
492 662 568 692 Plura
579 661 677 691 Strabo
688 661 735 689 lib.
750 670 791 689 11.
1180 671 1184 674 >

172 705 194 734 A
203 714 219 732 R
229 714 240 732 s
250 713 263 732 s
271 713 283 732 s
294 725 302 738 ‚
323 702 506 738 Mandragora
516 709 582 729 mas.
605 699 674 728 Plin.
689 709 734 742 ²56
748 707 790 735 13.

209 741 279 770 Item
291 763 299 775 ,
320 739 456 769 Persarum
468 739 536 767 Rex.
558 737 640 766 Diod.
662 746 702 773 ¹7-
720 747 743 772 5.
995 772 1000 778 Π
1056 770 1061 776 ·

170 779 191 808 A
200 788 216 807 R
226 788 237 808 s
247 788 260 807 ε
268 788 283 807 v
294 788 307 806 R.
315 788 330 806 R
340 788 352 806 s
362 787 376 806 E
390 799 398 811 ,
421 777 516 805 Averte
525 776 617 812 ignem
628 774 769 813 significat.
790 772 945 803 Tuscorum
956 781 1032 801 enim
1043 771 1139 807 lingua
1153 768 1229 811 fise,
1246 767 1325 809 Aver-

208 823 255 845 te:
280 816 365 851 Versa,
387 815 482 851 Ignem
497 813 602 842 constat
612 812 755 850 appellari.
776 811 859 841 Unde
871 811 995 840 Afranius
1007 810 1062 844 ait,
1084 805 1217 837 Inscribat
1227 804 1325 841 aliquis

208 854 236 882 in
246 853 333 887 ostio,
355 850 564 881 ARSEVERSE.
588 851 688 880 Festus.
1080 883 1087 889 .
1305 880 1310 884 ,

170 891 191 920 A
201 900 217 919 R
226 901 238 919 s
247 902 255 918 i
265 901 281 919 A
294 912 301 925 ‚
324 890 521 919 Hetruscorum
532 888 665 926 sylvasuit
674 910 682 924 ,
703 887 895 917 Romanorum
904 895 968 915 cum
978 882 1141 913 Veientibus
1151 883 1177 911 Sc
1186 879 1326 910 Hetruscis

207 938 300 966 pugna
314 927 438 956 celebris.
1214 956 1218 961 .
1308 954 1314 960 θ

168 967 189 995 A
199 976 212 994 R
225 976 236 995 s
246 977 254 993 i
267 976 284 994 A
294 975 322 1000 s,
345 963 484 1002 [Ἀςσέοκ]
505 964 592 994 ΙῑαῙίιε
609 963 709 993 {iuvius
720 985 728 999 ,
750 962 930 999 Campaniam
946 959 1134 998 praeterfluens
1145 979 1153 991 ‚
1175 965 1253 991 quus
1268 954 1328 997 lati-

205 1004 333 1032 tudinem
345 1003 378 1032 ab
389 1013 445 1032 uno
456 1002 539 1032 latere
550 1002 722 1031 disterminat
732 1023 740 1037 ‚
763 1001 831 1030 Varo
843 1000 929 1029 fluvio
947 998 1064 1027 alterum
1075 1002 1240 1033 occupante.
1254 993 1323 1022 Plin.

206 1041 254 1070 lib.
287 1064 292 1070 .
304 1051 334 1070 ca
358 1064 363 1069 .
377 1044 403 1070 6.

167 1080 189 1110 A
198 1089 213 1108 R
224 1088 252 1108 si
263 1051 298 1107 di
308 1089 327 1107 N
337 1051 357 1107 ii
371 1100 379 1114 ‚
402 1080 417 1114 [
429 1075 575 1114 'Agmni'm]
597 1075 667 1107 Urbs
681 1076 834 1106 Germanice
845 1073 993 1104 Ptolcmaeo
1002 1095 1010 1108 ‚
1029 1072 1114 1102 hodie
1124 1069 1236 1100 Brunna
1246 1089 1254 1105 ,
1269 1067 1328 1098 vul-

205 1127 240 1151 go
253 1121 352 1152 Rrump.
1053 1148 1057 1153 .
1083 1148 1088 1153 .
1135 1147 1140 1152 .
1163 1146 1168 1151 .

167 1152 233 1184 Ass
245 1165 253 1182 i
264 1164 280 1183 c
289 1164 306 1183 o
316 1164 332 1183 R
344 1164 363 1183 A
376 1163 388 1184 s
403 1176 411 1187 0
431 1153 580 1183 Sardorum
592 1162 638 1182 rex
646 1156 775 1190 'tempore
790 1149 932 1181 Annibalis
944 1171 951 1183 .
969 1154 1001 1177 iit
1011 1147 1103 1177 scribit
1112 1146 1212 1175 Livms.

166 1194 188 1222 A
198 1203 213 1221 R
223 1202 235 1221 s
246 1203 254 1220 i
264 1201 282 1220 N
292 1202 307 1220 Ε
317 1202 335 1220 u
343 1203 365 1221 M
376 1214 384 1227 ‚
407 1192 612 1221 Ornamentum
623 1191 720 1228 capitis
732 1189 882 1218 muliebris.
921 1186 1022 1229 Festus.
1059 1185 1089 1228 V
1113 1195 1132 1213 A
1143 1195 1158 1212 R
1168 1195 1184 1211 1.
1194 1194 1201 1211 i
1213 1192 1233 1211 N
1243 1193 1255 1211 E
1265 1192 1283 1210 u
1294 1192 1324 1209 M.

168 1232 189 1260 A
199 1240 214 1258 R
225 1239 236 1259 s
246 1240 255 1258 i
266 1239 285 1258 Ν
295 1231 312 1259 ὅ
323 1240 337 1258 Ε
350 1252 357 1264 ,
379 1229 534 1266 [ssago-uda]
556 1229 623 1258 Filia
642 1229 694 1257 suit
707 1228 847 1257 Ptolenirei
868 1225 931 1262 Lagi
943 1224 991 1253 hlii
1005 1246 1012 1258 ,
1036 1233 1082 1261 qui
1095 1223 1244 1260 ffigyptum
1265 1219 1325 1262 post

203 1267 394 1298 Alexandrum
407 1268 512 1302 tenuit,
534 1276 603 1295 uxor
614 1266 762 1303 Lyliinachi
773 1265 842 1301 regis
856 1262 1030 1304 Macedoniae
1040 1283 1048 1296 ,
1069 1260 1157 1292 forma
1167 1256 1327 1297 praestantis-

203 1306 269 1334 iima
282 1328 289 1340 ‚
311 1315 346 1334 ex
359 1314 415 1343 quo
426 1304 614 1343 Lysimachum
627 1305 653 1333 ὃς
664 1303 820 1341 Philippum
834 1301 958 1339 peperit,
980 1299 1078 1335 quibus
1100 1308 1163 1327 curii
1188 1305 1303 1342 regnum
1315 1314 1325 1328 ‚

203 1343 356 1380 Agathocle
374 1344 501 1381 privigno
510 1351 619 1371 veneno
629 1348 728 1370 necato
739 1363 746 1376 ,
767 1340 915 1369 destinaret
926 1360 934 1373 ‚
952 1348 966 1367 a
978 1338 1058 1366 fratre
1068 1335 1216 1378 Ptolemaeo
1227 1334 1328 1377 beruli-

204 1391 243 1410 no
254 1403 261 1416 ,
288 1381 350 1416 cui,
373 1382 515 1419 postquam
528 1380 603 1409 bello
621 1386 718 1408 contra
734 1378 880 1408 Seleucum
891 1375 1067 1413 Lysimachus
1077 1374 1210 1416 occubuit
1221 1393 1229 1406 ‚
1252 1380 1328 1400 ince-

203 1419 249 1448 stis
258 1420 467 1457 nuptiisjuneta
475 1419 562 1447 fuerat
571 1440 578 1451 ,
600 1417 752 1446 interfusis
762 1416 871 1445 duobus
880 1414 944 1443 filiis
952 1436 959 1449 ‚
982 1414 1011 1442 iri
1030 1412 1248 1441 Samothraciam
1259 1408 1328 1438 rele-

203 1465 266 1494 gata
276 1479 283 1491 ‚
299 1457 441 1494 parricidii
450 1465 550 1494 poenas
559 1456 644 1484 dedit.
886 1488 888 1490 Ι
959 1487 964 1494 Δ
1031 1488 1037 1494 .

204 1495 316 1524 Arsinoe
326 1495 393 1524 item
402 1494 455 1524 fuit
465 1496 547 1523 Soror
560 1493 731 1530 Cleopatrae,
752 1491 829 1527 aJul.
842 1488 944 1519 Caei‘are
958 1499 986 1517 m
1004 1487 1148 1532 triumpho
1168 1486 1250 1515 dueta
1261 1506 1269 1519 ‚
1291 1482 1327 1513 de

225 1542 278 1569 qua
290 1533 437 1561 videantur
448 1532 502 1561 Dio
518 1531 621 1560 Cassius
636 1531 684 1560 Iib.
697 1540 742 1563 42.
756 1531 781 1559 ἃ
792 1538 837 1564 43.
850 1530 875 1558 δ’(
886 1528 988 1570 Lucan.
1002 1526 1049 1555 Iib.
1065 1536 1106 1554 10.
1123 1534 1183 1560 519.
1195 1523 1268 1560 seqq.

205 1569 316 1601 Arsinoe
326 1571 423 1608 prioris
432 1569 522 1604 soror,
543 1568 695 1598 Ptoiemaeo
707 1566 889 1604 Philadelpho
899 1567 972 1594 fratri
987 1570 1074 1607 nupta
1084 1585 1093 1597 ,
1114 1572 1129 1592 a
1148 1570 1200 1599 qua
1218 1561 1326 1604 Arsinoe

224 1608 362 1646 oppidum
381 1608 539 1645 Cyrenaicae
555 1615 660 1635 nomen
672 1607 782 1643 accepit
793 1628 800 1640 ⁷
819 1604 887 1633 teste
899 1603 995 1640 Steph.
1013 1612 1059 1638 qui
1071 1601 1194 1631 Arsinoes
1210 1607 1326 1628 nomine

225 1646 331 1684 oppida
341 1654 471 1684 praeterea
481 1646 582 1674 decem
594 1650 801 1673 commemorat.
827 1643 855 1671 V.
877 1642 935 1671 Geo
956 1641 1064 1684 raphos.
1096 1677 1101 1682 .

167 1682 294 1718 Armis,
310 1684 342 1713 is.
362 1684 381 1714 f.
410 1684 522 1719 [icem]
543 1682 639 1715 Latine
658 1683 761 1711 dicitur
780 1680 914 1711 Elevatio.
962 1678 1066 1707 iomed.
1083 1676 1132 1706 lib.
1154 1684 1179 1712 3.
1218 1673 1268 1703 Pes
1287 1672 1326 1702 est

204 1724 324 1760 poeti'cae
339 1721 471 1751 dictionis
488 1722 604 1750 duarum
620 1718 772 1759 ampliusve
787 1718 951 1756 syllabarum
963 1738 971 1751 ,
992 1721 1150 1759 cum-certa
1166 1717 1327 1757 temporum

206 1759 397 1789 observatione
404 1760 505 1788 modus
516 1769 522 1788 :
543 1759 681 1796 recipiens
690 1757 757 1788 arsin
767 1759 792 1786 Sc
802 1757 888 1785 thelin
901 1778 909 1791 ,
933 1755 1012 1784 idest
1022 1763 1070 1797 qui
1086 1757 1188 1789 ineipit
1195 1749 1326 1780 sublatio-

205 1807 243 1827 ηε
254 1797 350 1827 finitur
378 1797 503 1827 ositione.
543 1797 611 1826 Haec
621 1795 676 1826 ille.
720 1795 800 1824 Unde
809 1796 835 1824 Sc
850 1794 1036 1831 Terentianus
1046 1798 1100 1827 ait,

288 1836 346 1865 Una
357 1809 440 1873 fonga
449 1845 506 1864 non
515 1834 619 1863 valebit
632 1834 714 1863 edere
724 1843 759 1863 ex
772 1833 826 1862 sese
836 1833 954 1869 pedem,

286 1873 389 1903 Ictibus
402 1875 465 1911 quia
475 1873 505 1902 fit
516 1873 627 1901 duobus
638 1895 645 1907 ‚
668 1882 725 1900 non
737 1870 857 1909 gemello
869 1870 1008 1912 tempore.

287 1911 381 1940 Brevis
392 1913 523 1948 utrinque
534 1911 565 1939 sit
576 1933 584 1944 ,
605 1910 716 1939 licebit:
739 1910 780 1939 bis
789 1909 863 1938 feriri
876 1911 1019 1950 convenit.
1043 1943 1050 1950 α

290 1948 368 1978 Parte
377 1959 441 1978 nam
453 1948 555 1978 attollit
564 1949 692 1977 sonorem
704 1970 712 1983 ,
732 1954 809 1985 parte
819 1946 922 1983 reliqua
932 1945 1073 1986 deprimit.
1244 1979 1250 1985 .
1273 1978 1280 1985 Β

284 1987 359 2016 Arsin
370 1987 442 2016 hanc
453 1987 539 2016 Gracci
550 1993 685 2016 vocarunt
694 2008 702 2020 7
723 1986 836 2015 alteram
846 1991 942 2013 contra
951 1984 1064 2013 Thelin.
1125 1980 1227 2009 Aonius
1243 1984 1327 2023 igitur

204 2024 288 2054 sonus
298 2025 337 2054 est
346 2024 408 2060 ὶέριπς
421 2047 429 2060 ,
448 2024 475 2054 Ii.
493 2035 516 2053 e.
540 2024 628 2054 Elatio
638 2024 730 2053 vocis:
743 2023 837 2052 Gravis
850 2028 946 2052 contra
956 2022 994 2051 est
1004 2018 1073 2056 92025,
1082 2014 1111 2048 h.
1120 2028 1143 2047 e.
1158 2017 1305 2047 Subniilsso
1318 2026 1325 2045 :

205 2063 343 2098 lnflexus.
361 2067 400 2092 'ex
408 2069 490 2092 acuto
504 2064 528 2092 &
538 2063 609 2100 gravi
623 2062 811 2099 componitur.
1155 2095 1158 2099 Ι

167 2101 213 2131 AR
223 2111 235 2130 s
243 2111 260 2130 o
271 2110 290 2129 N
300 2112 309 2129 i
320 2111 337 2130 u
347 2112 368 2130 M
379 2122 388 2137 ,
410 2099 575 2138 [Ago-imi]
597 2100 667 2130 Urbs
678 2100 832 2129 Germaniae
843 2096 1002 2128 Ptolemaeo.
1023 2095 1107 2133 vulgo
1119 2092 1269 2129 Prmfintza.

168 2190 188 2218 A
200 2197 215 2217 3
226 2197 245 2216 T
254 2198 298 2217 AB
307 2197 325 2216 A
334 2208 342 2221 ,
364 2197 401 2222 τες
424 2187 477 2217 five
490 2189 508 2217 A
518 2198 533 2217 R
542 2197 562 2216 T
571 2197 589 2217 A
598 2198 612 2216 ii
622 2198 653 2222 r..
665 2197 703 2216 es.
726 2182 863 2222 [ἀρτιέῖη]
885 2183 1014 2214 Mensura
1028 2183 1066 2212 est
1077 2182 1151 2220 apud
1163 2179 1251 2224 Persas
1260 2201 1268 2215 ,
1283 2189 1328 2209 ca-

207 2227 288 2264 piens
301 2225 421 2254 Atticum
432 2226 608 2255 medimnum
621 2248 628 2260 ,
648 2226 673 2255 Sc
688 2224 831 2254 choenicas
846 2230 910 2252 tres.
927 2222 1031 2251 Authn'r
1042 2221 1202 2251 Herodotus
1216 2217 1264 2246 lib.
1280 2227 1302 2246 1.

168 2265 190 2294 A
200 2274 216 2292 R
225 2274 245 2292 T
256 2274 274 2292 A
285 2274 300 2292 Β
308 2267 325 2292 A
333 2273 352 2292 N
363 2273 382 2292 U
392 2272 404 2292 s
414 2285 422 2298 ,
434 2263 548 2293 ultimus
559 2264 745 2292 Arsacidarum
753 2262 814 2295 fuit.
826 2271 909 2298 quem
920 2261 1081 2289 Artaxerxes
1092 2257 1168 2288 Persa
1177 2257 1236 2292 ejus
1245 2255 1325 2285 miles
1366 2275 1370 2279 -

206 2301 348 2331 interfecit
360 2323 367 2335 ‚
388 2310 559 2339 regnumque
572 2301 652 2330 l'ei‘lis
662 2301 777 2330 restituit
784 2300 863 2328 annis
873 2299 907 2328 ab
917 2298 1017 2328 ultimo
1027 2297 1110 2326 Dario
1137 2296 1166 2324 ui
1175 2295 1325 2337 victusqiuit

206 2339 399 2368 abAlexandro
409 2339 687 2377 nxxxmuxegchue
699 2339 832 2375 deinceps
841 2336 989 2370 I’erfiiruni.
1001 2345 1058 2364 non
1069 2334 1129 2364 Part
1151 2331 1322 2380 orumydifti.

205 2377 305 2407 Fuit&
315 2377 385 2406 alius
398 2377 547 2407 Artabanus
560 2400 566 2411 7
580 2377 657 2406 illuni
666 2377 781 2406 alterum
789 2382 915 2412 tempore
926 2374 1008 2411 longe
1017 2372 1176 2411 praecedens
1186 2393 1194 2403 ,
1212 2371 1325 2413 Rerxis,

207 2415 255 2452 qui
265 2416 391 2451 ingentes
403 2414 462 2444 illas
476 2416 570 2453 copias
585 2417 613 2444 iii
626 2413 758 2444 Graeciam
769 2413 901 2446 adduxit⁷
926 2419 1056 2449 patruus:
1078 2411 1119 2439 vir
1133 2409 1237 2438 summa
1255 2414 1325 2450 inte-

207 2452 339 2491 gritate&
349 2453 503 2490 prudentia.
528 2453 558 2483 V.
582 2453 715 2482 Herodot.
730 2451 778 2480 Iib.
796 2461 820 2488 7.
844 2448 968 2480 Xerxem
978 2456 1071 2478 tamen
1081 2446 1185 2489 perfide
1195 2445 1300 2475 sustulit
1314 2468 1323 2481 ‚

207 2491 240 2519 ab
253 2492 399 2520 Artaxerxe
408 2491 580 2527 Longimano
597 2491 654 2519 filio
673 2491 732 2526 ejus
750 2489 829 2518 Iirnili
847 2488 944 2518 fraude
962 2487 1092 2517 sublatus.
1115 2485 1212 2521 Justin.
1231 2484 1248 2512 l.
1266 2493 1289 2520 3.
1309 2493 1325 2513 a

207 2529 296 2566 princ.
314 2529 398 2563 teste,
420 2530 560 2558 &Ariston
577 2529 630 2558 del
646 2538 691 2565 ep.
707 2540 730 2564 5.
744 2537 785 2555 io.
1203 2559 1208 2565 ⁶

169 2566 318 2596 ARTARA
329 2576 413 2595 snizs
429 2588 436 2601 ,
479 2568 633 2603 [Agna-Tac
651 2567 699 2601 17⁴]
737 2565 864 2602 Tigranis
897 2563 970 2592 filius
990 2584 998 2596 ,
1039 2563 1066 2592 &
1097 2561 1234 2590 Armenias
1266 2568 1323 2588 rex.

207 2604 233 2634 Is
262 2604 387 2641 quandiu
416 2604 513 2633 mansit
546 2605 575 2633 in
604 2604 725 2633 amicitia
759 2602 858 2640 populi
890 2600 1028 2634 Romani,
1072 2598 1171 2628 tandiu
1199 2598 1322 2639 fortuna-

206 2647 251 2671 tus
268 2642 339 2676 fuit,
383 2643 526 2679 postquam
552 2649 646 2671 autem
671 2643 819 2670 Antonium
845 2641 872 2669 iii
900 2639 1024 2668 Parthico
1044 2637 1118 2666 bello
1138 2636 1244 2679 Parthis
1263 2645 1327 2672 pro-

206 2679 335 2714 didisset,
356 2679 477 2716 perfidiae
486 2690 582 2717 peenas
595 2681 681 2708 dedit.
703 2680 774 2708 Nam
783 2680 891 2707 vincius
907 2677 941 2706 ab
952 2686 985 2705 eo
999 2675 1191 2718 Alexandriam
1203 2674 1301 2716 ducius
1315 2695 1324 2708 ⁴>

206 2719 232 2747 ἃ
243 2717 443 2746 contumeliose
454 2728 501 2755 per
512 2718 606 2747 urbem
630 2717 807 2746 circumlatus
817 2738 824 2750 ,
846 2726 878 2744 ac
893 2716 1015 2753 primuni
1026 2713 1167 2756 *custodiat
1188 2711 1303 2754 traditus
1315 2733 1324 2745 ,

206 2755 310 2784 deinde
323 2755 507 2793 interemptus
519 2756 564 2785 est.
605 2756 671 2785 Haec
691 2754 789 2784 Strabo
808 2754 880 2783 libro
902 2763 943 2782 11.
964 2752 999 2781 ad
1018 2752 1113 2780 hnem.
1156 2749 1184 2779 V.
1207 2754 1274 2778 mox
1296 2758 1325 2777 in

206 2802 450 2822 ARTABAzus

168 2829 690 2867 ARTAiiAzus,['Ag⁷d5a5&]Ariiieniae
700 2827 1174 2864 rex‚filiuslVIitiiridatis:quanquani
1185 2824 1324 2869 barbarus,

228 2868 289 2898 lanc
299 2863 470 2898 doctissimus
479 2868 556 2897 fuisse
567 2868 835 2906 scribitur.Appiano
844 2863 1183 2899 inl’ai·tliiea,&Plutarcho
1191 2862 1323 2892 meiano.

220 2916 266 2935 iiio
287 2907 453 2936 Artavasden
475 2906 554 2935 illum
575 2906 642 2935 Plut.
665 2905 703 2934 ibi
716 2906 842 2941 nominat
855 2927 861 2939 ‚
883 2904 974 2940 estque
995 2908 1069 2932 totus
1085 2901 1217 2931 illelocus
1228 2901 1262 2929 ab
1272 2902 1325 2937 Ap-

224 2945 311 2982 piano
322 2944 448 2982 sumptus
459 2954 474 2973 e
490 2944 636 2973 Plutarcho
649 2966 656 2978 ‚
676 2944 743 2972 licut
762 2944 788 2972 St
803 2942 986 2980 praecedentis
998 2951 1058 2978 pag.
1100 2939 1155 2969 Sed
1174 2938 1323 2981 Artabazus

223 2983 351 3020 Appiano
362 2983 466 3019 ubique
481 3004 488 3017 ,
510 2983 555 3018 qui
577 2979 738 3017 ’Λεῖαβάσὸης
757 2981 824 3010 plut,
836 2980 870 3009 H.
884 2980 922 3009 St.
944 2979 1022 3008 ldem
1041 2978 1124 3015 igitur
1135 2986 1200 3006 cum
1213 2978 1323 3014 lupeno

223 3020 260 3049 est
272 3042 279 3055 ,
302 3022 326 3050 ὁὶ
336 3020 431 3049 inscite
443 3020 489 3049 hic
497 3020 667 3050 Mithridatis
676 3018 748 3048 filius
757 3018 867 3048 dicitur.
1129 3053 1134 3059 ¹

203 3056 267 3087 Fuit
283 3060 308 3088 ἅτ
321 3058 393 3087 Alter
403 3058 457 3087 hoc
474 3059 590 3087 nomine
609 3065 641 3087 ex
653 3056 772 3086 ducibus
781 3056 884 3084 Xerxis
895 3078 902 3087 .
923 3054 969 3091 qui
983 3063 1010 3082 re
1030 3053 1179 3082 infelieiter
1196 3050 1323 3094 adversus

223 3095 333 3125 Graecos
341 3096 412 3133 gesta
422 3118 430 3131 ‚
452 3106 516 3126 cum
530 3096 626 3134 paucis
635 3095 745 3124 suorum
755 3094 863 3131 effugit.
885 3093 926 3122 De
937 3093 991 3121 hoc
1002 3089 1137 3121 Herodot.
1152 3090 1200 3119 lib.
1218 3100 1243 3126 9.
1270 3089 1322 3118 Alii

223 3133 376 3163 Artabazen
385 3140 495 3163 vocant.

166 3170 187 3200 A
198 3180 213 3199 R
223 3179 242 3198 T
251 3181 269 3199 A
279 3181 294 3199 R
304 3183 312 3200 1
324 3181 339 3200 c
350 3183 358 3199 i
369 3182 389 3200 A
400 3192 408 3207 ‚
430 3168 627 3208 [Ἀξταβικιάι]
642 3169 718 3199 Inter
726 3165 826 3198 insulas
836 3167 1013 3205 Propontidis
1022 3166 1165 3204 Stephano
1176 3174 1322 3194 numeran-

203 3214 247 3237 tur
255 3209 391 3238 Artabicia
405 3232 413 3245 ‚
434 3209 548 3245 Balnea,
568 3208 705 3246 Harpagia
714 3229 722 3243 ,
743 3203 788 3233 >273
798 3207 830 3233 τῦ
841 3204 960 3242 ἀξπιὶζειν
971 3227 980 3240 ,
1002 3205 1077 3234 unde
1085 3209 1177 3242 raptus
1187 3204 1323 3241 Ganyme-

203 3246 260 3275 des.
300 3246 341 3276 Ex
357 3247 486 3277 Volaterr.
1071 3280 1076 3285 ι
1172 3278 1178 3284 ,

167 3283 188 3312 A
196 3293 212 3312 R
222 3292 242 3311 T
250 3286 266 3312 A
276 3294 291 3312 a
300 3294 317 3313 R
326 3296 335 3313 i
346 3307 354 3318 ,
377 3284 551 3321 [Ἅρπιβςοι]
571 3282 671 3322 Populi
681 3282 839 3321 Hispaniae:
861 3283 887 3311 ἃ
899 3279 1042 3310 Artabrum
1052 3288 1111 3315 ejus
1123 3278 1178 3307 loci
1190 3287 1322 3316 promon-

203 3321 314 3351 torium.
332 3322 400 3351 Plin.
417 3323 466 3352 lib.
476 3332 501 3352 2.
514 3332 573 3360 cap.
593 3327 654 3355 108.
668 3322 694 3351 ἃ
706 3332 732 3356 4.
745 3330 791 3350 21.
1192 3353 1197 3359 ι
1273 3353 1277 3358 Ι

165 3358 186 3387 Λ
195 3367 212 3387 R
223 3367 242 3386 'r
252 3369 270 3387 Α
281 3368 298 3387 C
307 3370 330 3388 ιιι
340 3370 356 3388 o
368 3370 388 3388 N
399 3382 406 3395 ‚
428 3362 442 3396 [
454 3359 623 3396 Ἀς-ιιέκοαον]
643 3359 732 3389 Insiila
747 3358 785 3388 est
799 3358 829 3386 in
841 3355 1026 3394 Propontide:
1049 3364 1114 3384 cum
1131 3352 1238 3390 oppido
1253 3352 1321 3388 ejus-

204 3395 268 3424 dem
281 3398 411 3428 nominis.
426 3396 501 3428 Puri.
515 3398 562 3427 lib.
581 3407 604 3432 5.
617 3407 676 3435 cap.
691 3406 733 3432 ³2·
1027 3431 1032 3436 “
1200 3429 1204 3433 ,
1296 3428 1301 3433 ,

166 3433 213 3462 AR
223 3441 243 3461 T
253 3443 295 3463 Ac
305 3444 352 3463 AN
363 3445 380 3464 A
394 3457 402 3470 ,
420 3434 600 3472 [Ἀμυμώνη]
623 3434 771 3473 Oppidum
792 3433 830 3462 est
843 3432 909 3461 Ariae
928 3431 1047 3468 regionis
1058 3452 1066 3465 ,
1086 3439 1101 3458 a
1121 3428 1267 3470 conditore
1286 3429 1321 3470 hc

203 3470 318 3500 dic’tum.
356 3472 422 3502 Haee
432 3480 523 3503 autem
531 3478 588 3502 tota
596 3473 670 3510 regio
680 3472 782 3510 optimi
792 3471 849 3500 vini
861 3470 935 3499 ferax
946 3469 984 3498 est
994 3490 1002 3503 ‚
1013 3467 1088 3505 quod
1097 3467 1125 3495 in
1135 3467 1201 3495 valis
1212 3475 1267 3494 nou
1283 3476 1322 3504 pi-

203 3509 270 3538 catis
281 3530 288 3543 ,
306 3510 340 3538 ad
348 3512 538 3547 generationes
547 3520 600 3540 tres
611 3511 749 3548 perdurat.
788 3507 885 3538 Strabo
900 3506 948 3536 lib.
964 3516 1006 3536 11.
1078 3543 1084 3549 ·
1201 3541 1206 3546 ¹
1302 3540 1308 3545 ⁶

164 3545 186 3574 Α
196 3554 267 3574 RTA
277 3556 294 3575 C
303 3555 317 3575 Β
327 3569 335 3581 ,
356 3546 513 3583 [Ἀεπῖκη]
535 3548 614 3582 Urbs⁷
625 3548 797 3578 Milesiorum
804 3545 915 3576 colonia
924 3545 951 3573 in
965 3544 1028 3573 Asia.
1048 3541 1189 3572 Hiclocus
1200 3550 1228 3583 iii
1241 3540 1322 3577 Cyzi-

203 3585 431 3614 ceiioruminsula
441 3587 503 3614 {itus
514 3586 638 3616 adversus
650 3585 777 3624 Priapum
793 3583 940 3620 consurgit.
962 3580 1066 3611 Author
1076 3579 1174 3609 Strabo
1188 3577 1260 3621 libro
1278 3587 1318 3622 13..

201 3619 246 3650 Est
260 3622 286 3650 ἃ
297 3622 401 3658 Artace,
423 3623 569 3653 Castellum
578 3624 712 3661 Bithyniae
724 3622 840 3653 authore
852 3620 1000 3652 Ptoleiuaeo
1012 3628 1019 3648 ι
1041 3617 1124 3654 vulgo
1139 3616 1223 3644 hodie
1233 3619 1318 3651 Carpi.

163 3657 185 3686 A
193 3667 209 3686 R
217 3667 236 3686 T
246 3668 265 3687 A
275 3669 292 3688 c
301 3668 315 3687 Ε
324 3669 344 3688 N
353 3670 371 3689 A
380 3682 389 3696 ,
410 3660 450 3690 Re
471 3661 497 3689 io
508 3662 545 3690 est
555 3662 637 3698 Syriae
653 3683 660 3696 ,
682 3668 712 3690 ut
722 3660 819 3690 scribit
834 3658 931 3688 Strabo
943 3657 989 3686 lib.
1006 3660 1048 3685 16.
1149 3691 1153 3696 ³

163 3695 184 3724 A
194 3704 266 3724 RTA
276 3705 293 3725 c
303 3706 323 3725 H
332 3708 356 3726 π.
365 3707 383 3726 A
394 3707 406 3726 s
419 3720 426 3732 ‚
474 3708 511 3727 ux
522 3699 574 3727 suit
584 3699 612 3727 in
627 3700 750 3728 exercitu
762 3698 862 3728 Xerxis
872 3718 879 3731 ,
902 3698 968 3725 teste
979 3692 1123 3735 Herodoto
1136 3690 1184 3735 hb-
1195 3699 1220 3726 7-
1231 3728 1241 3736 Ἴ
1277 3727 1283 3733 ,

161 3732 184 3762 A
192 3742 209 3760 R
218 3742 239 3761 T
248 3743 267 3761 A
275 3743 293 3762 o
302 3743 315 3762 iz
323 3744 339 3762 R
349 3744 368 3763 A
377 3735 604 3773 s‚['ropriumSyri
614 3736 734 3766 hominis
744 3734 988 3774 apudStrabonem
999 3734 1026 3761 in
1037 3729 1315 3770 descriptionebyriae.

163 3770 184 3799 A
193 3779 210 3799 R
220 3779 239 3798 T
247 3780 266 3799 A
276 3780 296 3799 N
305 3781 319 3800 a
328 3781 339 3801 s
351 3772 508 3810 Sophenus,
521 3773 581 3802 Rex
591 3774 724 3802 Armeniae
735 3776 781 3810 qui
793 3771 925 3802 Australes
934 3778 1024 3809 partes
1033 3768 1138 3802 habuit,
1146 3776 1191 3796 eas
1199 3775 1319 3808 maxime

219 3818 260 3837 υἷε
269 3816 386 3846 vergunt
397 3810 444 3839 ad(
452 3810 685 3840 ›ccidenteni.uic
693 3811 829 3847 aTigrane
837 3809 946 3839 deletus
956 3809 1001 3837 est.
1008 3804 1210 3849 AutliorStrabo
1219 3803 1265 3832 hb.
1273 3812 1283 3831 1
1293 3812 1303 3831 1
1310 3825 1316 3832 .

222 3845 243 3874 st
254 3847 280 3876 ἃ
292 3847 404 3876 Artanes
415 3869 423 3882 ‚
444 3847 553 3877 fluvius
563 3849 590 3876 in
600 3848 694 3877 Istrum
707 3849 833 3877 defluens
845 3870 852 3882 ‚
873 3847 940 3876 teste
952 3846 1087 3875 Herodot.
1101 3843 1193 3886 lib-st.

161 3882 182 3912 A
191 3891 208 3911 R
218 3891 265 3912 TA
274 3893 289 3912 P
300 3893 319 3912 H
330 3894 368 3913 RR
377 3894 398 3913 N
409 3894 444 3914 ss
455 3907 462 3919 ‚
485 3885 560 3914 Unus
576 3885 628 3914 fuit
639 3895 654 3914 e
671 3886 791 3915 ducibus
802 3885 877 3914 Darii
889 3906 897 3919 ,
919 3886 944 3914 8(
963 3883 1068 3921 primus
1085 3881 1212 3924 Sardium
1223 3878 1318 3921 praerfe-

198 3921 269 3956 (tus,
284 3922 331 3958 qui
342 3922 416 3960 apud
426 3922 590 3952 Marathona
600 3922 753 3952 debellatus
762 3924 825 3957 fuit,
842 3928 873 3951 ut
883 3922 975 3951 scribit
985 3920 1119 3950 Herodot.
1128 3918 1199 3948 libro
1210 3925 1235 3960 7.
1246 3916 1313 3959 Hist.

160 3957 180 3986 A
189 3966 206 3986 R
217 3967 237 3986 T
245 3968 263 3987 A
273 3969 291 3987 u
301 3968 322 3987 Ν
332 3969 351 3988 u
361 3971 381 3988 M
392 3982 400 3994 ,
423 3958 594 3998 [agmini]
617 3959 684 3990 Urbs
695 3960 849 3991 Germaniae
858 3959 1007 3989 Ptolemaeo
1019 3968 1024 3987 :
1044 3957 1128 3988 hodie
1139 3954 1314 3992 Herbipolis:

196 3995 279 4033 vulgo
291 3997 452 4035 W'io'rtzburg.

1843 106 2116 152 ΛΚΤ

1373 202 1552 232 ARTAxATA.
1565 197 1633 235 n.pl.
1647 197 1812 236 Metropolis
1823 199 1968 233 Armeniae,
1978 199 2014 227 sic
2023 198 2056 228 ab
2068 199 2174 229 Artaxia
2182 208 2245 235 rege
2256 196 2479 228 dicta.Strab.lib.
2487 209 2497 228 1
2505 209 2528 230 r.

1375 238 1396 267 A
1406 247 1422 265 R
1432 247 1450 265 T
1460 247 1478 265 A
1490 246 1507 265 x
1519 246 1533 264 r,
1543 246 1556 263 R
1566 245 1585 264 x
1595 246 1607 263 r
1617 245 1643 268 s.
1666 237 1866 272 [Ἀξπιξεςξης]
1887 236 1959 266 filius
1972 237 2072 265 Xerxis
2086 259 2093 271 ,
2115 247 2163 265 rex
2175 236 2310 266 Persarum
2322 258 2330 269 ,
2343 244 2530 272 cognomento

1413 272 1573 304 Macrochir
1583 293 1591 308 ‚
1624 272 1668 301 seu
1694 272 1879 310 Longinianus
1889 295 1896 309 ,
1928 274 2017 303 fornia
2045 274 2168 311 corporis
2193 276 2219 304 ὃς
2247 273 2409 302 fortitudine
2433 274 2530 305 clarus.

1414 314 1574 342 Artaxerxes
1587 310 1653 339 alter
1665 312 1878 347 cognominatus
1892 312 2027 340 Mnemon
2040 334 2047 346 ,
2069 313 2114 349 qui
2134 322 2167 340 ex
2180 311 2328 349 pellicibus
2348 310 2444 339 habuit
2460 311 2531 341 filios

1415 351 1511 383 ct<v‚&
1522 359 1555 377 ex
1566 348 1635 383 justo
1648 349 1824 377 matrimonio
1833 354 1897 383 tres,
1911 348 2022 378 Darium
2033 371 2040 383 ,
2052 349 2176 382 Ochum.
2193 351 2219 379 ἃ
2233 348 2389 377 Ariarathen
2399 357 2404 375 ι
2415 357 2532 384 quorum

1415 387 1514 416 Darius
1524 396 1539 415 a
1549 393 1623 423 patre
1632 395 1679 414 rex
1689 386 1883 418 liicliis.coiitra
1894 394 1998 423 putrem
2006 387 2060 415 levi
2071 387 2106 416 de
2118 387 2196 416 causa
2207 397 2270 416 cuin
2279 386 2534 423 quinquagintafra-

1415 425 1502 453 tribus
1512 424 1673 459 conjuravit.
1696 424 1751 459 Qui
1762 433 1859 452 omnes
1870 433 1934 453 cum
1944 424 2076 453 uxoribus
2088 426 2113 454 ἃ
2122 424 2185 453 siliis
2195 435 2210 453 a
2218 433 2283 461 rege
2299 423 2362 452 sunt
2370 423 2460 452 occisi.
2481 424 2532 453 Au-

1417 462 1480 491 t'iior
1491 461 1611 496 Justinus
1622 461 1681 498 post
1691 459 1824 498 Trogum.
1846 461 1879 490 Et
1894 461 2028 491 Plutarch.
2044 463 2073 490 in
2088 464 2244 491 Artaxerxe.
2261 461 2356 498 Nepos
2368 471 2412 490 21.
2429 471 2451 489 Τ.

1418 501 1579 528 Artaxerxes
1591 498 1624 526 al.
1636 498 1682 527 seu
1696 500 1843 534 Artaxares‚
1859 500 1905 536 qui
1917 499 2047 536 superatis
2058 498 2161 529 Parthis
2171 499 2307 528 Persarum
2318 499 2475 528 restauravit
2483 498 2532 528 im-

1438 538 1556 575 perium.
1579 537 1614 565 de
1623 544 1677 572 quo
1692 536 1841 565 Herodian.
1854 537 1872 566 l.
1885 540 1910 566 6.
1933 537 1963 567 V.
1986 547 2005 565 A
2016 547 2032 565 R
2041 546 2061 565 T
2071 548 2090 566 A
2099 548 2114 565 B
2125 547 2144 566 A
2155 547 2174 566 N
2185 548 2201 566 u
2212 547 2234 566 s.

1378 575 1400 605 A
1410 585 1425 603 R
1436 584 1455 603 Τ
1463 585 1481 603 A
1492 584 1527 640 {i
1537 583 1578 639 Abs
1589 575 1634 639 'fg
1645 574 1795 610 'Agw}='xs]
1816 574 1876 604 Rex
1887 575 2019 604 Armeniae
2032 596 2040 610 ⁷
2062 585 2077 604 a
2092 584 2147 612 quo
2156 574 2275 604 ducebat
2290 574 2427 612 originem
2439 573 2534 611 Tigra-

1417 622 1476 641 nes.
1515 619 1582 640 tra.
1607 622 1643 640 i.
1658 621 1699 640 ir.

1380 651 1401 679 A
1412 660 1428 678 R
1437 659 1456 678 ‘r
1468 659 1514 678 AY
1524 659 1541 678 c
1550 658 1570 677 ‘r
1581 658 1595 677 Ε
1605 658 1617 677 s
1626 670 1633 683 ‚
1655 644 1844 685 [Ἀξταύιὶἶκς]
1865 649 1941 679 Persa
1951 649 2019 681 fuit.
2040 649 2109 679 Sesti
2129 650 2274 688 praefectus
2292 649 2341 678 sub
2351 649 2448 678 Xerxe
2459 669 2466 683 ‚
2488 647 2535 685 qui

1419 697 1484 717 cum
1494 685 1580 715 muita
1589 685 1692 716 nefarie
1700 688 1729 716 iii
1744 688 1852 717 Graecos
1863 687 2057 725 perpetrasset,
2078 689 2191 717 tandem
2205 698 2219 717 a
2229 687 2375 726 Xantippo
2386 686 2540 723 Athenien-⁴

1418 725 1485 754 sium
1496 725 1568 753 duce
1579 731 1691 762 captus,
1712 725 1789 754 vivus
1798 725 1860 763 palo
1871 725 1982 754 suffixus
1994 725 2040 754 est.
2081 725 2215 755 Herodot.
2231 725 2278 754 lib.
2293 735 2319 762 7.
2455 761 2458 765 ³

1380 764 1401 793 A
1411 773 1427 791 R
1437 772 1456 791 Τ
1466 772 1479 790 iz
1488 772 1507 791 A
1518 772 1536 790 Τ
1546 773 1569 790 AE
1579 783 1587 796 ‚
1609 763 1785 798 [Ἀςτιοέται]
1806 763 1880 792 Gens
1891 763 1944 792 fuit
1954 763 2057 792 Persica
2065 785 2073 798 ,
2095 764 2133 793 ita
2141 764 2213 793 dieta
2221 764 2254 793 ab
2265 764 2344 792 Attea
2361 761 2476 792 Persidis
2494 771 2536 790 re-

1419 801 1510 837 gione.
1533 800 1568 828 de
1579 810 1633 836 qua
1641 800 1773 838 Stephan.
1788 802 1813 830 ἃ
1826 801 1960 830 Herodot.
1976 800 2024 829 lib.
2044 810 2066 830 1.

1381 836 1402 869 A
1414 849 1426 866 R
1436 848 1455 866 'r
1465 847 1478 866 R
1486 848 1507 866 M
1515 848 1529 865 s
1540 847 1559 865 A
1568 847 1583 865 R
1593 847 1626 866 rs
1637 860 1644 871 ,
1666 836 1880 874 [Ἀςπμίῖοέξκς]
1902 839 1946 867 Vir
1957 838 2085 876 inprimis
2100 838 2188 868 clarus
2199 839 2271 868 inter
2280 838 2380 868 Medos
2391 860 2399 873 ,
2420 838 2497 873 cujus
2505 836 2536 865 fi-

1419 875 1473 904 lius
1482 885 1547 904 curn
1559 885 1574 904 a
1583 875 1655 912 Cyro
1666 875 1757 905 adhuc
1768 886 1855 914 puero
1865 899 1873 911 ‚
1895 877 2074 913 &incognito
2085 877 2183 911 iniuria
2197 877 2312 906 affectus
2325 877 2392 905 esset
2401 898 2408 911 ,
2431 879 2535 905 Artem-
2553 911 2556 916 ι

1418 913 1495 942 bares
1506 923 1570 942 euni
1579 914 1654 950 apud
1664 914 1803 951 Astyagem
1813 914 1942 943 accusans
1954 937 1961 948 ‚
1982 915 2156 944 occasionem
2164 915 2282 953 praebuit
2300 920 2332 944 ut
2340 914 2431 951 regius
2446 922 2514 951 puer
2524 934 2534 948 ,

1419 953 1444 981 Sc
1457 951 1573 988 Astyagis
1581 961 1669 989 nepos
1678 952 1879 988 agnosceretur.
1903 952 2036 981 Herodot.
2052 952 2101 981 lib.
2117 962 2140 982 r.
2570 980 2573 987 ,

1379 990 1400 1019 A
1411 999 1427 1018 R
1436 998 1455 1017 T
1464 999 1478 1017 a
1488 1000 1507 1017 M
1517 999 1525 1016 i
1536 999 1555 1017 A
1566 1010 1574 1021 ,
1590 999 1620 1017 az.
1642 990 1807 1025 [Ἄρτι-μίσυ]
1828 990 1901 1019 inter
1909 990 2063 1020 Echinadas
2080 989 2181 1020 insulas
2199 991 2288 1020 fuerat
2300 996 2381 1020 antea
2389 1011 2398 1025 ,
2419 988 2535 1018 nuncin

1419 1027 1576 1055 continenti
1586 1027 1632 1055 est.
1671 1027 1775 1056 Author
1788 1028 1884 1057 Strabo
1896 1026 1944 1057 lib.
1960 1038 1982 1057 i.
2543 1050 2545 1052 -

1381 1065 1427 1095 AR
1438 1074 1457 1092 'r
1467 1074 1480 1093 ε
1489 1075 1509 1092 Μ
1522 1065 1558 1092 ἴε)
1567 1068 1584 1093 ὃ
1595 1075 1609 1092 R
1620 1075 1638 1093 u
1647 1074 1659 1093 s
1673 1086 1681 1099 ,
1702 1066 1717 1100 [
1732 1059 1944 1101 'Agnparo'bgffiq
1965 1065 2084 1095 Gnidius
2103 1066 2210 1104 philoso
2233 1067 2285 1096 hus
2297 1089 2306 1101 ,
2325 1065 2422 1095 Romae
2434 1087 2442 1100 ,
2464 1064 2536 1093 Grae-

1419 1112 1458 1131 cae
1469 1101 1620 1149 disciplinae
1630 1108 1783 1140 praeceptor
1796 1103 1863 1137 fuit7
1886 1104 1958 1132 Bruti
1975 1104 2123 1133 familiaris.
2142 1104 2209 1133 libel
2223 1114 2270 1133 iim
2285 1104 2320 1133 de
2343 1103 2536 1138 conjuratione

1415 1139 1628 1169 'obtulitcaesari
1647 1146 1773 1170 extremo
1791 1141 1836 1169 die
1857 1142 2024 1179 ingredienti
2045 1143 2074 1171 in
2086 1142 2235 1177 Senatum⁷
2257 1149 2287 1172 ut
2303 1142 2392 1171 statim
2411 1141 2534 1178 legeret:

1418 1178 1496 1214 quod
1507 1177 1553 1207 ille
1562 1178 1677 1207 minime
1687 1178 1761 1207 fecit.
1794 1179 1897 1208 Author
1910 1179 2072 1209 Plutarchus
2085 1180 2111 1208 in
2127 1180 2238 1209 Caesare.

1419 1215 1515 1246 Fuit&
1525 1215 1593 1245 alter
1604 1215 1791 1246 Artemidorus
1802 1217 1955 1246 Daldianus
1970 1218 1981 1252 (
1993 1217 2088 1247 Daldis
2098 1225 2191 1247 autem
2202 1218 2297 1247 civitas
2307 1217 2399 1255 Lydiae
2412 1217 2462 1253 est)
2476 1215 2536 1253 phi-

1438 1253 1578 1291 losophus.
1601 1253 1704 1291 scripsit
1721 1254 1756 1283 de
1774 1254 2004 1292 Interpretatione
2022 1255 2210 1290 somniorum,
2238 1255 2273 1284 de
2288 1255 2422 1292 Auspiciis
2433 1277 2440 1290 ‚
2464 1255 2490 1284 8<
2501 1254 2537 1284 de

1441 1291 1748 1321 Chiromantia.Author
1755 1292 1907 1322 Suidas.De
1916 1293 1969 1322 hoc
1980 1295 2005 1323 St
2013 1293 2339 1323 aliisV.Fabric.Bibl.Gr.
2346 1292 2405 1321 Vol.
2412 1301 2422 1327 3
2430 1302 2534 1330 .p.402.

1382 1324 1568 1364 moreius,
1590 1328 1750 1366 [Ἄρτεμις]
1770 1330 1859 1359 Diana
1880 1330 1950 1365 (live
1968 1331 2045 1360 Luna
2059 1331 2116 1367 est)
2137 1331 2173 1361 sic
2191 1332 2281 1366 dicta,
2303 1330 2377 1368 quasi
2389 1331 2472 1365 ἀεςοπ
2504 1341 2534 1366 ς,

1420 1367 1450 1396 id
1462 1367 1499 1396 est
1507 1377 1597 1397 aerem
1611 1367 1725 1403 secans·,
1746 1374 1777 1397 ut
1788 1363 2013 1398 scribitMacrob.
2024 1379 2049 1405 7.
2073 1370 2181 1399 Saturn.
2203 1379 2263 1407 cap.
2277 1369 2326 1399 ult.
2340 1368 2385 1399 vel
2404 1378 2459 1405 quo
2495 1368 2536 1397 in-

1420 1413 1511 1441 tegros
1535 1406 1695 1442 (aigi-speia)
1714 1406 1797 1435 saciat
1807 1428 1815 1441 ‚
1837 1413 1867 1435 ut
1879 1407 1978 1436 author
1987 1407 2025 1436 est
2035 1407 2132 1436 Strabo
2142 1407 2190 1436 lib.
2205 1418 2247 1442 14·
2294 1417 2301 1421 ·

1382 1441 1404 1472 A
1413 1453 1428 1472 R
1437 1453 1457 1471 ‘r
1466 1453 1481 1472 s
1490 1454 1510 1472 Μ
1521 1452 1550 1472 is
1558 1454 1567 1472 1
1577 1453 1596 1472 Α
1607 1465 1615 1478 ‚
1636 1442 1828 1481 [Ἃςτεμισίοι]
1848 1444 1954 1482 Regina
1963 1445 2141 1474 Halicarnasii
2151 1468 2159 1481 ‚
2175 1447 2204 1474 iri
2216 1444 2351 1474 auxilium
2360 1443 2463 1474 Xerxis
2471 1449 2536 1473 coria

1421 1487 1462 1510 tra
1475 1481 1584 1510 Graecos
1592 1482 1680 1510 venit.
1720 1481 1795 1511 Inter
1805 1482 1940 1519 primores
1951 1483 2037 1512 duces
2048 1483 2155 1513 bellum
2165 1484 2297 1512 acerrime
2307 1483 2398 1511 ciebat
2408 1504 2416 1516 ,
2434 1482 2536 1520 quippe

1421 1525 1452 1548 ut
1461 1519 1489 1547 in
1502 1520 1560 1547 viro
1574 1519 1740 1548 muliebrem
1751 1526 1819 1548 tunc
1830 1530 1898 1555 rem,
1911 1521 1948 1550 ita
1959 1521 1988 1550 in
1998 1521 2115 1551 muliere
2124 1521 2232 1550 virilem
2244 1521 2388 1550 audaciam
2401 1529 2537 1557 cerneres.

1419 1556 1488 1586 Haec
1499 1557 1622 1586 extincio
1632 1557 1690 1586 viro
1702 1555 1837 1592 Mausolo,
1849 1558 2026 1596 sepulchrum
2035 1559 2111 1593 fecit,
2120 1560 2192 1588 inter
2200 1559 2307 1596 septem
2320 1558 2394 1587 orbis
2406 1557 2536 1587 miracula

1420 1602 1652 1624 connumeratum
1662 1605 1677 1624 a
1689 1595 1789 1625 Graecis
1796 1597 1901 1633 poetis:
1924 1597 1958 1625 ad
1968 1597 2050 1626 funus
2061 1607 2171 1634 quoque
2182 1597 2338 1626 ornandum
2372 1597 2456 1625 rimos
2466 1596 2536 1625 Grae-

1419 1633 1469 1662 ciae
1477 1638 1597 1662 oratores
1605 1633 2010 1664 accerfivit.AuthoresGell.lib.
2018 1645 2120 1673 io.cap.
2131 1636 2202 1667 18&
2210 1606 2534 1669 Suidas,&ii'itruv.lib.2.

1382 1668 1565 1699 AR‘rEMisi
1576 1681 1594 1699 A
1605 1693 1612 1705 ‚
1635 1669 1808 1706 [ἀρτεμισ-ἱιιι]
1830 1672 1939 1707 Herba,
1962 1673 1997 1701 de
2010 1683 2063 1710 qua
2073 1673 2108 1702 sic
2122 1673 2190 1702 Plin.
2203 1672 2251 1701 lib.
2269 1682 2314 1707 25.
2328 1677 2389 1710 cap'.
2399 1680 2425 1707 7.
2465 1672 2536 1700 Sunt

1421 1709 1467 1745 qui
1478 1708 1512 1737 ab
1524 1709 1662 1737 Artemide
1670 1708 1948 1746 Ilithyiaartemiliam
1956 1711 2185 1748 cognominatam
2197 1717 2315 1749 putent,
2335 1710 2468 1748 quoniam
2483 1710 2536 1747 pri-

1418 1747 1504 1775 vatim
1514 1747 1659 1776 medeatur
1669 1747 1846 1777 foeiriiriarum
1856 1748 1944 1778 malis.
1966 1748 2050 1785 vulgo
2060 1750 2182 1786 Armoise.

1381 1783 1403 1814 A
1412 1793 1428 1812 R
1437 1794 1456 1812 T
1466 1794 1479 1812 E
1488 1796 1508 1813 Μ
1518 1795 1527 1812 ι
1537 1794 1549 1813 s
1559 1795 1567 1813 i
1577 1795 1595 1813 u
1604 1794 1625 1813 Μ
1637 1803 1644 1820 ,
1667 1786 1865 1821 [Ἀρτεμίσιον]
1886 1786 2110 1815 promontorium
2126 1786 2164 1815 est
2186 1785 2298 1815 Euboeae
2308 1808 2316 1821 ‚
2345 1786 2424 1822 cujus
2434 1785 2536 1815 Demo-

1420 1822 1529 1851 sthenes
1541 1823 1670 1851 meminit
1682 1823 1711 1851 in
1721 1828 1788 1852 orat.
1806 1831 1857 1861 pro
1868 1823 2047 1861 Ctefiphonte
2057 1846 2065 1859 ‚
2087 1832 2118 1853 ut
2129 1824 2211 1853 tradit
2221 1824 2328 1853 Suidas.

1420 1859 1464 1889 Est
1475 1861 1502 1889 ὅ(
1518 1860 1690 1889 Artemisium
1700 1883 1708 1895 ‚
1732 1861 1826 1890 Dianae
1840 1861 2014 1891 simuiacrum
2023 1862 2067 1892 vel
2082 1862 2197 1891 Fanum.

1382 1896 1402 1927 A
1411 1907 1429 1926 R
1436 1906 1456 1926 T
1464 1907 1479 1926 Ε
1487 1908 1508 1926 Μ
1517 1909 1526 1926 i
1535 1907 1547 1927 s
1558 1909 1566 1926 1
1579 1908 1596 1927 u
1604 1908 1616 1927 s
1626 1899 1702 1936 apud
1709 1898 1880 1928 Macedones
1891 1899 1998 1929 Maium
2008 1899 2133 1929 mensem
2142 1899 2282 1938 significat,
2292 1906 2323 1929 ut
2335 1899 2419 1930 tradit
2428 1898 2533 1929 Suidas.

1419 1935 1550 1965 Praeterea
1558 1936 1595 1965 est
1605 1944 1686 1965 mons
1699 1936 1827 1966 Arcadiae.
1849 1937 1917 1966 Plin.
1933 1936 1981 1967 lib.
1998 1949 2024 1974 4.
2039 1948 2099 1976 cap.
2112 1941 2138 1967 6.

1382 1973 1404 2003 A
1415 1983 1431 2002 R
1442 1982 1462 2002 Τ
1471 1982 1513 2002 ΕΜ
1524 1984 1533 2002 i
1545 1983 1564 2002 T
1575 1984 1592 2002 A
1601 1996 1609 2009 ‚
1630 1974 1720 2004 Insula
1729 1975 1766 2004 est
1779 1974 1852 2012 Epiri
1864 1997 1872 2008 ,
1893 1985 1975 2012 quarn
1987 1976 2124 2005 Achelous
2143 1976 2244 2006 fluvius
2253 1998 2261 2011 ,
2282 1974 2387 2004 assiduo
2402 1981 2479 2004 terrae
2495 1975 2535 2004 in-
2576 1999 2577 2002 ,

1420 2012 1501 2040 vestu
1512 2013 1669 2041 continenti
1681 2012 1812 2042 adnec‘tit.
1835 2013 1903 2042 Plin.
1916 2013 1962 2042 lib.
1971 2025 1997 2048 4.
2010 2023 2071 2052 cap.
2092 2023 2113 2044 1.

1382 2049 1404 2079 A
1412 2059 1427 2078 R
1436 2058 1456 2077 T
1465 2059 1478 2077 s
1487 2060 1507 2077 Μ
1519 2060 1528 2077 ι
1537 2059 1556 2078 τ
1566 2060 1579 2078 E
1588 2072 1596 2084 ,
1618 2051 1794 2086 [Campum]
1815 2050 1928 2088 Insignis
1941 2052 2036 2081 civitas
2045 2052 2083 2081 est
2091 2074 2098 2086 ,
2116 2051 2275 2088 quingentis
2285 2050 2376 2080 stadiis
2386 2060 2401 2079 a
2412 2048 2536 2080 Seleucia

1421 2087 1538 2121 distans,
1560 2087 1711 2125 plurimum
1719 2089 1753 2117 ad
1765 2088 1911 2118 Orientem
1922 2090 2052 2127 exposita.
2074 2089 2161 2119 Strab.
2173 2089 2222 2118 lib.
2238 2100 2279 2123 15.

1381 2124 1428 2154 AR
1438 2135 1458 2153 Τ
1467 2135 1481 2153 Ε
1490 2136 1510 2153 Μ
1521 2136 1529 2153 1
1542 2135 1559 2154 u
1571 2136 1582 2154 s
1594 2148 1602 2159 ,
1625 2126 1808 2162 [ἈςιτέκιΘυ]
1830 2127 1925 2156 Romae
1944 2129 1995 2157 fuit
2006 2127 2150 2156 Praefectus
2167 2127 2283 2156 carceris
2294 2148 2301 2160 ,
2323 2126 2371 2163 qui
2392 2135 2447 2155 una
2471 2134 2534 2156 cum

1418 2172 1506 2192 uxore
1522 2162 1649 2193 Candida
1661 2185 1669 2197 ,
1692 2165 1719 2193 dt
1727 2163 1838 2194 Paulina
1847 2164 1903 2194 filia
1912 2165 2006 2201 jacent
2017 2166 2047 2194 in
2058 2166 2101 2195 via
2110 2164 2226 2201 Aurelia,
2246 2172 2379 2202 martyres
2388 2163 2437 2193 sub
2443 2164 2536 2194 Adria-

1418 2210 1457 2229 no
1472 2201 1608 2238 principe.
1632 2202 1735 2231 Author
1750 2202 1881 2231 Volaterr.

1381 2239 1403 2268 A
1412 2248 1429 2267 R
1439 2247 1458 2266 T
1467 2248 1481 2267 iz
1490 2249 1510 2267 Μ
1519 2249 1528 2266 i
1540 2249 1558 2267 c·
1568 2248 1580 2267 s
1589 2261 1597 2273 ,
1620 2240 1632 2275 [
1644 2237 1804 2274 Ἀράμ-τῶ]
1826 2241 1903 2270 Unus
1913 2250 1946 2269 ex
1958 2240 2089 2270 undecim
2099 2240 2243 2270 montibus
2255 2262 2263 2273 ,
2284 2239 2331 2276 qui
2341 2250 2357 2269 a
2368 2239 2456 2269 Plinio
2468 2247 2536 2269 enu-

1419 2283 1560 2305 merantur
1571 2276 1817 2315 iiisinuArgolico,
1838 2279 1959 2315 regionis
1970 2279 2093 2313 Achaiae,
2114 2279 2162 2308 Iib.
2178 2290 2204 2315 4.
2218 2288 2279 2316 cap.
2296 2288 2319 2311 ς.

1382 2314 1587 2347 ARTEMON,
1605 2315 1674 2344 onis.
1686 2325 1724 2345 m.
1747 2315 1900 2351 [o'cgn‘um]
1922 2315 2022 2345 Vehini
2038 2316 2076 2345 est
2089 2317 2249 2346 addititiuiii
2261 2338 2268 2351 ‚
2289 2315 2442 2352 dirigendae
2459 2315 2534 2346 navis

1418 2350 1514 2381 causa:
1537 2353 1615 2388 cujus
1625 2353 1715 2388 ‚lulius
1729 2353 1823 2382 Pollux
1835 2355 1973 2382 meminit.
2015 2356 2055 2383 Un
2062 2356 2126 2390 petit
2134 2355 2201 2381 voile
2208 2355 2236 2380 de
2247 2355 2339 2380 navire
2350 2356 2425 2390 qa’on
2438 2354 2476 2380 dit
2491 2363 2534 2380 au*

1416 2397 1523 2416 rrement
1535 2394 1664 2427 'l'runquen
1698 2390 1854 2420 Deducitur
1865 2401 1879 2420 a
1889 2392 1984 2421 Graeco
1995 2388 2093 2428 ἀξπέω,
2116 2391 2190 2429 quod
2202 2390 2367 2429 suspendere
2385 2390 2533 2429 significat,

1418 2428 1446 2457 Gt
1455 2427 1566 2456 assuere.
1609 2428 1688 2457 Unde
1702 2430 1727 2458 ἃ
1741 2427 1840 2464 ἐέρτηκρο
1851 2451 1859 2463 ,
1879 2429 1969 2458 lorum
1982 2439 2096 2467 parvum
2106 2451 2113 2463 7
2136 2430 2180 2459 cui
2192 2438 2324 2458 crumena
2336 2429 2455 2459 alsuitur.
2492 2428 2534 2465 Ja-

1416 2464 1537 2494 bolenus
1549 2465 1584 2494 de
1599 2465 1680 2496 Verb.
1697 2466 1785 2504 lignis,
1798 2467 1924 2502 Malum,
1945 2468 2022 2496 navis
2041 2466 2094 2496 eII'e
2106 2474 2212 2505 partem
2225 2489 2233 2501 ,
2255 2473 2427 2496 artemonem
2443 2473 2534 2496 autem

1417 2511 1476 2531 non
1483 2502 1537 2532 esi'e
1548 2525 1555 2537 ‚
1573 2503 1664 2533 Labeo
1677 2505 1728 2534 uit:
1752 2506 1778 2534 8<
1788 2505 1878 2533 verius
1888 2505 1926 2534 est
1935 2527 1943 2540 ‚
1961 2506 2024 2542 quia
2034 2504 2172 2543 pleraeque
2182 2514 2265 2534 naves
2276 2504 2330 2533 sine
2340 2504 2412 2534 malo
2424 2504 2533 2534 inutiles

1417 2540 1512 2569 essent.
1553 2540 1676 2579 [deoque
1691 2552 1752 2580 pars
1768 2543 1844 2571 navis
1855 2542 1987 2572 habetur:
2009 2550 2133 2572 artemon
2151 2550 2243 2572 autem
2259 2542 2347 2578 Magis
2364 2543 2534 2572 additamen-

1414 2584 1476 2607 tum
1487 2600 1495 2612 ,
1510 2589 1592 2615 quam
1601 2590 1662 2617 pars
1674 2581 1750 2609 navis
1762 2580 1808 2609 est.
1831 2580 1938 2616 Bayfius
1949 2587 2029 2618 putat
2037 2580 2090 2609 ess'e
2101 2581 2189 2617 majus
2199 2580 2292 2610 velum
2302 2581 2393 2610 navis:
2415 2581 2443 2610 in
2453 2588 2534 2616 quem

1415 2615 1523 2645 sensum
1534 2617 1603 2646 dicit
1617 2619 1706 2656 accipi
1728 2619 1782 2648 Λᾶ.
1796 2627 1840 2654 27.
1864 2618 1949 2655 Quod
1965 2627 2069 2647 nomen
2082 2619 2164 2647 etiam
2185 2628 2260 2647 nunc
2278 2618 2398 2648 Veneriis
2416 2620 2532 2653 retinet,

1416 2662 1518 2683 vocant
1525 2655 1600 2684 enim
1612 2658 1737 2685 Artimon.
1782 2658 1815 2684 At
1827 2655 1910 2685 Lilius
1920 2656 2067 2692 Gregorius
2078 2657 2107 2685 iri
2117 2656 2165 2685 lib.
2178 2657 2213 2685 de
2225 2656 2266 2685 Re
2277 2656 2387 2685 nautica
2397 2678 2404 2689 ,
2420 2656 2476 2685 salii
2487 2665 2535 2693 pu·
2564 2680 2566 2683 ,

1415 2698 1456 2720 tat
1464 2691 1596 2729 Bayfiuni.
1635 2693 1661 2722 Si
1674 2695 1749 2723 enim
1764 2693 1852 2723 malus
1861 2704 1921 2732 pars
1932 2695 2007 2723 navis
2021 2694 2058 2723 cst
2067 2716 2075 2729 ‚
2096 2693 2189 2722 velum
2199 2704 2308 2730 quoque
2321 2695 2407 2728 maius
2427 2704 2487 2731 pars
2497 2693 2533 2722 est

1417 2731 1503 2759 navis.
1545 2730 1608 2766 Qua
1617 2732 1692 2760 enim
1702 2730 1737 2760 de
1748 2731 1827 2761 causa
1843 2732 1929 2760 malus
1941 2733 1970 2760 in
1981 2732 2043 2760 navi
2054 2752 2061 2766 ‚
2083 2732 2130 2760 nili
2141 2738 2170 2761 ut
2179 2730 2239 2761 vela
2246 2731 2376 2760 sustentet
2385 2733 2398 2760 ‘?
2421 2731 2485 2761 Vela
2495 2741 2534 2760 ei·-

1417 2777 1453 2804 go
1464 2777 1521 2796 non
1531 2768 1754 2798 additamentum
1764 2792 1772 2803 ‚
1792 2769 1839 2798 scd
1851 2776 1976 2798 artemon
1988 2770 2220 2798 additamentum.
2260 2769 2304 2798 Est
2315 2769 2398 2806 igitur
2418 2769 2533 2806 (inquit)

1413 2812 1541 2834 artemon
1553 2825 1559 2835 ‚
1581 2807 1674 2835 minus
1684 2806 1753 2836 illud
1763 2807 1857 2836 velum
1869 2829 1877 2841 ‚
1893 2808 1968 2845 quod
1978 2807 2044 2837 velis
2056 2807 2207 2843 majoribus
2217 2808 2340 2845 appendi
2351 2807 2434 2836 solet:
2458 2806 2531 2839 unde

1416 2845 1442 2872 ἃ
1452 2843 1493 2872 illi
1506 2853 1620 2881 nornen.
1661 2844 1701 2873 Ex
1711 2844 1765 2874 hoc
1773 2845 1835 2874 ansa
1851 2845 1889 2874 est
1900 2845 2016 2883 praestita
2027 2846 2126 2882 ignarae
2134 2844 2209 2883 plebi
2217 2867 2224 2877 .
2247 2853 2278 2874 ut
2290 2845 2382 2874 velum
2391 2852 2530 2874 arteinona

1415 2888 1506 2909 vocet.
1544 2881 1574 2910 V.
1598 2883 1623 2910 St·
1637 2881 1740 2912 Sclieff.
1752 2883 1788 2911 de
1798 2882 1857 2912 Mil.
1871 2883 1938 2912 Niiv.
1951 2893 1976 2912 2.
1998 2895 2020 2916 ς.
2036 2894 2062 2921 p.
2080 2893 2139 2917 140·
2154 2886 2179 2912 oz
2193 2883 2260 2912 Add.
2278 2891 2304 2921 p.
2321 2893 2381 2917 130.

1415 2917 1461 2960 Est
1472 2918 1559 2948 &hac
1569 2919 1747 2949 similitudine
1768 2920 1898 2949 Artemon
1915 2920 2056 2955 troclilea,
2080 2929 2162 2958 quam
2179 2920 2263 2950 Graeci
2282 2918 2397 2955 επτὲγϊὶτ
2414 2926 2530 2955 vot-int,

1435 2965 1465 2984 in
1485 2956 1577 2985 radice
1601 2958 1737 2986 machina?
1760 2958 1917 2992 scansoriie:
1953 2968 1985 2987 ea
2012 2959 2131 2995 ingentis
2153 2960 2245 2987 oneris
2265 2958 2271 2986 l
2284 2959 2370 2994 :rides
2389 2958 2529 2987 tolluntur.

1434 2994 1531 3030 Quum
1539 2995 1614 3023 enlm
1624 3003 1728 3025 caeterae
1740 2996 1899 3030 huiusmodi
1911 2996 2046 3025 machina·
2056 2996 2123 3025 duas
2135 2997 2331 3025 tantummodo
2340 2996 2476 3025 trochleas
2487 2995 2531 3024 ha-

1433 3031 1518 3060 beant
1528 3054 1536 3067 a
1558 3042 1590 3060 ea
1602 3042 1662 3069 <111ae
1673 3036 1807 3064 marinum
1817 3034 1972 3071 appellatur
1983 3056 1990 3066 .
2003 3034 2085 3063 etiam
2094 3035 2203 3063 tertiani
2215 3034 2299 3071 reqiiii
2309 3035 2327 3062 ir
2339 3044 2397 3070 qum
2407 3032 2531 3063 addititia

1433 3069 1472 3098 est
1482 3091 1490 3105 ,
1507 3070 1611 3099 &ideo
1622 3078 1749 3100 artemon
1758 3081 1922 3109 epagonque
1933 3072 2034 3101 dicitur
2045 3094 2052 3106 ‚
2073 3079 2102 3101 ut
2115 3072 2252 3101 Vitruvius
2263 3071 2355 3100 sciibit
2373 3071 2416 3100 hb.
2426 3080 2528 3108 romp-

1437 3116 1461 3143 ς.
1503 3107 1569 3137 Haec
1581 3107 1708 3138 Alciatus.

1378 3145 1400 3175 A
1411 3155 1427 3173 R
1437 3155 1456 3173 T
1465 3155 1505 3174 iim
1514 3155 1531 3174 o
1542 3155 1562 3174 N
1571 3167 1579 3179 ,
1601 3145 1729 3175 Medicus
1741 3156 1823 3183 quem
1837 3146 1905 3175 Pliii.
1916 3146 1962 3175 lib.
1975 3153 2017 3178 28.
2030 3157 2089 3185 cap.
2105 3157 2127 3175 i.
2150 3157 2183 3176 ex
2195 3147 2315 3176 hominis
2323 3147 2437 3176 cremati
2445 3143 2528 3180 calva,

1414 3193 1513 3218 aquam
1524 3183 1680 3220 propinasse
1690 3184 1782 3213 scribit
1796 3184 1921 3213 adversus
1936 3185 2064 3214 iiiiii-huni
2078 3185 2256 3213 comitialem.

1414 3220 1490 3250 Alius
1500 3220 1659 3250 itcnil’ictor
1669 3221 1769 3251 nobilis
1777 3222 1919 3255 fuit,cuiu::
1930 3234 2013 3259 operai
2023 3228 2166 3252 enumerat
2178 3221 2390 3256 idemPiin.lib.3
2400 3229 2525 3259 5.cap.it.

1414 3260 1548 3288 Artemon
1560 3267 1691 3296 praeterea
1708 3260 1790 3297 Syrus
1803 3260 1917 3297 quidam
1930 3260 1981 3289 fuit
1993 3283 1999 3294 ,
2025 3271 2059 3289 ex
2086 3260 2178 3289 intima
2199 3260 2298 3297 plebe.
2321 3260 2457 3288 Antiocho
2475 3257 2535 3296 regi·

1434 3297 1504 3324 adeo
1519 3296 1621 3330 finiilis,
1633 3304 1662 3326 ut
1672 3297 1789 3326 Laodice
1801 3319 1808 3332 ,
1826 3305 1926 3327 necato
1939 3299 2074 3327 Antiocho
2088 3320 2096 3333 ,
2112 3299 2189 3336 regni
2197 3297 2318 3327 succedi.
2329 3307 2394 3326 nnn
2409 3307 2456 3335 per
2467 3304 2528 3325 eum

1433 3334 1631 3372 fiieritadepta.
1655 3335 1720 3364 Plin.
1732 3335 1779 3364 lib.
1794 3343 1818 3371 7.
1833 3346 1892 3372 cap.
1910 3344 1949 3364 12.

1414 3371 1458 3401 Est
1467 3374 1492 3401 ok
1505 3374 1635 3401 Artemon
1647 3373 1813 3402 Machinarii
1826 3374 2007 3402 fabriiioiiien
2019 3395 2026 3408 ,
2049 3374 2095 3410 qui
2107 3382 2124 3402 e
2133 3383 2254 3411 paupere
2270 3373 2348 3401 dives
2359 3372 2447 3401 suffitus
2456 3393 2462 3403 ,
2483 3378 2527 3399 vo-

1434 3409 1581 3447 luptariam
1592 3410 1675 3439 vitam
1685 3420 1764 3448 agere
1775 3412 1862 3449 coepit
1871 3433 1878 3445 ‚
1901 3412 1974 3439 utest
1985 3411 2058 3447 apud
2068 3411 2240 3440 Athenaeum.
2263 3410 2316 3440 Hic
2329 3433 2335 3443 ,
2348 3408 2423 3446 quod
2432 3408 2528 3438 lectica

1434 3448 1671 3483 &renuncia-etur.
1687 3448 1867 3483 ἀφέξεται),
1887 3448 1915 3476 id
1935 3448 1972 3477 est
1987 3448 2205 3478 Circumlatitius
2216 3471 2223 3482 ,
2238 3448 2453 3484 cognominatus
2463 3446 2507 3475 est.
2538 3478 2540 3480 .

1376 3484 1529 3514 ARTEMO·
1542 3495 1560 3513 N
1572 3495 1608 3519 A,
1630 3486 1810 3522 [Aqmadwn]
1831 3487 1904 3523 apud
1927 3486 2053 3515 Plautum
2074 3486 2147 3515 dicta
2160 3487 2198 3515 est
2215 3486 2314 3515 mulier
2331 3485 2473 3522 quiedam:
2495 3482 2525 3512 ab
2562 3502 2563 3507 ,
2591 3511 2597 3524 ,)

1414 3519 1516 3558 ἀςτῖζω,
1538 3523 1652 3560 perficio
1662 3546 1669 3558 ‚
1695 3524 1769 3560 quod
1781 3523 1922 3560 perficeret
1935 3534 1993 3560 quae
2009 3523 2093 3552 vellet
2104 3546 2111 3557 ,
2133 3524 2197 3560 quia
2210 3523 2276 3552 essct
2285 3523 2394 3560 egregie
2408 3523 2506 3551 dotata.
2554 3521 2559 3542 Γ
2595 3541 2599 3561 ;

1375 3559 1398 3588 A
1410 3569 1424 3587 R
1434 3570 1475 3588 'rra
1484 3570 1498 3588 R
1509 3571 1517 3588 i
1529 3570 1547 3588 A
1560 3582 1567 3593 .
1586 3570 1615 3590 re.
1639 3559 1794 3597 [ἀξπιρλοι]
1815 3560 1882 3598 quid
1893 3561 2026 3598 significet
2036 3560 2139 3590 Plinius
2148 3561 2231 3590 docet
2242 3558 2289 3590 lib.
2308 3571 2346 3589 ii.
2356 3570 2415 3598 cap.
2433 3567 2474 3596 37.
2485 3557 2526 3587 his
2545 3589 2548 3599 ,
2594 3564 2604 3571 “

1413 3597 1504 3626 verbis
1516 3620 1523 3633 ‚
1545 3597 1599 3627 Ubi
1609 3598 1774 3634 suiitnervi,
1795 3598 1939 3628 interiores
1951 3599 2114 3628 conducunt
2125 3598 2269 3634 membra,
2291 3598 2442 3635 superiores
2452 3604 2526 3625 revo-
2545 3600 2560 3638 2⁴
2595 3617 2604 3636 ἶ,

1414 3642 1486 3664 cant.
1527 3635 1601 3664 Inter
1611 3636 1661 3664 Iios
1671 3636 1758 3665 latent
1766 3637 1869 3665 arteriae
1881 3658 1889 3671 ,
1911 3637 1939 3665 id
1959 3637 1997 3665 cst
2011 3635 2026 3665 s
2043 3637 2118 3665 iritus
2133 3635 2245 3665 semitae.
2288 3636 2336 3665 His
2348 3635 2473 3664 innatant
2482 3642 2525 3662 ve·
2545 3652 2548 3657 ι

1413 3681 1456 3701 ηπ)
1465 3694 1472 3707 ,
1490 3672 1519 3701 id
1532 3674 1569 3702 cst
1581 3673 1718 3710 stinguinis
1726 3674 1786 3703 rivi.
1808 3673 1970 3703 Arteriarum
1982 3684 2018 3712 pu
2033 3674 2074 3703 sus
2086 3696 2093 3709 ‚
2115 3674 2144 3702 in
2154 3674 2299 3703 cacumine
2308 3674 2428 3703 maxime
2441 3679 2524 3700 mem-

1412 3708 1526 3739 brorum
1536 3711 1649 3740 evidens
1659 3734 1666 3746 ‚
1691 3711 1777 3740 index
1791 3711 1845 3740 fere
1855 3712 2014 3740 morborum
2025 3734 2033 3747 ‚
2054 3712 2084 3740 in
2095 3710 2224 3740 modulos
2236 3719 2326 3740 certos
2337 3710 2461 3748 legesque
2472 3716 2525 3737 me-

1412 3747 1495 3776 tricas
1507 3769 1515 3782 ,
1537 3758 1585 3785 per
1600 3756 1692 3778 oetates
1703 3748 1820 3783 stabilis,
1837 3757 1883 3777 aut
1894 3749 1992 3778 citatus
2003 3772 2010 3781 ,
2031 3757 2078 3778 aut
2093 3747 2201 3782 tardus,
2224 3748 2308 3778 deseri
2332 3753 2375 3778 tus
2390 3747 2424 3777 ab
2442 3746 2526 3776 Hero·
2594 3768 2598 3782 ,Α

1413 3784 1492 3826 philo
1505 3786 1651 3815 medicinae
1661 3793 1723 3816 vate
1733 3809 1741 3822 ‚
1758 3786 1883 3815 miranda
1894 3793 1950 3816 arte
1961 3807 1968 3821 ‚
1985 3787 2100 3816 nimiam
2114 3793 2227 3823 propter
2243 3785 2313 3816 subti
2328 3786 2422 3818 itatem
2440 3782 2525 3826 deser·
2554 3819 2555 3822 Ἴ

1412 3827 1465 3850 tus.
1508 3822 1708 3853 Observatione
1723 3831 1816 3853 tamen
1835 3823 1922 3853 crebri
1944 3833 1991 3853 aut
2008 3824 2131 3860 languidi
2145 3824 2215 3853 ictus
2227 3845 2234 3858 ‚
2257 3822 2441 3860 gubernacula
2463 3825 2523 3850 vitae

1411 3864 1555 3896 temperat.
1598 3863 1708 3891 Arteriae
1718 3866 1812 3892 carent
1830 3861 1922 3890 sensu:
1944 3871 2009 3896 narii
2026 3864 2051 3891 ἃ
2063 3861 2211 3899 sanguine,
2233 3870 2286 3890 nec
2307 3858 2404 3890 omnes
2416 3857 2524 3889 vitalem

1411 3897 1559 3926 continent
1570 3897 1694 3936 spii-itum
1707 3921 1715 3934 ‚
1737 3899 1907 3937 praecisisque
1925 3899 2056 3937 torpescit
2067 3907 2173 3928 tantum
2192 3908 2254 3936 pars
2265 3908 2296 3927 ea
2310 3898 2442 3936 corporis.
2464 3892 2525 3939 Gel5
2542 3890 2561 3925 i

1410 3932 1465 3962 lius
1477 3933 1523 3962 lib·
1541 3940 1581 3967 ¹8.
1597 3946 1715 3979 captio.
1754 3937 1857 3966 Arteria
1872 3936 1910 3965 est
1918 3936 2151 3973 conceptaculum
2166 3935 2275 3974 spiritus
2287 3934 2435 3969 naturalis,
2455 3930 2523 3962 misti
2541 3944 2543 3950 ,

1410 3971 1572 4009 consulique
1584 3973 1802 4011 cumIanguine,
1824 3975 1922 4011 inquo
1933 3974 1995 4012 plus
2004 3974 2114 4012 spiritus
2127 3974 2166 4003 est
2175 3994 2184 4010 ‚
2200 3974 2292 4003 minus
2301 3969 2524 4038 sanguinis-texAiraej
2536 3974 2540 3999 l
