2641 4187
2 1627 4 1640 l

58 1955 59 1959 Ἰ
106 1911 301 1943 Laudatorem.
329 1912 387 1943 Cic.
402 1913 450 1944 lib.
462 1923 487 1943 2.
505 1913 540 1942 de
552 1913 611 1943 Fin.
625 1918 668 1951 67.

47 2515 52 2526 ι

5 2538 7 2544 ²
36 2536 41 2550 1

572 143 599 177 Α
693 144 725 178 D
821 146 856 180 H

114 218 223 263 Curam.
262 222 360 265 Cle-st*
381 221 456 252 Fam.
473 225 498 251 6.
539 221 580 252 De
602 223 754 253 sacerdotio
774 231 822 254 tuo
841 234 970 264 quantam
986 239 1078 258 curam
1096 230 1227 260 adhibue-

134 268 201 292 r1m.
222 261 378 296 cognosces.

114 295 215 325 Curam
232 299 258 326 ἃ
276 297 455 333 diligentiam.
486 296 543 325 Cic.
558 307 583 331 4.
602 297 681 326 acad.
728 298 763 327 Ut
779 309 834 328 non
853 302 1022 333 mediocrem
1041 314 1133 333 curam
1152 305 1228 333 :idhi-

134 333 215 362 beant
230 336 255 363 ἃ
269 334 447 369 diligentiam.
473 333 504 362 V.
521 344 585 362 mox
603 335 787 371 Diligentiam.

113 369 258 399 Delectum
278 371 417 400 adhihere.
454 370 510 399 Cic.
529 371 555 399 in
573 371 647 400 Orat.
699 372 838 403 lnterdum
857 386 890 404 cx
907 376 961 404 illis
980 377 1065 411 locis,
1096 385 1142 406 aut
1160 378 1228 406 levia

132 408 256 443 quaedam
267 430 274 440 ,
296 416 342 437 aut
358 407 442 437 causis
453 408 556 442 aliena,
577 416 624 437 aut
643 419 698 436 non
717 410 793 440 utilia
806 413 972 449 gignuntur:
995 425 1112 451 quorum
1124 415 1157 444 ab
1171 426 1229 444 ura-

131 446 198 474 toris
213 443 318 480 judicio
336 445 459 474 delectus
475 454 589 481 magnus
605 446 789 477 adhibebitur.

112 482 186 511 Deos
201 482 228 510 in
244 483 386 512 auxilium.
417 482 499 511 Ovid.
513 494 538 518 4.
559 483 623 512 Fast.
639 489 701 519 829.

112 518 299 585 Dilig}“.‘l³¹m'
333 520 390 549 Cic.
407 531 428 554 ς.
447 519 519 549 Fam.
535 524 560 549 6.
596 521 715 551 Adhibui
734 522 904 560 diligentiam
918 527 1137 563 quotiescunque
1156 525 1229 555 sena-

131 563 175 585 tus
196 564 249 585 uit.

112 592 289 629 Diligentiam
314 593 389 623 adse
408 594 634 625 conservandum.
666 596 724 626 Cic.
746 606 786 631 15.
811 597 884 627 Fam.
906 609 930 628 2.

131 641 245 660 omnem
259 632 430 667 diligentiam
445 633 478 661 ad
495 632 519 661 se
535 634 752 663 conservandum
770 634 920 665 adhiberet.

112 668 290 705 Diligentiam
308 670 336 698 in
357 669 418 698 hoc.
453 670 510 699 Cic.
534 675 573 699 16.
596 671 668 701 Fam.
689 682 713 707 9.

131 706 296 736 adhibueris.

111 743 290 780 Diligentiam
311 745 338 772 in
356 743 391 774 se.
424 744 481 774 Cic.
497 749 538 775 16.
559 745 631 775 Fam.
644 749 670 775 6.
708 745 852 782 Quantum
868 758 912 778 me
930 750 1036 787 diligis,
1058 757 1165 780 tantum
1182 750 1230 778 ad-

131 781 195 810 hibe
211 782 239 810 in
253 790 279 811 te
294 781 454 815 diligentiae.

111 818 271 848 Doctrinam
282 841 290 853 ,
313 820 418 848 Addere
430 820 583 849 doeh-inam
595 819 687 849 alicui.
715 820 773 850 Cic.
790 821 825 857 Q.
841 822 913 852 fratr.
951 824 1036 860 Cujus
1055 834 1150 856 natura
1167 826 1228 856 talis

130 856 186 891 est,
217 864 248 886 ut
266 857 348 886 ctiam
367 857 422 886 fine
445 857 569 888 doctrina
589 857 713 886 videatur
730 858 872 888 moderata
889 861 942 890 effi:
956 863 1080 898 potuiffe.
1131 865 1165 894 Ea
1183 874 1229 893 au-

129 899 187 923 tem
206 894 329 924 adhibita
348 895 473 925 doctrina
492 895 530 924 est
547 918 553 931 ‚
587 905 647 932 quae
665 895 709 924 vel
728 896 923 927 vitiolillimam
950 907 1074 930 naturam
1101 902 1228 931 excolere

129 930 220 998 pffioslit.
248 932 327 962 ldem
340 933 368 961 in
384 933 468 962 Bruto
479 944 524 970 44.
565 932 621 962 Sed
637 940 698 962 tum
712 933 768 963 fere
784 934 899 965 Pericles
916 937 1021 974 primus
1036 939 1163 969 adhibuit
1179 940 1229 969 do-

131 973 145 999 e
160 980 255 999 rmam.

109 1006 253 1037 Dolorem.
285 1008 342 1038 Cic.
356 1019 381 1044 4.
398 1008 472 1038 Fam.
486 1011 511 1036 6.
554 1007 589 1037 Et
606 1007 636 1036 in
653 1017 699 1037 me
717 1007 886 1039 consolando
906 1021 963 1041 non
983 1014 1154 1043 mediocrem
1171 1013 1228 1051 ipse

128 1045 215 1074 animi
230 1045 355 1075 dolorem
367 1045 521 1075 adhibuisti.

110 1081 233 1118 Dolum,
253 1084 394 1119 fraudem,
416 1083 590 1112 calumniam.
626 1082 684 1112 Cic.
706 1094 757 1121 pro
776 1084 868 1115 Domo
885 1086 929 1115 sua
941 1109 949 1121 ,
978 1088 1051 1118 Illud
1069 1090 1099 1118 in
1113 1090 1226 1127 primiS,

130 1130 221 1157 nequa
232 1120 386 1156 calumnia,
407 1130 497 1158 nequa
508 1120 596 1155 fraus,
618 1122 715 1157 nequis
730 1122 811 1152 dolus
822 1124 991 1154 adhibeatur.

109 1157 323 1188 festinationem
334 1158 481 1192 adhibere,
503 1157 548 1186 Uti
561 1157 741 1188 festinatione.
767 1159 903 1190 Columel.
918 1161 964 1191 lib.
980 1173 1021 1193 11.
1038 1174 1098 1201 cap.
1111 1174 1136 1193 2.
1161 1164 1227 1200 Quo

130 1197 236 1226 cautior
247 1195 369 1230 villicus,
389 1202 421 1225 ut
434 1196 490 1232 jam
505 1195 580 1230 dixi,
605 1196 649 1225 vel
663 1195 796 1227 abstinere
805 1199 888 1236 polilt
899 1201 1045 1237 operibus,
1066 1202 1111 1231 vel
1122 1202 1229 1231 festina-

127 1235 235 1263 tionem
250 1233 389 1263 adhibere.

109 1270 208 1301 Fidem
224 1272 253 1300 in
269 1271 421 1300 amicorum
441 1270 588 1308 periculis,
620 1271 730 1301 Amicos
748 1272 776 1301 in
793 1273 924 1311 periculis
942 1275 1059 1306 fideliter
1080 1278 1226 1313 adiuvare,

128 1308 224 1338 Adess‘e
242 1309 336 1338 amicis
354 1308 383 1337 in
400 1308 534 1346 periculo.
565 1309 622 1338 cic.
642 1319 693 1346 pro
711 1309 821 1340 Cluent.
844 1318 903 1345 118.
944 1313 1033 1343 Facile
1051 1315 1104 1344 hoc
1114 1315 1228 1350 Judices

127 1345 283 1384 impetrabo
295 1368 303 1380 ,
333 1353 364 1375 ut
386 1356 468 1383 quarn
486 1345 542 1383 ipse
561 1346 692 1375 adhibere
713 1347 856 1378 consuevit
874 1350 903 1378 in
922 1352 1073 1381 amicorum
1098 1352 1228 1390 periculis

128 1383 212 1413 fidem
223 1385 250 1413 ἃ
262 1384 435 1421 diligentiam
445 1406 453 1420 ,
475 1390 536 1413 tum
547 1384 603 1412 vim
614 1385 719 1419 animi,
745 1385 956 1426 libertatemque
973 1390 1105 1425 dicendi,
1131 1391 1160 1419 in
1176 1390 1228 1419 hae

127 1421 197 1450 mihi
212 1422 356 1451 concedat.

107 1458 218 1490 Fletum
230 1459 260 1488 in
271 1459 421 1489 funeribus.
444 1458 501 1488 Cic.
518 1468 542 1488 2.
557 1459 638 1489 Tusc.
653 1469 696 1496 ςς.

975 600 1076 630 Monui
1089 610 1180 638 regem
1199 607 1229 629 ut

761 671 792 701 ln
810 672 864 702 hoc
883 683 995 704 omnem
1018 675 1189 713 diligentiam
1210 675 1228 703 11

730 1459 765 1490 Et
776 1461 822 1491 hic
834 1463 964 1493 nimirum
975 1464 1012 1493 est
1024 1464 1105 1494 fletus
1115 1487 1123 1501 ,
1144 1474 1228 1502 quem

129 1497 278 1526 duodecim
293 1496 393 1526 tabulae
410 1497 439 1526 in
455 1496 597 1527 funeribus
612 1498 736 1527 adhiberi
753 1506 909 1530 vetuerunt.

108 1532 203 1565 Flores
214 1535 328 1564 adhibet
341 1542 432 1564 orator
442 1535 472 1563 in
485 1535 579 1564 caufis.
610 1535 667 1565 Cic.
684 1536 713 1565 in
728 1536 803 1566 Orat.
817 1542 861 1573 65.

109 1573 285 1603 Fric'tionem.
308 1572 376 1602 Cels.
392 1572 440 1601 lib.
453 1578 479 1606 8.
495 1582 555 1611 cap.
573 1583 583 1601 1
593 1583 614 1602 1.
648 1573 731 1603 Tunc
742 1575 899 1605 frictionem
912 1577 936 1604 ei
948 1577 1072 1606 membro
1084 1577 1224 1607 adhibere.

110 1610 276 1640 Gravitatem
288 1612 317 1640 in
330 1610 435 1639 dolore.
460 1610 517 1640 Cic.
534 1619 557 1646 3.
572 1611 608 1648 Q.
619 1610 691 1641 fratr.
705 1617 730 1645 8.
769 1612 811 1641 De
823 1614 923 1642 virtute
934 1615 960 1643 Sc
970 1615 1098 1649 gravitate
1108 1615 1227 1651 Caesaris,

127 1658 213 1686 quam
222 1649 251 1677 in
262 1648 368 1678 summo
380 1647 477 1677 dolore
488 1648 661 1679 adhibuisset.
700 1649 763 1679 Hoc
774 1650 828 1685 est,
849 1651 1019 1681 Praestitiffet.

106 1684 190 1723 'Ignes
207 1685 346 1716 adhibere.
378 1686 436 1716 Cic.
452 1695 474 1721 3.
488 1685 570 1716 Tusc.
610 1686 759 1721 Lacerant,
781 1697 899 1724 vexant,
921 1689 1043 1720 stimulos
1060 1691 1225 1725 admovent,

128 1725 206 1761 ignes
216 1724 349 1753 adhibent
357 1745 365 1759 ,
386 1724 515 1761 respirare
527 1734 584 1754 non
595 1724 694 1754 linunt.
730 1726 896 1764 Metaphora
907 1727 952 1756 est.

107 1761 269 1798 Judicium,
295 1762 341 1791 Uti
362 1762 465 1796 iudicio
481 1762 510 1790 in
526 1772 553 1791 re
572 1762 670 1799 aliqua.
704 1763 762 1793 Cic.
779 1764 807 1792 in
825 1765 900 1794 Orat.
915 1770 957 1799 48-
1002 1764 1145 1800 Judicium
1162 1776 1227 1804 ergo

127 1799 288 1835 adhibebit,
310 1809 362 1828 nec
371 1799 494 1828 inveniet
504 1798 592 1829 solum
604 1801 671 1837 quid
683 1801 772 1835 dicat,
794 1800 840 1831 sed
852 1804 933 1831 etiam
946 1803 1094 1840 expendet.

107 1837 252 1868 Laborem.
284 1837 420 1867 Columel.
441 1837 489 1867 lib.
510 1847 534 1874 3.
557 1848 617 1876 cap.
635 1849 660 1875 9.

128 1875 231 1905 hibere.

707 1839 735 1868 Si
751 1837 875 1869 laborem
894 1842 920 1870 δε
937 1850 1030 1870 curam
1045 1841 1163 1871 velimus
1181 1842 1228 1871 ad-

711 1914 782 1952 Quae
797 1924 850 1944 nec
862 1916 941 1946 testes
951 1916 1022 1946 ullos
1039 1926 1054 1945 e
1065 1916 1142 1946 claris
1152 1917 1226 1952 viris,

127 1961 180 1980 nec
194 1951 349 1980 laudatores
363 1952 465 1990 poterit
477 1951 617 1981 adhibere.

107 1987 270 2018 Lectionem
279 1989 313 2017 ad
325 1989 438 2026 aliquid.
467 1989 525 2019 Cic.
541 1999 562 2024 5.
579 1989 599 2019 F
601 1999 652 2019 am.
665 1998 709 2019 20.
751 1990 793 2019 Ad
804 2000 869 2028 quas
885 2001 936 2029 ego
947 1991 1017 2021 nihil
1030 1991 1143 2021 adhibui
1158 2002 1229 2030 prae-

126 2034 168 2056 ter
177 2027 336 2056 lectionem.
373 2027 404 2057 ld
416 2028 471 2063 est,
491 2027 607 2057 contuli.

105 2063 209 2094 Ludos.
238 2064 295 2094 Cic.
307 2074 332 2093 2.
351 2065 386 2094 de
402 2065 460 2095 Fin.
499 2065 548 2101 Jus
560 2063 719 2095 &sacculos
733 2064 888 2101 abstulerit,
910 2067 1067 2097 adhibentis
1077 2067 1176 2102 ludos.
1199 2070 1226 2098 Sc

126 2113 192 2169 quas)
202 2102 353 2140 sequuntur
368 2103 434 2133 illa:
465 2103 565 2140 quibus
584 2103 712 2133 detraffis
731 2102 831 2133 clamat
842 2104 977 2143 Epicurus
994 2104 1021 2134 se
1038 2105 1142 2135 nescire
1158 2106 1226 2143 quid

125 2141 159 2170 sit
194 2150 288 2169 onum.

105 2177 232 2212 Lumen.
254 2178 325 2207 Dare
336 2177 440 2208 lumen.
472 2177 530 2208 Cic.
544 2187 567 2214 3.
586 2177 620 2207 de
633 2178 710 2208 Orat.
722 2187 767 2215 47.
810 2178 848 2209 Ut
863 2180 950 2209 oratio
965 2190 1025 2218 quae
1041 2180 1139 2210 lumen
1148 2182 1228 2211 adhi-

127 2216 191 2246 bere
203 2216 283 2245 rebus
294 2215 393 2250 debet,
414 2226 447 2245 ea
458 2216 651 2245 obscuritatem
662 2218 688 2245 Sc
699 2216 824 2246 tenebras
836 2217 937 2247 afferat.

108 2253 260 2286 Machinas.
290 2253 348 2283 Cic.
362 2254 393 2282 in
405 2253 490 2283 Bruto
504 2257 545 2283 16.
582 2253 679 2291 Itaque
689 2254 724 2283 ad
736 2254 856 2292 reliquos
871 2256 917 2285 hic
933 2265 1043 2292 quoque
1061 2255 1138 2285 labor
1156 2257 1225 2286 mihi

127 2290 237 2321 accessit
245 2314 253 2327 ,
275 2298 306 2320 ut
315 2301 412 2321 omnes
424 2292 570 2321 adhibeam
580 2291 721 2321 machinas
732 2292 767 2321 ad
777 2293 931 2322 tenendum
947 2293 1152 2323 adolescentem
1161 2316 1169 2330 ,
1189 2304 1225 2324 ne

125 2330 227 2359 famam
237 2329 349 2359 subeam
359 2330 529 2359 temeritatis.
566 2329 629 2359 Hoc
640 2329 678 2359 est
687 2352 694 2365 ,
719 2329 785 2359 Utar
799 2331 928 2360 omnibus
942 2331 1053 2361 artibus.

107 2368 344 2405 Magnificentiam
353 2369 379 2397 &
390 2366 598 2406 despicientiam
607 2377 698 2396 rerum
708 2367 898 2398 humanarum.
927 2368 984 2398 Cic.
999 2379 1022 2399 1.
1037 2369 1092 2399 Off.
1129 2369 1227 2407 Capes-

124 2405 246 2436 sentibus
261 2413 355 2435 autem
363 2405 576 2444 Rempublicam
591 2405 662 2434 nihil
671 2406 764 2435 minus
778 2416 858 2443 quam
874 2406 1045 2445 philosophis
1055 2429 1062 2442 ,
1083 2407 1157 2436 haud
1170 2407 1225 2436 scio

123 2444 404 2519 {ssffissufflztfflss‘
411 2443 1225 2520 ἓξὲᾞῗὲῗηὲῗ111311ῗέ11ῗὲῗέἑῇωἳάἓζῗέἓῖιῖἕῗωῗω“ι

568 2503 576 2517 ,
790 2504 796 2510 .
1149 2507 1155 2512 .

105 2519 331 2557 Magnitudinem
343 2520 436 2548 animi.
466 2520 525 2550 Cic.
542 2529 565 2549 1.
582 2519 639 2550 Off.
675 2519 710 2549 Et
723 2521 886 2558 magnitudo
902 2521 987 2550 animi
1002 2521 1040 2550 est
1056 2520 1223 2557 adhibenda,

125 2559 151 2588 Sc
164 2558 284 2587 vacuitas
295 2557 327 2586 ab
342 2557 499 2594 angoribus.

106 2595 208 2626 Manus
219 2595 343 2633 genibus.
368 2595 454 2624 Ovid.
466 2607 490 2632 9.
509 2595 578 2625 Met.
592 2598 656 2625 216.
964 2608 971 2614 s
1076 2611 1082 2624 s

104 2632 207 2663 Manus
218 2634 339 2662 medicas
350 2633 385 2662 ad
394 2633 516 2663 vulnera.
547 2633 619 2672 Virg.
633 2643 657 2671 3.
673 2633 771 2671 Georg.
784 2637 849 2669 45⁶-

184 2670 259 2738 ἕξω
271 2671 394 2700 medicas
407 2671 538 2701 adhibere
551 2682 649 2701 manus
663 2672 699 2701 ad
712 2672 827 2701 vulnera
840 2672 930 2710 pastor

228 2718 264 2738 ne
282 2718 318 2738 at.

107 2744 209 2776 Manus
217 2718 324 2785 podiis:
352 2746 382 2776 id
393 2747 448 2782 est,
469 2746 633 2777 Admovere.
662 2748 726 2778 Sen.
742 2747 832 2778 OEth.
846 2754 871 2783 8.

105 2783 208 2815 Manus
219 2784 406 2822 vestigalibus.
438 2784 496 2814 Cic.
512 2792 609 2814 contra
621 2784 724 2823 Legem
734 2786 795 2824 Agr.
808 2791 853 2822 4⁶-
891 2784 1046 2815 Adhibeant
1061 2793 1159 2816 manus
1178 2795 1222 2816 ve-

126 2821 269 2859 ctigalibus
279 2823 370 2853 vestris
379 2845 387 2857 ,
407 2823 562 2860 irrumpant
572 2824 600 2852 in
612 2824 745 2853 aerarium.

105 2858 261 2890 Medicum.
297 2860 354 2890 Cic.
372 2861 408 2890 de
425 2861 492 2890 Fato
507 2871 551 2897 29.

126 2897 300 2933 adhibueris,
320 2897 502 2928 convalesces.
1090 2930 1092 2937 ,

106 2933 287 2965 Medicinam.
316 2935 373 2965 Cic.
386 2940 428 2966 16.
444 2937 498 2966 Att.
535 2936 590 2966 Sed
605 2935 753 2975 desperatis
766 2937 850 2966 etiam
863 2935 1046 2975 Hippocrates
1062 2943 1137 2966 vetat
1148 2938 1225 2967 adhi-

123 2973 191 3040 Ibere
213 2972 390 3040 niegicina'm.
433 2974 467 3004 Id
481 2974 537 3011 est,
569 2974 617 3004 Uti
634 2976 775 3005 medicina
794 2975 867 3004 circa
888 2984 935 3004 eos
954 2984 1072 3012 quorum
1086 2974 1157 3005 salus
1178 2976 1225 3005 de-

155 3017 229 3040 erata
243 3021 257 3041 e
282 3034 289 3040 .

104 3021 281 3079 Mlgmoriam.
310 3048 367 3079 Cic.
380 3059 405 3079 2.
423 3049 458 3080 de
470 3050 546 3080 Orat.
586 3050 623 3079 Ut
636 3050 678 3079 his
689 3050 770 3081 rebus
788 3049 917 3080 adhibeat
928 3056 1060 3088 tanquam
1069 3049 1166 3080 lumen
1177 3050 1224 3080 ali-

105 3087 218 3155 Ivquod,
237 3088 415 3123 memoriam,
435 3094 468 3117 ut
478 3097 594 3123 vocem,
614 3094 646 3117 ut
658 3089 737 3118 vires-

600 2861 664 2892 Sive
679 2868 710 2891 tu
727 2862 870 2892 medicum
888 2861 1063 2897 adhibueris,
1094 2861 1148 2891 five
1165 2872 1224 2892 non

140 3125 331 3155 isericordiam.
363 3125 395 3154 ld
405 3125 460 3160 est,
481 3125 605 3155 Praestare
622 3125 650 3155 se
665 3127 694 3155 in
706 3137 735 3155 re
750 3126 841 3164 aliqua
856 3125 1068 3155 misericordem.
1102 3125 1160 3155 OEc.
1173 3136 1224 3164 pro

124 3162 216 3192 Rabir.
237 3174 261 3198 ς.
300 3163 459 3193 Adhibeatis
476 3163 508 3192 in
525 3164 647 3193 hominis
663 3164 783 3194 fortunis
799 3164 1031 3199 misericordiam,
1059 3164 1089 3192 in
1102 3163 1222 3202 Reipub.

123 3200 210 3230 salute
222 3199 390 3239 sapientiam.

104 3236 320 3268 Miserationem.
342 3238 400 3268 Cic.
413 3239 442 3267 in
455 3239 549 3268 Bruto.
1166 3258 1169 3262 ·

105 3275 338 3307 Moderationem.
367 3275 425 3306 cic.
438 3286 464 3306 2.
480 3277 515 3306 de
526 3277 602 3307 Orat.
640 3277 708 3308 Haec
725 3278 808 3315 igitur
825 3277 983 3307 adhibenda
1001 3276 1040 3307 est
1055 3277 1177 3314 primum
1194 3277 1224 3306 in

123 3314 244 3350 jocando
260 3315 431 3350 moderatio,
453 3316 504 3344 ἃς.
915 3322 918 3332 ’

106 3350 331 3382 Moderationem
346 3352 459 3381 dicendi
472 3350 612 3381 adhibere.
644 3352 702 3382 Cic.
715 3352 750 3382 de
762 3352 833 3390 Lege
844 3353 904 3389 Agr.

106 3388 245 3426 Modum,
274 3390 322 3427 Uti
339 3390 548 3424 moderatione,
578 3390 690 3420 Servare
704 3391 945 3426 mediocritatem,
975 3390 1050 3427 quod
1072 3391 1098 3420 Sc
1112 3390 1223 3420 Servare

124 3427 258 3463 modum,
285 3429 311 3457 δι
327 3427 436 3457 Tenere
449 3429 565 3457 modum
577 3428 685 3457 dicitur.
717 3426 775 3458 Cic.
791 3440 815 3463 ς.
831 3428 911 3458 Tusc.
959 3428 1042 3458 Plena
1059 3429 1114 3457 vita
1131 3435 1225 3457 exem-

125 3464 236 3502 plorum
248 3466 286 3495 est
298 3475 304 3495 :
325 3463 372 3494 sed
385 3465 515 3495 adhibeat
531 3466 618 3494 oratio
633 3466 749 3496 modum
759 3488 767 3501 ,
789 3468 816 3496 Sc
832 3467 926 3495 redeat
935 3465 1000 3495 illuc
1011 3466 1085 3495 unde
1098 3465 1221 3495 deflexit.

126 3503 202 3533 Idem
220 3513 270 3541 pro
288 3502 398 3533 Cluent.
435 3503 467 3533 ln
485 3513 540 3541 quo
557 3513 616 3533 non
632 3505 733 3534 modus
749 3504 788 3533 est
799 3503 955 3539 adhibitus,
984 3513 1042 3532 non
1054 3513 1131 3539 mos,
1158 3513 1224 3532 con-

123 3539 296 3578 suetudoque
312 3540 422 3570 servata.

106 3577 202 3608 Motus
213 3579 308 3615 judici.
338 3579 396 3608 Cic.
409 3589 434 3608 2.
451 3579 486 3608 de
497 3578 574 3608 Orat.
589 3585 649 3615 189.
690 3579 748 3608 Nifi
763 3589 860 3608 omnes
875 3579 893 3607 ii
907 3584 999 3607 motus
1009 3601 1017 3613 ,
1046 3587 1115 3616 quos
1132 3586 1223 3609 orator

125 3616 256 3682 Zdlssibere
281 3615 358 3646 volet
372 3617 479 3652 judici,
509 3618 540 3646 in
558 3617 617 3654 ipso
635 3623 742 3647 oratore
766 3616 886 3655 impreffi
906 3616 960 3645 effe
987 3623 1068 3653 atque
1087 3617 1168 3646 inusti
1185 3618 1224 3647 vi-

146 3664 161 3683 e
183 3658 273 3683 untur.
580 3660 587 3676 ὲ

105 3691 286 3722 Munditiem.
312 3691 370 3721 Cic.
386 3690 421 3721 de
433 3688 490 3722 Off.
527 3692 692 3722 Adhibenda
704 3693 742 3722 est
754 3699 884 3730 praeterea
897 3691 1057 3721 mundities.
1118 3703 1121 3706 ’

83 3729 301 3796 ᾸΝεςεΗέἱῐετεῃ]
316 3729 457 3760 adhibere.
496 3729 554 3759 Cic.
570 3742 597 3766 4.
618 3729 699 3760 Acad.
749 3730 863 3760 Nullam
887 3729 1021 3758 adhibent
1041 3726 1224 3767 persuadendi

94 3781 99 3786 ·
125 3776 194 3796 nece
218 3774 319 3796 itatem.

105 3804 318 3842 Negligentiam.
348 3805 456 3844 Ulpian.
471 3806 500 3834 in
514 3805 532 3835 l.
548 3806 566 3835 fi
578 3804 669 3834 ambo.
699 3804 733 3834 D.
753 3802 794 3835 De
807 3804 974 3843 compensat.
1015 3805 1043 3834 Si
1061 3805 1142 3835 ambo
1158 3802 1224 3835 socii

145 3852 218 3872 arem
233 3843 428 3886 negligentium
445 3844 569 3873 societati
583 3842 770 3872 adhibuimus.

105 3852 220 3913 ixlizrvos.
250 3880 307 3910 Cic.
323 3885 365 3910 16.
379 3882 432 3911 Att.
448 3887 489 3915 18.
532 3882 560 3911 Si
572 3887 602 3910 tu
613 3880 743 3910 nervulos
760 3888 822 3910 tuos
837 3881 905 3909 milu'
916 3879 986 3918 saepe
997 3881 1140 3919 cognitos,
1167 3879 1225 3911 sua-

125 3919 292 3956 vitatemque
307 3928 359 3956 qua
371 3929 455 3948 nemo
470 3918 521 3948 tibi
538 3929 587 3957 par
601 3920 657 3953 est,
680 3918 845 3948 adhibueris.

107 3954 245 4023 Nurperus
254 3956 389 4024 jfmbicus
400 3957 586 3988 adhibeturin
596 3955 704 3987 Fabulis.
735 3956 792 3987 Cic.
810 3957 842 3987 in
860 3956 936 3987 Orat.
951 3965 1012 3987 111.

190 4003 240 4023 01..
277 4016 283 4023 .

1665 160 1952 200 ΑΒΗ
2389 188 2432 221 59

1322 235 1450 283 Offifl'm'
1468 239 1606 283 adhibere.
1638 240 1695 270 Cic.
1718 252 1758 277 13.
1784 243 1857 272 Fam.
1875 247 1900 273 6.
1951 246 2044 283 ltaque
2066 248 2119 278 hoc
2139 251 2197 284 eius
2214 252 2336 283 officium
2360 259 2434 292 qued

1338 275 1482 318 annibetur
1495 287 1555 312 erga
1570 278 1629 306 illos
1640 301 1647 313 ,
1670 289 1721 316 ego
1740 290 1801 309 mea
1816 282 1960 318 lacultate,
1982 287 2007 313 ἃ
2020 287 2102 318 gratia
2119 287 2190 316 soleo
2231 300 2362 326 quintum
2385 295 2434 323 xos-

1339 312 1397 352 lum
1409 333 1416 344 ,
1438 313 1574 344 adiuvare.
2020 315 2028 321 .
2201 311 2208 323 l
2375 305 2382 331 l

1321 346 1481 377 Orationem
1502 352 1534 378 ad
1547 352 1674 388 aliquem.
1705 354 1763 382 Cic.
1783 365 1808 389 4.
1826 356 1906 384 Acad.
1922 365 1962 390 32.
2004 358 2142 389 Interdum
2163 365 2237 392 enim
2258 375 2341 400 quum
2359 368 2436 397 adhi-

1341 384 1436 448 lrinemus
1454 387 1487 428 ml
1505 399 1551 416 cos
1569 391 1720 419 orationem
1740 392 1907 425 huiusmodi.
1944 393 1975 422 ld
1990 396 2045 430 est,
2071 398 2163 434 Quum
2175 401 2247 437 apud
2263 412 2309 430 eos
2323 404 2366 432 tili
2384 407 2437 435 uti-

1371 431 1401 448 ιιι·
1421 431 1554 453 oratione.

1323 456 1430 486 Odores
1448 460 1480 487 ad
1496 462 1570 491 deos.
1599 464 1655 505 Cic.
1675 475 1695 493 1.
1711 466 1746 494 de
1763 466 1823 495 Nat.
1838 467 1918 496 Deor.
1936 478 1994 504 113.
2037 470 2115 507 Quos
2131 474 2228 503 odores
2245 476 2386 507 adhibebis
2396 480 2433 508 ad

1341 494 1408 522 deos
1420 517 1427 528 ,
1451 506 1478 524 ut
1496 508 1542 525 eos
1559 502 1704 535 perlandas
1723 503 1932 540 voluptatibus?

1324 530 1547 573 Odoremrelius.
1575 537 1645 578 ¹lloc
1658 541 1691 566 cll
1705 561 1711 571 ,
1739 540 1822 572 Dare.
1844 543 1970 572 tribuere.
2003 543 2107 574 Lucret.
2125 546 2171 575 lib.
2185 558 2208 576 2.
2231 555 2293 585 854.

1324 566 1468 598 Ordinem.
1499 571 1558 607 Ulp.
1575 583 1600 601 m
1617 575 1631 602 l.
1647 576 1728 616 Quia.
1746 582 1764 612 '³³-
1783 589 1803 606 1.
1821 579 1851 608 l).
1890 581 1917 610 Si
1931 582 1990 617 quis
2007 582 2101 611 omill‘i
2114 585 2194 613 cauff.
2209 587 2265 614 test.

1323 604 1493 648 Ornamenta
1508 609 1541 636 ad
1553 619 1607 638 rem
1619 612 1743 647 aliquam.
1766 616 1822 644 Cic.
1840 618 1866 644 in
1878 617 1953 647 Orat.
1986 619 2026 648 Ad
2039 620 2085 649 has
2097 630 2138 649 tot
2148 643 2155 655 ,
2177 629 2319 660 tantusque
2333 635 2374 655 res
2385 627 2436 657 ω’-

1342 642 1466 686 hihenda
1479 646 1539 673 lunt
1553 656 1710 677 ornamenta
1729 652 1944 684 innumerabilia.

1322 677 1512 709 Parhmomam
1533 683 1679 719 adhibere,
1716 687 1759 715 Uti
1781 691 1938 724 parlimonia
1958 715 1965 726 ,
1996 694 2098 724 serv-ire
2119 696 2308 734 frugalitatem.
2347 700 2430 731 l'laut.

1341 715 1449 759 Molle-l.
1472 728 1492 746 1.
1508 728 1530 753 3.
1550 726 1593 755 78.
1669 728 1824 763 †n‹1ctes,
1845 728 1955 765 diesque
1967 731 2045 764 estur,

1380 753 1501 784 B1b¹tur2
1526 766 1624 801 ='neque
1638 768 1778 795 quisquam
1797 764 1983 798 parlimoniam
1998 769 2118 798 adhibet.

1322 789 1478 820 Patronum.
1495 793 1566 836 ,2¹9
1581 803 1603 829 3.
1625 795 1660 823 de
1674 796 1748 825 Orat.
1763 802 1804 840 46.
1848 802 1940 835 Quum
1959 805 2094 835 dilliciizus
2113 807 2279 843 intelligatur
2298 812 2364 846 quid
2382 823 2435 850 pa«

1340 829 1513 895 tironustpeht
1527 831 1635 866 dicere,
1657 842 1737 868 quam
1753 839 1769 862 h
1786 837 1841 873 ipse
1857 837 1902 867 ille
1920 842 1964 876 qui
1979 851 2123 878 patronum
2141 846 2268 882 adhibet,
2291 849 2324 878 de
2339 860 2366 878 re
2385 850 2433 882 sta

1364 875 1433 895 icere

1321 901 1472 945 Pietatem,
1495 905 1616 935 Praestare
1627 907 1757 949 pietatem
1769 931 1776 942 ,
1799 909 1875 939 Pium
1886 911 1939 941 sese
1954 916 2080 950 puellare.
2105 919 2160 947 Cic.
2174 930 2196 948 2.
2217 922 2251 950 de
2264 922 2345 960 Legib
2385 925 2435 956 Ad

1342 940 1420 969 divos
1434 943 1555 972 adeunto
1568 944 1638 973 caste
1648 966 1656 979 ,
1678 951 1806 982 pietatem
1819 948 1968 978 adhibento
1978 973 1985 985 ,
2006 963 2071 989 opes
2085 965 2237 987 amovento.
2347 948 2353 954 .

1324 976 1426 1021 Flagris,
1451 980 1519 1023 Cels,
1536 980 1583 1010 lib,
1599 991 1620 1016 3.
1641 992 1700 1025 cap.
1719 988 1757 1025 18.
1799 984 1979 1020 Quorundzun
1992 992 2051 1018 vani
2070 1002 2156 1021 metus
2176 994 2280 1024 levandi
2300 998 2359 1027 sunt
2399 1000 2433 1028 li..

1339 1023 1427 1044 cutm
1444 1017 1556 1047 homine
1594 1019 1714 1048 raedivite
1730 1023 1829 1050 lumem
1846 1023 1960 1053 timente
1980 1026 2014 1053 in‹
2027 1028 2091 1061 idit,
2114 1031 2155 1058 eui
2170 1032 2281 1062 subinde
2293 1036 2360 1064 [illir-
2370 1021 2430 1065 1111·-

1339 1053 1467 1083 reditates
1480 1057 1575 1084 nuntia
1595 1065 1690 1087 antur:
1714 1059 1886 1094 quorundam
1905 1061 2017 1092 audacia
2035 1068 2249 1103 coercendae-ll,
2270 1071 2335 1100 sieut
2347 1075 2372 1101 in
2387 1074 2433 1103 his

1339 1089 1370 1133 iit
1380 1112 1387 1125 ,
1407 1092 1545 1157 {anuibus
1556 1095 1731 1124 continendis
1745 1095 1831 1134 plagae
1842 1107 1952 1135 quoque
1963 1100 2135 1132 adhibentur.
2171 1104 2298 1143 Loquitur
2310 1111 2343 1139 de
2359 1111 2435 1140 insa-

1338 1137 1405 1156 men
1421 1139 1426 1156 1
1449 1139 1488 1158 [IS.

1320 1164 1452 1203 Pompam
1466 1168 1493 1195 in
1506 1167 1634 1197 dicendo.
1668 1169 1699 1199 V.
1716 1180 1755 1200 Po
1764 1183 1784 1200 M
1795 1175 1843 1202 P'A.

1321 1202 1548 1247 Praeparatitonem.
1560 1206 1588 1233 in
1598 1206 1678 1235 rebus
1693 1209 1812 1243 agendis.
1845 1210 1902 1240 Cic.
1918 1220 1939 1240 1.
1957 1211 2014 1240 Off.

1319 1239 1416 1283 Preces
1428 1242 1488 1271 dus.
1518 1244 1574 1271 Cic.
1591 1254 1612 1272 1.
1632 1244 1666 1272 de
1680 1245 1740 1274 Nat.
1765 1246 1845 1276 Deor.
1862 1257 1885 1283 3.
1927 1248 2003 1284 Quid
2016 1250 2053 1279 cst
2065 1252 2138 1288 quod
2150 1252 2220 1282 ullos
2232 1255 2283 1284 diis
2296 1257 2419 1289 immorta

1338 1277 1412 1308 libus
1424 1279 1514 1309 cultus
1523 1302 1531 1314 ,
1552 1280 1671 1310 honores
1680 1304 1687 1317 ,
1709 1293 1804 1320 preces
1817 1285 2018 1316 adhibeamus?
2421 1280 2436 1289 -.

1318 1314 1497 1346 Prudentiam
1506 1318 1542 1348 ad
1556 1328 1652 1348 omnes
1667 1330 1717 1349 res.
1750 1321 1807 1351 Cic.
1824 1333 1864 1351 12.
1881 1323 1933 1352 Att.
1944 1335 1970 1360 4.
2012 1324 2098 1358 Cura.
2121 1326 2248 1363 obsecr0,
2275 1339 2306 1359 ut
2323 1333 2429 1364 valcas,-

1339 1363 1456 1420 Ιεὶᾳὲῃμιε
1467 1365 1549 1421 qim?
1560 1356 1593 1384 ad
1605 1366 1701 1387 omnes
1713 1367 1754 1388 res
1767 1359 1880 1389 adhibes
1891 1382 1899 1396 ,
1923 1361 1951 1389 in
1964 1362 2059 1399 primis
2071 1363 2104 1392 ad
2122 1366 2366 1400 convalescendum
2384 1373 2437 1401 ad-

1361 1402 1367 1419 1
1390 1402 1405 1421 e
1417 1402 1482 1458 pru<
1493 1403 1527 1421 en
1542 1403 1603 1422 iam.

1318 1428 1414 1465 Qlere
1428 1441 1455 1459 as
1466 1430 1604 1460 adhibere.
1636 1431 1730 1462 Tibul.
1749 1433 1797 1463 lib.
1811 1443 1834 1469 3.
1849 1446 1874 1471 4.
1889 1445 1932 1472 75.

1320 1466 1476 1511 Rationem..
1490 1468 1562 1511 *Cic
1581 1470 1609 1498 in
1622 1469 1713 1499 Bruto.
1754 1471 1840 1501 Caesar
1856 1480 1948 1502 autem
1966 1474 2099 1504 rationem
2117 1477 2267 1513 adhibens,
2289 1481 2436 1512 consuetu..

1339 1505 1434 1572 31111,ωέ
1448 1506 1573 1536 vitiosam
1587 1509 1612 1536 &
1627 1514 1782 1546 corruptam
1793 1531 1801 1544 ,
1829 1520 1898 1548 pura
1910 1512 1936 1541 δε
1952 1512 2109 1550 incorrupta
2124 1515 2322 1546 consuetudine
2340 1514 2439 1550 einen}

1360 1553 1374 1571 a
1395 1554 1409 1571 a

1319 1580 1427 1624 Adhibe
1439 1586 1465 1610 te
1476 1581 1510 1610 ad
1520 1591 1612 1624 veram
1622 1583 1773 1613 rationem:
1795 1583 1908 1615 subaud.
1930 1586 2148 1624 Intelligendam.
2171 1588 2277 1619 Lucret.
2291 1591 2337 1620 lib.
2351 1603 2371 1622 1.
2383 1600 2433 1629 46,

1318 1617 1502 1661 Religionem.
1515 1657 1519 1661 ι
1534 1619 1632 1662 Cic-m
1646 1620 1736 1663 Bruto.
1778 1621 1847 1652 Vide
1864 1633 1899 1653 ne
1919 1624 2014 1661 religio
2034 1625 2113 1654 nobis
2132 1633 2188 1655 tam
2206 1628 2362 1659 adhibenda
2380 1632 2435 1668 lit,

1340 1666 1419 1692 quam
1434 1658 1449 1684 11
1462 1657 1648 1686 testimonium
1662 1658 1823 1689 diceremus.

1319 1693 1502 1736 Remediuim
1522 1693 1582 1737 Cic.
1601 1695 1634 1723 ad
1647 1696 1741 1725 Octava
1758 1707 1781 1726 1.
1825 1697 1908 1727 Nulla
1924 1698 2044 1728 remedia
2060 1710 2119 1736 quae
2132 1701 2290 1733 vulneribus
2300 1703 2437 1735 adhibem.

1338 1738 1399 1766 tur,
1421 1738 1476 1760 tam
1487 1734 1592 1760 iaciunt
1604 1732 1729 1762 dolorem
1739 1756 1746 1767 ,
1767 1745 1849 1771 quam
1863 1746 1922 1772 qua:
1933 1736 1994 1765 sunt
2002 1737 2136 1767 salutaria.

1320 1768 1513 1798 Reverentiam
1524 1769 1650 1799 adversus
1667 1770 1801 1801 homines.
1828 1772 1885 1802 Cic.
1902 1784 1922 1802 1.
1941 1774 1997 1804 Off.
2036 1776 2197 1806 Adhibenda
2212 1778 2249 1806 est
2265 1779 2346 1813 igitur
2361 1791 2433 1816 111111,-

1339 1807 1403 1835 dam
1416 1808 1567 1836 reverentia
1583 1807 1707 1837 adversus
1718 1808 1843 1839 homines
1854 1832 1861 1845 ,
1884 1812 1909 1840 Sc
1921 1812 2019 1849 optimi
2035 1814 2185 1851 cujusque,
2207 1818 2232 1845 <st
2252 1808 2428 1853 icliquorum.

1338 1844 1371 1873 'Id
1383 1844 1436 1879 est,
1455 1845 1595 1874 'Servanda
1606 1846 1643 1874 est
1654 1856 1716 1882 erga
1726 1847 1851 1877 homines
1863 1850 2012 1878 reverentia
2021 1872 2028 1884 ,
2049 1850 2094 1880 seu
2106 1853 2279 1882 verecundia.

1317 1882 1456 1912 'Saevitiam
1467 1883 1495 1924 in
1508 1882 1651 1926 aliquem..
1669 1883 1724 1912 Cic.
1740 1894 1765 1913 2.
1782 1885 1837 1914 Off.
1876 1886 1931 1916 Sed
1949 1888 1980 1916 iis
1995 1888 2041 1924 qui
2056 1889 2080 1916 vi
2099 1889 2239 1926 opprcll'os
2257 1891 2372 1929 imperio
2385 1904 2433 1923 co-

1339 1927 1434 1949 ercent
1445 1942 1459 1986 ,¹
1460 1922 1505 1984 Γ111
1517 1920 1578 1949 sune
1589 1920 1746 1951 adlubenda
1756 1922 1871 1952 saevitia:
1902 1932 1932 1954 ut
1948 1925 2019 1954 heris
2029 1927 2060 1954 in
2069 1926 2203 1962 famulos,
2225 1927 2243 1956 11
2256 1928 2333 1958 aliter
2343 1933 2430 1961 teneri

1339 1967 1396 1986 non
1413 1968 1450 1995 po
1474 1964 1532 1986 unt.

1319 1995 1355 2025 Se
1367 1996 1427 2031 Sic,
1444 1998 1495 2024 Sic.
1527 1995 1588 2025 Cic.
1605 2006 1627 2025 1.
1641 1996 1678 2033 Q.
1690 1996 1762 2026 fratr.
1779 2008 1800 2027 1.
1823 1997 2095 2035 Permagnihmninis
2108 2001 2162 2037 est,
2184 2002 2219 2032 sic
2227 2003 2255 2032 se
2266 2003 2393 2035 adhibere
2404 2007 2435 2036 in

1337 2039 1414 2062 tanta
1425 2034 1557 2071 potestate
1567 2056 1575 2068 ,
1598 2041 1628 2063 ut
1644 2034 1721 2064 nulla
1735 2035 1788 2064 alia
1801 2037 1918 2073 potestas
1930 2037 1962 2066 ab
1970 2038 2004 2067 iis
2014 2038 2112 2075 quibus
2126 2039 2212 2077 praeslt
2221 2063 2229 2076 ,
2255 2041 2437 2073 desideretur..

1338 2070 1372 2100 ld
1386 2071 1440 2105 est,
1462 2072 1507 2100 Sic
1523 2071 1549 2099 se
1562 2081 1662 2108 gerere.

1317 2109 1490 2138 Sermonem.
1522 2108 1580 2138 Cic.
1594 2110 1628 2139 de
1640 2110 1747 2140 Amicit.
1760 2117 1803 2147 98.
1844 2111 1894 2141 His
1908 2111 1986 2141 1161115
2000 2113 2034 2142 ad
2052 2123 2148 2143 eorum
2157 2114 2328 2153 voluptatem
2341 2117 2433 2147 sermo

1338 2157 1423 2213 purim
1443 2146 1604 2182 adhibetur,
1632 2148 1785 2177 orationem
1805 2148 1880 2178 illam
1898 2159 2015 2186 vanam,
2042 2152 2230 2181 testimonium
2249 2153 2302 2183 effe
2318 2154 2435 2186 laudum.

1351 2194 1444 2213 uamm
1466 2191 1564 2213 aurant.

1314 2195 1481 2252 'Sermonerln
1491 2223 1520 2250 in
1534 2222 1645 2259 poculo.
1668 2222 1724 2252 Cic.
1737 2224 1771 2252 de
1783 2224 1890 2254 Senest.
1901 2233 1944 2262 47.
1977 2225 2010 2255 Et
2019 2226 2041 2255 is
2054 2225 2140 2255 sermo
2152 2227 2197 2264 qui
2209 2237 2284 2257 more
2295 2230 2431 2266 majorum

1337 2259 1609 2327 {chmssssnagistro
1619 2260 1764 2290 adhibetur
1774 2262 1803 2290 in
1816 2261 1927 2299 poculo.
1951 2263 2020 2292 sorte
2034 2263 2145 2301 Populo.
2185 2265 2313 2303 [Inepte.
2327 2267 2355 2296 V.
2374 2267 2431 2297 loc.

1427 2320 1433 2326 .
1503 2319 1508 2325 .
1525 2304 1582 2326 not.

1314 2336 1497 2366 ‘Severitatem
1507 2335 1535 2363 in
1546 2335 1619 2370 filio,
1634 2335 1681 2364 Uti
1690 2334 1830 2366 severitate
1840 2337 1869 2366 in
1880 2337 1976 2367 filium.
2000 2338 2057 2368 Cic.
2073 2350 2094 2368 1.
2108 2340 2142 2368 de
2151 2339 2208 2369 Fin.
2220 2350 2263 2376 24.
2292 2341 2386 2378 Quum
2396 2343 2430 2372 il-

1336 2374 1392 2402 lam
1408 2373 1578 2402 severitatem
1597 2374 1626 2401 in
1639 2384 1673 2402 eo
1688 2372 1745 2402 filio
1760 2375 1885 2404 adhibuit
1896 2397 1904 2410 ,
1930 2386 2013 2413 quem
2025 2377 2060 2405 ‘in
2075 2377 2255 2414 adoptionem
2280 2379 2312 2408 D.
2333 2379 2427 2409 Silano

1335 2412 1573 2448 emancipaverat,
1590 2417 1619 2439 ut
1629 2420 1692 2440 eum
1704 2410 1891 2452 Macedonum
1900 2413 1995 2450 legatis
2004 2415 2202 2449 accusantibus,
2214 2417 2288 2452 quod
2299 2418 2433 2454 pecuniae

1337 2448 1483 2478 Praetorem
1493 2449 1521 2477 in
1534 2449 1675 2485 provincia
1685 2451 1784 2487 cepisse
1794 2458 1938 2488 arguerent
1947 2473 1954 2486 ,
1976 2452 2082 2481 causam
2092 2453 2166 2490 apud
2178 2452 2203 2482 se
2214 2453 2304 2483 dicere
2315 2455 2433 2490 juberet.

1316 2485 1377 2517 Hos
1390 2486 1478 2515 castris
1491 2485 1590 2515 adhibe
1603 2485 1706 2521 socios,
1729 2490 1754 2516 'ot
1767 2488 1870 2518 foedera
1883 2490 1974 2525 junge.
1999 2489 2069 2526 Virg.
2084 2495 2108 2524 8.
2124 2490 2185 2520 AEn.
2200 2495 2241 2525 56.

1317 2524 1437 2592 Sgla'tsita,
1461 2523 1617 2559 consolari,
1639 2524 1682 2553 vel
1694 2524 1739 2553 Uti
1755 2526 1845 2555 verbis
1855 2526 1890 2555 ad
1901 2526 2100 2556 consolandum
2114 2528 2337 2558 accommodatis.
2359 2529 2430 2559 Plin.

1360 2572 1388 2599 p1
1414 2585 1419 2591 .
1439 2571 1478 2591 12.

1316 2600 1469 2631 Solertiam.
1494 2598 1564 2629 Cres.
1576 2609 1600 2628 2.
1616 2599 1683 2628 Bell.
1698 2599 1776 2629 Civil.
1789 2605 1813 2634 8.
1853 2600 1891 2630 Ut
1909 2602 1946 2631 est
1966 2611 2055 2632 rerum
2072 2604 2197 2632 omnium
2214 2605 2338 2642 magister
2357 2604 2429 2639 usus,

1335 2638 1481 2667 hominum
1496 2637 1617 2666 adhibita
1634 2636 1759 2672 solertia,
1781 2639 1927 2668 inventum
1935 2640 1991 2675 est,
2011 2650 2112 2678 magno
2126 2641 2179 2670 efl'e
2188 2641 2247 2671 usui
2263 2641 2355 2680 posse,
2375 2643 2428 2671 &c-

1335 2677 1354 2705 i.
1369 2686 1393 2704 e.
1412 2675 1579 2710 accedente,
1600 2676 1748 2710 conjuncta
1760 2685 1823 2704 cum
1836 2676 1892 2706 usu.

1316 2714 1444 2752 Speciem
1456 2713 1483 2741 in
1494 2713 1623 2742 dicendo.
1641 2713 1727 2742 Cic.2.
1738 2713 1773 2742 de
1784 2714 1925 2751 Orat.294.
1946 2715 2001 2744 Sed
2010 2714 2139 2745 adhibere
2150 2717 2285 2754 quandam
2297 2718 2323 2745 in
2336 2717 2430 2746 dicen-

1336 2751 1373 2780 do
1385 2752 1504 2789 speciem
1514 2758 1595 2787 atque
1611 2760 1760 2788 pompam,
1781 2753 1808 2781 &
1818 2762 1918 2790 pugnae
1931 2752 2047 2782 similem
2063 2754 2163 2791 fugam.
2193 2755 2210 2783 i.
2224 2764 2246 2784 e.
2264 2755 2428 2784 Ostentatio-

1336 2799 1372 2818 ne
1386 2789 1504 2826 quadmn
1520 2789 1568 2817 uti.

1314 2826 1458 2857 Stimulos.
1480 2825 1586 2855 Lucret.
1603 2825 1652 2855 lib.
1662 2834 1688 2862 3.
1706 2835 1783 2861 1032.

1315 2865 1446 2895 Studium
1456 2864 1491 2893 ad
1501 2864 1606 2901 aliquid
1615 2886 1623 2899 ,
1646 2864 1748 2893 Ponere
1758 2863 1878 2893 studium
1888 2865 1917 2893 in
1928 2873 1960 2893 ea
1969 2874 2006 2894 re.
2035 2865 2092 2895 Cic.
2108 2867 2136 2895 in
2150 2866 2232 2896 Bruto
2246 2875 2304 2899 1ς1.

1354 2903 1420 2932 Non
1430 2901 1510 2930 facile
1522 2911 1605 2939 quem
1619 2902 1735 2930 dixerim
1752 2901 1813 2938 plus
1830 2902 1926 2937 studii,
1947 2911 2028 2939 quam
2041 2903 2119 2933 illum
2129 2926 2136 2939 ,
2169 2905 2194 2933 Sc
2206 2903 2239 2933 ad
2256 2903 2425 2939 dicendum,

1337 2942 1363 2970 GL
1375 2940 1409 2969 ad
1420 2949 1516 2969 omnes
1527 2939 1662 2968 bonarum
1675 2948 1766 2968 rerum
1780 2937 1845 2968 disci
1855 2939 1935 2969 Jlinas
1946 2940 2103 2970 adhibuisse.

1317 2977 1500 3016 Supplicium.
1534 2977 1591 3006 Cic.
1612 2987 1652 3006 11.
1672 2976 1789 3014 Philipp.
1865 2987 1934 3014 eque
1954 2978 2087 3007 Antonius
2108 2978 2188 3007 ullius
2205 2977 2328 3015 supplicii
2346 2977 2425 3006 adhi-

1334 3016 1421 3045 bendi
1431 3037 1438 3049 ,
1459 3015 1477 3043 11
1493 3015 1655 3052 potestatem
1663 3014 1765 3043 ‘habeat
1774 3036 1781 3049 ,
1801 3013 1886 3043 ullam
1895 3022 2003 3052 partem
2014 3017 2050 3045 est
2061 3015 2206 3045 relicturus.

1317 3053 1442 3091 Tempus
1457 3053 1604 3088 adhibere,
1626 3052 1728 3081 Ponere
1740 3059 1849 3089 tempus
1858 3053 1888 3080 in
1900 3062 1927 3081 re
1938 3052 2035 3090 aliqua.
2067 3054 2122 3082 Cic.
2143 3063 2163 3081 1.
2182 3051 2237 3081 Off.
2275 3051 2427 3080 Adhibebit

1336 3091 1371 3120 ad
1382 3091 1591 3120 considerandas
1602 3100 1643 3119 res
1655 3092 1680 3120 Sc
1691 3098 1800 3127 tempus
1811 3091 1837 3119 ἃ
1848 3089 2026 3127 diligentiam.

1317 3128 1413 3158 Testes
1424 3151 1432 3164 ,
1455 3128 1531 3165 quod
1545 3128 1628 3165 vulgo
1645 3128 1762 3163 dicitur,
1783 3127 1984 3164 Capere'testes.
2015 3128 2077 3157 Ter.
2092 3126 2198 3155 Phorm.
2212 3137 2237 3161 4.
2256 3136 2280 3160 ς.
2295 3135 2320 3154 2.
2352 3125 2426 3155 ‘Hoc

1334 3172 1439 3196 temere
1467 3175 1609 3203 nunquam
1629 3166 1752 3195 amittam
1772 3173 1824 3202 ego
1844 3175 1858 3194 a
1885 3175 1929 3194 me
1943 3187 1950 3200 ,
1992 3166 2057 3202 quin
2075 3164 2141 3206 mihi
2167 3163 2245 3206 testes
2265 3163 2424 3206 adhibeam.

1331 3203 1388 3233 Cui
1400 3204 1463 3234 dem
1476 3213 1482 3232 :
1505 3205 1530 3233 ἃ
1545 3203 1722 3240 quamobrem
1735 3202 1799 3231 dem
1809 3224 1816 3237 ,
1838 3202 2067 3231 commemorabo.
2089 3202 2146 3229 Cic.
2160 3201 2194 3229 de
2206 3201 2269 3243 fin..
2280 3200 2366 3243 hb·.²·
2379 3205 2394 3230 6
2413 3223 2426 3229 -

1315 3241 1426 3271 Testem
1445 3241 1537 3269 deum.
1572 3240 1628 3270 Cic.
1647 3249 1670 3276 3.
1695 3236 1751 3269 Off.
1769 3250 1814 3274 44.
1855 3240 1949 3276 Quum
1966 3249 2028 3268 vero
2051 3240 2134 3271 iurato
2154 3238 2288 3267 sententia
2305 3238 2387 3267 dicen

1333 3279 1383 3313 fit,
1404 3278 1561 3307 meminerit
1574 3279 1657 3306 deum
1671 3277 1697 3306 se
1708 3277 1837 3306 adhibere
1848 3278 1949 3306 testem.
1988 3277 2019 3306 In
2029 3276 2087 3305 aliis
2101 3275 2304 3314 exemplaribus
2315 3275 2434 3313 legitur„

1334 3316 1444 3346 Habere
1458 3316 1562 3344 testem.

1316 3354 1444 3384 Titulum
1462 3353 1589 3382 humatis.
1624 3352 1681 3381 Liv.
1700 3355 1724 3381 6.
1747 3350 1813 3380 Bell.
1834 3351 1899 3380 Pun.
1948 3350 2000 3380 Eos
2020 3359 2075 3379 uno
2100 3349 2208 3379 tumulo
2228 3356 2431 3387 contegerent,

1333 3392 1551 3427 adhiberentque
1562 3391 1681 3419 humatis
1692 3388 1818 3423 titulum,
1835 3398 1854 3417 n
1864 3398 1897 3417 rc
1919 3397 1990 3417 sr’rr
2010 3397 2047 3416 su
2057 3396 2104 3416 ΝΤ
2122 3397 2167 3417 Ac
2176 3397 2248 3417 ARN
2257 3397 2303 3417 ΛΝ
2312 3397 2353 3417 es.
2376 3396 2430 3425 pro

1312 3430 1510 3497 leilffiferrstliitm.
1540 3465 1597 3494 Cic.
1613 3474 1636 3501 3.
1654 3463 1711 3494 Off.
1751 3463 1804 3493 Sed
1821 3470 1866 3491 tan
1887 3471 1949 3490 uam
1961 3468 2099 3491 tormenta
2113 3462 2237 3500 quaedam
2250 3462 2425 3491 adhibemus..

1334 3505 1397 3535 Hoc
1408 3505 1446 3533 est
1454 3526 1462 3539 ,
1483 3503 1556 3541 quast
1568 3502 1709 3532 Machmas
1726 3500 1834 3530 bellicas
1853 3471 2030 3529 admovemus
2038 3522 2046 3534 ,
2067 3507 2114 3529 aut
2126 3499 2233 3529 fortafl'e
2245 3500 2279 3528 de
2289 3499 2427 3529 Tormen-

1331 3544 1369 3572 'tis
1381 3542 1510 3579 intelligit
1519 3563 1526 3576 ,
1548 3549 1607 3577 quae
1618 3540 1652 3568 ad
1661 3540 1800 3567 veritatem
1811 3537 2027 3573 extorquendam
2038 3538 2210 3566 adhibentur.

1315 3579 1502 3618 Tympanum.
1523 3578 1607 3607 Plaut.
1625 3576 1726 3606 Poenul.
1743 3586 1764 3609 ς.
1780 3585 1802 3608 ς.
1822 3580 1862 3610 38.
1909 3574 1963 3602 Cur
1979 3583 2035 3603 non
2046 3575 2209 3609 adhibuisti,
2233 3574 2299 3602 dum
2311 3574 2368 3602 hsce
2384 3574 2423 3602 lo-

1334 3618 1454 3655 quereris
1466 3625 1629 3653 tvmpanum
1640 3616 1652 3643 ?
1672 3614 1729 3642 Cur
1744 3612 1867 3653 rinquit)
1882 3612 1940 3640 haec
1952 3620 2009 3641 non
2022 3612 2112 3641 dixisti
2122 3612 2157 3641 ad
2168 3612 2265 3641 sonum
2277 3611 2399 3653 r>mpani
2408 3612 2422 3639 ’ἒ

1334 3666 1383 3685 cur
1396 3650 1486 3684 altiori
1503 3663 1570 3682 voce
1585 3662 1642 3680 non
1656 3649 1824 3679 inclunasti?

1314 3692 1469 3723 Vanitatem
1481 3691 1618 3725 orationis.
1650 3687 1705 3716 Cic.
1721 3697 1743 3723 3.
1761 3686 1816 3715 Ost.
1831 3691 1872 3719 58-
1911 3686 1967 3723 Qii
1985 3687 2116 3716 orationis
2131 3687 2279 3715 vanitatem
2292 3685 2427 3715 adhibue-

1333 3738 1406 3760 runt.
1448 3729 1478 3758 Id
1491 3728 1544 3763 est,
1567 3727 1640 3755 Vana
1650 3725 1685 3754 uli
1696 3724 1757 3752 sunt
1768 3724 1900 3762 oratione.
2232 3760 2238 3764 ᾗ

1312 3766 1409 3798 'Victus
1427 3775 1511 3804 genus
1527 3771 1632 3793 certum
1643 3762 1779 3791 adhibere.
1802 3760 1870 3790 Cels.
1909 3761 2057 3798 Genusque
2073 3761 2159 3790 vietus
2174 3760 2363 3789 adhibendum
2375 3760 2423 3796 est,

1334 3816 1390 3843 quo
1404 3812 1512 3834 carnem
1527 3801 1561 3830 ali
1577 3800 1668 3830 docui.
1687 3835 1696 3840 ,
1922 3835 1928 3841 ἢ
2340 3835 2345 3839 .
2383 3835 2387 3839 .

1315 3844 1378 3873 Vim
1416 3842 1453 3870 est
1472 3840 1531 3867 Vim
1547 3838 1659 3871 afferre,
1679 3840 1732 3865 live
1747 3834 1860 3873 Cogere.
1896 3835 1955 3865 Cic.
1969 3845 1992 3873 3.
2010 3835 2065 3864 Off.
2106 3834 2188 3875 Quasi
2202 3843 2266 3876 vero
2284 3834 2420 3876 foro'wro

1332 3882 1373 3909 vis
1385 3865 1464 3917 possit
1474 3876 1606 3905 adhiberi.
1645 3874 1704 3903 Hoc
1716 3873 1767 3908 est,
1793 3874 1905 3909 diferri,
1924 3872 1967 3902 vel
1978 3873 2087 3907 inferri,
2108 3874 2168 3901 ach
2185 3871 2306 3907 diceret,
2330 3871 2421 3902 Virum

1332 3918 1431 3947 fortem
1443 3915 1504 3951 cogi
1516 3923 1573 3942 non
1584 3911 1674 3950 poffe:
1699 3918 1729 3940 ut
1740 3911 1786 3948 qui
1798 3910 1867 3939 nihil
1877 3920 1933 3939 non
1949 3911 2044 3948 sponte
2052 3910 2144 3940 faciat.

1315 3955 1377 3986 Vim
1386 3952 1500 3985 veritati.
1530 3951 1588 3982 Cic.
1602 3959 1654 3989 pro
1669 3949 1794 3988 QiintiO.
1857 3984 1886 4016 H
2349 3984 2396 4014 VH

1336 3994 1355 4003 ¹·
1916 3994 1932 4015 2
2397 3994 2426 4015 es
