<?xml version="1.0" encoding="UTF-8"?>
<!DOCTYPE html PUBLIC "-//W3C//DTD XHTML 1.0 Transitional//EN"
    "http://www.w3.org/TR/xhtml1/DTD/xhtml1-transitional.dtd">
<html xmlns="http://www.w3.org/1999/xhtml" xml:lang="en" lang="en">
 <head>
  <title>
</title>
<meta http-equiv="Content-Type" content="text/html;charset=utf-8" />
  <meta name='ocr-system' content='tesseract 3.04.00' />
  <meta name='ocr-capabilities' content='ocr_page ocr_carea ocr_par ocr_line ocrx_word'/>
</head>
<body>
  <div class='ocr_page' id='page_1' title='image "./robertistephanil01esti/robertistephanil01esti_0371.png"; bbox 0 0 2600 4177; ppageno 0'>
   <div class='ocr_carea' id='block_1_1' title="bbox 463 88 740 124">
    <p class='ocr_par' dir='ltr' id='par_1_1' title="bbox 463 88 740 124">
     <span class='ocr_line' id='line_1_1' title="bbox 463 88 740 124; baseline 0.007 -2"><span class='ocrx_word' id='word_1_1' title='bbox 463 89 489 122; x_wconf 80' lang='lat' dir='ltr'>A</span> <span class='ocrx_word' id='word_1_2' title='bbox 589 88 618 123; x_wconf 75' lang='lat' dir='ltr'>V</span> <span class='ocrx_word' id='word_1_3' title='bbox 713 90 740 124; x_wconf 67' lang='lat' dir='ltr'>E.</span> 
     </span>
    </p>
   </div>
   <div class='ocr_carea' id='block_1_2' title="bbox 0 170 1194 1555">
    <p class='ocr_par' dir='ltr' id='par_1_2' title="bbox 50 170 610 210">
     <span class='ocr_line' id='line_1_2' title="bbox 50 170 610 210; baseline -0.004 -10"><span class='ocrx_word' id='word_1_4' title='bbox 50 206 54 210; x_wconf 60' lang='lat'>.</span> <span class='ocrx_word' id='word_1_5' title='bbox 68 171 162 201; x_wconf 86' lang='lat' dir='ltr'>Audita</span> <span class='ocrx_word' id='word_1_6' title='bbox 176 172 321 201; x_wconf 74' lang='lat' dir='ltr'>recordari.</span> <span class='ocrx_word' id='word_1_7' title='bbox 346 170 418 207; x_wconf 86' lang='lat' dir='ltr'>Virg.</span> <span class='ocrx_word' id='word_1_8' title='bbox 434 179 456 205; x_wconf 89' lang='lat'>3.</span> <span class='ocrx_word' id='word_1_9' title='bbox 471 170 533 200; x_wconf 71' lang='lat' dir='ltr'>AEn.</span> <span class='ocrx_word' id='word_1_10' title='bbox 551 178 610 202; x_wconf 72' lang='lat'>707.</span> 
     </span>
    </p>

    <p class='ocr_par' dir='ltr' id='par_1_3' title="bbox 71 207 644 246">
     <span class='ocr_line' id='line_1_3' title="bbox 71 207 644 246; baseline 0 -9"><span class='ocrx_word' id='word_1_11' title='bbox 71 210 167 238; x_wconf 84' lang='lat' dir='ltr'>Audita</span> <span class='ocrx_word' id='word_1_12' title='bbox 178 217 309 246; x_wconf 79' lang='lat' dir='ltr'>repetere.</span> <span class='ocrx_word' id='word_1_13' title='bbox 332 207 468 241; x_wconf 81' lang='lat' dir='ltr'>Ovid.19.</span> <span class='ocrx_word' id='word_1_14' title='bbox 487 208 566 244; x_wconf 67' lang='lat' dir='ltr'>Epist.</span> <span class='ocrx_word' id='word_1_15' title='bbox 586 217 644 243; x_wconf 77' lang='lat'>193.</span> 
     </span>
    </p>

    <p class='ocr_par' dir='ltr' id='par_1_4' title="bbox 50 244 1181 393">
     <span class='ocr_line' id='line_1_4' title="bbox 50 244 1181 283; baseline 0 -8"><span class='ocrx_word' id='word_1_16' title='bbox 50 247 168 276; x_wconf 57' lang='lat' dir='ltr'>«Audito</span> <span class='ocrx_word' id='word_1_17' title='bbox 181 269 188 280; x_wconf 86' lang='lat'>,</span> <span class='ocrx_word' id='word_1_18' title='bbox 210 246 343 274; x_wconf 69' lang='lat' dir='ltr'>ablativus</span> <span class='ocrx_word' id='word_1_19' title='bbox 358 244 481 274; x_wconf 84' lang='lat' dir='ltr'>absolute</span> <span class='ocrx_word' id='word_1_20' title='bbox 499 246 610 282; x_wconf 67' lang='lat' dir='ltr'>pesitus.</span> <span class='ocrx_word' id='word_1_21' title='bbox 652 244 741 275; x_wconf 80' lang='lat' dir='ltr'>Tacit.</span> <span class='ocrx_word' id='word_1_22' title='bbox 756 253 780 274; x_wconf 81' lang='lat'>2.</span> <span class='ocrx_word' id='word_1_23' title='bbox 798 246 865 275; x_wconf 81' lang='lat' dir='ltr'>Ann.</span> <span class='ocrx_word' id='word_1_24' title='bbox 878 252 902 281; x_wconf 67' lang='grc'>’7.</span> <span class='ocrx_word' id='word_1_25' title='bbox 928 246 1003 283; x_wconf 82' lang='lat' dir='ltr'>lpse,</span> <span class='ocrx_word' id='word_1_26' title='bbox 1026 247 1121 276; x_wconf 52' lang='lat' dir='ltr'>audito</span> <span class='ocrx_word' id='word_1_27' title='bbox 1138 255 1181 275; x_wconf 80' lang='lat' dir='ltr'>ca·</span> 
     </span>
     <span class='ocr_line' id='line_1_5' title="bbox 89 281 1178 320; baseline 0 -8"><span class='ocrx_word' id='word_1_28' title='bbox 89 283 192 312; x_wconf 83' lang='lat' dir='ltr'>stellurn</span> <span class='ocrx_word' id='word_1_29' title='bbox 208 284 318 320; x_wconf 70' lang='lat' dir='ltr'>Luppia:</span> <span class='ocrx_word' id='word_1_30' title='bbox 335 282 443 311; x_wconf 79' lang='lat' dir='ltr'>flumini</span> <span class='ocrx_word' id='word_1_31' title='bbox 455 290 607 319; x_wconf 80' lang='lat' dir='ltr'>appontum</span> <span class='ocrx_word' id='word_1_32' title='bbox 620 281 753 316; x_wconf 84' lang='lat' dir='ltr'>oblideri,</span> <span class='ocrx_word' id='word_1_33' title='bbox 777 282 820 311; x_wconf 87' lang='lat' dir='ltr'>sex</span> <span class='ocrx_word' id='word_1_34' title='bbox 832 283 954 320; x_wconf 79' lang='lat' dir='ltr'>legiones</span> <span class='ocrx_word' id='word_1_35' title='bbox 965 294 998 312; x_wconf 80' lang='lat' dir='ltr'>eo</span> <span class='ocrx_word' id='word_1_36' title='bbox 1012 285 1099 313; x_wconf 75' lang='lat' dir='ltr'>duxit.</span> <span class='ocrx_word' id='word_1_37' title='bbox 1123 284 1138 310; x_wconf 75' lang='lat' dir='ltr'>i.</span> <span class='ocrx_word' id='word_1_38' title='bbox 1153 292 1178 312; x_wconf 88' lang='lat' dir='ltr'>e.</span> 
     </span>
     <span class='ocr_line' id='line_1_6' title="bbox 88 319 1179 359; baseline 0 -9"><span class='ocrx_word' id='word_1_39' title='bbox 88 321 227 357; x_wconf 81' lang='lat' dir='ltr'>Postquam</span> <span class='ocrx_word' id='word_1_40' title='bbox 239 321 353 349; x_wconf 80' lang='lat' dir='ltr'>audivit.</span> <span class='ocrx_word' id='word_1_41' title='bbox 395 319 593 349; x_wconf 79' lang='lat' dir='ltr'>Deistiusmodi</span> <span class='ocrx_word' id='word_1_42' title='bbox 607 320 759 357; x_wconf 83' lang='lat' dir='ltr'>Participiis</span> <span class='ocrx_word' id='word_1_43' title='bbox 771 320 894 350; x_wconf 85' lang='lat' dir='ltr'>absolute</span> <span class='ocrx_word' id='word_1_44' title='bbox 905 321 1036 359; x_wconf 82' lang='lat' dir='ltr'>sumptis,</span> <span class='ocrx_word' id='word_1_45' title='bbox 1062 321 1091 350; x_wconf 93' lang='lat' dir='ltr'>V.</span> <span class='ocrx_word' id='word_1_46' title='bbox 1109 319 1179 350; x_wconf 60' lang='lat' dir='ltr'>Voss.</span> 
     </span>
     <span class='ocr_line' id='line_1_7' title="bbox 88 358 363 393; baseline -0.007 -6"><span class='ocrx_word' id='word_1_47' title='bbox 88 359 123 387; x_wconf 80' lang='lat' dir='ltr'>de</span> <span class='ocrx_word' id='word_1_48' title='bbox 134 358 237 387; x_wconf 77' lang='lat' dir='ltr'>Constr.</span> <span class='ocrx_word' id='word_1_49' title='bbox 249 368 309 393; x_wconf 71' lang='lat' dir='ltr'>cap.</span> <span class='ocrx_word' id='word_1_50' title='bbox 320 368 363 392; x_wconf 68' lang='lat'>49.</span> 
     </span>
    </p>

    <p class='ocr_par' dir='ltr' id='par_1_5' title="bbox 36 393 1182 469">
     <span class='ocr_line' id='line_1_8' title="bbox 36 393 1182 429; baseline -0.002 -4"><span class='ocrx_word' id='word_1_51' title='bbox 36 397 83 426; x_wconf 85' lang='lat' dir='ltr'>Au</span> <span class='ocrx_word' id='word_1_52' title='bbox 95 399 186 424; x_wconf 68' lang='lat' dir='ltr'>nir-u</span> <span class='ocrx_word' id='word_1_53' title='bbox 197 403 214 422; x_wconf 64' lang='lat' dir='ltr'>n</span> <span class='ocrx_word' id='word_1_54' title='bbox 233 417 239 427; x_wconf 76' lang='lat'>.</span> <span class='ocrx_word' id='word_1_55' title='bbox 262 396 278 423; x_wconf 70' lang='lat' dir='ltr'>i.</span> <span class='ocrx_word' id='word_1_56' title='bbox 301 404 328 423; x_wconf 82' lang='lat' dir='ltr'>n.</span> <span class='ocrx_word' id='word_1_57' title='bbox 355 394 438 423; x_wconf 87' lang='lat' dir='ltr'>Plaut.</span> <span class='ocrx_word' id='word_1_58' title='bbox 450 393 535 423; x_wconf 74' lang='lat' dir='ltr'>merc.</span> <span class='ocrx_word' id='word_1_59' title='bbox 550 405 573 426; x_wconf 78' lang='grc' dir='ltr'><strong>ς.</strong></span> <span class='ocrx_word' id='word_1_60' title='bbox 587 403 612 422; x_wconf 87' lang='lat'>2.</span> <span class='ocrx_word' id='word_1_61' title='bbox 626 397 670 422; x_wconf 88' lang='lat'>62.</span> <span class='ocrx_word' id='word_1_62' title='bbox 701 394 840 429; x_wconf 73' lang='lat' dir='ltr'>Vidistin&#39;,</span> <span class='ocrx_word' id='word_1_63' title='bbox 856 405 890 424; x_wconf 91' lang='lat' dir='ltr'>an</span> <span class='ocrx_word' id='word_1_64' title='bbox 901 404 929 423; x_wconf 90' lang='lat' dir='ltr'>tu</span> <span class='ocrx_word' id='word_1_65' title='bbox 940 396 1033 424; x_wconf 82' lang='lat' dir='ltr'>audito</span> <span class='ocrx_word' id='word_1_66' title='bbox 1048 395 1182 424; x_wconf 71' lang='lat' dir='ltr'>nuntias?</span> 
     </span>
     <span class='ocr_line' id='line_1_9' title="bbox 72 431 1153 469; baseline -0.002 -6"><span class='ocrx_word' id='word_1_67' title='bbox 72 434 109 463; x_wconf 83' lang='lat' dir='ltr'>Ex</span> <span class='ocrx_word' id='word_1_68' title='bbox 119 433 218 462; x_wconf 77' lang='lat' dir='ltr'>auditis</span> <span class='ocrx_word' id='word_1_69' title='bbox 230 442 269 461; x_wconf 82' lang='lat' dir='ltr'>res</span> <span class='ocrx_word' id='word_1_70' title='bbox 280 441 372 468; x_wconf 76' lang='lat' dir='ltr'>petere</span> <span class='ocrx_word' id='word_1_71' title='bbox 384 454 390 466; x_wconf 84' lang='grc'>,</span> <span class='ocrx_word' id='word_1_72' title='bbox 412 432 429 460; x_wconf 93' lang='lat' dir='ltr'>i.</span> <span class='ocrx_word' id='word_1_73' title='bbox 442 441 465 460; x_wconf 89' lang='lat' dir='ltr'>e.</span> <span class='ocrx_word' id='word_1_74' title='bbox 491 431 528 460; x_wconf 78' lang='lat' dir='ltr'>Ex</span> <span class='ocrx_word' id='word_1_75' title='bbox 542 432 572 460; x_wconf 78' lang='lat' dir='ltr'>iis</span> <span class='ocrx_word' id='word_1_76' title='bbox 585 442 644 467; x_wconf 79' lang='lat' dir='ltr'>qua:</span> <span class='ocrx_word' id='word_1_77' title='bbox 655 432 827 460; x_wconf 83' lang='lat' dir='ltr'>audiverunt.</span> <span class='ocrx_word' id='word_1_78' title='bbox 854 432 960 462; x_wconf 88' lang='lat' dir='ltr'>Lucret.</span> <span class='ocrx_word' id='word_1_79' title='bbox 971 433 1020 462; x_wconf 89' lang='lat' dir='ltr'>lib.</span> <span class='ocrx_word' id='word_1_80' title='bbox 1036 443 1059 468; x_wconf 85' lang='grc' dir='ltr'><strong>ς.</strong></span> <span class='ocrx_word' id='word_1_81' title='bbox 1073 442 1153 469; x_wconf 85' lang='lat'>1132.</span> 
     </span>
    </p>

    <p class='ocr_par' dir='ltr' id='par_1_6' title="bbox 145 468 909 543">
     <span class='ocr_line' id='line_1_10' title="bbox 145 468 909 507; baseline 0.001 -9"><span class='ocrx_word' id='word_1_82' title='bbox 145 470 383 505; x_wconf 72' lang='lat' dir='ltr'>Quandoquidem</span> <span class='ocrx_word' id='word_1_83' title='bbox 397 468 506 505; x_wconf 85' lang='lat' dir='ltr'>sapiunt</span> <span class='ocrx_word' id='word_1_84' title='bbox 518 469 608 497; x_wconf 83' lang='lat' dir='ltr'>alieno</span> <span class='ocrx_word' id='word_1_85' title='bbox 621 478 654 500; x_wconf 67' lang='lat' dir='ltr'>et&lt;</span> <span class='ocrx_word' id='word_1_86' title='bbox 668 478 730 497; x_wconf 87' lang='lat' dir='ltr'>cre:</span> <span class='ocrx_word' id='word_1_87' title='bbox 754 476 909 507; x_wconf 81' lang='lat' dir='ltr'>petuntque</span> 
     </span>
     <span class='ocr_line' id='line_1_11' title="bbox 152 506 782 543; baseline -0.003 -7"><span class='ocrx_word' id='word_1_88' title='bbox 152 508 202 536; x_wconf 75' lang='lat' dir='ltr'>Res</span> <span class='ocrx_word' id='word_1_89' title='bbox 213 518 245 535; x_wconf 60' lang='lat' dir='ltr'>ei:</span> <span class='ocrx_word' id='word_1_90' title='bbox 259 507 360 535; x_wconf 81' lang='lat' dir='ltr'>auditis</span> <span class='ocrx_word' id='word_1_91' title='bbox 375 508 476 543; x_wconf 71' lang='lat' dir='ltr'>potius.</span> <span class='ocrx_word' id='word_1_92' title='bbox 496 515 575 541; x_wconf 67' lang='lat' dir='ltr'>&lt;piam</span> <span class='ocrx_word' id='word_1_93' title='bbox 587 506 701 534; x_wconf 73' lang='lat' dir='ltr'>sensibus</span> <span class='ocrx_word' id='word_1_94' title='bbox 712 507 782 542; x_wconf 74' lang='lat' dir='ltr'>ipsis.</span> 
     </span>
    </p>

    <p class='ocr_par' dir='ltr' id='par_1_7' title="bbox 35 543 1185 650">
     <span class='ocr_line' id='line_1_12' title="bbox 35 543 1182 583; baseline -0.002 -9"><span class='ocrx_word' id='word_1_95' title='bbox 35 547 83 576; x_wconf 79' lang='lat' dir='ltr'>Au</span> <span class='ocrx_word' id='word_1_96' title='bbox 94 555 110 573; x_wconf 78' lang='grc' dir='ltr'>υ</span> <span class='ocrx_word' id='word_1_97' title='bbox 120 547 158 574; x_wconf 68' lang='lat' dir='ltr'>ir</span> <span class='ocrx_word' id='word_1_98' title='bbox 170 555 184 573; x_wconf 84' lang='grc' dir='ltr'><em>υ</em></span> <span class='ocrx_word' id='word_1_99' title='bbox 196 555 206 573; x_wconf 85' lang='lat' dir='ltr'>s</span> <span class='ocrx_word' id='word_1_100' title='bbox 216 567 223 579; x_wconf 89' lang='lat'>,</span> <span class='ocrx_word' id='word_1_101' title='bbox 246 548 285 574; x_wconf 76' lang='lat' dir='ltr'>us.</span> <span class='ocrx_word' id='word_1_102' title='bbox 308 555 344 573; x_wconf 86' lang='lat' dir='ltr'>m.</span> <span class='ocrx_word' id='word_1_103' title='bbox 367 544 463 580; x_wconf 52' lang='lat' dir='ltr'>[aarum]</span> <span class='ocrx_word' id='word_1_104' title='bbox 484 543 560 572; x_wconf 85' lang='lat' dir='ltr'>Idem</span> <span class='ocrx_word' id='word_1_105' title='bbox 573 544 647 576; x_wconf 80' lang='lat' dir='ltr'>quod</span> <span class='ocrx_word' id='word_1_106' title='bbox 661 544 787 577; x_wconf 89' lang='lat' dir='ltr'>Auditio,</span> <span class='ocrx_word' id='word_1_107' title='bbox 809 543 852 572; x_wconf 83' lang='lat' dir='ltr'>vel</span> <span class='ocrx_word' id='word_1_108' title='bbox 872 543 961 573; x_wconf 84' lang='lat' dir='ltr'>sensus</span> <span class='ocrx_word' id='word_1_109' title='bbox 972 544 1029 583; x_wconf 88' lang='lat' dir='ltr'>ipse</span> <span class='ocrx_word' id='word_1_110' title='bbox 1039 544 1182 574; x_wconf 79' lang='lat' dir='ltr'>audiendi.</span> 
     </span>
     <span class='ocr_line' id='line_1_13' title="bbox 73 581 1185 619; baseline 0 -9"><span class='ocrx_word' id='word_1_111' title='bbox 73 582 139 611; x_wconf 77' lang='lat' dir='ltr'>Plin.</span> <span class='ocrx_word' id='word_1_112' title='bbox 152 582 197 610; x_wconf 92' lang='lat' dir='ltr'>lib.</span> <span class='ocrx_word' id='word_1_113' title='bbox 215 592 254 610; x_wconf 88' lang='lat'>10.</span> <span class='ocrx_word' id='word_1_114' title='bbox 267 591 326 618; x_wconf 83' lang='lat' dir='ltr'>cap.</span> <span class='ocrx_word' id='word_1_115' title='bbox 339 586 382 615; x_wconf 48' lang='grc' dir='ltr'><strong>όν).</strong></span> <span class='ocrx_word' id='word_1_116' title='bbox 406 582 521 610; x_wconf 83' lang='lat' dir='ltr'>Auditus</span> <span class='ocrx_word' id='word_1_117' title='bbox 535 583 580 610; x_wconf 90' lang='lat' dir='ltr'>cui</span> <span class='ocrx_word' id='word_1_118' title='bbox 597 582 742 610; x_wconf 89' lang='lat' dir='ltr'>hominum</span> <span class='ocrx_word' id='word_1_119' title='bbox 760 581 851 618; x_wconf 87' lang='lat' dir='ltr'>primo</span> <span class='ocrx_word' id='word_1_120' title='bbox 863 591 978 619; x_wconf 73' lang='lat' dir='ltr'>negatus</span> <span class='ocrx_word' id='word_1_121' title='bbox 992 583 1030 612; x_wconf 83' lang='lat' dir='ltr'>est</span> <span class='ocrx_word' id='word_1_122' title='bbox 1043 604 1051 617; x_wconf 80' lang='lat'>,</span> <span class='ocrx_word' id='word_1_123' title='bbox 1072 582 1137 611; x_wconf 90' lang='lat' dir='ltr'>huic</span> <span class='ocrx_word' id='word_1_124' title='bbox 1158 583 1185 610; x_wconf 78' lang='lat' dir='ltr'>Sc</span> 
     </span>
     <span class='ocr_line' id='line_1_14' title="bbox 71 619 402 650; baseline -0.003 -1"><span class='ocrx_word' id='word_1_125' title='bbox 71 620 202 650; x_wconf 87' lang='lat' dir='ltr'>sermonis</span> <span class='ocrx_word' id='word_1_126' title='bbox 215 620 275 648; x_wconf 86' lang='lat' dir='ltr'>usus</span> <span class='ocrx_word' id='word_1_127' title='bbox 288 619 402 648; x_wconf 81' lang='lat' dir='ltr'>ablatus,</span> 
     </span>
    </p>

    <p class='ocr_par' dir='ltr' id='par_1_8' title="bbox 72 655 1183 694">
     <span class='ocr_line' id='line_1_15' title="bbox 72 655 1183 694; baseline -0.003 -7"><span class='ocrx_word' id='word_1_128' title='bbox 72 657 186 687; x_wconf 78' lang='lat' dir='ltr'>Auditus</span> <span class='ocrx_word' id='word_1_129' title='bbox 196 657 285 686; x_wconf 85' lang='lat' dir='ltr'>solers.</span> <span class='ocrx_word' id='word_1_130' title='bbox 310 657 377 685; x_wconf 74' lang='lat' dir='ltr'>l’lin.</span> <span class='ocrx_word' id='word_1_131' title='bbox 390 656 439 685; x_wconf 92' lang='lat' dir='ltr'>lib.</span> <span class='ocrx_word' id='word_1_132' title='bbox 453 662 477 689; x_wconf 83' lang='lat'>8.</span> <span class='ocrx_word' id='word_1_133' title='bbox 493 665 551 693; x_wconf 86' lang='lat' dir='ltr'>cap.</span> <span class='ocrx_word' id='word_1_134' title='bbox 567 662 610 688; x_wconf 71' lang='lat'>28.</span> <span class='ocrx_word' id='word_1_135' title='bbox 638 655 742 693; x_wconf 83' lang='lat' dir='ltr'>Vulpes</span> <span class='ocrx_word' id='word_1_136' title='bbox 751 655 851 685; x_wconf 81' lang='lat' dir='ltr'>animal</span> <span class='ocrx_word' id='word_1_137' title='bbox 862 657 963 694; x_wconf 75' lang='lat' dir='ltr'>alioqui</span> <span class='ocrx_word' id='word_1_138' title='bbox 977 656 1067 686; x_wconf 90' lang='lat' dir='ltr'>solerti</span> <span class='ocrx_word' id='word_1_139' title='bbox 1077 656 1183 686; x_wconf 85' lang='lat' dir='ltr'>auditu.</span> 
     </span>
    </p>

    <p class='ocr_par' dir='ltr' id='par_1_9' title="bbox 70 693 1044 731">
     <span class='ocr_line' id='line_1_16' title="bbox 70 693 1044 731; baseline -0.001 -7"><span class='ocrx_word' id='word_1_140' title='bbox 70 695 223 724; x_wconf 68' lang='lat' dir='ltr'>&#39;l&#39;ransrtum</span> <span class='ocrx_word' id='word_1_141' title='bbox 236 695 346 724; x_wconf 84' lang='lat' dir='ltr'>auditus</span> <span class='ocrx_word' id='word_1_142' title='bbox 359 695 447 730; x_wconf 85' lang='lat' dir='ltr'>aperit</span> <span class='ocrx_word' id='word_1_143' title='bbox 458 702 566 722; x_wconf 85' lang='lat' dir='ltr'>acetum</span> <span class='ocrx_word' id='word_1_144' title='bbox 578 693 741 722; x_wconf 88' lang='lat' dir='ltr'>scilliticum.</span> <span class='ocrx_word' id='word_1_145' title='bbox 764 693 830 722; x_wconf 87' lang='lat' dir='ltr'>Plin.</span> <span class='ocrx_word' id='word_1_146' title='bbox 846 694 890 723; x_wconf 75' lang='lat' dir='ltr'>lib.</span> <span class='ocrx_word' id='word_1_147' title='bbox 905 705 929 723; x_wconf 87' lang='lat'>2.</span> <span class='ocrx_word' id='word_1_148' title='bbox 947 703 1006 731; x_wconf 81' lang='lat' dir='ltr'>cap.</span> <span class='ocrx_word' id='word_1_149' title='bbox 1020 704 1044 723; x_wconf 92' lang='lat'>2.</span> 
     </span>
    </p>

    <p class='ocr_par' dir='ltr' id='par_1_10' title="bbox 72 730 1107 770">
     <span class='ocr_line' id='line_1_17' title="bbox 72 730 1107 770; baseline -0.001 -9"><span class='ocrx_word' id='word_1_150' title='bbox 72 733 236 762; x_wconf 79' lang='lat' dir='ltr'>Gravitatem</span> <span class='ocrx_word' id='word_1_151' title='bbox 249 733 357 761; x_wconf 77' lang='lat' dir='ltr'>auditus</span> <span class='ocrx_word' id='word_1_152' title='bbox 370 732 483 760; x_wconf 82' lang='lat' dir='ltr'>discutit</span> <span class='ocrx_word' id='word_1_153' title='bbox 492 730 584 760; x_wconf 85' lang='lat' dir='ltr'>oleum</span> <span class='ocrx_word' id='word_1_154' title='bbox 594 730 808 768; x_wconf 83' lang='lat' dir='ltr'>amygdalinum.</span> <span class='ocrx_word' id='word_1_155' title='bbox 833 732 899 761; x_wconf 88' lang='lat' dir='ltr'>Plin.</span> <span class='ocrx_word' id='word_1_156' title='bbox 914 732 960 761; x_wconf 88' lang='lat' dir='ltr'>lib.</span> <span class='ocrx_word' id='word_1_157' title='bbox 971 742 996 761; x_wconf 61' lang='grc' dir='ltr'><strong>κ.</strong></span> <span class='ocrx_word' id='word_1_158' title='bbox 1009 741 1069 770; x_wconf 90' lang='lat' dir='ltr'>cap.</span> <span class='ocrx_word' id='word_1_159' title='bbox 1081 742 1107 767; x_wconf 90' lang='lat'>4.</span> 
     </span>
    </p>

    <p class='ocr_par' dir='ltr' id='par_1_11' title="bbox 72 769 570 800">
     <span class='ocr_line' id='line_1_18' title="bbox 72 769 570 800; baseline -0.006 0"><span class='ocrx_word' id='word_1_160' title='bbox 72 770 200 800; x_wconf 86' lang='lat' dir='ltr'>Auditum</span> <span class='ocrx_word' id='word_1_161' title='bbox 211 770 324 799; x_wconf 80' lang='lat' dir='ltr'>auferre.</span> <span class='ocrx_word' id='word_1_162' title='bbox 362 769 393 798; x_wconf 89' lang='lat' dir='ltr'>ln</span> <span class='ocrx_word' id='word_1_163' title='bbox 416 779 435 798; x_wconf 82' lang='lat' dir='ltr'>A</span> <span class='ocrx_word' id='word_1_164' title='bbox 446 779 463 797; x_wconf 89' lang='grc' dir='ltr'><em>υ</em></span> <span class='ocrx_word' id='word_1_165' title='bbox 474 780 486 797; x_wconf 77' lang='lat' dir='ltr'>r</span> <span class='ocrx_word' id='word_1_166' title='bbox 497 779 509 797; x_wconf 74' lang='lat' dir='ltr'>r.</span> <span class='ocrx_word' id='word_1_167' title='bbox 521 779 534 796; x_wconf 67' lang='grc' dir='ltr'>ι(</span> <span class='ocrx_word' id='word_1_168' title='bbox 546 779 570 797; x_wconf 91' lang='lat' dir='ltr'>o.</span> 
     </span>
    </p>

    <p class='ocr_par' dir='ltr' id='par_1_12' title="bbox 72 803 1184 917">
     <span class='ocr_line' id='line_1_19' title="bbox 72 803 1184 845; baseline -0.003 -8"><span class='ocrx_word' id='word_1_169' title='bbox 72 808 187 838; x_wconf 80' lang='lat' dir='ltr'>Auditus</span> <span class='ocrx_word' id='word_1_170' title='bbox 197 807 302 844; x_wconf 82' lang='lat' dir='ltr'>semper</span> <span class='ocrx_word' id='word_1_171' title='bbox 313 812 407 845; x_wconf 83' lang='lat' dir='ltr'>patet:</span> <span class='ocrx_word' id='word_1_172' title='bbox 430 808 489 843; x_wconf 86' lang='lat' dir='ltr'>ejus</span> <span class='ocrx_word' id='word_1_173' title='bbox 499 807 573 835; x_wconf 87' lang='lat' dir='ltr'>enim</span> <span class='ocrx_word' id='word_1_174' title='bbox 586 803 661 834; x_wconf 87' lang='lat' dir='ltr'>sensu</span> <span class='ocrx_word' id='word_1_175' title='bbox 670 805 753 834; x_wconf 82' lang='lat' dir='ltr'>etiam</span> <span class='ocrx_word' id='word_1_176' title='bbox 768 806 937 836; x_wconf 70' lang='lat' dir='ltr'>dormientes</span> <span class='ocrx_word' id='word_1_177' title='bbox 949 816 1077 843; x_wconf 82' lang='lat' dir='ltr'>egemus:</span> <span class='ocrx_word' id='word_1_178' title='bbox 1098 816 1113 835; x_wconf 88' lang='lat' dir='ltr'>a</span> <span class='ocrx_word' id='word_1_179' title='bbox 1129 812 1184 842; x_wconf 88' lang='lat' dir='ltr'>quo</span> 
     </span>
     <span class='ocr_line' id='line_1_20' title="bbox 90 843 1183 882; baseline -0.001 -8"><span class='ocrx_word' id='word_1_180' title='bbox 90 855 174 882; x_wconf 87' lang='lat' dir='ltr'>quum</span> <span class='ocrx_word' id='word_1_181' title='bbox 188 845 268 874; x_wconf 72' lang='lat' dir='ltr'>sonus</span> <span class='ocrx_word' id='word_1_182' title='bbox 282 845 319 874; x_wconf 82' lang='lat' dir='ltr'>est</span> <span class='ocrx_word' id='word_1_183' title='bbox 331 852 461 882; x_wconf 87' lang='lat' dir='ltr'>acceptus</span> <span class='ocrx_word' id='word_1_184' title='bbox 473 867 481 880; x_wconf 88' lang='lat'>,</span> <span class='ocrx_word' id='word_1_185' title='bbox 503 845 585 873; x_wconf 83' lang='lat' dir='ltr'>etiarn</span> <span class='ocrx_word' id='word_1_186' title='bbox 604 853 619 872; x_wconf 90' lang='lat' dir='ltr'>e</span> <span class='ocrx_word' id='word_1_187' title='bbox 636 843 733 872; x_wconf 89' lang='lat' dir='ltr'>somno</span> <span class='ocrx_word' id='word_1_188' title='bbox 751 845 912 873; x_wconf 80' lang='lat' dir='ltr'>excitamur.</span> <span class='ocrx_word' id='word_1_189' title='bbox 955 845 1013 874; x_wconf 91' lang='lat' dir='ltr'>Cic.</span> <span class='ocrx_word' id='word_1_190' title='bbox 1028 853 1054 873; x_wconf 87' lang='lat'>2.</span> <span class='ocrx_word' id='word_1_191' title='bbox 1073 844 1108 873; x_wconf 90' lang='lat' dir='ltr'>de</span> <span class='ocrx_word' id='word_1_192' title='bbox 1119 843 1183 873; x_wconf 74' lang='lat' dir='ltr'>Nat.</span> 
     </span>
     <span class='ocr_line' id='line_1_21' title="bbox 90 883 250 917; baseline 0 -6"><span class='ocrx_word' id='word_1_193' title='bbox 90 883 170 912; x_wconf 88' lang='lat' dir='ltr'>Deor.</span> <span class='ocrx_word' id='word_1_194' title='bbox 190 893 197 911; x_wconf 89' lang='lat'>1</span> <span class='ocrx_word' id='word_1_195' title='bbox 224 894 250 917; x_wconf 80' lang='lat'>4.</span> 
     </span>
    </p>

    <p class='ocr_par' dir='ltr' id='par_1_13' title="bbox 73 894 1187 996">
     <span class='ocr_line' id='line_1_22' title="bbox 73 894 1186 957; baseline -0.002 -7"><span class='ocrx_word' id='word_1_196' title='bbox 73 922 173 950; x_wconf 86' lang='lat' dir='ltr'>Auditu</span> <span class='ocrx_word' id='word_1_197' title='bbox 185 894 310 956; x_wconf 48' lang='lat' dir='ltr'>iisrelligi.</span> <span class='ocrx_word' id='word_1_198' title='bbox 348 919 405 949; x_wconf 89' lang='lat' dir='ltr'>Cic.</span> <span class='ocrx_word' id='word_1_199' title='bbox 419 929 469 957; x_wconf 89' lang='lat' dir='ltr'>pro</span> <span class='ocrx_word' id='word_1_200' title='bbox 483 918 604 948; x_wconf 81' lang='lat' dir='ltr'>Marcell.</span> <span class='ocrx_word' id='word_1_201' title='bbox 618 927 659 947; x_wconf 82' lang='lat'>12.</span> <span class='ocrx_word' id='word_1_202' title='bbox 690 918 792 947; x_wconf 81' lang='lat' dir='ltr'>Vereor</span> <span class='ocrx_word' id='word_1_203' title='bbox 810 926 839 947; x_wconf 89' lang='lat' dir='ltr'>ut</span> <span class='ocrx_word' id='word_1_204' title='bbox 849 919 903 947; x_wconf 87' lang='lat' dir='ltr'>hoc</span> <span class='ocrx_word' id='word_1_205' title='bbox 913 920 988 956; x_wconf 88' lang='lat' dir='ltr'>quod</span> <span class='ocrx_word' id='word_1_206' title='bbox 996 919 1086 949; x_wconf 86' lang='lat' dir='ltr'>dicam</span> <span class='ocrx_word' id='word_1_207' title='bbox 1097 941 1105 954; x_wconf 91' lang='lat'>,</span> <span class='ocrx_word' id='word_1_208' title='bbox 1127 926 1186 948; x_wconf 83' lang='lat' dir='ltr'>non</span> 
     </span>
     <span class='ocr_line' id='line_1_23' title="bbox 91 955 1187 996; baseline -0.001 -9"><span class='ocrx_word' id='word_1_209' title='bbox 91 958 205 996; x_wconf 88' lang='lat' dir='ltr'>perinde</span> <span class='ocrx_word' id='word_1_210' title='bbox 221 958 339 993; x_wconf 70' lang='lat' dir='ltr'>intelligi</span> <span class='ocrx_word' id='word_1_211' title='bbox 353 957 448 987; x_wconf 83' lang='lat' dir='ltr'>auditu</span> <span class='ocrx_word' id='word_1_212' title='bbox 464 957 559 994; x_wconf 78' lang='lat' dir='ltr'>pollit,</span> <span class='ocrx_word' id='word_1_213' title='bbox 582 963 663 993; x_wconf 90' lang='lat' dir='ltr'>atque</span> <span class='ocrx_word' id='word_1_214' title='bbox 685 965 736 993; x_wconf 78' lang='lat' dir='ltr'>ego</span> <span class='ocrx_word' id='word_1_215' title='bbox 755 955 811 993; x_wconf 82' lang='lat' dir='ltr'>ipse</span> <span class='ocrx_word' id='word_1_216' title='bbox 826 957 950 991; x_wconf 66' lang='lat' dir='ltr'>cogitans</span> <span class='ocrx_word' id='word_1_217' title='bbox 967 957 1064 987; x_wconf 90' lang='lat' dir='ltr'>sentio.</span> <span class='ocrx_word' id='word_1_218' title='bbox 1106 957 1187 993; x_wconf 73' lang='lat' dir='ltr'>[Hie</span> 
     </span>
    </p>

    <p class='ocr_par' dir='ltr' id='par_1_14' title="bbox 73 994 943 1032">
     <span class='ocr_line' id='line_1_24' title="bbox 73 994 943 1032; baseline 0 -8"><span class='ocrx_word' id='word_1_219' title='bbox 73 996 142 1031; x_wconf 50' lang='lat' dir='ltr'>sest,</span> <span class='ocrx_word' id='word_1_220' title='bbox 164 1004 193 1024; x_wconf 89' lang='lat' dir='ltr'>ut</span> <span class='ocrx_word' id='word_1_221' title='bbox 204 996 378 1025; x_wconf 73' lang='lat' dir='ltr'>Gramnmtici</span> <span class='ocrx_word' id='word_1_222' title='bbox 394 995 505 1032; x_wconf 88' lang='lat' dir='ltr'>quidem</span> <span class='ocrx_word' id='word_1_223' title='bbox 517 994 615 1023; x_wconf 89' lang='lat' dir='ltr'>volunt</span> <span class='ocrx_word' id='word_1_224' title='bbox 627 1014 635 1028; x_wconf 94' lang='lat'>,</span> <span class='ocrx_word' id='word_1_225' title='bbox 656 994 791 1031; x_wconf 85' lang='lat' dir='ltr'>Supinum</span> <span class='ocrx_word' id='word_1_226' title='bbox 804 995 943 1031; x_wconf 82' lang='lat' dir='ltr'>posterius.</span> 
     </span>
    </p>

    <p class='ocr_par' dir='ltr' id='par_1_15' title="bbox 73 1031 1185 1106">
     <span class='ocr_line' id='line_1_25' title="bbox 73 1031 1185 1070; baseline -0.002 -7"><span class='ocrx_word' id='word_1_227' title='bbox 73 1032 252 1064; x_wconf 82' lang='lat' dir='ltr'>Breviauditu</span> <span class='ocrx_word' id='word_1_228' title='bbox 264 1034 387 1070; x_wconf 86' lang='lat' dir='ltr'>quamvis</span> <span class='ocrx_word' id='word_1_229' title='bbox 399 1041 497 1070; x_wconf 74' lang='lat' dir='ltr'>magna</span> <span class='ocrx_word' id='word_1_230' title='bbox 513 1032 642 1061; x_wconf 76' lang='lat' dir='ltr'>transibat</span> <span class='ocrx_word' id='word_1_231' title='bbox 657 1031 826 1068; x_wconf 83' lang='lat' dir='ltr'>gravioribus</span> <span class='ocrx_word' id='word_1_232' title='bbox 844 1033 916 1061; x_wconf 86' lang='lat' dir='ltr'>curis</span> <span class='ocrx_word' id='word_1_233' title='bbox 937 1033 1034 1070; x_wconf 81' lang='lat' dir='ltr'>impar.</span> <span class='ocrx_word' id='word_1_234' title='bbox 1056 1031 1144 1062; x_wconf 86' lang='lat' dir='ltr'>Tacit.</span> <span class='ocrx_word' id='word_1_235' title='bbox 1158 1041 1185 1062; x_wconf 69' lang='lat'>2.</span> 
     </span>
     <span class='ocr_line' id='line_1_26' title="bbox 93 1072 216 1106; baseline 0 -6"><span class='ocrx_word' id='word_1_236' title='bbox 93 1072 158 1100; x_wconf 76' lang='lat' dir='ltr'>Hist.</span> <span class='ocrx_word' id='word_1_237' title='bbox 175 1082 216 1106; x_wconf 63' lang='lat'>59.</span> 
     </span>
    </p>

    <p class='ocr_par' dir='ltr' id='par_1_16' title="bbox 74 1105 1189 1146">
     <span class='ocr_line' id='line_1_27' title="bbox 74 1105 1189 1146; baseline -0.003 -7"><span class='ocrx_word' id='word_1_238' title='bbox 74 1107 148 1139; x_wconf 90' lang='lat' dir='ltr'>Nihil</span> <span class='ocrx_word' id='word_1_239' title='bbox 162 1115 258 1146; x_wconf 63' lang='lat' dir='ltr'>praeter</span> <span class='ocrx_word' id='word_1_240' title='bbox 273 1105 399 1137; x_wconf 80' lang='lat' dir='ltr'>auditum</span> <span class='ocrx_word' id='word_1_241' title='bbox 413 1107 511 1136; x_wconf 81' lang='lat' dir='ltr'>habeo.</span> <span class='ocrx_word' id='word_1_242' title='bbox 553 1107 610 1136; x_wconf 85' lang='lat' dir='ltr'>Cic.</span> <span class='ocrx_word' id='word_1_243' title='bbox 627 1117 649 1135; x_wconf 78' lang='grc' dir='ltr'>ι.</span> <span class='ocrx_word' id='word_1_244' title='bbox 660 1106 718 1136; x_wconf 86' lang='lat' dir='ltr'>Off.</span> <span class='ocrx_word' id='word_1_245' title='bbox 733 1112 776 1142; x_wconf 77' lang='lat'>3³·</span> <span class='ocrx_word' id='word_1_246' title='bbox 810 1106 872 1135; x_wconf 91' lang='lat' dir='ltr'>Nec</span> <span class='ocrx_word' id='word_1_247' title='bbox 885 1108 974 1136; x_wconf 88' lang='lat' dir='ltr'>noster</span> <span class='ocrx_word' id='word_1_248' title='bbox 992 1107 1107 1145; x_wconf 88' lang='lat' dir='ltr'>quidem</span> <span class='ocrx_word' id='word_1_249' title='bbox 1126 1117 1189 1145; x_wconf 79' lang='lat' dir='ltr'>pro-</span> 
     </span>
    </p>

    <p class='ocr_par' dir='ltr' id='par_1_17' title="bbox 61 1144 1188 1182">
     <span class='ocr_line' id='line_1_28' title="bbox 61 1144 1188 1182; baseline -0.001 -7"><span class='ocrx_word' id='word_1_250' title='bbox 61 1169 69 1179; x_wconf 64' lang='lat'>„</span> <span class='ocrx_word' id='word_1_251' title='bbox 93 1146 217 1181; x_wconf 85' lang='lat' dir='ltr'>bandus,</span> <span class='ocrx_word' id='word_1_252' title='bbox 240 1146 422 1180; x_wconf 84' lang='lat' dir='ltr'>liverurnest,</span> <span class='ocrx_word' id='word_1_253' title='bbox 444 1146 581 1182; x_wconf 79' lang='lat' dir='ltr'>Quintum</span> <span class='ocrx_word' id='word_1_254' title='bbox 593 1144 705 1173; x_wconf 81' lang='lat' dir='ltr'>Fabium</span> <span class='ocrx_word' id='word_1_255' title='bbox 715 1144 873 1173; x_wconf 78' lang='lat' dir='ltr'>Labeonem</span> <span class='ocrx_word' id='word_1_256' title='bbox 887 1167 894 1179; x_wconf 89' lang='lat'><em>‚</em></span> <span class='ocrx_word' id='word_1_257' title='bbox 915 1146 961 1174; x_wconf 88' lang='lat' dir='ltr'>seu</span> <span class='ocrx_word' id='word_1_258' title='bbox 980 1156 1063 1182; x_wconf 87' lang='lat' dir='ltr'>quem</span> <span class='ocrx_word' id='word_1_259' title='bbox 1082 1145 1188 1180; x_wconf 84' lang='lat' dir='ltr'>alium,</span> 
     </span>
    </p>

    <p class='ocr_par' dir='ltr' id='par_1_18' title="bbox 38 1181 1191 1221">
     <span class='ocr_line' id='line_1_29' title="bbox 38 1181 1191 1221; baseline 0.002 -11"><span class='ocrx_word' id='word_1_260' title='bbox 38 1208 46 1210; x_wconf 73' lang='grc'>-</span> <span class='ocrx_word' id='word_1_261' title='bbox 93 1184 184 1219; x_wconf 81' lang='lat' dir='ltr'>(nihil</span> <span class='ocrx_word' id='word_1_262' title='bbox 196 1185 271 1212; x_wconf 80' lang='lat' dir='ltr'>enirn</span> <span class='ocrx_word' id='word_1_263' title='bbox 285 1192 382 1221; x_wconf 63' lang='lat' dir='ltr'>practer</span> <span class='ocrx_word' id='word_1_264' title='bbox 397 1183 523 1212; x_wconf 87' lang='lat' dir='ltr'>auditum</span> <span class='ocrx_word' id='word_1_265' title='bbox 543 1182 655 1218; x_wconf 80' lang='lat' dir='ltr'>habeo)</span> <span class='ocrx_word' id='word_1_266' title='bbox 675 1181 808 1211; x_wconf 82' lang='lat' dir='ltr'>arbitrum</span> <span class='ocrx_word' id='word_1_267' title='bbox 824 1182 940 1212; x_wconf 84' lang='lat' dir='ltr'>Nolanis</span> <span class='ocrx_word' id='word_1_268' title='bbox 956 1185 982 1213; x_wconf 59' lang='lat' dir='ltr'>Sa</span> <span class='ocrx_word' id='word_1_269' title='bbox 998 1183 1191 1221; x_wconf 78' lang='lat' dir='ltr'>Neapolitanis</span> 
     </span>
    </p>

    <p class='ocr_par' dir='ltr' id='par_1_19' title="bbox 93 1215 1190 1296">
     <span class='ocr_line' id='line_1_30' title="bbox 94 1215 1190 1260; baseline -0.001 -9"><span class='ocrx_word' id='word_1_270' title='bbox 94 1222 128 1251; x_wconf 92' lang='lat' dir='ltr'>de</span> <span class='ocrx_word' id='word_1_271' title='bbox 141 1222 240 1251; x_wconf 82' lang='lat' dir='ltr'>finibus</span> <span class='ocrx_word' id='word_1_272' title='bbox 256 1232 270 1250; x_wconf 88' lang='lat' dir='ltr'>a</span> <span class='ocrx_word' id='word_1_273' title='bbox 286 1222 388 1251; x_wconf 84' lang='lat' dir='ltr'>Senatu</span> <span class='ocrx_word' id='word_1_274' title='bbox 400 1221 504 1250; x_wconf 81' lang='lat' dir='ltr'>datum.</span> <span class='ocrx_word' id='word_1_275' title='bbox 555 1221 631 1256; x_wconf 85' lang='lat' dir='ltr'>[Hic</span> <span class='ocrx_word' id='word_1_276' title='bbox 644 1215 665 1250; x_wconf 60' lang='lat' dir='ltr'>Za*</span> <span class='ocrx_word' id='word_1_277' title='bbox 677 1220 812 1250; x_wconf 77' lang='lat' dir='ltr'>Auditum</span> <span class='ocrx_word' id='word_1_278' title='bbox 831 1229 961 1251; x_wconf 85' lang='lat' dir='ltr'>neutrum</span> <span class='ocrx_word' id='word_1_279' title='bbox 980 1221 1103 1251; x_wconf 88' lang='lat' dir='ltr'>absolute</span> <span class='ocrx_word' id='word_1_280' title='bbox 1121 1220 1190 1260; x_wconf 59' lang='lat' dir='ltr'>posia</span> 
     </span>
     <span class='ocr_line' id='line_1_31' title="bbox 93 1258 438 1296; baseline -0.006 -7"><span class='ocrx_word' id='word_1_281' title='bbox 93 1266 151 1289; x_wconf 89' lang='lat' dir='ltr'>tum</span> <span class='ocrx_word' id='word_1_282' title='bbox 162 1260 270 1289; x_wconf 90' lang='lat' dir='ltr'>videtur</span> <span class='ocrx_word' id='word_1_283' title='bbox 280 1281 287 1293; x_wconf 81' lang='lat'>,</span> <span class='ocrx_word' id='word_1_284' title='bbox 309 1266 339 1288; x_wconf 89' lang='lat' dir='ltr'>ut</span> <span class='ocrx_word' id='word_1_285' title='bbox 351 1258 438 1296; x_wconf 84' lang='lat' dir='ltr'>supra.</span> 
     </span>
    </p>

    <p class='ocr_par' dir='ltr' id='par_1_20' title="bbox 0 1294 891 1333">
     <span class='ocr_line' id='line_1_32' title="bbox 0 1294 891 1333; baseline -0.002 -5"><span class='ocrx_word' id='word_1_286' title='bbox 0 1303 11 1332; x_wconf 70' lang='lat' dir='ltr'>{z</span> <span class='ocrx_word' id='word_1_287' title='bbox 39 1297 85 1328; x_wconf 82' lang='lat' dir='ltr'>Au</span> <span class='ocrx_word' id='word_1_288' title='bbox 94 1308 112 1327; x_wconf 87' lang='lat' dir='ltr'>D</span> <span class='ocrx_word' id='word_1_289' title='bbox 122 1309 130 1326; x_wconf 87' lang='lat'><em>1</em></span> <span class='ocrx_word' id='word_1_290' title='bbox 142 1308 160 1326; x_wconf 73' lang='lat' dir='ltr'>vr</span> <span class='ocrx_word' id='word_1_291' title='bbox 171 1308 188 1326; x_wconf 89' lang='lat' dir='ltr'>u</span> <span class='ocrx_word' id='word_1_292' title='bbox 198 1307 214 1326; x_wconf 75' lang='lat' dir='ltr'>a</span> <span class='ocrx_word' id='word_1_293' title='bbox 226 1308 244 1326; x_wconf 86' lang='lat' dir='ltr'>u</span> <span class='ocrx_word' id='word_1_294' title='bbox 254 1306 266 1326; x_wconf 85' lang='lat' dir='ltr'>s</span> <span class='ocrx_word' id='word_1_295' title='bbox 283 1319 290 1331; x_wconf 93' lang='lat'>,</span> <span class='ocrx_word' id='word_1_296' title='bbox 312 1297 406 1326; x_wconf 82' lang='lat' dir='ltr'>Partic.</span> <span class='ocrx_word' id='word_1_297' title='bbox 428 1296 573 1332; x_wconf 48' lang='grc' dir='ltr'>[ἀπενέπω]</span> <span class='ocrx_word' id='word_1_298' title='bbox 594 1294 694 1325; x_wconf 88' lang='lat' dir='ltr'>Lucan.</span> <span class='ocrx_word' id='word_1_299' title='bbox 705 1295 739 1324; x_wconf 87' lang='lat' dir='ltr'>ad</span> <span class='ocrx_word' id='word_1_300' title='bbox 750 1294 836 1325; x_wconf 88' lang='lat' dir='ltr'>Pison.</span> <span class='ocrx_word' id='word_1_301' title='bbox 846 1304 891 1333; x_wconf 83' lang='lat'>74.</span> 
     </span>
    </p>

    <p class='ocr_par' dir='ltr' id='par_1_21' title="bbox 153 1333 805 1369">
     <span class='ocr_line' id='line_1_33' title="bbox 153 1333 805 1369; baseline -0.005 -4"><span class='ocrx_word' id='word_1_302' title='bbox 153 1335 307 1365; x_wconf 77' lang='lat' dir='ltr'>Hucetiain</span> <span class='ocrx_word' id='word_1_303' title='bbox 318 1341 377 1363; x_wconf 88' lang='lat' dir='ltr'>tota</span> <span class='ocrx_word' id='word_1_304' title='bbox 386 1334 527 1363; x_wconf 84' lang='lat' dir='ltr'>concurrit</span> <span class='ocrx_word' id='word_1_305' title='bbox 536 1333 568 1362; x_wconf 88' lang='lat' dir='ltr'>ab</span> <span class='ocrx_word' id='word_1_306' title='bbox 582 1333 785 1369; x_wconf 89' lang='lat' dir='ltr'>urbejuventus</span> <span class='ocrx_word' id='word_1_307' title='bbox 796 1353 805 1369; x_wconf 94' lang='lat'>,</span> 
     </span>
    </p>

    <p class='ocr_par' dir='ltr' id='par_1_22' title="bbox 156 1373 398 1403">
     <span class='ocr_line' id='line_1_34' title="bbox 156 1373 398 1403; baseline -0.012 0"><span class='ocrx_word' id='word_1_308' title='bbox 156 1374 287 1403; x_wconf 75' lang='lat' dir='ltr'>Auditum</span> <span class='ocrx_word' id='word_1_309' title='bbox 303 1373 398 1401; x_wconf 86' lang='lat' dir='ltr'>virum.</span> 
     </span>
    </p>

    <p class='ocr_par' dir='ltr' id='par_1_23' title="bbox 1 1406 1183 1447">
     <span class='ocr_line' id='line_1_35' title="bbox 1 1406 1183 1447; baseline -0.003 -5"><span class='ocrx_word' id='word_1_310' title='bbox 1 1439 12 1443; x_wconf 61' lang='lat'>..</span> <span class='ocrx_word' id='word_1_311' title='bbox 39 1412 279 1442; x_wconf 59' lang='lat' dir='ltr'>Aunrvr&#39;ravr</span> <span class='ocrx_word' id='word_1_312' title='bbox 292 1432 299 1445; x_wconf 89' lang='lat'>‚</span> <span class='ocrx_word' id='word_1_313' title='bbox 321 1411 399 1447; x_wconf 74' lang='lat' dir='ltr'>Saepe</span> <span class='ocrx_word' id='word_1_314' title='bbox 410 1409 512 1438; x_wconf 83' lang='lat' dir='ltr'>audivi.</span> <span class='ocrx_word' id='word_1_315' title='bbox 536 1408 602 1438; x_wconf 88' lang='lat' dir='ltr'>Fest.</span> <span class='ocrx_word' id='word_1_316' title='bbox 644 1408 817 1438; x_wconf 88' lang='lat' dir='ltr'>Obsoletum.</span> <span class='ocrx_word' id='word_1_317' title='bbox 859 1409 1019 1446; x_wconf 81' lang='lat' dir='ltr'>Legendum</span> <span class='ocrx_word' id='word_1_318' title='bbox 1039 1406 1183 1445; x_wconf 80' lang='lat' dir='ltr'>Auditavi‚</span> 
     </span>
    </p>

    <p class='ocr_par' dir='ltr' id='par_1_24' title="bbox 0 1447 982 1485">
     <span class='ocr_line' id='line_1_36' title="bbox 0 1447 982 1485; baseline -0.003 -5"><span class='ocrx_word' id='word_1_319' title='bbox 0 1471 8 1480; x_wconf 82' lang='lat'>.·</span> <span class='ocrx_word' id='word_1_320' title='bbox 78 1455 109 1478; x_wconf 80' lang='lat' dir='ltr'>ut</span> <span class='ocrx_word' id='word_1_321' title='bbox 119 1450 174 1485; x_wconf 88' lang='lat' dir='ltr'>jam</span> <span class='ocrx_word' id='word_1_322' title='bbox 184 1449 231 1478; x_wconf 89' lang='lat' dir='ltr'>viri</span> <span class='ocrx_word' id='word_1_323' title='bbox 244 1448 318 1477; x_wconf 58' lang='lat' dir='ltr'>dot-”ti</span> <span class='ocrx_word' id='word_1_324' title='bbox 331 1454 499 1476; x_wconf 90' lang='lat' dir='ltr'>monuerunt</span> <span class='ocrx_word' id='word_1_325' title='bbox 511 1469 517 1481; x_wconf 90' lang='lat'>‚</span> <span class='ocrx_word' id='word_1_326' title='bbox 539 1448 564 1477; x_wconf 73' lang='lat' dir='ltr'>Sc</span> <span class='ocrx_word' id='word_1_327' title='bbox 576 1447 735 1476; x_wconf 78' lang='lat' dir='ltr'>vetustiores</span> <span class='ocrx_word' id='word_1_328' title='bbox 746 1447 829 1476; x_wconf 86' lang='lat' dir='ltr'>codd.</span> <span class='ocrx_word' id='word_1_329' title='bbox 841 1448 982 1479; x_wconf 77' lang='lat' dir='ltr'>exhibent.</span> 
     </span>
    </p>

    <p class='ocr_par' dir='ltr' id='par_1_25' title="bbox 0 1484 1194 1523">
     <span class='ocr_line' id='line_1_37' title="bbox 0 1484 1194 1523; baseline -0.002 -6"><span class='ocrx_word' id='word_1_330' title='bbox 0 1514 11 1521; x_wconf 85' lang='grc'><strong>,</strong></span> <span class='ocrx_word' id='word_1_331' title='bbox 41 1487 114 1518; x_wconf 74' lang='lat' dir='ltr'>Auo</span> <span class='ocrx_word' id='word_1_332' title='bbox 125 1497 142 1516; x_wconf 89' lang='grc' dir='ltr'><em>υ</em></span> <span class='ocrx_word' id='word_1_333' title='bbox 152 1498 172 1516; x_wconf 84' lang='lat' dir='ltr'>M</span> <span class='ocrx_word' id='word_1_334' title='bbox 183 1509 190 1521; x_wconf 84' lang='lat'>,</span> <span class='ocrx_word' id='word_1_335' title='bbox 215 1486 434 1514; x_wconf 71' lang='lat' dir='ltr'>promontorium</span> <span class='ocrx_word' id='word_1_336' title='bbox 446 1506 454 1520; x_wconf 98' lang='lat'>,</span> <span class='ocrx_word' id='word_1_337' title='bbox 476 1485 502 1515; x_wconf 72' lang='lat'>81.</span> <span class='ocrx_word' id='word_1_338' title='bbox 514 1486 534 1514; x_wconf 87' lang='lat' dir='ltr'>A</span> <span class='ocrx_word' id='word_1_339' title='bbox 545 1494 591 1513; x_wconf 82' lang='lat' dir='ltr'>UD</span> <span class='ocrx_word' id='word_1_340' title='bbox 601 1494 619 1513; x_wconf 86' lang='lat' dir='ltr'>u</span> <span class='ocrx_word' id='word_1_341' title='bbox 628 1493 640 1513; x_wconf 87' lang='lat' dir='ltr'>s</span> <span class='ocrx_word' id='word_1_342' title='bbox 650 1506 658 1520; x_wconf 91' lang='lat'>,</span> <span class='ocrx_word' id='word_1_343' title='bbox 679 1484 791 1515; x_wconf 89' lang='lat' dir='ltr'>Fluvius</span> <span class='ocrx_word' id='word_1_344' title='bbox 799 1494 874 1514; x_wconf 90' lang='lat' dir='ltr'>nunc</span> <span class='ocrx_word' id='word_1_345' title='bbox 887 1486 981 1523; x_wconf 69' lang='lat' dir='ltr'>Balaffiz</span> <span class='ocrx_word' id='word_1_346' title='bbox 995 1486 1086 1516; x_wconf 71' lang='lat' dir='ltr'>dic&#39;tus</span> <span class='ocrx_word' id='word_1_347' title='bbox 1100 1506 1109 1521; x_wconf 85' lang='lat'>‚</span> <span class='ocrx_word' id='word_1_348' title='bbox 1130 1484 1194 1515; x_wconf 76' lang='lat' dir='ltr'>sunt</span> 
     </span>
    </p>

    <p class='ocr_par' dir='ltr' id='par_1_26' title="bbox 6 1522 452 1555">
     <span class='ocr_line' id='line_1_38' title="bbox 6 1522 452 1555; baseline -0.007 0"><span class='ocrx_word' id='word_1_349' title='bbox 6 1527 8 1530; x_wconf 78' lang='grc'>’</span> <span class='ocrx_word' id='word_1_350' title='bbox 74 1525 104 1554; x_wconf 88' lang='lat' dir='ltr'>in</span> <span class='ocrx_word' id='word_1_351' title='bbox 114 1524 277 1555; x_wconf 75' lang='lat' dir='ltr'>Mauritania</span> <span class='ocrx_word' id='word_1_352' title='bbox 290 1522 452 1553; x_wconf 70' lang='lat' dir='ltr'>Caesariensi.</span> 
     </span>
    </p>
   </div>
   <div class='ocr_carea' id='block_1_3' title="bbox 468 1585 738 1620">
    <p class='ocr_par' dir='ltr' id='par_1_27' title="bbox 468 1585 738 1620">
     <span class='ocr_line' id='line_1_39' title="bbox 468 1585 738 1620; baseline 0 0"><span class='ocrx_word' id='word_1_353' title='bbox 468 1585 494 1620; x_wconf 94' lang='lat' dir='ltr'><strong>A</strong></span> <span class='ocrx_word' id='word_1_354' title='bbox 584 1586 617 1619; x_wconf 82' lang='lat' dir='ltr'>V</span> <span class='ocrx_word' id='word_1_355' title='bbox 710 1585 738 1620; x_wconf 89' lang='lat' dir='ltr'>E</span> 
     </span>
    </p>
   </div>
   <div class='ocr_carea' id='block_1_4' title="bbox 0 1633 1198 3900">
    <p class='ocr_par' dir='ltr' id='par_1_28' title="bbox 0 1633 1192 1707">
     <span class='ocr_line' id='line_1_40' title="bbox 0 1633 1192 1673; baseline -0.002 -7"><span class='ocrx_word' id='word_1_356' title='bbox 0 1635 13 1661; x_wconf 86' lang='grc'>”--</span> <span class='ocrx_word' id='word_1_357' title='bbox 41 1634 127 1670; x_wconf 72' lang='lat' dir='ltr'>Ars,</span> <span class='ocrx_word' id='word_1_358' title='bbox 148 1635 267 1672; x_wconf 70' lang='grc' dir='ltr'>[χοίἕςε]</span> <span class='ocrx_word' id='word_1_359' title='bbox 289 1635 408 1664; x_wconf 84' lang='lat' dir='ltr'>Verbum</span> <span class='ocrx_word' id='word_1_360' title='bbox 419 1634 586 1664; x_wconf 61' lang='lat' dir='ltr'>defeetivum</span> <span class='ocrx_word' id='word_1_361' title='bbox 600 1656 608 1669; x_wconf 78' lang='lat'>,</span> <span class='ocrx_word' id='word_1_362' title='bbox 629 1633 834 1673; x_wconf 60' lang='lat' dir='ltr'>namlegurgtur</span> <span class='ocrx_word' id='word_1_363' title='bbox 850 1640 957 1665; x_wconf 80' lang='lat' dir='ltr'>tantum</span> <span class='ocrx_word' id='word_1_364' title='bbox 969 1657 978 1671; x_wconf 90' lang='lat'>,</span> <span class='ocrx_word' id='word_1_365' title='bbox 998 1634 1070 1671; x_wconf 88' lang='lat' dir='ltr'>Ave,</span> <span class='ocrx_word' id='word_1_366' title='bbox 1091 1639 1192 1668; x_wconf 81' lang='lat' dir='ltr'>aveto,</span> 
     </span>
     <span class='ocr_line' id='line_1_41' title="bbox 78 1668 583 1707; baseline -0.004 -5"><span class='ocrx_word' id='word_1_367' title='bbox 78 1678 155 1703; x_wconf 89' lang='lat' dir='ltr'>avete</span> <span class='ocrx_word' id='word_1_368' title='bbox 166 1695 173 1706; x_wconf 88' lang='lat'>‚</span> <span class='ocrx_word' id='word_1_369' title='bbox 197 1683 285 1703; x_wconf 83' lang='lat' dir='ltr'>avere.</span> <span class='ocrx_word' id='word_1_370' title='bbox 309 1668 425 1703; x_wconf 66' lang='lat' dir='ltr'>Martial,</span> <span class='ocrx_word' id='word_1_371' title='bbox 441 1672 488 1701; x_wconf 92' lang='lat' dir='ltr'>lib.</span> <span class='ocrx_word' id='word_1_372' title='bbox 503 1683 526 1707; x_wconf 82' lang='lat'>5.</span> <span class='ocrx_word' id='word_1_373' title='bbox 542 1681 583 1707; x_wconf 80' lang='lat'>52.</span> 
     </span>
    </p>

    <p class='ocr_par' dir='ltr' id='par_1_29' title="bbox 156 1709 807 1749">
     <span class='ocr_line' id='line_1_42' title="bbox 156 1709 807 1749; baseline -0.002 -9"><span class='ocrx_word' id='word_1_374' title='bbox 156 1711 316 1749; x_wconf 79' lang='lat' dir='ltr'>Exprimere</span> <span class='ocrx_word' id='word_1_375' title='bbox 329 1733 337 1745; x_wconf 84' lang='lat'>,</span> <span class='ocrx_word' id='word_1_376' title='bbox 360 1710 442 1740; x_wconf 78' lang='lat' dir='ltr'>Ruffe</span> <span class='ocrx_word' id='word_1_377' title='bbox 455 1732 462 1745; x_wconf 93' lang='lat'>‚</span> <span class='ocrx_word' id='word_1_378' title='bbox 483 1709 604 1738; x_wconf 69' lang='lat' dir='ltr'>fidiculae</span> <span class='ocrx_word' id='word_1_379' title='bbox 614 1709 680 1738; x_wconf 90' lang='lat' dir='ltr'>licet</span> <span class='ocrx_word' id='word_1_380' title='bbox 690 1716 807 1747; x_wconf 83' lang='lat' dir='ltr'>cogant,</span> 
     </span>
    </p>

    <p class='ocr_par' dir='ltr' id='par_1_30' title="bbox 79 1747 1121 1823">
     <span class='ocr_line' id='line_1_43' title="bbox 156 1747 780 1785; baseline -0.003 -7"><span class='ocrx_word' id='word_1_381' title='bbox 156 1750 211 1778; x_wconf 88' lang='lat' dir='ltr'>Ave</span> <span class='ocrx_word' id='word_1_382' title='bbox 223 1749 351 1779; x_wconf 77' lang='lat' dir='ltr'>Latinum</span> <span class='ocrx_word' id='word_1_383' title='bbox 362 1771 370 1783; x_wconf 90' lang='lat'>,</span> <span class='ocrx_word' id='word_1_384' title='bbox 391 1749 464 1784; x_wconf 63' lang='grc' dir='ltr'><em>χαῖρε</em></span> <span class='ocrx_word' id='word_1_385' title='bbox 475 1757 530 1776; x_wconf 88' lang='lat' dir='ltr'>non</span> <span class='ocrx_word' id='word_1_386' title='bbox 542 1748 630 1785; x_wconf 87' lang='lat' dir='ltr'>potest</span> <span class='ocrx_word' id='word_1_387' title='bbox 644 1747 780 1777; x_wconf 81' lang='lat' dir='ltr'>Graecum.</span> 
     </span>
     <span class='ocr_line' id='line_1_44' title="bbox 79 1785 1121 1823; baseline 0 -7"><span class='ocrx_word' id='word_1_388' title='bbox 79 1787 133 1817; x_wconf 86' lang='lat' dir='ltr'>Ave</span> <span class='ocrx_word' id='word_1_389' title='bbox 143 1807 151 1822; x_wconf 87' lang='lat'><strong>‚</strong></span> <span class='ocrx_word' id='word_1_390' title='bbox 172 1786 305 1816; x_wconf 87' lang='lat' dir='ltr'>Salutatio</span> <span class='ocrx_word' id='word_1_391' title='bbox 314 1787 448 1816; x_wconf 84' lang='lat' dir='ltr'>matutina</span> <span class='ocrx_word' id='word_1_392' title='bbox 459 1785 497 1814; x_wconf 86' lang='lat' dir='ltr'>est</span> <span class='ocrx_word' id='word_1_393' title='bbox 507 1808 514 1820; x_wconf 85' lang='lat'>,</span> <span class='ocrx_word' id='word_1_394' title='bbox 536 1793 566 1815; x_wconf 86' lang='lat' dir='ltr'>ut</span> <span class='ocrx_word' id='word_1_395' title='bbox 578 1785 641 1814; x_wconf 83' lang='lat' dir='ltr'>Vale</span> <span class='ocrx_word' id='word_1_396' title='bbox 649 1785 815 1823; x_wconf 87' lang='lat' dir='ltr'>vespertina.</span> <span class='ocrx_word' id='word_1_397' title='bbox 843 1786 962 1816; x_wconf 85' lang='lat' dir='ltr'>Martial.</span> <span class='ocrx_word' id='word_1_398' title='bbox 975 1785 1023 1816; x_wconf 90' lang='lat' dir='ltr'>lib.</span> <span class='ocrx_word' id='word_1_399' title='bbox 1038 1796 1062 1816; x_wconf 88' lang='lat'>1.</span> <span class='ocrx_word' id='word_1_400' title='bbox 1077 1789 1121 1822; x_wconf 85' lang='lat'>56.</span> 
     </span>
    </p>

    <p class='ocr_par' dir='ltr' id='par_1_31' title="bbox 157 1824 659 1862">
     <span class='ocr_line' id='line_1_45' title="bbox 157 1824 659 1862; baseline -0.004 -8"><span class='ocrx_word' id='word_1_401' title='bbox 157 1824 190 1854; x_wconf 85' lang='lat' dir='ltr'>Et</span> <span class='ocrx_word' id='word_1_402' title='bbox 202 1826 370 1854; x_wconf 78' lang='lat' dir='ltr'>matutinum</span> <span class='ocrx_word' id='word_1_403' title='bbox 380 1830 471 1862; x_wconf 84' lang='lat' dir='ltr'>portat</span> <span class='ocrx_word' id='word_1_404' title='bbox 481 1824 592 1860; x_wconf 87' lang='lat' dir='ltr'>ineptus</span> <span class='ocrx_word' id='word_1_405' title='bbox 603 1833 659 1852; x_wconf 82' lang='lat' dir='ltr'>ave.</span> 
     </span>
    </p>

    <p class='ocr_par' dir='ltr' id='par_1_32' title="bbox 79 1860 1196 1974">
     <span class='ocr_line' id='line_1_46' title="bbox 79 1860 1196 1901; baseline 0.001 -10"><span class='ocrx_word' id='word_1_406' title='bbox 79 1864 163 1892; x_wconf 69' lang='lat' dir='ltr'>Aveto</span> <span class='ocrx_word' id='word_1_407' title='bbox 175 1885 181 1897; x_wconf 90' lang='lat'>,</span> <span class='ocrx_word' id='word_1_408' title='bbox 202 1863 231 1891; x_wconf 91' lang='lat' dir='ltr'>in</span> <span class='ocrx_word' id='word_1_409' title='bbox 242 1864 295 1893; x_wconf 80' lang='lat' dir='ltr'>fine</span> <span class='ocrx_word' id='word_1_410' title='bbox 309 1862 430 1901; x_wconf 66' lang='lat' dir='ltr'>epistolae</span> <span class='ocrx_word' id='word_1_411' title='bbox 440 1884 447 1895; x_wconf 85' lang='lat'>,</span> <span class='ocrx_word' id='word_1_412' title='bbox 469 1871 518 1899; x_wconf 87' lang='lat' dir='ltr'>pro</span> <span class='ocrx_word' id='word_1_413' title='bbox 536 1861 661 1890; x_wconf 78' lang='lat' dir='ltr'>Gaudete</span> <span class='ocrx_word' id='word_1_414' title='bbox 670 1861 713 1890; x_wconf 91' lang='lat' dir='ltr'>vel</span> <span class='ocrx_word' id='word_1_415' title='bbox 724 1860 840 1890; x_wconf 85' lang='lat' dir='ltr'>Salveto.</span> <span class='ocrx_word' id='word_1_416' title='bbox 860 1861 964 1891; x_wconf 81' lang='lat' dir='ltr'>Sallust.</span> <span class='ocrx_word' id='word_1_417' title='bbox 978 1863 1008 1891; x_wconf 88' lang='lat' dir='ltr'>in</span> <span class='ocrx_word' id='word_1_418' title='bbox 1018 1862 1131 1898; x_wconf 84' lang='lat' dir='ltr'>Conjur.</span> <span class='ocrx_word' id='word_1_419' title='bbox 1143 1861 1196 1892; x_wconf 64' lang='lat' dir='ltr'>Cae·</span> 
     </span>
     <span class='ocr_line' id='line_1_47' title="bbox 96 1899 1193 1937; baseline 0.001 -8"><span class='ocrx_word' id='word_1_420' title='bbox 96 1900 135 1929; x_wconf 80' lang='lat' dir='ltr'>til.</span> <span class='ocrx_word' id='word_1_421' title='bbox 145 1910 167 1929; x_wconf 93' lang='lat' dir='ltr'>c.</span> <span class='ocrx_word' id='word_1_422' title='bbox 183 1910 225 1936; x_wconf 54' lang='grc' dir='ltr'><strong>ῖς.</strong></span> <span class='ocrx_word' id='word_1_423' title='bbox 249 1902 331 1930; x_wconf 86' lang='lat' dir='ltr'>Nunc</span> <span class='ocrx_word' id='word_1_424' title='bbox 343 1899 496 1930; x_wconf 89' lang='lat' dir='ltr'>Orestillam</span> <span class='ocrx_word' id='word_1_425' title='bbox 508 1899 556 1927; x_wconf 94' lang='lat' dir='ltr'>tibi</span> <span class='ocrx_word' id='word_1_426' title='bbox 567 1900 753 1934; x_wconf 83' lang='lat' dir='ltr'>commendo,</span> <span class='ocrx_word' id='word_1_427' title='bbox 774 1907 883 1937; x_wconf 65' lang='lat' dir='ltr'>tuteque</span> <span class='ocrx_word' id='word_1_428' title='bbox 895 1900 960 1930; x_wconf 87' lang='lat' dir='ltr'>fidei</span> <span class='ocrx_word' id='word_1_429' title='bbox 969 1901 1047 1930; x_wconf 86' lang='lat' dir='ltr'>trado</span> <span class='ocrx_word' id='word_1_430' title='bbox 1059 1910 1066 1930; x_wconf 74' lang='grc' dir='ltr'><strong><em>ε</em></strong></span> <span class='ocrx_word' id='word_1_431' title='bbox 1088 1910 1149 1931; x_wconf 87' lang='lat' dir='ltr'>eam</span> <span class='ocrx_word' id='word_1_432' title='bbox 1159 1899 1193 1930; x_wconf 84' lang='lat' dir='ltr'>ab</span> 
     </span>
     <span class='ocr_line' id='line_1_48' title="bbox 98 1937 849 1974; baseline 0.001 -8"><span class='ocrx_word' id='word_1_433' title='bbox 98 1938 196 1973; x_wconf 88' lang='lat' dir='ltr'>injuria</span> <span class='ocrx_word' id='word_1_434' title='bbox 205 1939 338 1968; x_wconf 82' lang='lat' dir='ltr'>defendas</span> <span class='ocrx_word' id='word_1_435' title='bbox 350 1961 357 1973; x_wconf 92' lang='lat'>,</span> <span class='ocrx_word' id='word_1_436' title='bbox 398 1937 426 1967; x_wconf 69' lang='lat' dir='ltr'>br</span> <span class='ocrx_word' id='word_1_437' title='bbox 438 1937 538 1966; x_wconf 87' lang='lat' dir='ltr'>liberos</span> <span class='ocrx_word' id='word_1_438' title='bbox 549 1943 610 1966; x_wconf 85' lang='lat' dir='ltr'>tuos</span> <span class='ocrx_word' id='word_1_439' title='bbox 620 1943 739 1974; x_wconf 79' lang='lat' dir='ltr'>rogatus.</span> <span class='ocrx_word' id='word_1_440' title='bbox 760 1944 849 1968; x_wconf 86' lang='lat' dir='ltr'>avetO.</span> 
     </span>
    </p>

    <p class='ocr_par' dir='ltr' id='par_1_33' title="bbox 80 1948 620 2011">
     <span class='ocr_line' id='line_1_49' title="bbox 80 1948 620 2011; baseline -0.006 -5"><span class='ocrx_word' id='word_1_441' title='bbox 80 1978 166 2006; x_wconf 86' lang='lat' dir='ltr'>Avere</span> <span class='ocrx_word' id='word_1_442' title='bbox 179 1998 186 2011; x_wconf 90' lang='lat'>,</span> <span class='ocrx_word' id='word_1_443' title='bbox 208 1976 329 2011; x_wconf 57' lang='lat' dir='ltr'>Salvere„</span> <span class='ocrx_word' id='word_1_444' title='bbox 365 1948 483 2006; x_wconf 53' lang='lat' dir='ltr'>islartial.</span> <span class='ocrx_word' id='word_1_445' title='bbox 497 1974 545 2004; x_wconf 86' lang='lat' dir='ltr'>lib.</span> <span class='ocrx_word' id='word_1_446' title='bbox 557 1985 581 2009; x_wconf 79' lang='lat'>9.</span> <span class='ocrx_word' id='word_1_447' title='bbox 596 1981 620 2009; x_wconf 91' lang='lat'>8.</span> 
     </span>
    </p>

    <p class='ocr_par' dir='ltr' id='par_1_34' title="bbox 2 2010 766 2049">
     <span class='ocr_line' id='line_1_50' title="bbox 2 2010 766 2049; baseline -0.007 -3"><span class='ocrx_word' id='word_1_448' title='bbox 2 2043 3 2046; x_wconf 74' lang='lat'>.</span> <span class='ocrx_word' id='word_1_449' title='bbox 156 2010 216 2049; x_wconf 73' lang='lat' dir='ltr'>jam</span> <span class='ocrx_word' id='word_1_450' title='bbox 231 2010 292 2044; x_wconf 81' lang='lat' dir='ltr'>satis</span> <span class='ocrx_word' id='word_1_451' title='bbox 308 2013 363 2049; x_wconf 62' lang='lat' dir='ltr'>est4</span> <span class='ocrx_word' id='word_1_452' title='bbox 386 2023 444 2042; x_wconf 90' lang='lat' dir='ltr'>non</span> <span class='ocrx_word' id='word_1_453' title='bbox 455 2013 495 2042; x_wconf 91' lang='lat' dir='ltr'>vis</span> <span class='ocrx_word' id='word_1_454' title='bbox 506 2013 567 2042; x_wconf 88' lang='lat' dir='ltr'>Afer</span> <span class='ocrx_word' id='word_1_455' title='bbox 579 2022 658 2041; x_wconf 90' lang='lat' dir='ltr'>avere</span> <span class='ocrx_word' id='word_1_456' title='bbox 669 2035 676 2047; x_wconf 93' lang='lat'>,</span> <span class='ocrx_word' id='word_1_457' title='bbox 697 2012 766 2042; x_wconf 86' lang='lat' dir='ltr'>vale.</span> 
     </span>
    </p>

    <p class='ocr_par' dir='ltr' id='par_1_35' title="bbox 48 2048 1195 2090">
     <span class='ocr_line' id='line_1_51' title="bbox 48 2048 1195 2090; baseline 0.002 -11"><span class='ocrx_word' id='word_1_458' title='bbox 48 2075 49 2078; x_wconf 70' lang='grc'>,</span> <span class='ocrx_word' id='word_1_459' title='bbox 79 2052 99 2081; x_wconf 84' lang='grc' dir='ltr'><strong>Α</strong></span> <span class='ocrx_word' id='word_1_460' title='bbox 110 2052 248 2081; x_wconf 88' lang='lat' dir='ltr'>veteribus</span> <span class='ocrx_word' id='word_1_461' title='bbox 258 2062 307 2090; x_wconf 86' lang='lat' dir='ltr'>per</span> <span class='ocrx_word' id='word_1_462' title='bbox 321 2052 345 2081; x_wconf 88' lang='lat' dir='ltr'><strong>H</strong></span> <span class='ocrx_word' id='word_1_463' title='bbox 361 2050 493 2089; x_wconf 87' lang='lat' dir='ltr'>scriptum</span> <span class='ocrx_word' id='word_1_464' title='bbox 512 2051 568 2086; x_wconf 86' lang='lat' dir='ltr'>est·‚</span> <span class='ocrx_word' id='word_1_465' title='bbox 596 2057 627 2080; x_wconf 89' lang='lat' dir='ltr'>ut</span> <span class='ocrx_word' id='word_1_466' title='bbox 638 2050 694 2080; x_wconf 90' lang='lat' dir='ltr'>Cic.</span> <span class='ocrx_word' id='word_1_467' title='bbox 705 2056 722 2084; x_wconf 88' lang='lat'>8</span> <span class='ocrx_word' id='word_1_468' title='bbox 750 2050 824 2080; x_wconf 87' lang='lat' dir='ltr'>Fam.</span> <span class='ocrx_word' id='word_1_469' title='bbox 840 2054 880 2080; x_wconf 81' lang='lat'>16.</span> <span class='ocrx_word' id='word_1_470' title='bbox 922 2048 1012 2081; x_wconf 88' lang='lat' dir='ltr'>Simul</span> <span class='ocrx_word' id='word_1_471' title='bbox 1026 2057 1107 2089; x_wconf 84' lang='lat' dir='ltr'>atque</span> <span class='ocrx_word' id='word_1_472' title='bbox 1124 2050 1195 2081; x_wconf 79' lang='lat' dir='ltr'>have</span> 
     </span>
    </p>

    <p class='ocr_par' dir='ltr' id='par_1_36' title="bbox 2 2088 965 2125">
     <span class='ocr_line' id='line_1_52' title="bbox 2 2088 965 2125; baseline 0.001 -7"><span class='ocrx_word' id='word_1_473' title='bbox 2 2113 4 2122; x_wconf 52' lang='lat'>.</span> <span class='ocrx_word' id='word_1_474' title='bbox 96 2089 164 2118; x_wconf 90' lang='lat' dir='ltr'>mihi</span> <span class='ocrx_word' id='word_1_475' title='bbox 175 2090 252 2119; x_wconf 78' lang='lat' dir='ltr'>dixit.</span> <span class='ocrx_word' id='word_1_476' title='bbox 299 2090 329 2118; x_wconf 86' lang='lat' dir='ltr'>V.</span> <span class='ocrx_word' id='word_1_477' title='bbox 351 2089 441 2119; x_wconf 88' lang='lat' dir='ltr'>Burm.</span> <span class='ocrx_word' id='word_1_478' title='bbox 461 2088 580 2125; x_wconf 85' lang='lat' dir='ltr'>Quintil.</span> <span class='ocrx_word' id='word_1_479' title='bbox 597 2099 618 2117; x_wconf 85' lang='lat'>1.</span> <span class='ocrx_word' id='word_1_480' title='bbox 635 2092 660 2118; x_wconf 91' lang='lat'>6.</span> <span class='ocrx_word' id='word_1_481' title='bbox 701 2089 775 2119; x_wconf 85' lang='lat' dir='ltr'>Cort.</span> <span class='ocrx_word' id='word_1_482' title='bbox 787 2090 822 2117; x_wconf 87' lang='lat' dir='ltr'>ad</span> <span class='ocrx_word' id='word_1_483' title='bbox 834 2089 898 2119; x_wconf 79' lang='lat' dir='ltr'>Sall.</span> <span class='ocrx_word' id='word_1_484' title='bbox 911 2089 965 2119; x_wconf 89' lang='lat' dir='ltr'>d.l.</span> 
     </span>
    </p>

    <p class='ocr_par' dir='ltr' id='par_1_37' title="bbox 7 2124 1196 2164">
     <span class='ocr_line' id='line_1_53' title="bbox 7 2124 1196 2164; baseline -0.001 -7"><span class='ocrx_word' id='word_1_485' title='bbox 7 2138 13 2151; x_wconf 83' lang='lat'><em>¹</em></span> <span class='ocrx_word' id='word_1_486' title='bbox 44 2129 111 2158; x_wconf 61' lang='lat' dir='ltr'>Avi:</span> <span class='ocrx_word' id='word_1_487' title='bbox 122 2137 140 2156; x_wconf 76' lang='lat' dir='ltr'><strong>H</strong></span> <span class='ocrx_word' id='word_1_488' title='bbox 151 2138 167 2156; x_wconf 90' lang='lat' dir='ltr'>o</span> <span class='ocrx_word' id='word_1_489' title='bbox 178 2147 186 2162; x_wconf 91' lang='lat'>,</span> <span class='ocrx_word' id='word_1_490' title='bbox 207 2129 235 2156; x_wconf 82' lang='lat' dir='ltr'>xi</span> <span class='ocrx_word' id='word_1_491' title='bbox 245 2150 252 2163; x_wconf 88' lang='lat'>,</span> <span class='ocrx_word' id='word_1_492' title='bbox 278 2128 353 2157; x_wconf 67' lang='lat' dir='ltr'>etum</span> <span class='ocrx_word' id='word_1_493' title='bbox 365 2150 373 2161; x_wconf 88' lang='lat'>,</span> <span class='ocrx_word' id='word_1_494' title='bbox 396 2124 528 2163; x_wconf 65' lang='grc' dir='ltr'>[ἀπ-α’]ω]</span> <span class='ocrx_word' id='word_1_495' title='bbox 550 2129 604 2155; x_wconf 74' lang='lat' dir='ltr'>ere.</span> <span class='ocrx_word' id='word_1_496' title='bbox 629 2127 668 2156; x_wconf 82' lang='lat' dir='ltr'>Ex</span> <span class='ocrx_word' id='word_1_497' title='bbox 684 2127 747 2155; x_wconf 90' lang='lat' dir='ltr'>loco</span> <span class='ocrx_word' id='word_1_498' title='bbox 760 2126 853 2164; x_wconf 86' lang='lat' dir='ltr'>aliquo</span> <span class='ocrx_word' id='word_1_499' title='bbox 866 2127 900 2156; x_wconf 88' lang='lat' dir='ltr'>ad</span> <span class='ocrx_word' id='word_1_500' title='bbox 911 2127 997 2156; x_wconf 88' lang='lat' dir='ltr'>alium</span> <span class='ocrx_word' id='word_1_501' title='bbox 1006 2127 1116 2156; x_wconf 87' lang='lat' dir='ltr'>vehere.</span> <span class='ocrx_word' id='word_1_502' title='bbox 1130 2125 1196 2156; x_wconf 88' lang='lat' dir='ltr'>Ter.</span> 
     </span>
    </p>

    <p class='ocr_par' dir='ltr' id='par_1_38' title="bbox 62 2164 1198 2391">
     <span class='ocr_line' id='line_1_54' title="bbox 80 2164 1198 2201; baseline -0.001 -7"><span class='ocrx_word' id='word_1_503' title='bbox 80 2164 155 2195; x_wconf 84' lang='lat' dir='ltr'>Adel.</span> <span class='ocrx_word' id='word_1_504' title='bbox 168 2177 192 2200; x_wconf 77' lang='lat'>4.</span> <span class='ocrx_word' id='word_1_505' title='bbox 209 2176 230 2201; x_wconf 83' lang='lat'>5.</span> <span class='ocrx_word' id='word_1_506' title='bbox 246 2176 285 2201; x_wconf 80' lang='lat'>19.</span> <span class='ocrx_word' id='word_1_507' title='bbox 309 2165 333 2195; x_wconf 88' lang='lat' dir='ltr'>Is</span> <span class='ocrx_word' id='word_1_508' title='bbox 343 2165 419 2194; x_wconf 91' lang='lat' dir='ltr'>venit</span> <span class='ocrx_word' id='word_1_509' title='bbox 431 2171 461 2194; x_wconf 90' lang='lat' dir='ltr'>ut</span> <span class='ocrx_word' id='word_1_510' title='bbox 477 2164 568 2193; x_wconf 91' lang='lat' dir='ltr'>secum</span> <span class='ocrx_word' id='word_1_511' title='bbox 581 2165 685 2194; x_wconf 85' lang='lat' dir='ltr'>avehat.</span> <span class='ocrx_word' id='word_1_512' title='bbox 720 2165 795 2194; x_wconf 82' lang='lat' dir='ltr'>Suet.</span> <span class='ocrx_word' id='word_1_513' title='bbox 813 2166 841 2193; x_wconf 90' lang='lat' dir='ltr'>in</span> <span class='ocrx_word' id='word_1_514' title='bbox 863 2165 927 2194; x_wconf 83' lang='lat' dir='ltr'>Caes.</span> <span class='ocrx_word' id='word_1_515' title='bbox 939 2170 983 2195; x_wconf 87' lang='lat'>66.</span> <span class='ocrx_word' id='word_1_516' title='bbox 1024 2165 1059 2194; x_wconf 89' lang='lat' dir='ltr'>Et</span> <span class='ocrx_word' id='word_1_517' title='bbox 1078 2174 1144 2194; x_wconf 85' lang='lat' dir='ltr'>mox</span> <span class='ocrx_word' id='word_1_518' title='bbox 1161 2173 1198 2193; x_wconf 84' lang='lat' dir='ltr'>ex</span> 
     </span>
     <span class='ocr_line' id='line_1_55' title="bbox 78 2202 1198 2242; baseline 0 -10"><span class='ocrx_word' id='word_1_519' title='bbox 78 2204 237 2242; x_wconf 63' lang='lat' dir='ltr'>praefectura</span> <span class='ocrx_word' id='word_1_520' title='bbox 248 2203 424 2242; x_wconf 83' lang='lat' dir='ltr'>proficiscens</span> <span class='ocrx_word' id='word_1_521' title='bbox 433 2203 461 2231; x_wconf 89' lang='lat' dir='ltr'>in</span> <span class='ocrx_word' id='word_1_522' title='bbox 472 2202 631 2239; x_wconf 79' lang='lat' dir='ltr'>Hispaniam</span> <span class='ocrx_word' id='word_1_523' title='bbox 643 2224 652 2239; x_wconf 90' lang='lat'>,</span> <span class='ocrx_word' id='word_1_524' title='bbox 673 2203 746 2232; x_wconf 89' lang='lat' dir='ltr'>inter</span> <span class='ocrx_word' id='word_1_525' title='bbox 762 2203 853 2232; x_wconf 85' lang='lat' dir='ltr'>officia</span> <span class='ocrx_word' id='word_1_526' title='bbox 865 2203 1089 2241; x_wconf 86' lang='lat' dir='ltr'>prosequentium</span> <span class='ocrx_word' id='word_1_527' title='bbox 1102 2202 1198 2232; x_wconf 86' lang='lat' dir='ltr'>fasces-</span> 
     </span>
     <span class='ocr_line' id='line_1_56' title="bbox 100 2241 538 2271; baseline -0.005 -1"><span class='ocrx_word' id='word_1_528' title='bbox 100 2251 133 2270; x_wconf 84' lang='lat' dir='ltr'>ue</span> <span class='ocrx_word' id='word_1_529' title='bbox 145 2241 269 2271; x_wconf 49' lang='lat' dir='ltr'>liciorum</span> <span class='ocrx_word' id='word_1_530' title='bbox 280 2241 377 2270; x_wconf 64' lang='lat' dir='ltr'>lec⁶tica</span> <span class='ocrx_word' id='word_1_531' title='bbox 386 2241 430 2269; x_wconf 89' lang='lat' dir='ltr'>sua</span> <span class='ocrx_word' id='word_1_532' title='bbox 438 2241 538 2270; x_wconf 78' lang='lat' dir='ltr'>avexit.</span> 
     </span>
     <span class='ocr_line' id='line_1_57' title="bbox 62 2277 1197 2317; baseline 0.002 -10"><span class='ocrx_word' id='word_1_533' title='bbox 62 2292 69 2314; x_wconf 64' lang='lat' dir='ltr'><em>s</em></span> <span class='ocrx_word' id='word_1_534' title='bbox 103 2279 216 2313; x_wconf 86' lang='lat' dir='ltr'>vehere,</span> <span class='ocrx_word' id='word_1_535' title='bbox 238 2280 291 2308; x_wconf 79' lang='lat' dir='ltr'>line</span> <span class='ocrx_word' id='word_1_536' title='bbox 301 2278 501 2316; x_wconf 77' lang='lat' dir='ltr'>praepositione.</span> <span class='ocrx_word' id='word_1_537' title='bbox 543 2277 600 2306; x_wconf 91' lang='lat' dir='ltr'>Liv.</span> <span class='ocrx_word' id='word_1_538' title='bbox 616 2289 639 2307; x_wconf 87' lang='lat'>1.</span> <span class='ocrx_word' id='word_1_539' title='bbox 663 2278 776 2316; x_wconf 86' lang='lat' dir='ltr'>Equites</span> <span class='ocrx_word' id='word_1_540' title='bbox 795 2279 924 2308; x_wconf 81' lang='lat' dir='ltr'>mercede</span> <span class='ocrx_word' id='word_1_541' title='bbox 943 2279 1100 2308; x_wconf 65' lang='lat' dir='ltr'>condustos</span> <span class='ocrx_word' id='word_1_542' title='bbox 1116 2278 1197 2317; x_wconf 82' lang='lat' dir='ltr'>AEgy-</span> 
     </span>
     <span class='ocr_line' id='line_1_58' title="bbox 64 2316 590 2354; baseline -0.004 -8"><span class='ocrx_word' id='word_1_543' title='bbox 64 2340 70 2346; x_wconf 95' lang='lat'>.</span> <span class='ocrx_word' id='word_1_544' title='bbox 99 2325 176 2354; x_wconf 88' lang='lat' dir='ltr'>ptum</span> <span class='ocrx_word' id='word_1_545' title='bbox 192 2318 293 2346; x_wconf 80' lang='lat' dir='ltr'>avexit.</span> <span class='ocrx_word' id='word_1_546' title='bbox 315 2317 332 2345; x_wconf 92' lang='lat' dir='ltr'>i.</span> <span class='ocrx_word' id='word_1_547' title='bbox 346 2327 370 2345; x_wconf 89' lang='lat' dir='ltr'>e.</span> <span class='ocrx_word' id='word_1_548' title='bbox 392 2316 422 2346; x_wconf 90' lang='lat' dir='ltr'>In</span> <span class='ocrx_word' id='word_1_549' title='bbox 433 2317 590 2353; x_wconf 77' lang='lat' dir='ltr'>AEgyptum.</span> 
     </span>
     <span class='ocr_line' id='line_1_59' title="bbox 80 2353 1196 2391; baseline 0 -7"><span class='ocrx_word' id='word_1_550' title='bbox 80 2355 199 2385; x_wconf 85' lang='lat' dir='ltr'>Avehere</span> <span class='ocrx_word' id='word_1_551' title='bbox 209 2355 244 2383; x_wconf 82' lang='lat' dir='ltr'>ab</span> <span class='ocrx_word' id='word_1_552' title='bbox 254 2354 344 2391; x_wconf 78' lang='lat' dir='ltr'>aliquo</span> <span class='ocrx_word' id='word_1_553' title='bbox 355 2355 426 2384; x_wconf 89' lang='lat' dir='ltr'>loco.</span> <span class='ocrx_word' id='word_1_554' title='bbox 468 2355 545 2383; x_wconf 85' lang='lat' dir='ltr'>Plaut</span> <span class='ocrx_word' id='word_1_555' title='bbox 567 2353 643 2383; x_wconf 80' lang='lat' dir='ltr'>Men.</span> <span class='ocrx_word' id='word_1_556' title='bbox 660 2364 683 2390; x_wconf 83' lang='grc' dir='ltr'><strong>ς.</strong></span> <span class='ocrx_word' id='word_1_557' title='bbox 700 2363 726 2389; x_wconf 80' lang='lat'>9.</span> <span class='ocrx_word' id='word_1_558' title='bbox 743 2357 786 2390; x_wconf 89' lang='lat'>56.</span> <span class='ocrx_word' id='word_1_559' title='bbox 817 2354 896 2391; x_wconf 80' lang='lat' dir='ltr'>Quot</span> <span class='ocrx_word' id='word_1_560' title='bbox 914 2364 972 2384; x_wconf 89' lang='lat' dir='ltr'>eras</span> <span class='ocrx_word' id='word_1_561' title='bbox 989 2363 1078 2384; x_wconf 86' lang='lat' dir='ltr'>annos</span> <span class='ocrx_word' id='word_1_562' title='bbox 1099 2361 1196 2389; x_wconf 72' lang='lat' dir='ltr'>natus,</span> 
     </span>
    </p>

    <p class='ocr_par' dir='ltr' id='par_1_39' title="bbox 7 2392 565 2435">
     <span class='ocr_line' id='line_1_60' title="bbox 7 2392 565 2435; baseline -0.004 -13"><span class='ocrx_word' id='word_1_563' title='bbox 7 2424 14 2435; x_wconf 48' lang='grc' dir='ltr'><strong><em>Ι</em></strong></span> <span class='ocrx_word' id='word_1_564' title='bbox 100 2402 183 2430; x_wconf 88' lang='lat' dir='ltr'>quum</span> <span class='ocrx_word' id='word_1_565' title='bbox 198 2400 225 2422; x_wconf 89' lang='lat' dir='ltr'>te</span> <span class='ocrx_word' id='word_1_566' title='bbox 237 2400 312 2430; x_wconf 85' lang='lat' dir='ltr'>pater</span> <span class='ocrx_word' id='word_1_567' title='bbox 324 2403 337 2421; x_wconf 87' lang='lat' dir='ltr'>a</span> <span class='ocrx_word' id='word_1_568' title='bbox 351 2393 439 2430; x_wconf 87' lang='lat' dir='ltr'>patria</span> <span class='ocrx_word' id='word_1_569' title='bbox 452 2392 543 2423; x_wconf 85' lang='lat' dir='ltr'>avehit</span> <span class='ocrx_word' id='word_1_570' title='bbox 552 2393 565 2420; x_wconf 79' lang='lat'>‘2</span> 
     </span>
    </p>

    <p class='ocr_par' dir='ltr' id='par_1_40' title="bbox 46 2428 1196 2582">
     <span class='ocr_line' id='line_1_61' title="bbox 46 2428 1196 2466; baseline -0.001 -6"><span class='ocrx_word' id='word_1_571' title='bbox 46 2430 385 2466; x_wconf 61' lang='lat' dir='ltr'>Avsst1.A,[’A?mae]</span> <span class='ocrx_word' id='word_1_572' title='bbox 415 2428 460 2459; x_wconf 90' lang='lat' dir='ltr'>vel</span> <span class='ocrx_word' id='word_1_573' title='bbox 488 2432 731 2464; x_wconf 75' lang='lat' dir='ltr'>AVFLL1NUM,</span> <span class='ocrx_word' id='word_1_574' title='bbox 764 2430 790 2459; x_wconf 73' lang='lat' dir='ltr'>St</span> <span class='ocrx_word' id='word_1_575' title='bbox 810 2430 921 2466; x_wconf 86' lang='lat' dir='ltr'>antique</span> <span class='ocrx_word' id='word_1_576' title='bbox 948 2430 1196 2466; x_wconf 65' lang='lat' dir='ltr'>AssatnrNuru,</span> 
     </span>
     <span class='ocr_line' id='line_1_62' title="bbox 82 2467 1191 2506; baseline 0 -8"><span class='ocrx_word' id='word_1_577' title='bbox 82 2469 226 2506; x_wconf 82' lang='lat' dir='ltr'>Oppidum</span> <span class='ocrx_word' id='word_1_578' title='bbox 239 2468 414 2506; x_wconf 64' lang='lat' dir='ltr'>Campaniae:</span> <span class='ocrx_word' id='word_1_579' title='bbox 436 2478 451 2497; x_wconf 89' lang='lat' dir='ltr'>a</span> <span class='ocrx_word' id='word_1_580' title='bbox 468 2477 522 2505; x_wconf 83' lang='lat' dir='ltr'>quo</span> <span class='ocrx_word' id='word_1_581' title='bbox 537 2467 673 2497; x_wconf 78' lang='lat' dir='ltr'>Avellanae</span> <span class='ocrx_word' id='word_1_582' title='bbox 687 2477 778 2497; x_wconf 88' lang='lat' dir='ltr'>nuces.</span> <span class='ocrx_word' id='word_1_583' title='bbox 820 2468 938 2496; x_wconf 87' lang='lat' dir='ltr'>Servius.</span> <span class='ocrx_word' id='word_1_584' title='bbox 958 2467 1005 2497; x_wconf 90' lang='lat' dir='ltr'>Sil.</span> <span class='ocrx_word' id='word_1_585' title='bbox 1017 2467 1065 2497; x_wconf 89' lang='lat' dir='ltr'>lib.</span> <span class='ocrx_word' id='word_1_586' title='bbox 1080 2473 1105 2502; x_wconf 91' lang='lat'>8.</span> <span class='ocrx_word' id='word_1_587' title='bbox 1130 2479 1191 2503; x_wconf 67' lang='lat'>520.</span> 
     </span>
     <span class='ocr_line' id='line_1_63' title="bbox 81 2504 1194 2543; baseline -0.001 -6"><span class='ocrx_word' id='word_1_588' title='bbox 81 2508 106 2537; x_wconf 82' lang='lat'>&amp;</span> <span class='ocrx_word' id='word_1_589' title='bbox 126 2518 186 2542; x_wconf 81' lang='lat'>545.</span> <span class='ocrx_word' id='word_1_590' title='bbox 325 2522 359 2525; x_wconf 87' lang='lat'><em>-</em></span> <span class='ocrx_word' id='word_1_591' title='bbox 372 2507 397 2535; x_wconf 68' lang='lat' dir='ltr'>St</span> <span class='ocrx_word' id='word_1_592' title='bbox 414 2514 520 2543; x_wconf 84' lang='lat' dir='ltr'>pauper</span> <span class='ocrx_word' id='word_1_593' title='bbox 537 2505 602 2534; x_wconf 86' lang='lat' dir='ltr'>sulci</span> <span class='ocrx_word' id='word_1_594' title='bbox 613 2505 726 2534; x_wconf 80' lang='lat' dir='ltr'>cerealis</span> <span class='ocrx_word' id='word_1_595' title='bbox 740 2504 839 2534; x_wconf 87' lang='lat' dir='ltr'>Avella.</span> <span class='ocrx_word' id='word_1_596' title='bbox 958 2505 990 2535; x_wconf 88' lang='lat' dir='ltr'>V.</span> <span class='ocrx_word' id='word_1_597' title='bbox 1009 2505 1094 2535; x_wconf 86' lang='lat' dir='ltr'>Strab.</span> <span class='ocrx_word' id='word_1_598' title='bbox 1107 2505 1155 2536; x_wconf 88' lang='lat' dir='ltr'>lib.</span> <span class='ocrx_word' id='word_1_599' title='bbox 1170 2517 1194 2542; x_wconf 82' lang='lat'>5.</span> 
     </span>
     <span class='ocr_line' id='line_1_64' title="bbox 82 2543 1196 2582; baseline 0.001 -8"><span class='ocrx_word' id='word_1_600' title='bbox 82 2547 149 2574; x_wconf 74' lang='lat' dir='ltr'>Avs</span> <span class='ocrx_word' id='word_1_601' title='bbox 160 2555 175 2572; x_wconf 87' lang='lat'>1.</span> <span class='ocrx_word' id='word_1_602' title='bbox 187 2548 224 2573; x_wconf 67' lang='lat' dir='ltr'>LK</span> <span class='ocrx_word' id='word_1_603' title='bbox 237 2553 256 2572; x_wconf 91' lang='lat' dir='ltr'>N</span> <span class='ocrx_word' id='word_1_604' title='bbox 269 2554 315 2573; x_wconf 70' lang='lat' dir='ltr'>um</span> <span class='ocrx_word' id='word_1_605' title='bbox 326 2565 334 2579; x_wconf 90' lang='lat'>‚</span> <span class='ocrx_word' id='word_1_606' title='bbox 363 2544 437 2582; x_wconf 83' lang='lat' dir='ltr'>apud</span> <span class='ocrx_word' id='word_1_607' title='bbox 457 2544 581 2573; x_wconf 88' lang='lat' dir='ltr'>Servium</span> <span class='ocrx_word' id='word_1_608' title='bbox 591 2544 619 2572; x_wconf 92' lang='lat' dir='ltr'>in</span> <span class='ocrx_word' id='word_1_609' title='bbox 630 2543 700 2581; x_wconf 86' lang='lat' dir='ltr'>Virg.</span> <span class='ocrx_word' id='word_1_610' title='bbox 713 2552 739 2572; x_wconf 89' lang='lat'>2.</span> <span class='ocrx_word' id='word_1_611' title='bbox 754 2543 853 2581; x_wconf 88' lang='lat' dir='ltr'>Georg.</span> <span class='ocrx_word' id='word_1_612' title='bbox 865 2546 910 2579; x_wconf 85' lang='lat'>65..</span> <span class='ocrx_word' id='word_1_613' title='bbox 951 2543 982 2573; x_wconf 91' lang='lat' dir='ltr'>V.</span> <span class='ocrx_word' id='word_1_614' title='bbox 1006 2554 1049 2572; x_wconf 80' lang='lat' dir='ltr'>AB</span> <span class='ocrx_word' id='word_1_615' title='bbox 1059 2554 1147 2573; x_wconf 72' lang='lat' dir='ltr'>ELLA</span> <span class='ocrx_word' id='word_1_616' title='bbox 1169 2546 1196 2575; x_wconf 90' lang='lat'>&amp;</span> 
     </span>
    </p>

    <p class='ocr_par' dir='ltr' id='par_1_41' title="bbox 3 2592 316 2611">
     <span class='ocr_line' id='line_1_65' title="bbox 3 2592 316 2611; baseline -0.003 0"><span class='ocrx_word' id='word_1_617' title='bbox 3 2593 8 2606; x_wconf 62' lang='lat'><strong>⁴</strong></span> <span class='ocrx_word' id='word_1_618' title='bbox 84 2593 101 2611; x_wconf 72' lang='grc' dir='ltr'>Α</span> <span class='ocrx_word' id='word_1_619' title='bbox 112 2593 126 2610; x_wconf 75' lang='lat' dir='ltr'>B</span> <span class='ocrx_word' id='word_1_620' title='bbox 136 2593 150 2611; x_wconf 80' lang='lat' dir='ltr'>E</span> <span class='ocrx_word' id='word_1_621' title='bbox 160 2593 175 2610; x_wconf 91' lang='lat' dir='ltr'>L</span> <span class='ocrx_word' id='word_1_622' title='bbox 184 2593 200 2610; x_wconf 83' lang='lat' dir='ltr'>L</span> <span class='ocrx_word' id='word_1_623' title='bbox 210 2593 218 2610; x_wconf 84' lang='lat'><em>1</em></span> <span class='ocrx_word' id='word_1_624' title='bbox 229 2592 248 2610; x_wconf 81' lang='lat' dir='ltr'>N</span> <span class='ocrx_word' id='word_1_625' title='bbox 260 2593 276 2611; x_wconf 80' lang='lat' dir='ltr'>U</span> <span class='ocrx_word' id='word_1_626' title='bbox 286 2593 316 2611; x_wconf 85' lang='lat' dir='ltr'>M.</span> 
     </span>
    </p>

    <p class='ocr_par' dir='ltr' id='par_1_42' title="bbox 10 2616 1193 2656">
     <span class='ocr_line' id='line_1_66' title="bbox 10 2616 1193 2656; baseline -0.001 -6"><span class='ocrx_word' id='word_1_627' title='bbox 10 2637 11 2641; x_wconf 66' lang='lat'><em>=</em></span> <span class='ocrx_word' id='word_1_628' title='bbox 47 2621 91 2652; x_wconf 85' lang='lat' dir='ltr'>Av</span> <span class='ocrx_word' id='word_1_629' title='bbox 101 2630 114 2649; x_wconf 77' lang='lat' dir='ltr'>a</span> <span class='ocrx_word' id='word_1_630' title='bbox 124 2632 161 2649; x_wconf 66' lang='grc' dir='ltr'>ιι,</span> <span class='ocrx_word' id='word_1_631' title='bbox 169 2623 184 2648; x_wconf 65' lang='grc' dir='ltr'>Ξ</span> <span class='ocrx_word' id='word_1_632' title='bbox 196 2629 214 2648; x_wconf 91' lang='grc' dir='ltr'><strong>Ν</strong></span> <span class='ocrx_word' id='word_1_633' title='bbox 227 2630 254 2654; x_wconf 68' lang='grc' dir='ltr'>Α,</span> <span class='ocrx_word' id='word_1_634' title='bbox 266 2630 295 2648; x_wconf 75' lang='lat' dir='ltr'>ae.</span> <span class='ocrx_word' id='word_1_635' title='bbox 308 2620 326 2648; x_wconf 85' lang='lat' dir='ltr'>f.</span> <span class='ocrx_word' id='word_1_636' title='bbox 339 2616 518 2655; x_wconf 56' lang='grc' dir='ltr'>[λεπῦιανῖρυω]</span> <span class='ocrx_word' id='word_1_637' title='bbox 534 2618 600 2648; x_wconf 71' lang='lat' dir='ltr'>Nux</span> <span class='ocrx_word' id='word_1_638' title='bbox 608 2626 641 2648; x_wconf 75' lang='lat' dir='ltr'>ex</span> <span class='ocrx_word' id='word_1_639' title='bbox 652 2618 748 2647; x_wconf 87' lang='lat' dir='ltr'>arbore</span> <span class='ocrx_word' id='word_1_640' title='bbox 757 2627 817 2655; x_wconf 83' lang='lat' dir='ltr'>quae</span> <span class='ocrx_word' id='word_1_641' title='bbox 827 2618 944 2656; x_wconf 86' lang='lat' dir='ltr'>Corylus</span> <span class='ocrx_word' id='word_1_642' title='bbox 953 2619 1061 2648; x_wconf 86' lang='lat' dir='ltr'>dicitur.</span> <span class='ocrx_word' id='word_1_643' title='bbox 1071 2619 1193 2650; x_wconf 83' lang='lat' dir='ltr'>Plin.lib.</span> 
     </span>
    </p>

    <p class='ocr_par' dir='ltr' id='par_1_43' title="bbox 4 2655 1194 2695">
     <span class='ocr_line' id='line_1_67' title="bbox 4 2655 1194 2695; baseline 0.001 -8"><span class='ocrx_word' id='word_1_644' title='bbox 4 2668 9 2687; x_wconf 72' lang='grc' dir='ltr'><strong>ι</strong></span> <span class='ocrx_word' id='word_1_645' title='bbox 86 2669 96 2688; x_wconf 86' lang='lat'>1</span> <span class='ocrx_word' id='word_1_646' title='bbox 104 2667 238 2695; x_wconf 54' lang='lat' dir='ltr'>§.capam</span> <span class='ocrx_word' id='word_1_647' title='bbox 264 2658 366 2687; x_wconf 84' lang='lat' dir='ltr'>Ceteris</span> <span class='ocrx_word' id='word_1_648' title='bbox 377 2657 506 2693; x_wconf 82' lang='lat' dir='ltr'>quicquid</span> <span class='ocrx_word' id='word_1_649' title='bbox 516 2657 562 2690; x_wconf 70' lang='lat' dir='ltr'>est,</span> <span class='ocrx_word' id='word_1_650' title='bbox 570 2655 687 2686; x_wconf 88' lang='lat' dir='ltr'>solidum</span> <span class='ocrx_word' id='word_1_651' title='bbox 697 2657 752 2685; x_wconf 77' lang='lat' dir='ltr'>est:</span> <span class='ocrx_word' id='word_1_652' title='bbox 769 2663 799 2685; x_wconf 88' lang='lat' dir='ltr'>ut</span> <span class='ocrx_word' id='word_1_653' title='bbox 809 2658 836 2684; x_wconf 93' lang='lat' dir='ltr'>in</span> <span class='ocrx_word' id='word_1_654' title='bbox 845 2657 976 2686; x_wconf 82' lang='lat' dir='ltr'>avellanis</span> <span class='ocrx_word' id='word_1_655' title='bbox 985 2659 1010 2686; x_wconf 69' lang='lat' dir='ltr'>Sc</span> <span class='ocrx_word' id='word_1_656' title='bbox 1019 2657 1078 2695; x_wconf 88' lang='lat' dir='ltr'>ipso</span> <span class='ocrx_word' id='word_1_657' title='bbox 1089 2667 1194 2688; x_wconf 88' lang='lat' dir='ltr'>nucum</span> 
     </span>
    </p>

    <p class='ocr_par' dir='ltr' id='par_1_44' title="bbox 84 2694 1196 2734">
     <span class='ocr_line' id='line_1_68' title="bbox 84 2694 1196 2734; baseline 0 -9"><span class='ocrx_word' id='word_1_658' title='bbox 84 2702 192 2734; x_wconf 78' lang='lat' dir='ltr'>genere,</span> <span class='ocrx_word' id='word_1_659' title='bbox 206 2703 270 2733; x_wconf 77' lang='lat' dir='ltr'>quas</span> <span class='ocrx_word' id='word_1_660' title='bbox 280 2702 360 2724; x_wconf 78' lang='lat' dir='ltr'>antea</span> <span class='ocrx_word' id='word_1_661' title='bbox 373 2695 508 2724; x_wconf 70' lang='lat' dir='ltr'>Abellinas</span> <span class='ocrx_word' id='word_1_662' title='bbox 517 2695 604 2731; x_wconf 85' lang='lat' dir='ltr'>patrio</span> <span class='ocrx_word' id='word_1_663' title='bbox 616 2696 730 2723; x_wconf 85' lang='lat' dir='ltr'>nomine</span> <span class='ocrx_word' id='word_1_664' title='bbox 742 2694 886 2724; x_wconf 77' lang='lat' dir='ltr'>vocabant.</span> <span class='ocrx_word' id='word_1_665' title='bbox 908 2695 939 2724; x_wconf 92' lang='lat' dir='ltr'>ln</span> <span class='ocrx_word' id='word_1_666' title='bbox 953 2695 1037 2724; x_wconf 75' lang='lat' dir='ltr'>Asiam</span> <span class='ocrx_word' id='word_1_667' title='bbox 1049 2696 1196 2725; x_wconf 65' lang='lat' dir='ltr'>Graeciam-</span> 
     </span>
    </p>

    <p class='ocr_par' dir='ltr' id='par_1_45' title="bbox 82 2733 1194 2771">
     <span class='ocr_line' id='line_1_69' title="bbox 82 2733 1194 2771; baseline 0.001 -8"><span class='ocrx_word' id='word_1_668' title='bbox 82 2741 135 2771; x_wconf 75' lang='lat' dir='ltr'>que</span> <span class='ocrx_word' id='word_1_669' title='bbox 147 2743 161 2763; x_wconf 89' lang='lat' dir='ltr'>e</span> <span class='ocrx_word' id='word_1_670' title='bbox 171 2734 257 2762; x_wconf 85' lang='lat' dir='ltr'>Ponto</span> <span class='ocrx_word' id='word_1_671' title='bbox 268 2743 384 2763; x_wconf 85' lang='lat' dir='ltr'>venere:</span> <span class='ocrx_word' id='word_1_672' title='bbox 406 2734 432 2763; x_wconf 66' lang='grc' dir='ltr'>δέ</span> <span class='ocrx_word' id='word_1_673' title='bbox 442 2733 506 2762; x_wconf 87' lang='lat' dir='ltr'>ideo</span> <span class='ocrx_word' id='word_1_674' title='bbox 517 2733 636 2761; x_wconf 71' lang='lat' dir='ltr'>Ponticae</span> <span class='ocrx_word' id='word_1_675' title='bbox 647 2742 732 2762; x_wconf 89' lang='lat' dir='ltr'>nuces</span> <span class='ocrx_word' id='word_1_676' title='bbox 748 2740 890 2762; x_wconf 78' lang='lat' dir='ltr'>vocantur.</span> <span class='ocrx_word' id='word_1_677' title='bbox 930 2733 985 2762; x_wconf 86' lang='lat' dir='ltr'>Sed</span> <span class='ocrx_word' id='word_1_678' title='bbox 996 2735 1021 2763; x_wconf 68' lang='grc' dir='ltr'>ἂ</span> <span class='ocrx_word' id='word_1_679' title='bbox 1034 2733 1194 2764; x_wconf 81' lang='lat' dir='ltr'>Prenestinae</span> 
     </span>
    </p>

    <p class='ocr_par' dir='ltr' id='par_1_46' title="bbox 82 2770 1100 2808">
     <span class='ocr_line' id='line_1_70' title="bbox 82 2770 1100 2808; baseline -0.001 -7"><span class='ocrx_word' id='word_1_680' title='bbox 82 2773 226 2805; x_wconf 87' lang='lat' dir='ltr'>dicuntur,</span> <span class='ocrx_word' id='word_1_681' title='bbox 245 2779 275 2800; x_wconf 89' lang='lat' dir='ltr'>ut</span> <span class='ocrx_word' id='word_1_682' title='bbox 288 2772 369 2800; x_wconf 81' lang='lat' dir='ltr'>tradit</span> <span class='ocrx_word' id='word_1_683' title='bbox 380 2770 504 2801; x_wconf 84' lang='lat' dir='ltr'>Macrob.</span> <span class='ocrx_word' id='word_1_684' title='bbox 519 2779 542 2805; x_wconf 87' lang='lat'>3.</span> <span class='ocrx_word' id='word_1_685' title='bbox 555 2771 662 2799; x_wconf 85' lang='lat' dir='ltr'>Saturn.</span> <span class='ocrx_word' id='word_1_686' title='bbox 674 2780 734 2808; x_wconf 86' lang='lat' dir='ltr'>cap.</span> <span class='ocrx_word' id='word_1_687' title='bbox 750 2776 790 2803; x_wconf 79' lang='lat'>18-</span> <span class='ocrx_word' id='word_1_688' title='bbox 804 2770 877 2799; x_wconf 83' lang='lat' dir='ltr'>conf.</span> <span class='ocrx_word' id='word_1_689' title='bbox 895 2780 911 2799; x_wconf 80' lang='lat' dir='ltr'>A</span> <span class='ocrx_word' id='word_1_690' title='bbox 922 2781 935 2798; x_wconf 76' lang='lat' dir='ltr'>n</span> <span class='ocrx_word' id='word_1_691' title='bbox 947 2781 960 2799; x_wconf 72' lang='lat' dir='ltr'>a</span> <span class='ocrx_word' id='word_1_692' title='bbox 970 2781 985 2799; x_wconf 66' lang='lat' dir='ltr'>x.</span> <span class='ocrx_word' id='word_1_693' title='bbox 995 2782 1010 2799; x_wconf 80' lang='lat' dir='ltr'>L</span> <span class='ocrx_word' id='word_1_694' title='bbox 1021 2782 1028 2798; x_wconf 92' lang='lat'>1</span> <span class='ocrx_word' id='word_1_695' title='bbox 1040 2781 1060 2800; x_wconf 98' lang='lat' dir='ltr'>N</span> <span class='ocrx_word' id='word_1_696' title='bbox 1071 2781 1100 2801; x_wconf 85' lang='lat' dir='ltr'>A.</span> 
     </span>
    </p>

    <p class='ocr_par' dir='ltr' id='par_1_47' title="bbox 0 2805 1195 2848">
     <span class='ocr_line' id='line_1_71' title="bbox 0 2805 1195 2848; baseline 0.001 -9"><span class='ocrx_word' id='word_1_697' title='bbox 0 2819 11 2835; x_wconf 49' lang='lat' dir='ltr'>*r</span> <span class='ocrx_word' id='word_1_698' title='bbox 45 2812 203 2842; x_wconf 55' lang='lat' dir='ltr'>Avstto’.</span> <span class='ocrx_word' id='word_1_699' title='bbox 224 2809 270 2838; x_wconf 84' lang='lat' dir='ltr'>elli</span> <span class='ocrx_word' id='word_1_700' title='bbox 290 2812 315 2839; x_wconf 70' lang='lat' dir='ltr'>S:</span> <span class='ocrx_word' id='word_1_701' title='bbox 333 2809 398 2844; x_wconf 78' lang='lat' dir='ltr'>ulsr,</span> <span class='ocrx_word' id='word_1_702' title='bbox 426 2808 529 2842; x_wconf 80' lang='lat' dir='ltr'>uisum,</span> <span class='ocrx_word' id='word_1_703' title='bbox 551 2806 708 2844; x_wconf 53' lang='grc' dir='ltr'>[λ’παπνίω,</span> <span class='ocrx_word' id='word_1_704' title='bbox 729 2805 867 2843; x_wconf 50' lang='lat' dir='ltr'>manta]</span> <span class='ocrx_word' id='word_1_705' title='bbox 888 2812 942 2838; x_wconf 80' lang='lat' dir='ltr'>ere.</span> <span class='ocrx_word' id='word_1_706' title='bbox 980 2809 1001 2838; x_wconf 85' lang='lat' dir='ltr'>A</span> <span class='ocrx_word' id='word_1_707' title='bbox 1014 2807 1079 2838; x_wconf 89' lang='lat' dir='ltr'>loco</span> <span class='ocrx_word' id='word_1_708' title='bbox 1102 2811 1128 2840; x_wconf 84' lang='lat'>&amp;</span> <span class='ocrx_word' id='word_1_709' title='bbox 1144 2818 1195 2848; x_wconf 80' lang='lat' dir='ltr'>per</span> 
     </span>
    </p>

    <p class='ocr_par' dir='ltr' id='par_1_48' title="bbox 59 2847 1195 3217">
     <span class='ocr_line' id='line_1_72' title="bbox 81 2847 1060 2883; baseline -0.004 -5"><span class='ocrx_word' id='word_1_710' title='bbox 81 2848 137 2879; x_wconf 90' lang='lat' dir='ltr'>vim</span> <span class='ocrx_word' id='word_1_711' title='bbox 148 2847 256 2876; x_wconf 88' lang='lat' dir='ltr'>vellere.</span> <span class='ocrx_word' id='word_1_712' title='bbox 298 2848 368 2883; x_wconf 55' lang='lat' dir='ltr'>Virga.</span> <span class='ocrx_word' id='word_1_713' title='bbox 384 2856 408 2876; x_wconf 89' lang='lat'>2.</span> <span class='ocrx_word' id='word_1_714' title='bbox 422 2847 483 2876; x_wconf 83' lang='lat' dir='ltr'>AEn.</span> <span class='ocrx_word' id='word_1_715' title='bbox 499 2850 559 2881; x_wconf 82' lang='lat'>165.</span> <span class='ocrx_word' id='word_1_716' title='bbox 1057 2858 1060 2859; x_wconf 45' lang='lat'><em>⁷</em></span> 
     </span>
     <span class='ocr_line' id='line_1_73' title="bbox 122 2883 966 2923; baseline -0.006 -8"><span class='ocrx_word' id='word_1_717' title='bbox 122 2885 212 2915; x_wconf 82' lang='lat' dir='ltr'>Fatale</span> <span class='ocrx_word' id='word_1_718' title='bbox 224 2885 332 2923; x_wconf 61' lang='lat' dir='ltr'>agarelli</span> <span class='ocrx_word' id='word_1_719' title='bbox 343 2885 444 2914; x_wconf 78' lang='lat' dir='ltr'>sacrato</span> <span class='ocrx_word' id='word_1_720' title='bbox 454 2884 570 2913; x_wconf 82' lang='lat' dir='ltr'>avellere</span> <span class='ocrx_word' id='word_1_721' title='bbox 581 2883 687 2921; x_wconf 82' lang='lat' dir='ltr'>templo</span> <span class='ocrx_word' id='word_1_722' title='bbox 963 2917 966 2920; x_wconf 70' lang='lat'><em>,</em></span> 
     </span>
     <span class='ocr_line' id='line_1_74' title="bbox 123 2921 1193 2961; baseline 0.002 -9"><span class='ocrx_word' id='word_1_723' title='bbox 123 2923 282 2952; x_wconf 78' lang='lat' dir='ltr'>Palladium.</span> <span class='ocrx_word' id='word_1_724' title='bbox 324 2923 376 2952; x_wconf 87' lang='lat' dir='ltr'>Ubi</span> <span class='ocrx_word' id='word_1_725' title='bbox 389 2923 508 2957; x_wconf 81' lang='lat' dir='ltr'>Servius,</span> <span class='ocrx_word' id='word_1_726' title='bbox 520 2922 651 2955; x_wconf 78' lang='lat' dir='ltr'>Avellere,</span> <span class='ocrx_word' id='word_1_727' title='bbox 666 2921 919 2951; x_wconf 84' lang='lat' dir='ltr'>ostenditinvitum.</span> <span class='ocrx_word' id='word_1_728' title='bbox 932 2921 1193 2961; x_wconf 73' lang='lat' dir='ltr'>plin-lib.2.cap.78.</span> 
     </span>
     <span class='ocr_line' id='line_1_75' title="bbox 82 2959 1194 2998; baseline 0.002 -8"><span class='ocrx_word' id='word_1_729' title='bbox 82 2960 229 2990; x_wconf 78' lang='lat' dir='ltr'>Cohaerens</span> <span class='ocrx_word' id='word_1_730' title='bbox 241 2962 266 2991; x_wconf 61' lang='grc' dir='ltr'>ἃ</span> <span class='ocrx_word' id='word_1_731' title='bbox 279 2960 403 2995; x_wconf 81' lang='lat' dir='ltr'>Avulsus,</span> <span class='ocrx_word' id='word_1_732' title='bbox 428 2960 572 2989; x_wconf 77' lang='lat' dir='ltr'>contraria.</span> <span class='ocrx_word' id='word_1_733' title='bbox 615 2959 681 2988; x_wconf 88' lang='lat' dir='ltr'>Plin.</span> <span class='ocrx_word' id='word_1_734' title='bbox 697 2959 746 2989; x_wconf 93' lang='lat' dir='ltr'>lib.</span> <span class='ocrx_word' id='word_1_735' title='bbox 761 2970 784 2996; x_wconf 86' lang='lat'>3.</span> <span class='ocrx_word' id='word_1_736' title='bbox 802 2970 862 2998; x_wconf 89' lang='lat' dir='ltr'>cap.</span> <span class='ocrx_word' id='word_1_737' title='bbox 877 2966 901 2993; x_wconf 79' lang='lat'>8.</span> <span class='ocrx_word' id='word_1_738' title='bbox 936 2960 1087 2996; x_wconf 82' lang='lat' dir='ltr'>Quondam</span> <span class='ocrx_word' id='word_1_739' title='bbox 1100 2962 1194 2992; x_wconf 89' lang='lat' dir='ltr'>Brutio</span> 
     </span>
     <span class='ocr_line' id='line_1_76' title="bbox 101 2996 1077 3036; baseline 0 -8"><span class='ocrx_word' id='word_1_740' title='bbox 101 3009 163 3036; x_wconf 87' lang='lat' dir='ltr'>agro</span> <span class='ocrx_word' id='word_1_741' title='bbox 174 3000 315 3028; x_wconf 52' lang='lat' dir='ltr'>cohaerens</span> <span class='ocrx_word' id='word_1_742' title='bbox 328 3021 335 3033; x_wconf 85' lang='lat'>,</span> <span class='ocrx_word' id='word_1_743' title='bbox 357 3008 423 3027; x_wconf 78' lang='lat' dir='ltr'>mox</span> <span class='ocrx_word' id='word_1_744' title='bbox 433 2997 563 3027; x_wconf 88' lang='lat' dir='ltr'>interfuso</span> <span class='ocrx_word' id='word_1_745' title='bbox 576 2998 642 3026; x_wconf 87' lang='lat' dir='ltr'>mari</span> <span class='ocrx_word' id='word_1_746' title='bbox 654 2997 751 3026; x_wconf 83' lang='lat' dir='ltr'>avulsa.</span> <span class='ocrx_word' id='word_1_747' title='bbox 793 2997 833 3026; x_wconf 89' lang='lat' dir='ltr'>De</span> <span class='ocrx_word' id='word_1_748' title='bbox 843 2996 937 3026; x_wconf 79' lang='lat' dir='ltr'>Sicilia</span> <span class='ocrx_word' id='word_1_749' title='bbox 947 2998 1077 3035; x_wconf 82' lang='lat' dir='ltr'>loquitur.</span> 
     </span>
     <span class='ocr_line' id='line_1_77' title="bbox 59 3034 1192 3076; baseline 0.001 -10"><span class='ocrx_word' id='word_1_750' title='bbox 59 3071 62 3076; x_wconf 48' lang='grc'><strong>,</strong></span> <span class='ocrx_word' id='word_1_751' title='bbox 82 3036 245 3067; x_wconf 80' lang='lat' dir='ltr'>Avellerevi.</span> <span class='ocrx_word' id='word_1_752' title='bbox 285 3035 341 3066; x_wconf 87' lang='lat' dir='ltr'>Cic.</span> <span class='ocrx_word' id='word_1_753' title='bbox 354 3037 389 3066; x_wconf 92' lang='lat' dir='ltr'>de</span> <span class='ocrx_word' id='word_1_754' title='bbox 399 3034 505 3066; x_wconf 60' lang='lat' dir='ltr'>Seneft.</span> <span class='ocrx_word' id='word_1_755' title='bbox 521 3044 564 3071; x_wconf 87' lang='lat' dir='ltr'>7r.</span> <span class='ocrx_word' id='word_1_756' title='bbox 584 3035 666 3071; x_wconf 76' lang='lat' dir='ltr'>Quasi</span> <span class='ocrx_word' id='word_1_757' title='bbox 679 3045 763 3072; x_wconf 85' lang='lat' dir='ltr'>poma</span> <span class='ocrx_word' id='word_1_758' title='bbox 778 3045 811 3064; x_wconf 81' lang='lat' dir='ltr'>ex</span> <span class='ocrx_word' id='word_1_759' title='bbox 828 3035 970 3065; x_wconf 86' lang='lat' dir='ltr'>arboribus</span> <span class='ocrx_word' id='word_1_760' title='bbox 986 3037 1004 3066; x_wconf 79' lang='lat' dir='ltr'>si</span> <span class='ocrx_word' id='word_1_761' title='bbox 1019 3037 1104 3066; x_wconf 87' lang='lat' dir='ltr'>cruda</span> <span class='ocrx_word' id='word_1_762' title='bbox 1112 3037 1192 3073; x_wconf 89' lang='lat' dir='ltr'>sunt,</span> 
     </span>
     <span class='ocr_line' id='line_1_78' title="bbox 101 3073 768 3106; baseline -0.001 -3"><span class='ocrx_word' id='word_1_763' title='bbox 101 3075 127 3104; x_wconf 86' lang='lat' dir='ltr'>vi</span> <span class='ocrx_word' id='word_1_764' title='bbox 136 3074 305 3104; x_wconf 85' lang='lat' dir='ltr'>avelluntur:</span> <span class='ocrx_word' id='word_1_765' title='bbox 328 3074 462 3104; x_wconf 80' lang='lat' dir='ltr'>limatura</span> <span class='ocrx_word' id='word_1_766' title='bbox 473 3075 498 3103; x_wconf 72' lang='lat' dir='ltr'>Sc</span> <span class='ocrx_word' id='word_1_767' title='bbox 510 3074 603 3106; x_wconf 63' lang='lat' dir='ltr'>costa,</span> <span class='ocrx_word' id='word_1_768' title='bbox 625 3073 768 3103; x_wconf 88' lang='lat' dir='ltr'>decidunt.</span> 
     </span>
     <span class='ocr_line' id='line_1_79' title="bbox 83 3110 1195 3148; baseline 0 -6"><span class='ocrx_word' id='word_1_769' title='bbox 83 3112 238 3142; x_wconf 81' lang='lat' dir='ltr'>Avellere&amp;</span> <span class='ocrx_word' id='word_1_770' title='bbox 250 3112 411 3142; x_wconf 83' lang='lat' dir='ltr'>abstrahere.</span> <span class='ocrx_word' id='word_1_771' title='bbox 452 3112 511 3141; x_wconf 84' lang='lat' dir='ltr'>Cic.</span> <span class='ocrx_word' id='word_1_772' title='bbox 525 3119 574 3148; x_wconf 81' lang='lat' dir='ltr'>pro</span> <span class='ocrx_word' id='word_1_773' title='bbox 588 3111 666 3140; x_wconf 89' lang='lat' dir='ltr'>Font.</span> <span class='ocrx_word' id='word_1_774' title='bbox 685 3115 727 3147; x_wconf 83' lang='lat'>36.</span> <span class='ocrx_word' id='word_1_775' title='bbox 759 3111 834 3141; x_wconf 89' lang='lat' dir='ltr'>Num</span> <span class='ocrx_word' id='word_1_776' title='bbox 851 3111 934 3140; x_wconf 88' lang='lat' dir='ltr'>etiam</span> <span class='ocrx_word' id='word_1_777' title='bbox 952 3110 986 3140; x_wconf 88' lang='lat' dir='ltr'>de</span> <span class='ocrx_word' id='word_1_778' title='bbox 1004 3112 1098 3142; x_wconf 87' lang='lat' dir='ltr'>matris</span> <span class='ocrx_word' id='word_1_779' title='bbox 1117 3112 1195 3142; x_wconf 87' lang='lat' dir='ltr'>hunc</span> 
     </span>
     <span class='ocr_line' id='line_1_80' title="bbox 59 3148 1195 3217; baseline -0.001 -38"><span class='ocrx_word' id='word_1_780' title='bbox 59 3176 84 3207; x_wconf 62' lang='grc' dir='ltr'><strong><em>ο</em></strong></span> <span class='ocrx_word' id='word_1_781' title='bbox 101 3149 410 3217; x_wconf 47' lang='lat' dir='ltr'>1⁰⁰mplex¹¹ffffiinmff</span> <span class='ocrx_word' id='word_1_782' title='bbox 419 3149 631 3186; x_wconf 67' lang='lat' dir='ltr'>miserrimaque</span> <span class='ocrx_word' id='word_1_783' title='bbox 641 3149 773 3185; x_wconf 66' lang='lat' dir='ltr'>foeminae,</span> <span class='ocrx_word' id='word_1_784' title='bbox 792 3148 871 3178; x_wconf 89' lang='lat' dir='ltr'>vobis</span> <span class='ocrx_word' id='word_1_785' title='bbox 883 3149 1111 3188; x_wconf 62' lang='lat' dir='ltr'>inspectantibus,</span> <span class='ocrx_word' id='word_1_786' title='bbox 1123 3150 1195 3180; x_wconf 78' lang='lat' dir='ltr'>avel-</span> 
     </span>
    </p>

    <p class='ocr_par' dir='ltr' id='par_1_49' title="bbox 8 3191 394 3217">
     <span class='ocr_line' id='line_1_81' title="bbox 8 3191 394 3217; baseline 0.003 -1"><span class='ocrx_word' id='word_1_787' title='bbox 8 3198 10 3204; x_wconf 94' lang='lat'><em>·</em></span> <span class='ocrx_word' id='word_1_788' title='bbox 113 3194 140 3217; x_wconf 90' lang='lat' dir='ltr'>et</span> <span class='ocrx_word' id='word_1_789' title='bbox 148 3195 174 3217; x_wconf 86' lang='lat' dir='ltr'>at</span> <span class='ocrx_word' id='word_1_790' title='bbox 195 3198 228 3217; x_wconf 89' lang='lat' dir='ltr'>ue</span> <span class='ocrx_word' id='word_1_791' title='bbox 239 3199 253 3217; x_wconf 85' lang='lat' dir='ltr'>a</span> <span class='ocrx_word' id='word_1_792' title='bbox 277 3191 283 3216; x_wconf 80' lang='lat' dir='ltr'>i</span> <span class='ocrx_word' id='word_1_793' title='bbox 298 3198 324 3217; x_wconf 84' lang='lat' dir='ltr'>ra</span> <span class='ocrx_word' id='word_1_794' title='bbox 333 3193 394 3217; x_wconf 57' lang='lat' dir='ltr'>iet:</span> 
     </span>
    </p>

    <p class='ocr_par' dir='ltr' id='par_1_50' title="bbox 83 3198 1195 3293">
     <span class='ocr_line' id='line_1_82' title="bbox 83 3198 1195 3264; baseline 0.001 -9"><span class='ocrx_word' id='word_1_795' title='bbox 83 3198 194 3255; x_wconf 41' lang='lat' dir='ltr'>Avulsuzi</span> <span class='ocrx_word' id='word_1_796' title='bbox 206 3226 289 3255; x_wconf 78' lang='lat' dir='ltr'>asnis.</span> <span class='ocrx_word' id='word_1_797' title='bbox 328 3225 386 3258; x_wconf 59' lang='lat' dir='ltr'>Cic*¹</span> <span class='ocrx_word' id='word_1_798' title='bbox 398 3235 448 3264; x_wconf 89' lang='lat' dir='ltr'>pro</span> <span class='ocrx_word' id='word_1_799' title='bbox 460 3225 551 3255; x_wconf 89' lang='lat' dir='ltr'>Domo</span> <span class='ocrx_word' id='word_1_800' title='bbox 561 3225 623 3262; x_wconf 90' lang='lat' dir='ltr'>sua,</span> <span class='ocrx_word' id='word_1_801' title='bbox 643 3235 704 3261; x_wconf 77' lang='lat'>145.</span> <span class='ocrx_word' id='word_1_802' title='bbox 736 3225 772 3254; x_wconf 89' lang='lat' dir='ltr'>Ut</span> <span class='ocrx_word' id='word_1_803' title='bbox 788 3230 956 3263; x_wconf 83' lang='lat' dir='ltr'>perpetuum</span> <span class='ocrx_word' id='word_1_804' title='bbox 976 3224 1103 3255; x_wconf 89' lang='lat' dir='ltr'>dolorem</span> <span class='ocrx_word' id='word_1_805' title='bbox 1121 3225 1195 3256; x_wconf 88' lang='lat' dir='ltr'>avul-</span> 
     </span>
     <span class='ocr_line' id='line_1_83' title="bbox 100 3263 422 3293; baseline 0 -1"><span class='ocrx_word' id='word_1_806' title='bbox 100 3263 142 3293; x_wconf 80' lang='lat' dir='ltr'>sus</span> <span class='ocrx_word' id='word_1_807' title='bbox 152 3274 167 3292; x_wconf 91' lang='lat' dir='ltr'>a</span> <span class='ocrx_word' id='word_1_808' title='bbox 179 3264 246 3292; x_wconf 89' lang='lat' dir='ltr'>meis</span> <span class='ocrx_word' id='word_1_809' title='bbox 256 3263 422 3293; x_wconf 85' lang='lat' dir='ltr'>sustinerem.</span> 
     </span>
    </p>

    <p class='ocr_par' dir='ltr' id='par_1_51' title="bbox 0 3298 1195 3368">
     <span class='ocr_line' id='line_1_84' title="bbox 0 3298 1195 3368; baseline 0.001 -37"><span class='ocrx_word' id='word_1_810' title='bbox 0 3307 12 3327; x_wconf 68' lang='lat' dir='ltr'>&#39;l</span> <span class='ocrx_word' id='word_1_811' title='bbox 83 3298 168 3368; x_wconf 50' lang='lat' dir='ltr'>Aveilss</span> <span class='ocrx_word' id='word_1_812' title='bbox 180 3302 281 3331; x_wconf 82' lang='lat' dir='ltr'>fundus</span> <span class='ocrx_word' id='word_1_813' title='bbox 292 3300 411 3339; x_wconf 80' lang='lat' dir='ltr'>emptori</span> <span class='ocrx_word' id='word_1_814' title='bbox 424 3311 481 3330; x_wconf 90' lang='lat' dir='ltr'>non</span> <span class='ocrx_word' id='word_1_815' title='bbox 490 3300 586 3339; x_wconf 87' lang='lat' dir='ltr'>potest.</span> <span class='ocrx_word' id='word_1_816' title='bbox 610 3300 734 3331; x_wconf 85' lang='lat' dir='ltr'>Marcell.</span> <span class='ocrx_word' id='word_1_817' title='bbox 747 3300 804 3330; x_wconf 89' lang='lat' dir='ltr'>inl.</span> <span class='ocrx_word' id='word_1_818' title='bbox 816 3300 924 3339; x_wconf 88' lang='lat' dir='ltr'>penult.</span> <span class='ocrx_word' id='word_1_819' title='bbox 948 3300 982 3330; x_wconf 90' lang='lat' dir='ltr'>D.</span> <span class='ocrx_word' id='word_1_820' title='bbox 1005 3299 1040 3330; x_wconf 92' lang='lat' dir='ltr'>de</span> <span class='ocrx_word' id='word_1_821' title='bbox 1053 3301 1132 3331; x_wconf 86' lang='lat' dir='ltr'>fund.</span> <span class='ocrx_word' id='word_1_822' title='bbox 1146 3302 1195 3332; x_wconf 80' lang='lat' dir='ltr'>do·</span> 
     </span>
    </p>

    <p class='ocr_par' dir='ltr' id='par_1_52' title="bbox 99 3344 211 3368">
     <span class='ocr_line' id='line_1_85' title="bbox 99 3344 211 3368; baseline 0 0"><span class='ocrx_word' id='word_1_823' title='bbox 99 3344 127 3368; x_wconf 87' lang='lat' dir='ltr'>ta</span> <span class='ocrx_word' id='word_1_824' title='bbox 139 3349 147 3368; x_wconf 82' lang='lat' dir='ltr'>r</span> <span class='ocrx_word' id='word_1_825' title='bbox 171 3349 211 3368; x_wconf 74' lang='lat' dir='ltr'>us.</span> 
     </span>
    </p>

    <p class='ocr_par' dir='ltr' id='par_1_53' title="bbox 82 3376 1028 3442">
     <span class='ocr_line' id='line_1_86' title="bbox 82 3376 1028 3442; baseline 0 -36"><span class='ocrx_word' id='word_1_826' title='bbox 82 3376 198 3442; x_wconf 74' lang='lat' dir='ltr'>Evsrgno</span> <span class='ocrx_word' id='word_1_827' title='bbox 224 3376 329 3406; x_wconf 85' lang='lat' dir='ltr'>Cereris</span> <span class='ocrx_word' id='word_1_828' title='bbox 354 3376 408 3406; x_wconf 92' lang='lat' dir='ltr'>hoc</span> <span class='ocrx_word' id='word_1_829' title='bbox 436 3376 613 3407; x_wconf 84' lang='lat' dir='ltr'>avellendum</span> <span class='ocrx_word' id='word_1_830' title='bbox 642 3376 893 3415; x_wconf 85' lang='lat' dir='ltr'>asportandumque</span> <span class='ocrx_word' id='word_1_831' title='bbox 915 3377 1028 3406; x_wconf 84' lang='lat' dir='ltr'>curavit.</span> 
     </span>
    </p>

    <p class='ocr_par' dir='ltr' id='par_1_54' title="bbox 58 3423 251 3443">
     <span class='ocr_line' id='line_1_87' title="bbox 58 3423 251 3443; baseline 0 0"><span class='ocrx_word' id='word_1_832' title='bbox 58 3430 61 3434; x_wconf 83' lang='lat'><em>-</em></span> <span class='ocrx_word' id='word_1_833' title='bbox 125 3425 172 3443; x_wconf 88' lang='lat' dir='ltr'>err.</span> <span class='ocrx_word' id='word_1_834' title='bbox 192 3425 198 3443; x_wconf 88' lang='grc' dir='ltr'>ι</span> <span class='ocrx_word' id='word_1_835' title='bbox 210 3423 251 3443; x_wconf 86' lang='lat' dir='ltr'>ro.</span> 
     </span>
    </p>

    <p class='ocr_par' dir='ltr' id='par_1_55' title="bbox 62 3448 1196 3491">
     <span class='ocr_line' id='line_1_88' title="bbox 62 3448 1196 3491; baseline 0.001 -9"><span class='ocrx_word' id='word_1_836' title='bbox 62 3454 64 3457; x_wconf 79' lang='grc'><strong>“</strong></span> <span class='ocrx_word' id='word_1_837' title='bbox 83 3451 194 3483; x_wconf 86' lang='lat' dir='ltr'>Avulsus</span> <span class='ocrx_word' id='word_1_838' title='bbox 203 3452 252 3482; x_wconf 85' lang='lat' dir='ltr'>his.</span> <span class='ocrx_word' id='word_1_839' title='bbox 293 3451 362 3481; x_wconf 92' lang='lat' dir='ltr'>Plin.</span> <span class='ocrx_word' id='word_1_840' title='bbox 373 3448 421 3481; x_wconf 91' lang='lat' dir='ltr'>lib.</span> <span class='ocrx_word' id='word_1_841' title='bbox 436 3463 459 3487; x_wconf 81' lang='grc' dir='ltr'><strong>ς.</strong></span> <span class='ocrx_word' id='word_1_842' title='bbox 471 3461 532 3491; x_wconf 86' lang='lat' dir='ltr'>cap.</span> <span class='ocrx_word' id='word_1_843' title='bbox 543 3461 568 3482; x_wconf 88' lang='lat'>2.</span> <span class='ocrx_word' id='word_1_844' title='bbox 601 3451 635 3482; x_wconf 83' lang='lat' dir='ltr'>Et</span> <span class='ocrx_word' id='word_1_845' title='bbox 652 3452 751 3483; x_wconf 90' lang='lat' dir='ltr'>horum</span> <span class='ocrx_word' id='word_1_846' title='bbox 768 3461 829 3489; x_wconf 89' lang='lat' dir='ltr'>pars</span> <span class='ocrx_word' id='word_1_847' title='bbox 852 3451 994 3489; x_wconf 88' lang='lat' dir='ltr'>quondam</span> <span class='ocrx_word' id='word_1_848' title='bbox 1005 3450 1107 3482; x_wconf 87' lang='lat' dir='ltr'>Vesuni</span> <span class='ocrx_word' id='word_1_849' title='bbox 1119 3474 1127 3488; x_wconf 89' lang='lat'>,</span> <span class='ocrx_word' id='word_1_850' title='bbox 1149 3454 1196 3491; x_wconf 86' lang='lat' dir='ltr'>qui</span> 
     </span>
    </p>

    <p class='ocr_par' dir='ltr' id='par_1_56' title="bbox 2 3490 1155 3528">
     <span class='ocr_line' id='line_1_89' title="bbox 2 3490 1155 3528; baseline 0.002 -10"><span class='ocrx_word' id='word_1_851' title='bbox 2 3506 12 3518; x_wconf 55' lang='lat' dir='ltr'>t</span> <span class='ocrx_word' id='word_1_852' title='bbox 103 3490 182 3520; x_wconf 71' lang='lat' dir='ltr'>avulsi</span> <span class='ocrx_word' id='word_1_853' title='bbox 194 3490 254 3524; x_wconf 86' lang='lat' dir='ltr'>his,</span> <span class='ocrx_word' id='word_1_854' title='bbox 276 3490 413 3527; x_wconf 81' lang='lat' dir='ltr'>propriam</span> <span class='ocrx_word' id='word_1_855' title='bbox 425 3490 514 3520; x_wconf 88' lang='lat' dir='ltr'>fecere</span> <span class='ocrx_word' id='word_1_856' title='bbox 526 3495 636 3528; x_wconf 88' lang='lat' dir='ltr'>gentem</span> <span class='ocrx_word' id='word_1_857' title='bbox 647 3490 714 3520; x_wconf 78' lang='lat' dir='ltr'>versi</span> <span class='ocrx_word' id='word_1_858' title='bbox 725 3490 761 3520; x_wconf 90' lang='lat' dir='ltr'>ad</span> <span class='ocrx_word' id='word_1_859' title='bbox 772 3490 925 3527; x_wconf 81' lang='lat' dir='ltr'>AEthiopes.</span> <span class='ocrx_word' id='word_1_860' title='bbox 945 3490 963 3519; x_wconf 85' lang='lat' dir='ltr'>i.</span> <span class='ocrx_word' id='word_1_861' title='bbox 977 3499 1001 3519; x_wconf 91' lang='lat' dir='ltr'>e.</span> <span class='ocrx_word' id='word_1_862' title='bbox 1023 3490 1155 3528; x_wconf 84' lang='lat' dir='ltr'>Separati.</span> 
     </span>
    </p>

    <p class='ocr_par' dir='ltr' id='par_1_57' title="bbox 0 3526 1197 3750">
     <span class='ocr_line' id='line_1_90' title="bbox 86 3526 1168 3564; baseline 0 -7"><span class='ocrx_word' id='word_1_863' title='bbox 86 3528 207 3557; x_wconf 87' lang='lat' dir='ltr'>Frondes</span> <span class='ocrx_word' id='word_1_864' title='bbox 215 3526 339 3556; x_wconf 86' lang='lat' dir='ltr'>avellere.</span> <span class='ocrx_word' id='word_1_865' title='bbox 363 3528 447 3557; x_wconf 92' lang='lat' dir='ltr'>Ovid.</span> <span class='ocrx_word' id='word_1_866' title='bbox 461 3537 486 3557; x_wconf 88' lang='lat'>2.</span> <span class='ocrx_word' id='word_1_867' title='bbox 504 3526 570 3557; x_wconf 78' lang='lat' dir='ltr'>Met.</span> <span class='ocrx_word' id='word_1_868' title='bbox 586 3538 647 3564; x_wconf 70' lang='lat'>³51·</span> <span class='ocrx_word' id='word_1_869' title='bbox 1165 3538 1168 3541; x_wconf 90' lang='lat'>·</span> 
     </span>
     <span class='ocr_line' id='line_1_91' title="bbox 87 3565 1197 3604; baseline -0.001 -10"><span class='ocrx_word' id='word_1_870' title='bbox 87 3565 205 3595; x_wconf 86' lang='lat' dir='ltr'>Avellere</span> <span class='ocrx_word' id='word_1_871' title='bbox 217 3575 261 3595; x_wconf 89' lang='lat' dir='ltr'>rus</span> <span class='ocrx_word' id='word_1_872' title='bbox 271 3565 305 3594; x_wconf 78' lang='lat' dir='ltr'>ab</span> <span class='ocrx_word' id='word_1_873' title='bbox 316 3565 408 3602; x_wconf 69' lang='lat' dir='ltr'>valiquo</span> <span class='ocrx_word' id='word_1_874' title='bbox 417 3588 425 3601; x_wconf 83' lang='lat'>,</span> <span class='ocrx_word' id='word_1_875' title='bbox 442 3576 492 3603; x_wconf 91' lang='lat' dir='ltr'>pro</span> <span class='ocrx_word' id='word_1_876' title='bbox 502 3565 531 3594; x_wconf 89' lang='lat' dir='ltr'>Vi</span> <span class='ocrx_word' id='word_1_877' title='bbox 541 3567 655 3604; x_wconf 87' lang='lat' dir='ltr'>eripere.</span> <span class='ocrx_word' id='word_1_878' title='bbox 695 3565 760 3595; x_wconf 86' lang='lat' dir='ltr'>Ter.</span> <span class='ocrx_word' id='word_1_879' title='bbox 772 3565 841 3595; x_wconf 87' lang='lat' dir='ltr'>Eun.</span> <span class='ocrx_word' id='word_1_880' title='bbox 859 3574 883 3601; x_wconf 91' lang='lat'>3.</span> <span class='ocrx_word' id='word_1_881' title='bbox 898 3573 921 3600; x_wconf 59' lang='grc' dir='ltr'><strong>ζ.</strong></span> <span class='ocrx_word' id='word_1_882' title='bbox 936 3575 977 3601; x_wconf 84' lang='lat'>14.</span> <span class='ocrx_word' id='word_1_883' title='bbox 1001 3565 1092 3595; x_wconf 86' lang='lat' dir='ltr'>Credo</span> <span class='ocrx_word' id='word_1_884' title='bbox 1102 3567 1128 3595; x_wconf 84' lang='lat' dir='ltr'>ei</span> <span class='ocrx_word' id='word_1_885' title='bbox 1138 3567 1197 3604; x_wconf 75' lang='lat' dir='ltr'>pla-</span> 
     </span>
     <span class='ocr_line' id='line_1_92' title="bbox 103 3600 1196 3641; baseline 0.003 -9"><span class='ocrx_word' id='word_1_886' title='bbox 103 3613 166 3632; x_wconf 87' lang='lat' dir='ltr'>cere</span> <span class='ocrx_word' id='word_1_887' title='bbox 173 3603 241 3632; x_wconf 88' lang='lat' dir='ltr'>hoc:</span> <span class='ocrx_word' id='word_1_888' title='bbox 263 3600 352 3641; x_wconf 85' lang='lat' dir='ltr'>sperat</span> <span class='ocrx_word' id='word_1_889' title='bbox 360 3603 388 3632; x_wconf 89' lang='lat' dir='ltr'>se</span> <span class='ocrx_word' id='word_1_890' title='bbox 406 3613 422 3632; x_wconf 88' lang='lat' dir='ltr'>a</span> <span class='ocrx_word' id='word_1_891' title='bbox 432 3613 477 3632; x_wconf 89' lang='lat' dir='ltr'>me</span> <span class='ocrx_word' id='word_1_892' title='bbox 486 3603 614 3633; x_wconf 89' lang='lat' dir='ltr'>avellere.</span> <span class='ocrx_word' id='word_1_893' title='bbox 627 3631 635 3635; x_wconf 77' lang='grc'>,</span> <span class='ocrx_word' id='word_1_894' title='bbox 655 3603 708 3632; x_wconf 90' lang='lat' dir='ltr'>Ubi</span> <span class='ocrx_word' id='word_1_895' title='bbox 728 3603 853 3633; x_wconf 87' lang='lat' dir='ltr'>Donatus</span> <span class='ocrx_word' id='word_1_896' title='bbox 862 3623 871 3639; x_wconf 89' lang='lat'>,</span> <span class='ocrx_word' id='word_1_897' title='bbox 890 3603 969 3633; x_wconf 84' lang='lat' dir='ltr'>Bono</span> <span class='ocrx_word' id='word_1_898' title='bbox 983 3602 1046 3633; x_wconf 86' lang='lat' dir='ltr'>usus</span> <span class='ocrx_word' id='word_1_899' title='bbox 1058 3604 1097 3634; x_wconf 89' lang='lat' dir='ltr'>est</span> <span class='ocrx_word' id='word_1_900' title='bbox 1110 3605 1196 3636; x_wconf 84' lang='lat' dir='ltr'>verbo</span> 
     </span>
     <span class='ocr_line' id='line_1_93' title="bbox 105 3640 762 3679; baseline 0 -9"><span class='ocrx_word' id='word_1_901' title='bbox 105 3640 238 3670; x_wconf 84' lang='lat' dir='ltr'>Avellere:</span> <span class='ocrx_word' id='word_1_902' title='bbox 260 3647 390 3677; x_wconf 87' lang='lat' dir='ltr'>tanquam</span> <span class='ocrx_word' id='word_1_903' title='bbox 401 3651 416 3670; x_wconf 88' lang='lat' dir='ltr'>a</span> <span class='ocrx_word' id='word_1_904' title='bbox 426 3641 604 3679; x_wconf 87' lang='lat' dir='ltr'>pertinaciter</span> <span class='ocrx_word' id='word_1_905' title='bbox 617 3642 762 3671; x_wconf 83' lang='lat' dir='ltr'>retinente.</span> 
     </span>
     <span class='ocr_line' id='line_1_94' title="bbox 0 3677 1197 3717; baseline -0.001 -9"><span class='ocrx_word' id='word_1_906' title='bbox 0 3691 12 3701; x_wconf 38' lang='grc' dir='ltr'>π·</span> <span class='ocrx_word' id='word_1_907' title='bbox 57 3678 62 3682; x_wconf 69' lang='grc'><em>’</em></span> <span class='ocrx_word' id='word_1_908' title='bbox 87 3677 431 3714; x_wconf 83' lang='lat' dir='ltr'>Avellereseameretriee,</span> <span class='ocrx_word' id='word_1_909' title='bbox 451 3679 495 3708; x_wconf 90' lang='lat' dir='ltr'>vel</span> <span class='ocrx_word' id='word_1_910' title='bbox 507 3680 600 3710; x_wconf 90' lang='lat' dir='ltr'>Avelli.</span> <span class='ocrx_word' id='word_1_911' title='bbox 621 3680 684 3709; x_wconf 84' lang='lat' dir='ltr'>Ter.</span> <span class='ocrx_word' id='word_1_912' title='bbox 700 3680 836 3717; x_wconf 84' lang='lat' dir='ltr'>Hecyr.4.</span> <span class='ocrx_word' id='word_1_913' title='bbox 850 3688 872 3708; x_wconf 86' lang='lat'>1.</span> <span class='ocrx_word' id='word_1_914' title='bbox 886 3687 928 3715; x_wconf 81' lang='lat'>39.</span> <span class='ocrx_word' id='word_1_915' title='bbox 952 3677 1056 3715; x_wconf 87' lang='lat' dir='ltr'>Avelli,</span> <span class='ocrx_word' id='word_1_916' title='bbox 1076 3680 1095 3709; x_wconf 93' lang='lat' dir='ltr'>i.</span> <span class='ocrx_word' id='word_1_917' title='bbox 1109 3680 1197 3710; x_wconf 60' lang='lat' dir='ltr'>e-Ab.</span> 
     </span>
     <span class='ocr_line' id='line_1_95' title="bbox 80 3716 804 3750; baseline -0.001 -4"><span class='ocrx_word' id='word_1_918' title='bbox 80 3744 83 3746; x_wconf 76' lang='grc'>,</span> <span class='ocrx_word' id='word_1_919' title='bbox 107 3716 189 3750; x_wconf 87' lang='lat' dir='ltr'>duci,</span> <span class='ocrx_word' id='word_1_920' title='bbox 208 3717 258 3745; x_wconf 62' lang='lat' dir='ltr'>&amp;a</span> <span class='ocrx_word' id='word_1_921' title='bbox 301 3716 341 3745; x_wconf 91' lang='lat' dir='ltr'>De</span> <span class='ocrx_word' id='word_1_922' title='bbox 354 3716 427 3746; x_wconf 78' lang='lat' dir='ltr'>Praet.</span> <span class='ocrx_word' id='word_1_923' title='bbox 448 3717 535 3746; x_wconf 82' lang='lat' dir='ltr'>Avulsr</span> <span class='ocrx_word' id='word_1_924' title='bbox 557 3717 586 3747; x_wconf 87' lang='lat' dir='ltr'>V.</span> <span class='ocrx_word' id='word_1_925' title='bbox 610 3718 637 3745; x_wconf 90' lang='lat' dir='ltr'>in</span> <span class='ocrx_word' id='word_1_926' title='bbox 657 3727 804 3746; x_wconf 64' lang='lat' dir='ltr'>avanto.</span> 
     </span>
    </p>

    <p class='ocr_par' dir='ltr' id='par_1_58' title="bbox 0 3752 1196 3792">
     <span class='ocr_line' id='line_1_96' title="bbox 0 3752 1196 3792; baseline 0.002 -8"><span class='ocrx_word' id='word_1_927' title='bbox 0 3760 6 3780; x_wconf 88' lang='lat'>·&#39;</span> <span class='ocrx_word' id='word_1_928' title='bbox 53 3754 124 3784; x_wconf 82' lang='lat' dir='ltr'>Avo</span> <span class='ocrx_word' id='word_1_929' title='bbox 134 3763 169 3782; x_wconf 72' lang='lat' dir='ltr'>ts</span> <span class='ocrx_word' id='word_1_930' title='bbox 180 3764 232 3789; x_wconf 84' lang='lat'>10,</span> <span class='ocrx_word' id='word_1_931' title='bbox 254 3754 323 3783; x_wconf 74' lang='lat' dir='ltr'>onis.</span> <span class='ocrx_word' id='word_1_932' title='bbox 341 3755 359 3784; x_wconf 89' lang='lat' dir='ltr'>f.</span> <span class='ocrx_word' id='word_1_933' title='bbox 382 3752 570 3790; x_wconf 55' lang='grc' dir='ltr'>[ἀγάπησις]</span> <span class='ocrx_word' id='word_1_934' title='bbox 591 3754 659 3784; x_wconf 88' lang='lat' dir='ltr'>Plin.</span> <span class='ocrx_word' id='word_1_935' title='bbox 670 3753 718 3784; x_wconf 91' lang='lat' dir='ltr'>lib.</span> <span class='ocrx_word' id='word_1_936' title='bbox 734 3762 774 3792; x_wconf 85' lang='lat'>17.</span> <span class='ocrx_word' id='word_1_937' title='bbox 786 3764 847 3791; x_wconf 87' lang='lat' dir='ltr'>cap.</span> <span class='ocrx_word' id='word_1_938' title='bbox 860 3763 902 3782; x_wconf 88' lang='lat'>10.</span> <span class='ocrx_word' id='word_1_939' title='bbox 949 3752 1002 3783; x_wconf 86' lang='lat' dir='ltr'>Aut</span> <span class='ocrx_word' id='word_1_940' title='bbox 1025 3755 1101 3784; x_wconf 89' lang='lat' dir='ltr'>enim</span> <span class='ocrx_word' id='word_1_941' title='bbox 1118 3755 1196 3786; x_wconf 87' lang='lat' dir='ltr'>semi-</span> 
     </span>
    </p>

    <p class='ocr_par' dir='ltr' id='par_1_59' title="bbox 89 3791 1094 3830">
     <span class='ocr_line' id='line_1_97' title="bbox 89 3791 1094 3830; baseline 0.001 -9"><span class='ocrx_word' id='word_1_942' title='bbox 89 3802 122 3821; x_wconf 88' lang='lat' dir='ltr'>ne</span> <span class='ocrx_word' id='word_1_943' title='bbox 131 3792 296 3829; x_wconf 84' lang='lat' dir='ltr'>proveniunt</span> <span class='ocrx_word' id='word_1_944' title='bbox 308 3813 314 3826; x_wconf 94' lang='lat'>,</span> <span class='ocrx_word' id='word_1_945' title='bbox 336 3799 383 3822; x_wconf 88' lang='lat' dir='ltr'>aut</span> <span class='ocrx_word' id='word_1_946' title='bbox 391 3791 492 3830; x_wconf 85' lang='lat' dir='ltr'>plantis</span> <span class='ocrx_word' id='word_1_947' title='bbox 502 3793 601 3822; x_wconf 85' lang='lat' dir='ltr'>radicis</span> <span class='ocrx_word' id='word_1_948' title='bbox 612 3812 619 3824; x_wconf 86' lang='lat'>‚</span> <span class='ocrx_word' id='word_1_949' title='bbox 641 3796 688 3822; x_wconf 81' lang='lat' dir='ltr'>aut</span> <span class='ocrx_word' id='word_1_950' title='bbox 697 3793 849 3830; x_wconf 83' lang='lat' dir='ltr'>propagine</span> <span class='ocrx_word' id='word_1_951' title='bbox 861 3813 868 3825; x_wconf 95' lang='lat'>,</span> <span class='ocrx_word' id='word_1_952' title='bbox 893 3796 941 3819; x_wconf 78' lang='lat' dir='ltr'>aut</span> <span class='ocrx_word' id='word_1_953' title='bbox 948 3791 1094 3822; x_wconf 81' lang='lat' dir='ltr'>avulsione.</span> 
     </span>
    </p>

    <p class='ocr_par' dir='ltr' id='par_1_60' title="bbox 52 3829 1196 3866">
     <span class='ocr_line' id='line_1_98' title="bbox 52 3829 1196 3866; baseline 0.003 -7"><span class='ocrx_word' id='word_1_954' title='bbox 52 3830 126 3859; x_wconf 74' lang='lat' dir='ltr'>Avu</span> <span class='ocrx_word' id='word_1_955' title='bbox 136 3839 221 3858; x_wconf 60' lang='lat' dir='ltr'>usos</span> <span class='ocrx_word' id='word_1_956' title='bbox 232 3851 239 3863; x_wconf 93' lang='lat'>,</span> <span class='ocrx_word' id='word_1_957' title='bbox 261 3830 323 3858; x_wconf 71' lang='lat' dir='ltr'>oris.</span> <span class='ocrx_word' id='word_1_958' title='bbox 345 3839 382 3859; x_wconf 90' lang='lat' dir='ltr'>m.</span> <span class='ocrx_word' id='word_1_959' title='bbox 405 3831 438 3866; x_wconf 80' lang='grc' dir='ltr'>[ὁ</span> <span class='ocrx_word' id='word_1_960' title='bbox 449 3829 617 3865; x_wconf 51' lang='grc' dir='ltr'>ὑπωρέης]</span> <span class='ocrx_word' id='word_1_961' title='bbox 637 3830 705 3860; x_wconf 87' lang='lat' dir='ltr'>Plin.</span> <span class='ocrx_word' id='word_1_962' title='bbox 717 3830 766 3860; x_wconf 92' lang='lat' dir='ltr'>lib.</span> <span class='ocrx_word' id='word_1_963' title='bbox 779 3841 803 3865; x_wconf 90' lang='lat'>9.</span> <span class='ocrx_word' id='word_1_964' title='bbox 817 3839 877 3866; x_wconf 89' lang='lat' dir='ltr'>cap.</span> <span class='ocrx_word' id='word_1_965' title='bbox 891 3839 936 3864; x_wconf 83' lang='lat'>45.</span> <span class='ocrx_word' id='word_1_966' title='bbox 974 3829 1028 3859; x_wconf 91' lang='lat' dir='ltr'>Ubi</span> <span class='ocrx_word' id='word_1_967' title='bbox 1044 3830 1196 3863; x_wconf 87' lang='lat' dir='ltr'>avulsorem</span> 
     </span>
    </p>

    <p class='ocr_par' dir='ltr' id='par_1_61' title="bbox 89 3867 829 3900">
     <span class='ocr_line' id='line_1_99' title="bbox 89 3867 829 3900; baseline 0 -4"><span class='ocrx_word' id='word_1_968' title='bbox 89 3867 191 3896; x_wconf 82' lang='lat' dir='ltr'>sensere</span> <span class='ocrx_word' id='word_1_969' title='bbox 201 3887 209 3900; x_wconf 88' lang='lat'>,</span> <span class='ocrx_word' id='word_1_970' title='bbox 230 3869 377 3897; x_wconf 60' lang='lat' dir='ltr'>eontractae</span> <span class='ocrx_word' id='word_1_971' title='bbox 390 3867 478 3897; x_wconf 86' lang='lat' dir='ltr'>multo</span> <span class='ocrx_word' id='word_1_972' title='bbox 487 3868 625 3898; x_wconf 81' lang='lat' dir='ltr'>difficilius</span> <span class='ocrx_word' id='word_1_973' title='bbox 633 3868 829 3897; x_wconf 83' lang='lat' dir='ltr'>abstrahuntur.</span> 
     </span>
    </p>
   </div>
   <div class='ocr_carea' id='block_1_5' title="bbox 0 3886 1192 3972">
    <p class='ocr_par' dir='ltr' id='par_1_62' title="bbox 0 3886 1192 3972">
     <span class='ocr_line' id='line_1_100' title="bbox 0 3886 1192 3972; baseline 0.003 -37"><span class='ocrx_word' id='word_1_974' title='bbox 0 3886 14 3914; x_wconf 34' lang='grc' dir='ltr'>Ἰ</span> <span class='ocrx_word' id='word_1_975' title='bbox 54 3904 98 3965; x_wconf 82' lang='lat' dir='ltr'>Av</span> <span class='ocrx_word' id='word_1_976' title='bbox 107 3909 123 3935; x_wconf 71' lang='grc' dir='ltr'>Ε</span> <span class='ocrx_word' id='word_1_977' title='bbox 133 3914 251 3972; x_wconf 47' lang='lat' dir='ltr'>NVA0‚L&#39;23.</span> <span class='ocrx_word' id='word_1_978' title='bbox 265 3904 291 3972; x_wconf 61' lang='lat' dir='ltr'>Is.</span> <span class='ocrx_word' id='word_1_979' title='bbox 313 3906 438 3943; x_wconf 60' lang='grc' dir='ltr'><strong><em>[βςόμῶυ</em></strong></span> <span class='ocrx_word' id='word_1_980' title='bbox 448 3905 464 3941; x_wconf 88' lang='grc'>]</span> <span class='ocrx_word' id='word_1_981' title='bbox 484 3905 577 3936; x_wconf 84' lang='lat' dir='ltr'>Genus</span> <span class='ocrx_word' id='word_1_982' title='bbox 587 3906 625 3936; x_wconf 83' lang='lat' dir='ltr'>est</span> <span class='ocrx_word' id='word_1_983' title='bbox 635 3906 767 3936; x_wconf 86' lang='lat' dir='ltr'>frumenti</span> <span class='ocrx_word' id='word_1_984' title='bbox 778 3913 885 3935; x_wconf 89' lang='lat' dir='ltr'>notum.</span> <span class='ocrx_word' id='word_1_985' title='bbox 907 3903 1028 3935; x_wconf 62' lang='lat' dir='ltr'>PlinAib.</span> <span class='ocrx_word' id='word_1_986' title='bbox 1035 3911 1143 3946; x_wconf 84' lang='lat' dir='ltr'>18.cap.</span> <span class='ocrx_word' id='word_1_987' title='bbox 1151 3915 1192 3946; x_wconf 85' lang='lat'>17.</span> 
     </span>
    </p>
   </div>
   <div class='ocr_carea' id='block_1_6' title="bbox 0 288 34 2135">
    <p class='ocr_par' dir='ltr' id='par_1_63' title="bbox 0 288 34 2135">
     <span class='ocr_line' id='line_1_101' title="bbox 0 288 34 2135; baseline 0 0"><span class='ocrx_word' id='word_1_988' title='bbox 0 288 34 2135; x_wconf 95' lang='lat' dir='ltr'> </span> 
     </span>
    </p>
   </div>
   <div class='ocr_carea' id='block_1_7' title="bbox 0 2695 11 2798">
    <p class='ocr_par' dir='ltr' id='par_1_64' title="bbox 0 2695 11 2798">
     <span class='ocr_line' id='line_1_102' title="bbox 0 2695 11 2798; textangle 90"><span class='ocrx_word' id='word_1_989' title='bbox 0 2744 11 2798; x_wconf 47' lang='lat' dir='ltr'>»vnn</span> <span class='ocrx_word' id='word_1_990' title='bbox 8 2707 11 2712; x_wconf 84' lang='grc'><strong>.</strong></span> <span class='ocrx_word' id='word_1_991' title='bbox 4 2695 5 2698; x_wconf 31' lang='grc' dir='ltr'><em>Α</em></span> 
     </span>
    </p>
   </div>
   <div class='ocr_carea' id='block_1_8' title="bbox 1086 3377 1194 3409">
    <p class='ocr_par' dir='ltr' id='par_1_65' title="bbox 1086 3377 1194 3409">
     <span class='ocr_line' id='line_1_103' title="bbox 1086 3377 1194 3409; baseline 0.019 -2"><span class='ocrx_word' id='word_1_992' title='bbox 1086 3377 1146 3407; x_wconf 88' lang='lat' dir='ltr'>Cic.</span> <span class='ocrx_word' id='word_1_993' title='bbox 1167 3382 1194 3409; x_wconf 90' lang='lat'>6.</span> 
     </span>
    </p>
   </div>
   <div class='ocr_carea' id='block_1_9' title="bbox 1676 91 2382 142">
    <p class='ocr_par' dir='ltr' id='par_1_66' title="bbox 1676 91 2382 142">
     <span class='ocr_line' id='line_1_104' title="bbox 1676 91 2382 142; baseline 0.007 -16"><span class='ocrx_word' id='word_1_994' title='bbox 1676 91 1703 126; x_wconf 79' lang='lat' dir='ltr'>A</span> <span class='ocrx_word' id='word_1_995' title='bbox 1801 91 1831 125; x_wconf 90' lang='lat' dir='ltr'>V</span> <span class='ocrx_word' id='word_1_996' title='bbox 1930 91 1956 125; x_wconf 80' lang='lat' dir='ltr'>E</span> <span class='ocrx_word' id='word_1_997' title='bbox 2315 105 2382 142; x_wconf 73' lang='lat'>297</span> 
     </span>
    </p>
   </div>
   <div class='ocr_carea' id='block_1_10' title="bbox 1271 167 2396 738">
    <p class='ocr_par' dir='ltr' id='par_1_67' title="bbox 1271 167 2388 396">
     <span class='ocr_line' id='line_1_105' title="bbox 1271 167 2385 211; baseline 0.004 -13"><span class='ocrx_word' id='word_1_998' title='bbox 1271 167 1390 199; x_wconf 82' lang='lat' dir='ltr'>Prii-num</span> <span class='ocrx_word' id='word_1_999' title='bbox 1404 172 1530 200; x_wconf 81' lang='lat' dir='ltr'>omnium</span> <span class='ocrx_word' id='word_1_1000' title='bbox 1544 171 1674 200; x_wconf 81' lang='lat' dir='ltr'>frumenti</span> <span class='ocrx_word' id='word_1_1001' title='bbox 1684 171 1784 201; x_wconf 91' lang='lat' dir='ltr'>vitium</span> <span class='ocrx_word' id='word_1_1002' title='bbox 1796 181 1881 201; x_wconf 85' lang='lat' dir='ltr'>avena</span> <span class='ocrx_word' id='word_1_1003' title='bbox 1893 173 1929 201; x_wconf 86' lang='lat' dir='ltr'>est</span> <span class='ocrx_word' id='word_1_1004' title='bbox 1942 194 1949 206; x_wconf 97' lang='lat'>,</span> <span class='ocrx_word' id='word_1_1005' title='bbox 1970 173 1995 202; x_wconf 65' lang='lat'>8&lt;</span> <span class='ocrx_word' id='word_1_1006' title='bbox 2007 173 2142 203; x_wconf 87' lang='lat' dir='ltr'>hordeum</span> <span class='ocrx_word' id='word_1_1007' title='bbox 2157 175 2184 203; x_wconf 90' lang='lat' dir='ltr'>in</span> <span class='ocrx_word' id='word_1_1008' title='bbox 2195 185 2254 205; x_wconf 78' lang='lat' dir='ltr'>eam</span> <span class='ocrx_word' id='word_1_1009' title='bbox 2266 176 2385 211; x_wconf 49' lang='lat' dir='ltr'>degene-</span> 
     </span>
     <span class='ocr_line' id='line_1_106' title="bbox 1273 209 2387 249; baseline 0.008 -14"><span class='ocrx_word' id='word_1_1010' title='bbox 1273 215 1313 235; x_wconf 84' lang='lat' dir='ltr'>rat</span> <span class='ocrx_word' id='word_1_1011' title='bbox 1328 230 1335 241; x_wconf 82' lang='lat'>,</span> <span class='ocrx_word' id='word_1_1012' title='bbox 1359 209 1424 237; x_wconf 76' lang='lat' dir='ltr'>licut</span> <span class='ocrx_word' id='word_1_1013' title='bbox 1438 209 1493 246; x_wconf 77' lang='lat' dir='ltr'>ipsa</span> <span class='ocrx_word' id='word_1_1014' title='bbox 1505 210 1635 238; x_wconf 77' lang='lat' dir='ltr'>frumenti</span> <span class='ocrx_word' id='word_1_1015' title='bbox 1647 209 1676 237; x_wconf 85' lang='lat' dir='ltr'>fit</span> <span class='ocrx_word' id='word_1_1016' title='bbox 1691 210 1771 238; x_wconf 82' lang='lat' dir='ltr'>instar</span> <span class='ocrx_word' id='word_1_1017' title='bbox 1786 231 1794 244; x_wconf 91' lang='lat'>,</span> <span class='ocrx_word' id='word_1_1018' title='bbox 1816 210 1919 246; x_wconf 80' lang='lat' dir='ltr'>quippe</span> <span class='ocrx_word' id='word_1_1019' title='bbox 1932 220 2015 246; x_wconf 87' lang='lat' dir='ltr'>quum</span> <span class='ocrx_word' id='word_1_1020' title='bbox 2030 211 2182 240; x_wconf 64' lang='lat' dir='ltr'>Germania*</span> <span class='ocrx_word' id='word_1_1021' title='bbox 2193 215 2288 249; x_wconf 64' lang='lat' dir='ltr'>poputi</span> <span class='ocrx_word' id='word_1_1022' title='bbox 2302 212 2387 244; x_wconf 73' lang='lat' dir='ltr'>edant</span> 
     </span>
     <span class='ocr_line' id='line_1_107' title="bbox 1273 245 2384 286; baseline 0.008 -14"><span class='ocrx_word' id='word_1_1023' title='bbox 1273 254 1351 277; x_wconf 76' lang='lat' dir='ltr'>eam.</span> <span class='ocrx_word' id='word_1_1024' title='bbox 1374 255 1463 282; x_wconf 85' lang='lat' dir='ltr'>neque</span> <span class='ocrx_word' id='word_1_1025' title='bbox 1484 247 1537 275; x_wconf 80' lang='lat' dir='ltr'>alia</span> <span class='ocrx_word' id='word_1_1026' title='bbox 1557 247 1633 283; x_wconf 87' lang='lat' dir='ltr'>pulte</span> <span class='ocrx_word' id='word_1_1027' title='bbox 1655 247 1755 275; x_wconf 84' lang='lat' dir='ltr'>vivant.</span> <span class='ocrx_word' id='word_1_1028' title='bbox 1798 245 1827 276; x_wconf 88' lang='lat' dir='ltr'>V.</span> <span class='ocrx_word' id='word_1_1029' title='bbox 1850 247 1927 284; x_wconf 68' lang='lat' dir='ltr'>plura</span> <span class='ocrx_word' id='word_1_1030' title='bbox 1949 247 2062 276; x_wconf 82' lang='lat' dir='ltr'>ibidem.</span> <span class='ocrx_word' id='word_1_1031' title='bbox 2103 249 2160 277; x_wconf 80' lang='lat' dir='ltr'>cic.</span> <span class='ocrx_word' id='word_1_1032' title='bbox 2180 260 2201 281; x_wconf 79' lang='grc' dir='ltr'><strong>ς.</strong></span> <span class='ocrx_word' id='word_1_1033' title='bbox 2220 252 2254 278; x_wconf 83' lang='lat' dir='ltr'>de</span> <span class='ocrx_word' id='word_1_1034' title='bbox 2268 252 2324 280; x_wconf 71' lang='lat' dir='ltr'>hin.</span> <span class='ocrx_word' id='word_1_1035' title='bbox 2339 264 2384 286; x_wconf 73' lang='lat'>9¹·</span> 
     </span>
     <span class='ocr_line' id='line_1_108' title="bbox 1274 283 2388 324; baseline 0.007 -15"><span class='ocrx_word' id='word_1_1036' title='bbox 1274 283 1307 310; x_wconf 86' lang='lat' dir='ltr'>At</span> <span class='ocrx_word' id='word_1_1037' title='bbox 1320 284 1394 311; x_wconf 83' lang='lat' dir='ltr'>enim</span> <span class='ocrx_word' id='word_1_1038' title='bbox 1404 290 1455 318; x_wconf 81' lang='lat' dir='ltr'>qua</span> <span class='ocrx_word' id='word_1_1039' title='bbox 1465 284 1491 311; x_wconf 89' lang='lat' dir='ltr'>in</span> <span class='ocrx_word' id='word_1_1040' title='bbox 1504 285 1558 312; x_wconf 83' lang='lat' dir='ltr'>vita</span> <span class='ocrx_word' id='word_1_1041' title='bbox 1571 285 1608 313; x_wconf 81' lang='lat' dir='ltr'>est</span> <span class='ocrx_word' id='word_1_1042' title='bbox 1624 284 1727 320; x_wconf 86' lang='lat' dir='ltr'>aliquid</span> <span class='ocrx_word' id='word_1_1043' title='bbox 1740 283 1821 317; x_wconf 85' lang='lat' dir='ltr'>mali,</span> <span class='ocrx_word' id='word_1_1044' title='bbox 1844 294 1875 313; x_wconf 83' lang='lat' dir='ltr'>ea</span> <span class='ocrx_word' id='word_1_1045' title='bbox 1887 285 1965 312; x_wconf 68' lang='lat' dir='ltr'>beata</span> <span class='ocrx_word' id='word_1_1046' title='bbox 1978 284 2030 313; x_wconf 79' lang='lat' dir='ltr'>elle</span> <span class='ocrx_word' id='word_1_1047' title='bbox 2048 295 2103 313; x_wconf 90' lang='lat' dir='ltr'>non</span> <span class='ocrx_word' id='word_1_1048' title='bbox 2118 287 2214 322; x_wconf 78' lang='lat' dir='ltr'>potest.</span> <span class='ocrx_word' id='word_1_1049' title='bbox 2254 288 2295 316; x_wconf 82' lang='lat' dir='ltr'>Ne</span> <span class='ocrx_word' id='word_1_1050' title='bbox 2314 290 2388 324; x_wconf 59' lang='lat' dir='ltr'>seges</span> 
     </span>
     <span class='ocr_line' id='line_1_109' title="bbox 1275 320 2388 360; baseline 0.01 -14"><span class='ocrx_word' id='word_1_1051' title='bbox 1275 320 1387 354; x_wconf 80' lang='lat' dir='ltr'>quidem</span> <span class='ocrx_word' id='word_1_1052' title='bbox 1400 321 1481 356; x_wconf 66' lang='lat' dir='ltr'>igitur</span> <span class='ocrx_word' id='word_1_1053' title='bbox 1496 321 1575 356; x_wconf 80' lang='lat' dir='ltr'>spicis</span> <span class='ocrx_word' id='word_1_1054' title='bbox 1589 321 1718 350; x_wconf 75' lang='lat' dir='ltr'>uberibus</span> <span class='ocrx_word' id='word_1_1055' title='bbox 1733 324 1758 351; x_wconf 70' lang='grc' dir='ltr'>δι</span> <span class='ocrx_word' id='word_1_1056' title='bbox 1770 322 1887 357; x_wconf 88' lang='lat' dir='ltr'>crebris,</span> <span class='ocrx_word' id='word_1_1057' title='bbox 1905 322 1922 350; x_wconf 78' lang='lat' dir='ltr'>ss</span> <span class='ocrx_word' id='word_1_1058' title='bbox 1941 331 2056 351; x_wconf 79' lang='lat' dir='ltr'>avenam</span> <span class='ocrx_word' id='word_1_1059' title='bbox 2076 322 2179 360; x_wconf 81' lang='lat' dir='ltr'>uspiam</span> <span class='ocrx_word' id='word_1_1060' title='bbox 2194 324 2304 355; x_wconf 82' lang='lat' dir='ltr'>videris.</span> <span class='ocrx_word' id='word_1_1061' title='bbox 2341 320 2388 357; x_wconf 48' lang='lat' dir='ltr'>‘De</span> 
     </span>
     <span class='ocr_line' id='line_1_110' title="bbox 1276 355 1760 396; baseline 0.01 -13"><span class='ocrx_word' id='word_1_1062' title='bbox 1276 355 1327 384; x_wconf 85' lang='lat' dir='ltr'>hac</span> <span class='ocrx_word' id='word_1_1063' title='bbox 1338 357 1423 385; x_wconf 82' lang='lat' dir='ltr'>multa</span> <span class='ocrx_word' id='word_1_1064' title='bbox 1442 358 1530 386; x_wconf 77' lang='lat' dir='ltr'>Ruell.</span> <span class='ocrx_word' id='word_1_1065' title='bbox 1544 359 1590 387; x_wconf 90' lang='lat' dir='ltr'>lib.</span> <span class='ocrx_word' id='word_1_1066' title='bbox 1603 369 1627 387; x_wconf 95' lang='lat'>2.</span> <span class='ocrx_word' id='word_1_1067' title='bbox 1640 369 1699 396; x_wconf 79' lang='lat' dir='ltr'>cap.</span> <span class='ocrx_word' id='word_1_1068' title='bbox 1716 369 1760 394; x_wconf 82' lang='lat'>24.</span> 
     </span>
    </p>

    <p class='ocr_par' dir='ltr' id='par_1_68' title="bbox 1276 393 2031 436">
     <span class='ocr_line' id='line_1_111' title="bbox 1276 393 2031 436; baseline 0.007 -15"><span class='ocrx_word' id='word_1_1069' title='bbox 1276 393 1372 421; x_wconf 64' lang='lat' dir='ltr'>Avens:</span> <span class='ocrx_word' id='word_1_1070' title='bbox 1388 395 1498 436; x_wconf 72' lang='lat' dir='ltr'>steriles.</span> <span class='ocrx_word' id='word_1_1071' title='bbox 1523 396 1593 432; x_wconf 76' lang='lat' dir='ltr'>Virg.</span> <span class='ocrx_word' id='word_1_1072' title='bbox 1609 407 1632 429; x_wconf 77' lang='grc' dir='ltr'><strong>ς.</strong></span> <span class='ocrx_word' id='word_1_1073' title='bbox 1648 397 1700 425; x_wconf 70' lang='lat' dir='ltr'>hcl.</span> <span class='ocrx_word' id='word_1_1074' title='bbox 1716 405 1758 432; x_wconf 83' lang='lat'>37.</span> <span class='ocrx_word' id='word_1_1075' title='bbox 1771 398 1797 426; x_wconf 72' lang='lat' dir='ltr'>Sc</span> <span class='ocrx_word' id='word_1_1076' title='bbox 1809 406 1831 426; x_wconf 89' lang='lat' dir='ltr'>r.</span> <span class='ocrx_word' id='word_1_1077' title='bbox 1846 396 1943 433; x_wconf 71' lang='lat' dir='ltr'>Georg.</span> <span class='ocrx_word' id='word_1_1078' title='bbox 1959 404 2031 432; x_wconf 72' lang='lat'>153.‘</span> 
     </span>
    </p>

    <p class='ocr_par' dir='ltr' id='par_1_69' title="bbox 1295 431 2396 738">
     <span class='ocr_line' id='line_1_112' title="bbox 1354 431 2389 474; baseline 0.007 -15"><span class='ocrx_word' id='word_1_1079' title='bbox 1354 431 1454 460; x_wconf 74' lang='lat' dir='ltr'>Infelix</span> <span class='ocrx_word' id='word_1_1080' title='bbox 1465 432 1577 466; x_wconf 81' lang='lat' dir='ltr'>lolium,</span> <span class='ocrx_word' id='word_1_1081' title='bbox 1598 435 1623 462; x_wconf 62' lang='grc' dir='ltr'>ἃ</span> <span class='ocrx_word' id='word_1_1082' title='bbox 1633 433 1733 462; x_wconf 79' lang='lat' dir='ltr'>steriles</span> <span class='ocrx_word' id='word_1_1083' title='bbox 1746 435 1927 463; x_wconf 85' lang='lat' dir='ltr'>dominantur</span> <span class='ocrx_word' id='word_1_1084' title='bbox 1936 442 2037 463; x_wconf 78' lang='lat' dir='ltr'>avenae.</span> <span class='ocrx_word' id='word_1_1085' title='bbox 2119 434 2184 471; x_wconf 85' lang='lat' dir='ltr'>Quo</span> <span class='ocrx_word' id='word_1_1086' title='bbox 2196 435 2259 465; x_wconf 93' lang='lat' dir='ltr'>loco</span> <span class='ocrx_word' id='word_1_1087' title='bbox 2268 437 2389 474; x_wconf 78' lang='lat' dir='ltr'>Servius,</span> 
     </span>
     <span class='ocr_line' id='line_1_113' title="bbox 1295 467 2391 512; baseline 0.008 -17"><span class='ocrx_word' id='word_1_1088' title='bbox 1295 467 1405 496; x_wconf 82' lang='lat' dir='ltr'>Steriles</span> <span class='ocrx_word' id='word_1_1089' title='bbox 1417 469 1471 511; x_wconf 74' lang='lat' dir='ltr'>dici</span> <span class='ocrx_word' id='word_1_1090' title='bbox 1484 480 1498 497; x_wconf 86' lang='lat' dir='ltr'>a</span> <span class='ocrx_word' id='word_1_1091' title='bbox 1510 470 1622 505; x_wconf 62' lang='lat' dir='ltr'>Virgilio</span> <span class='ocrx_word' id='word_1_1092' title='bbox 1634 472 1671 499; x_wconf 78' lang='lat' dir='ltr'>ait</span> <span class='ocrx_word' id='word_1_1093' title='bbox 1686 493 1693 504; x_wconf 73' lang='lat'>,</span> <span class='ocrx_word' id='word_1_1094' title='bbox 1715 472 1748 500; x_wconf 83' lang='lat' dir='ltr'>ad</span> <span class='ocrx_word' id='word_1_1095' title='bbox 1758 471 1950 501; x_wconf 84' lang='lat' dir='ltr'>discretionem</span> <span class='ocrx_word' id='word_1_1096' title='bbox 1960 482 2054 501; x_wconf 85' lang='lat' dir='ltr'>carum</span> <span class='ocrx_word' id='word_1_1097' title='bbox 2063 481 2122 508; x_wconf 85' lang='lat' dir='ltr'>quae</span> <span class='ocrx_word' id='word_1_1098' title='bbox 2137 472 2267 504; x_wconf 86' lang='lat' dir='ltr'>seruntur.</span> <span class='ocrx_word' id='word_1_1099' title='bbox 2311 476 2391 512; x_wconf 83' lang='lat' dir='ltr'>Atqui</span> 
     </span>
     <span class='ocr_line' id='line_1_114' title="bbox 1295 508 2392 545; baseline 0.01 -14"><span class='ocrx_word' id='word_1_1100' title='bbox 1295 514 1346 540; x_wconf 77' lang='lat' dir='ltr'>ego</span> <span class='ocrx_word' id='word_1_1101' title='bbox 1358 512 1475 541; x_wconf 84' lang='lat' dir='ltr'>putarim</span> <span class='ocrx_word' id='word_1_1102' title='bbox 1489 508 1581 542; x_wconf 84' lang='lat' dir='ltr'>potius</span> <span class='ocrx_word' id='word_1_1103' title='bbox 1592 508 1744 544; x_wconf 71' lang='lat' dir='ltr'>intelligere</span> <span class='ocrx_word' id='word_1_1104' title='bbox 1756 509 1791 537; x_wconf 81' lang='lat' dir='ltr'>de</span> <span class='ocrx_word' id='word_1_1105' title='bbox 1804 509 1878 538; x_wconf 89' lang='lat' dir='ltr'>Vitio</span> <span class='ocrx_word' id='word_1_1106' title='bbox 1890 510 1964 545; x_wconf 86' lang='lat' dir='ltr'>quod</span> <span class='ocrx_word' id='word_1_1107' title='bbox 1976 511 2004 538; x_wconf 90' lang='lat' dir='ltr'>in</span> <span class='ocrx_word' id='word_1_1108' title='bbox 2015 510 2160 539; x_wconf 83' lang='lat' dir='ltr'>frumentis</span> <span class='ocrx_word' id='word_1_1109' title='bbox 2182 512 2207 540; x_wconf 71' lang='grc' dir='ltr'><strong>ἃ</strong></span> <span class='ocrx_word' id='word_1_1110' title='bbox 2219 513 2312 541; x_wconf 80' lang='lat' dir='ltr'>avenis</span> <span class='ocrx_word' id='word_1_1111' title='bbox 2324 513 2392 542; x_wconf 86' lang='lat' dir='ltr'>cres-</span> 
     </span>
     <span class='ocr_line' id='line_1_115' title="bbox 1297 542 2394 588; baseline 0.008 -19"><span class='ocrx_word' id='word_1_1112' title='bbox 1297 551 1358 584; x_wconf 76' lang='lat' dir='ltr'>cere</span> <span class='ocrx_word' id='word_1_1113' title='bbox 1375 542 1458 572; x_wconf 74' lang='lat' dir='ltr'>solet:</span> <span class='ocrx_word' id='word_1_1114' title='bbox 1481 543 1567 572; x_wconf 78' lang='lat' dir='ltr'>Graeci</span> <span class='ocrx_word' id='word_1_1115' title='bbox 1588 543 1723 577; x_wconf 55' lang='grc' dir='ltr'>ω’)έλωπακ</span> <span class='ocrx_word' id='word_1_1116' title='bbox 1743 554 1861 576; x_wconf 83' lang='lat' dir='ltr'>vocant:</span> <span class='ocrx_word' id='word_1_1117' title='bbox 1884 547 1983 584; x_wconf 86' lang='lat' dir='ltr'>spicam</span> <span class='ocrx_word' id='word_1_1118' title='bbox 2002 546 2105 576; x_wconf 87' lang='lat' dir='ltr'>habent</span> <span class='ocrx_word' id='word_1_1119' title='bbox 2122 546 2259 577; x_wconf 83' lang='lat' dir='ltr'>barbatam</span> <span class='ocrx_word' id='word_1_1120' title='bbox 2283 550 2311 578; x_wconf 88' lang='lat' dir='ltr'>in</span> <span class='ocrx_word' id='word_1_1121' title='bbox 2335 550 2394 588; x_wconf 77' lang='lat' dir='ltr'>spe-</span> 
     </span>
     <span class='ocr_line' id='line_1_116' title="bbox 1295 581 2394 624; baseline 0.007 -18"><span class='ocrx_word' id='word_1_1122' title='bbox 1295 588 1367 621; x_wconf 62' lang='lat' dir='ltr'>ciem</span> <span class='ocrx_word' id='word_1_1123' title='bbox 1388 589 1482 622; x_wconf 64' lang='lat' dir='ltr'>avenae</span> <span class='ocrx_word' id='word_1_1124' title='bbox 1492 602 1501 613; x_wconf 83' lang='lat'>,</span> <span class='ocrx_word' id='word_1_1125' title='bbox 1533 581 1578 609; x_wconf 86' lang='lat' dir='ltr'>sed</span> <span class='ocrx_word' id='word_1_1126' title='bbox 1601 583 1688 611; x_wconf 87' lang='lat' dir='ltr'>multo</span> <span class='ocrx_word' id='word_1_1127' title='bbox 1716 584 1832 619; x_wconf 87' lang='lat' dir='ltr'>majores</span> <span class='ocrx_word' id='word_1_1128' title='bbox 1857 584 1925 613; x_wconf 87' lang='lat' dir='ltr'>sunt.</span> <span class='ocrx_word' id='word_1_1129' title='bbox 1966 585 2078 614; x_wconf 84' lang='lat' dir='ltr'>Steriles</span> <span class='ocrx_word' id='word_1_1130' title='bbox 2097 592 2189 614; x_wconf 87' lang='lat' dir='ltr'>autem</span> <span class='ocrx_word' id='word_1_1131' title='bbox 2209 595 2288 616; x_wconf 84' lang='lat' dir='ltr'>vocat</span> <span class='ocrx_word' id='word_1_1132' title='bbox 2307 587 2394 624; x_wconf 73' lang='lat' dir='ltr'>Virgi-</span> 
     </span>
     <span class='ocr_line' id='line_1_117' title="bbox 1296 619 2392 661; baseline 0.009 -18"><span class='ocrx_word' id='word_1_1133' title='bbox 1296 621 1349 644; x_wconf 76' lang='lat' dir='ltr'>lius</span> <span class='ocrx_word' id='word_1_1134' title='bbox 1360 638 1367 649; x_wconf 78' lang='lat'>‚</span> <span class='ocrx_word' id='word_1_1135' title='bbox 1379 626 1521 658; x_wconf 19' lang='lat' dir='ltr'>*quomam</span> <span class='ocrx_word' id='word_1_1136' title='bbox 1535 619 1599 647; x_wconf 89' lang='lat' dir='ltr'>meti</span> <span class='ocrx_word' id='word_1_1137' title='bbox 1612 629 1668 648; x_wconf 89' lang='lat' dir='ltr'>non</span> <span class='ocrx_word' id='word_1_1138' title='bbox 1685 621 1795 657; x_wconf 78' lang='lat' dir='ltr'>poliunt</span> <span class='ocrx_word' id='word_1_1139' title='bbox 1806 643 1813 655; x_wconf 81' lang='lat'><strong>‚</strong></span> <span class='ocrx_word' id='word_1_1140' title='bbox 1838 622 1958 658; x_wconf 88' lang='lat' dir='ltr'>eoquod</span> <span class='ocrx_word' id='word_1_1141' title='bbox 1977 632 2058 659; x_wconf 81' lang='lat' dir='ltr'>grana</span> <span class='ocrx_word' id='word_1_1142' title='bbox 2071 632 2129 659; x_wconf 82' lang='lat' dir='ltr'>quae</span> <span class='ocrx_word' id='word_1_1143' title='bbox 2146 623 2174 651; x_wconf 92' lang='lat' dir='ltr'>in</span> <span class='ocrx_word' id='word_1_1144' title='bbox 2189 623 2296 653; x_wconf 88' lang='lat' dir='ltr'>summo</span> <span class='ocrx_word' id='word_1_1145' title='bbox 2310 624 2372 654; x_wconf 79' lang='lat' dir='ltr'>sunt</span> <span class='ocrx_word' id='word_1_1146' title='bbox 2383 647 2392 661; x_wconf 81' lang='grc'>,</span> 
     </span>
     <span class='ocr_line' id='line_1_118' title="bbox 1296 655 2394 699; baseline 0.01 -18"><span class='ocrx_word' id='word_1_1147' title='bbox 1296 655 1419 682; x_wconf 80' lang='lat' dir='ltr'>antehnt</span> <span class='ocrx_word' id='word_1_1148' title='bbox 1431 661 1553 690; x_wconf 74' lang='lat' dir='ltr'>matura,</span> <span class='ocrx_word' id='word_1_1149' title='bbox 1575 666 1656 692; x_wconf 79' lang='lat' dir='ltr'>quam</span> <span class='ocrx_word' id='word_1_1150' title='bbox 1667 667 1726 693; x_wconf 76' lang='lat' dir='ltr'>quae</span> <span class='ocrx_word' id='word_1_1151' title='bbox 1739 659 1842 687; x_wconf 91' lang='lat' dir='ltr'>inimo.</span> <span class='ocrx_word' id='word_1_1152' title='bbox 1866 659 1939 688; x_wconf 88' lang='lat' dir='ltr'>Dicit</span> <span class='ocrx_word' id='word_1_1153' title='bbox 1954 666 2045 688; x_wconf 85' lang='lat' dir='ltr'>autem</span> <span class='ocrx_word' id='word_1_1154' title='bbox 2060 660 2195 690; x_wconf 87' lang='lat' dir='ltr'>dominari</span> <span class='ocrx_word' id='word_1_1155' title='bbox 2208 683 2215 695; x_wconf 83' lang='lat'>,</span> <span class='ocrx_word' id='word_1_1156' title='bbox 2237 663 2394 699; x_wconf 86' lang='lat' dir='ltr'>quiaquum</span> 
     </span>
     <span class='ocr_line' id='line_1_119' title="bbox 1297 692 2396 738; baseline 0.009 -20"><span class='ocrx_word' id='word_1_1157' title='bbox 1297 701 1354 719; x_wconf 87' lang='lat' dir='ltr'>non</span> <span class='ocrx_word' id='word_1_1158' title='bbox 1362 697 1502 720; x_wconf 88' lang='lat' dir='ltr'>metantur</span> <span class='ocrx_word' id='word_1_1159' title='bbox 1513 713 1520 725; x_wconf 86' lang='lat'>,</span> <span class='ocrx_word' id='word_1_1160' title='bbox 1545 692 1637 722; x_wconf 86' lang='lat' dir='ltr'>semen</span> <span class='ocrx_word' id='word_1_1161' title='bbox 1651 695 1693 723; x_wconf 94' lang='lat' dir='ltr'>vel</span> <span class='ocrx_word' id='word_1_1162' title='bbox 1703 705 1817 731; x_wconf 82' lang='lat' dir='ltr'>granum</span> <span class='ocrx_word' id='word_1_1163' title='bbox 1831 697 1857 724; x_wconf 89' lang='lat' dir='ltr'>in</span> <span class='ocrx_word' id='word_1_1164' title='bbox 1869 702 1968 725; x_wconf 79' lang='lat' dir='ltr'>terram</span> <span class='ocrx_word' id='word_1_1165' title='bbox 1982 698 2102 732; x_wconf 83' lang='lat' dir='ltr'>cadens,</span> <span class='ocrx_word' id='word_1_1166' title='bbox 2124 698 2222 727; x_wconf 91' lang='lat' dir='ltr'>iterum</span> <span class='ocrx_word' id='word_1_1167' title='bbox 2235 700 2340 738; x_wconf 86' lang='lat' dir='ltr'>semper</span> <span class='ocrx_word' id='word_1_1168' title='bbox 2352 711 2396 730; x_wconf 86' lang='lat' dir='ltr'>re.</span> 
     </span>
    </p>
   </div>
   <div class='ocr_carea' id='block_1_11' title="bbox 1297 728 2395 795">
    <p class='ocr_par' dir='ltr' id='par_1_70' title="bbox 1297 728 2395 795">
     <span class='ocr_line' id='line_1_120' title="bbox 1297 728 2395 795; baseline 0.013 -40"><span class='ocrx_word' id='word_1_1169' title='bbox 1297 728 1525 795; x_wconf 51' lang='lat' dir='ltr'>rfflrgqitffiglusltali</span> <span class='ocrx_word' id='word_1_1170' title='bbox 1533 730 1652 766; x_wconf 81' lang='lat' dir='ltr'>squalam</span> <span class='ocrx_word' id='word_1_1171' title='bbox 1663 732 1746 769; x_wconf 85' lang='lat' dir='ltr'>vulgo</span> <span class='ocrx_word' id='word_1_1172' title='bbox 1761 734 1902 770; x_wconf 85' lang='lat' dir='ltr'>appellant</span> <span class='ocrx_word' id='word_1_1173' title='bbox 1912 755 1920 769; x_wconf 92' lang='lat'>,</span> <span class='ocrx_word' id='word_1_1174' title='bbox 1942 744 2002 771; x_wconf 80' lang='lat' dir='ltr'>quae</span> <span class='ocrx_word' id='word_1_1175' title='bbox 2020 734 2162 765; x_wconf 83' lang='lat' dir='ltr'>estsimilis</span> <span class='ocrx_word' id='word_1_1176' title='bbox 2178 746 2271 766; x_wconf 67' lang='lat' dir='ltr'>avenae</span> <span class='ocrx_word' id='word_1_1177' title='bbox 2286 760 2294 773; x_wconf 86' lang='lat'><em>‚</em></span> <span class='ocrx_word' id='word_1_1178' title='bbox 2316 746 2346 768; x_wconf 90' lang='lat' dir='ltr'>ut</span> <span class='ocrx_word' id='word_1_1179' title='bbox 2357 739 2395 770; x_wconf 73' lang='lat' dir='ltr'>ait</span> 
     </span>
    </p>
   </div>
   <div class='ocr_carea' id='block_1_12' title="bbox 1278 802 2396 993">
    <p class='ocr_par' dir='ltr' id='par_1_71' title="bbox 1278 802 2396 993">
     <span class='ocr_line' id='line_1_121' title="bbox 1278 802 2395 871; baseline 0.013 -41"><span class='ocrx_word' id='word_1_1180' title='bbox 1278 804 1384 871; x_wconf 51' lang='lat' dir='ltr'>Agna,</span> <span class='ocrx_word' id='word_1_1181' title='bbox 1408 803 1555 870; x_wconf 66' lang='lat' dir='ltr'>p²r06Vanis</span> <span class='ocrx_word' id='word_1_1182' title='bbox 1573 802 1670 833; x_wconf 87' lang='lat' dir='ltr'>culmis</span> <span class='ocrx_word' id='word_1_1183' title='bbox 1686 807 1712 835; x_wconf 84' lang='lat'>&amp;</span> <span class='ocrx_word' id='word_1_1184' title='bbox 1732 806 1835 844; x_wconf 86' lang='lat' dir='ltr'>stipulis</span> <span class='ocrx_word' id='word_1_1185' title='bbox 1856 808 1962 845; x_wconf 83' lang='lat' dir='ltr'>frugem</span> <span class='ocrx_word' id='word_1_1186' title='bbox 1980 818 2039 838; x_wconf 80' lang='lat' dir='ltr'>non</span> <span class='ocrx_word' id='word_1_1187' title='bbox 2058 809 2232 842; x_wconf 82' lang='lat' dir='ltr'>habentibus.</span> <span class='ocrx_word' id='word_1_1188' title='bbox 2275 812 2346 851; x_wconf 88' lang='lat' dir='ltr'>Virg.</span> <span class='ocrx_word' id='word_1_1189' title='bbox 2370 824 2395 846; x_wconf 82' lang='lat' dir='ltr'>r.</span> 
     </span>
     <span class='ocr_line' id='line_1_122' title="bbox 1324 851 1480 871; baseline -0.006 0"><span class='ocrx_word' id='word_1_1190' title='bbox 1324 851 1373 871; x_wconf 90' lang='lat' dir='ltr'>eor</span> <span class='ocrx_word' id='word_1_1191' title='bbox 1395 864 1400 870; x_wconf 96' lang='lat'>.</span> <span class='ocrx_word' id='word_1_1192' title='bbox 1436 851 1450 870; x_wconf 85' lang='lat'>2</span> <span class='ocrx_word' id='word_1_1193' title='bbox 1474 863 1480 870; x_wconf 93' lang='lat'>.</span> 
     </span>
     <span class='ocr_line' id='line_1_123' title="bbox 1358 851 2396 920; baseline 0.013 -14"><span class='ocrx_word' id='word_1_1194' title='bbox 1358 851 1511 916; x_wconf 40' lang='lat' dir='ltr'>Effrpec&#39;tata</span> <span class='ocrx_word' id='word_1_1195' title='bbox 1520 878 1594 916; x_wconf 82' lang='lat' dir='ltr'>seges</span> <span class='ocrx_word' id='word_1_1196' title='bbox 1606 880 1683 908; x_wconf 89' lang='lat' dir='ltr'>vanis</span> <span class='ocrx_word' id='word_1_1197' title='bbox 1697 879 1794 908; x_wconf 78' lang='lat' dir='ltr'>delusit</span> <span class='ocrx_word' id='word_1_1198' title='bbox 1809 882 1909 910; x_wconf 81' lang='lat' dir='ltr'>avenis.</span> <span class='ocrx_word' id='word_1_1199' title='bbox 1991 883 2077 914; x_wconf 88' lang='lat' dir='ltr'>Divus</span> <span class='ocrx_word' id='word_1_1200' title='bbox 2095 884 2171 914; x_wconf 88' lang='lat' dir='ltr'>enim</span> <span class='ocrx_word' id='word_1_1201' title='bbox 2185 887 2339 918; x_wconf 80' lang='lat' dir='ltr'>Ambrosius</span> <span class='ocrx_word' id='word_1_1202' title='bbox 2359 890 2396 920; x_wconf 85' lang='lat' dir='ltr'>fic</span> 
     </span>
     <span class='ocr_line' id='line_1_124' title="bbox 1298 916 2395 964; baseline 0.011 -19"><span class='ocrx_word' id='word_1_1203' title='bbox 1298 918 1437 960; x_wconf 73' lang='lat' dir='ltr'>exponit,</span> <span class='ocrx_word' id='word_1_1204' title='bbox 1459 917 1537 952; x_wconf 88' lang='lat' dir='ltr'>cujus</span> <span class='ocrx_word' id='word_1_1205' title='bbox 1550 917 1607 946; x_wconf 85' lang='lat' dir='ltr'>haec</span> <span class='ocrx_word' id='word_1_1206' title='bbox 1617 916 1678 959; x_wconf 74' lang='lat' dir='ltr'>sunt</span> <span class='ocrx_word' id='word_1_1207' title='bbox 1690 918 1791 946; x_wconf 86' lang='lat' dir='ltr'>verba:</span> <span class='ocrx_word' id='word_1_1208' title='bbox 1816 919 1900 961; x_wconf 77' lang='lat' dir='ltr'>Atque</span> <span class='ocrx_word' id='word_1_1209' title='bbox 1910 920 2015 964; x_wconf 75' lang='lat' dir='ltr'>utinam</span> <span class='ocrx_word' id='word_1_1210' title='bbox 2028 922 2098 952; x_wconf 89' lang='lat' dir='ltr'>hanc</span> <span class='ocrx_word' id='word_1_1211' title='bbox 2113 924 2239 960; x_wconf 87' lang='lat' dir='ltr'>stipulam</span> <span class='ocrx_word' id='word_1_1212' title='bbox 2250 927 2280 955; x_wconf 89' lang='lat' dir='ltr'>in</span> <span class='ocrx_word' id='word_1_1213' title='bbox 2293 927 2376 958; x_wconf 83' lang='lat' dir='ltr'>meffe</span> <span class='ocrx_word' id='word_1_1214' title='bbox 2386 949 2395 964; x_wconf 92' lang='lat'>,</span> 
     </span>
     <span class='ocr_line' id='line_1_125' title="bbox 1300 954 2258 993; baseline 0.009 -10"><span class='ocrx_word' id='word_1_1215' title='bbox 1300 954 1355 983; x_wconf 86' lang='lat' dir='ltr'>hoc</span> <span class='ocrx_word' id='word_1_1216' title='bbox 1367 955 1404 983; x_wconf 88' lang='lat' dir='ltr'>est</span> <span class='ocrx_word' id='word_1_1217' title='bbox 1414 964 1526 984; x_wconf 77' lang='lat' dir='ltr'>inanem</span> <span class='ocrx_word' id='word_1_1218' title='bbox 1538 964 1653 983; x_wconf 79' lang='lat' dir='ltr'>avenam</span> <span class='ocrx_word' id='word_1_1219' title='bbox 1662 956 1766 984; x_wconf 71' lang='lat' dir='ltr'>iruc‘tus</span> <span class='ocrx_word' id='word_1_1220' title='bbox 1781 965 1835 984; x_wconf 84' lang='lat' dir='ltr'>mei</span> <span class='ocrx_word' id='word_1_1221' title='bbox 1847 965 1901 984; x_wconf 88' lang='lat' dir='ltr'>non</span> <span class='ocrx_word' id='word_1_1222' title='bbox 1913 958 2031 993; x_wconf 68' lang='lat' dir='ltr'>abjiciat.</span> <span class='ocrx_word' id='word_1_1223' title='bbox 2068 960 2107 989; x_wconf 83' lang='lat' dir='ltr'>Ex</span> <span class='ocrx_word' id='word_1_1224' title='bbox 2118 961 2258 992; x_wconf 89' lang='lat' dir='ltr'>Turnebo.</span> 
     </span>
    </p>
   </div>
   <div class='ocr_carea' id='block_1_13' title="bbox 1282 992 2398 1066">
    <p class='ocr_par' dir='ltr' id='par_1_72' title="bbox 1282 992 2398 1066">
     <span class='ocr_line' id='line_1_126' title="bbox 1282 992 2398 1059; baseline 0.009 -39"><span class='ocrx_word' id='word_1_1225' title='bbox 1282 993 1374 1059; x_wconf 47' lang='lat' dir='ltr'>Avtena</span> <span class='ocrx_word' id='word_1_1226' title='bbox 1405 1002 1433 1035; x_wconf 77' lang='lat' dir='ltr'>er</span> <span class='ocrx_word' id='word_1_1227' title='bbox 1442 992 1642 1058; x_wconf 48' lang='grc' dir='ltr'>ηηέῖοιὶξῐὶῑίᾱῃῖ</span> <span class='ocrx_word' id='word_1_1228' title='bbox 1654 1014 1662 1028; x_wconf 87' lang='grc'><em>,</em></span> <span class='ocrx_word' id='word_1_1229' title='bbox 1682 1002 1734 1030; x_wconf 85' lang='lat' dir='ltr'>pro</span> <span class='ocrx_word' id='word_1_1230' title='bbox 1749 993 1850 1028; x_wconf 86' lang='lat' dir='ltr'>fistula,</span> <span class='ocrx_word' id='word_1_1231' title='bbox 1872 1003 1906 1023; x_wconf 89' lang='lat' dir='ltr'>ex</span> <span class='ocrx_word' id='word_1_1232' title='bbox 1922 995 2015 1025; x_wconf 89' lang='lat' dir='ltr'>culmo</span> <span class='ocrx_word' id='word_1_1233' title='bbox 2026 996 2072 1026; x_wconf 91' lang='lat' dir='ltr'>seu</span> <span class='ocrx_word' id='word_1_1234' title='bbox 2084 998 2182 1036; x_wconf 87' lang='lat' dir='ltr'>stipula</span> <span class='ocrx_word' id='word_1_1235' title='bbox 2195 1010 2289 1031; x_wconf 77' lang='lat' dir='ltr'>avenae</span> <span class='ocrx_word' id='word_1_1236' title='bbox 2304 1003 2398 1033; x_wconf 84' lang='lat' dir='ltr'>conse.</span> 
     </span>
     <span class='ocr_line' id='line_1_127' title="bbox 1300 1039 1626 1066; baseline -0.003 -7"><span class='ocrx_word' id='word_1_1237' title='bbox 1300 1041 1314 1059; x_wconf 69' lang='lat' dir='ltr'>t</span> <span class='ocrx_word' id='word_1_1238' title='bbox 1329 1040 1352 1060; x_wconf 86' lang='lat' dir='ltr'>a.</span> <span class='ocrx_word' id='word_1_1239' title='bbox 1419 1040 1465 1066; x_wconf 80' lang='lat' dir='ltr'>rrg.</span> <span class='ocrx_word' id='word_1_1240' title='bbox 1483 1040 1505 1058; x_wconf 88' lang='lat'>1.</span> <span class='ocrx_word' id='word_1_1241' title='bbox 1542 1039 1567 1059; x_wconf 65' lang='grc' dir='ltr'>,ε</span> <span class='ocrx_word' id='word_1_1242' title='bbox 1582 1052 1587 1058; x_wconf 93' lang='grc'><strong>.</strong></span> <span class='ocrx_word' id='word_1_1243' title='bbox 1602 1040 1626 1059; x_wconf 91' lang='lat'>2.</span> 
     </span>
    </p>
   </div>
   <div class='ocr_carea' id='block_1_14' title="bbox 1247 1067 2413 2997">
    <p class='ocr_par' dir='ltr' id='par_1_73' title="bbox 1301 1067 2397 1179">
     <span class='ocr_line' id='line_1_128' title="bbox 1362 1067 2379 1108; baseline 0.01 -12"><span class='ocrx_word' id='word_1_1244' title='bbox 1362 1067 1517 1097; x_wconf 88' lang='lat' dir='ltr'>Silvestrem</span> <span class='ocrx_word' id='word_1_1245' title='bbox 1529 1068 1606 1097; x_wconf 91' lang='lat' dir='ltr'>tenui</span> <span class='ocrx_word' id='word_1_1246' title='bbox 1626 1067 1733 1098; x_wconf 81' lang='lat' dir='ltr'>Musam</span> <span class='ocrx_word' id='word_1_1247' title='bbox 1744 1068 1886 1098; x_wconf 84' lang='lat' dir='ltr'>meditaris</span> <span class='ocrx_word' id='word_1_1248' title='bbox 1896 1079 1992 1100; x_wconf 84' lang='lat' dir='ltr'>avena.</span> <span class='ocrx_word' id='word_1_1249' title='bbox 2074 1070 2127 1102; x_wconf 89' lang='lat' dir='ltr'>Ubi</span> <span class='ocrx_word' id='word_1_1250' title='bbox 2138 1074 2247 1105; x_wconf 88' lang='lat' dir='ltr'>Servius</span> <span class='ocrx_word' id='word_1_1251' title='bbox 2260 1087 2264 1092; x_wconf 94' lang='lat'>·</span> <span class='ocrx_word' id='word_1_1252' title='bbox 2289 1078 2379 1108; x_wconf 82' lang='lat' dir='ltr'>Avena</span> 
     </span>
     <span class='ocr_line' id='line_1_129' title="bbox 1301 1099 2397 1173; baseline 0.013 -40"><span class='ocrx_word' id='word_1_1253' title='bbox 1301 1104 1404 1173; x_wconf 58' lang='grc' dir='ltr'>Ι(ΞυΙῙῐηο</span> <span class='ocrx_word' id='word_1_1254' title='bbox 1416 1126 1424 1139; x_wconf 90' lang='lat'>,</span> <span class='ocrx_word' id='word_1_1255' title='bbox 1445 1106 1558 1144; x_wconf 84' lang='lat' dir='ltr'>stipula:</span> <span class='ocrx_word' id='word_1_1256' title='bbox 1581 1106 1656 1135; x_wconf 89' lang='lat' dir='ltr'>unde</span> <span class='ocrx_word' id='word_1_1257' title='bbox 1674 1105 1765 1135; x_wconf 89' lang='lat' dir='ltr'>rustici</span> <span class='ocrx_word' id='word_1_1258' title='bbox 1785 1106 1939 1144; x_wconf 85' lang='lat' dir='ltr'>plerunque</span> <span class='ocrx_word' id='word_1_1259' title='bbox 1962 1115 2072 1139; x_wconf 83' lang='lat' dir='ltr'>cantare</span> <span class='ocrx_word' id='word_1_1260' title='bbox 2092 1099 2301 1144; x_wconf 76' lang='lat' dir='ltr'>consueveru’nt.</span> <span class='ocrx_word' id='word_1_1261' title='bbox 2322 1124 2352 1146; x_wconf 87' lang='lat' dir='ltr'>ut</span> <span class='ocrx_word' id='word_1_1262' title='bbox 2370 1100 2397 1153; x_wconf 43' lang='lat'>3?</span> 
     </span>
     <span class='ocr_line' id='line_1_130' title="bbox 1310 1152 1420 1179; baseline 0.009 -7"><span class='ocrx_word' id='word_1_1263' title='bbox 1310 1152 1340 1172; x_wconf 67' lang='lat' dir='ltr'>&lt;c</span> <span class='ocrx_word' id='word_1_1264' title='bbox 1353 1166 1359 1172; x_wconf 91' lang='lat'>.</span> <span class='ocrx_word' id='word_1_1265' title='bbox 1375 1152 1420 1179; x_wconf 90' lang='lat'>27.</span> 
     </span>
    </p>

    <p class='ocr_par' dir='ltr' id='par_1_74' title="bbox 1302 1180 2086 1257">
     <span class='ocr_line' id='line_1_131' title="bbox 1362 1180 2062 1220; baseline 0.006 -10"><span class='ocrx_word' id='word_1_1266' title='bbox 1362 1181 1495 1210; x_wconf 87' lang='lat' dir='ltr'>Stridenti</span> <span class='ocrx_word' id='word_1_1267' title='bbox 1507 1180 1634 1210; x_wconf 87' lang='lat' dir='ltr'>miserum</span> <span class='ocrx_word' id='word_1_1268' title='bbox 1653 1180 1753 1220; x_wconf 89' lang='lat' dir='ltr'>stipula</span> <span class='ocrx_word' id='word_1_1269' title='bbox 1770 1180 1927 1220; x_wconf 89' lang='lat' dir='ltr'>disperdere</span> <span class='ocrx_word' id='word_1_1270' title='bbox 1943 1192 2062 1215; x_wconf 88' lang='lat' dir='ltr'>carmen.</span> 
     </span>
     <span class='ocr_line' id='line_1_132' title="bbox 1302 1217 2086 1257; baseline 0.006 -9"><span class='ocrx_word' id='word_1_1271' title='bbox 1302 1217 1395 1248; x_wconf 90' lang='lat' dir='ltr'>Tenui</span> <span class='ocrx_word' id='word_1_1272' title='bbox 1408 1229 1495 1249; x_wconf 87' lang='lat' dir='ltr'>avena</span> <span class='ocrx_word' id='word_1_1273' title='bbox 1505 1241 1514 1254; x_wconf 81' lang='grc'>,</span> <span class='ocrx_word' id='word_1_1274' title='bbox 1536 1219 1654 1249; x_wconf 87' lang='lat' dir='ltr'>Humilis</span> <span class='ocrx_word' id='word_1_1275' title='bbox 1669 1219 1720 1249; x_wconf 87' lang='lat' dir='ltr'>stili</span> <span class='ocrx_word' id='word_1_1276' title='bbox 1732 1230 1818 1257; x_wconf 86' lang='lat' dir='ltr'>genus</span> <span class='ocrx_word' id='word_1_1277' title='bbox 1831 1219 1948 1249; x_wconf 85' lang='lat' dir='ltr'>latenter</span> <span class='ocrx_word' id='word_1_1278' title='bbox 1958 1221 2086 1253; x_wconf 90' lang='lat' dir='ltr'>ostendit.</span> 
     </span>
    </p>

    <p class='ocr_par' dir='ltr' id='par_1_75' title="bbox 1283 1256 1910 1293">
     <span class='ocr_line' id='line_1_133' title="bbox 1283 1256 1910 1293; baseline -0.002 -6"><span class='ocrx_word' id='word_1_1279' title='bbox 1283 1257 1402 1293; x_wconf 82' lang='lat' dir='ltr'>Angusta</span> <span class='ocrx_word' id='word_1_1280' title='bbox 1413 1267 1499 1286; x_wconf 81' lang='lat' dir='ltr'>avena</span> <span class='ocrx_word' id='word_1_1281' title='bbox 1511 1264 1627 1286; x_wconf 86' lang='lat' dir='ltr'>cantare.</span> <span class='ocrx_word' id='word_1_1282' title='bbox 1652 1257 1773 1287; x_wconf 79' lang='lat' dir='ltr'>Martial.</span> <span class='ocrx_word' id='word_1_1283' title='bbox 1788 1256 1835 1286; x_wconf 92' lang='lat' dir='ltr'>lib.</span> <span class='ocrx_word' id='word_1_1284' title='bbox 1849 1263 1874 1291; x_wconf 88' lang='lat'>8.</span> <span class='ocrx_word' id='word_1_1285' title='bbox 1887 1267 1910 1293; x_wconf 83' lang='lat'>3.</span> 
     </span>
    </p>

    <p class='ocr_par' dir='ltr' id='par_1_76' title="bbox 1282 1294 2176 1337">
     <span class='ocr_line' id='line_1_134' title="bbox 1282 1294 2176 1337; baseline 0.007 -13"><span class='ocrx_word' id='word_1_1286' title='bbox 1282 1295 1338 1324; x_wconf 88' lang='lat' dir='ltr'>Sed</span> <span class='ocrx_word' id='word_1_1287' title='bbox 1350 1294 1503 1332; x_wconf 87' lang='lat' dir='ltr'>perlucenti</span> <span class='ocrx_word' id='word_1_1288' title='bbox 1512 1301 1608 1324; x_wconf 86' lang='lat' dir='ltr'>cantus</span> <span class='ocrx_word' id='word_1_1289' title='bbox 1617 1296 1773 1325; x_wconf 84' lang='lat' dir='ltr'>meditabor</span> <span class='ocrx_word' id='word_1_1290' title='bbox 1780 1305 1875 1325; x_wconf 89' lang='lat' dir='ltr'>avena.</span> <span class='ocrx_word' id='word_1_1291' title='bbox 1897 1296 1991 1326; x_wconf 92' lang='lat' dir='ltr'>Tibul.</span> <span class='ocrx_word' id='word_1_1292' title='bbox 2003 1298 2051 1328; x_wconf 85' lang='lat' dir='ltr'>lib.</span> <span class='ocrx_word' id='word_1_1293' title='bbox 2066 1307 2088 1335; x_wconf 85' lang='lat'>3.</span> <span class='ocrx_word' id='word_1_1294' title='bbox 2098 1307 2176 1337; x_wconf 64' lang='lat'>471.</span> 
     </span>
    </p>

    <p class='ocr_par' dir='ltr' id='par_1_77' title="bbox 1283 1332 1930 1370">
     <span class='ocr_line' id='line_1_135' title="bbox 1283 1332 1930 1370; baseline 0.003 -9"><span class='ocrx_word' id='word_1_1295' title='bbox 1283 1332 1397 1362; x_wconf 61' lang='lat' dir='ltr'>Struclis</span> <span class='ocrx_word' id='word_1_1296' title='bbox 1407 1333 1500 1362; x_wconf 85' lang='lat' dir='ltr'>avenis</span> <span class='ocrx_word' id='word_1_1297' title='bbox 1510 1339 1628 1362; x_wconf 88' lang='lat' dir='ltr'>cantare.</span> <span class='ocrx_word' id='word_1_1298' title='bbox 1651 1334 1733 1363; x_wconf 92' lang='lat' dir='ltr'>Ovid.</span> <span class='ocrx_word' id='word_1_1299' title='bbox 1749 1344 1771 1363; x_wconf 90' lang='lat'>1.</span> <span class='ocrx_word' id='word_1_1300' title='bbox 1786 1334 1853 1363; x_wconf 81' lang='lat' dir='ltr'>Met.</span> <span class='ocrx_word' id='word_1_1301' title='bbox 1867 1337 1930 1370; x_wconf 87' lang='lat'>677.</span> 
     </span>
    </p>

    <p class='ocr_par' dir='ltr' id='par_1_78' title="bbox 1284 1370 2196 1411">
     <span class='ocr_line' id='line_1_136' title="bbox 1284 1370 2196 1411; baseline 0.008 -12"><span class='ocrx_word' id='word_1_1302' title='bbox 1284 1370 1384 1400; x_wconf 87' lang='lat' dir='ltr'>Fistula</span> <span class='ocrx_word' id='word_1_1303' title='bbox 1395 1370 1547 1411; x_wconf 74' lang='lat' dir='ltr'>disparibus</span> <span class='ocrx_word' id='word_1_1304' title='bbox 1557 1371 1690 1408; x_wconf 86' lang='lat' dir='ltr'>paulatim</span> <span class='ocrx_word' id='word_1_1305' title='bbox 1700 1371 1783 1409; x_wconf 82' lang='lat' dir='ltr'>surgit</span> <span class='ocrx_word' id='word_1_1306' title='bbox 1794 1372 1896 1401; x_wconf 79' lang='lat' dir='ltr'>avenis.</span> <span class='ocrx_word' id='word_1_1307' title='bbox 1919 1373 2003 1403; x_wconf 91' lang='lat' dir='ltr'>Ovid.</span> <span class='ocrx_word' id='word_1_1308' title='bbox 2017 1380 2041 1408; x_wconf 80' lang='lat'>8.</span> <span class='ocrx_word' id='word_1_1309' title='bbox 2056 1374 2123 1405; x_wconf 87' lang='lat' dir='ltr'>Met.</span> <span class='ocrx_word' id='word_1_1310' title='bbox 2136 1385 2196 1411; x_wconf 86' lang='lat'>192.</span> 
     </span>
    </p>

    <p class='ocr_par' dir='ltr' id='par_1_79' title="bbox 1247 1408 2398 1491">
     <span class='ocr_line' id='line_1_137' title="bbox 1247 1408 2398 1448; baseline 0.009 -11"><span class='ocrx_word' id='word_1_1311' title='bbox 1247 1408 1267 1438; x_wconf 79' lang='lat' dir='ltr'>A</span> <span class='ocrx_word' id='word_1_1312' title='bbox 1276 1418 1294 1437; x_wconf 93' lang='lat' dir='ltr'>v</span> <span class='ocrx_word' id='word_1_1313' title='bbox 1304 1418 1345 1437; x_wconf 64' lang='grc' dir='ltr'>ΞΝ</span> <span class='ocrx_word' id='word_1_1314' title='bbox 1356 1419 1374 1437; x_wconf 77' lang='grc' dir='ltr'><strong>Α</strong></span> <span class='ocrx_word' id='word_1_1315' title='bbox 1383 1418 1400 1437; x_wconf 89' lang='lat' dir='ltr'>c</span> <span class='ocrx_word' id='word_1_1316' title='bbox 1412 1419 1426 1438; x_wconf 74' lang='lat' dir='ltr'>a</span> <span class='ocrx_word' id='word_1_1317' title='bbox 1436 1419 1453 1438; x_wconf 86' lang='grc' dir='ltr'>υ</span> <span class='ocrx_word' id='word_1_1318' title='bbox 1463 1418 1475 1438; x_wconf 91' lang='lat' dir='ltr'>s</span> <span class='ocrx_word' id='word_1_1319' title='bbox 1486 1430 1494 1443; x_wconf 84' lang='lat'>‚</span> <span class='ocrx_word' id='word_1_1320' title='bbox 1518 1409 1575 1444; x_wconf 82' lang='lat' dir='ltr'>Adj.</span> <span class='ocrx_word' id='word_1_1321' title='bbox 1597 1410 1767 1445; x_wconf 55' lang='grc' dir='ltr'>[βξόμειςῷυ]</span> <span class='ocrx_word' id='word_1_1322' title='bbox 1790 1409 1828 1438; x_wconf 79' lang='lat' dir='ltr'>Ex</span> <span class='ocrx_word' id='word_1_1323' title='bbox 1846 1419 1932 1439; x_wconf 87' lang='lat' dir='ltr'>avena</span> <span class='ocrx_word' id='word_1_1324' title='bbox 1946 1411 2059 1442; x_wconf 41' lang='lat' dir='ltr'>factum.</span> <span class='ocrx_word' id='word_1_1325' title='bbox 2082 1421 2130 1448; x_wconf 91' lang='lat' dir='ltr'>ut,</span> <span class='ocrx_word' id='word_1_1326' title='bbox 2153 1416 2293 1445; x_wconf 73' lang='lat' dir='ltr'>avenacea</span> <span class='ocrx_word' id='word_1_1327' title='bbox 2302 1415 2398 1448; x_wconf 85' lang='lat' dir='ltr'>farina.</span> 
     </span>
     <span class='ocr_line' id='line_1_138' title="bbox 1286 1445 2232 1491; baseline 0.007 -16"><span class='ocrx_word' id='word_1_1328' title='bbox 1286 1445 1354 1475; x_wconf 89' lang='lat' dir='ltr'>Plin.</span> <span class='ocrx_word' id='word_1_1329' title='bbox 1368 1446 1416 1476; x_wconf 93' lang='lat' dir='ltr'>lib.</span> <span class='ocrx_word' id='word_1_1330' title='bbox 1430 1456 1474 1482; x_wconf 89' lang='lat'>29.</span> <span class='ocrx_word' id='word_1_1331' title='bbox 1487 1456 1548 1484; x_wconf 89' lang='lat' dir='ltr'>cap.</span> <span class='ocrx_word' id='word_1_1332' title='bbox 1563 1450 1588 1475; x_wconf 94' lang='lat'>6.</span> <span class='ocrx_word' id='word_1_1333' title='bbox 1611 1447 1660 1476; x_wconf 91' lang='lat' dir='ltr'>Vel</span> <span class='ocrx_word' id='word_1_1334' title='bbox 1671 1457 1734 1491; x_wconf 79' lang='lat' dir='ltr'>cum</span> <span class='ocrx_word' id='word_1_1335' title='bbox 1743 1447 1828 1477; x_wconf 85' lang='lat' dir='ltr'>farina</span> <span class='ocrx_word' id='word_1_1336' title='bbox 1838 1447 2010 1486; x_wconf 87' lang='lat' dir='ltr'>hordeacea,</span> <span class='ocrx_word' id='word_1_1337' title='bbox 2031 1451 2075 1480; x_wconf 91' lang='lat' dir='ltr'>vel</span> <span class='ocrx_word' id='word_1_1338' title='bbox 2088 1461 2232 1482; x_wconf 85' lang='lat' dir='ltr'>avenacea.</span> 
     </span>
    </p>

    <p class='ocr_par' dir='ltr' id='par_1_80' title="bbox 1247 1485 2403 1561">
     <span class='ocr_line' id='line_1_139' title="bbox 1247 1485 2403 1528; baseline 0.006 -16"><span class='ocrx_word' id='word_1_1339' title='bbox 1247 1485 1294 1514; x_wconf 84' lang='lat' dir='ltr'>Av</span> <span class='ocrx_word' id='word_1_1340' title='bbox 1305 1494 1318 1513; x_wconf 74' lang='lat' dir='ltr'>a</span> <span class='ocrx_word' id='word_1_1341' title='bbox 1328 1494 1347 1512; x_wconf 86' lang='lat' dir='ltr'>N</span> <span class='ocrx_word' id='word_1_1342' title='bbox 1360 1495 1376 1512; x_wconf 76' lang='grc' dir='ltr'>Α</span> <span class='ocrx_word' id='word_1_1343' title='bbox 1388 1495 1403 1512; x_wconf 84' lang='lat' dir='ltr'>R</span> <span class='ocrx_word' id='word_1_1344' title='bbox 1414 1496 1422 1513; x_wconf 88' lang='lat'><em>1</em></span> <span class='ocrx_word' id='word_1_1345' title='bbox 1434 1494 1488 1517; x_wconf 76' lang='lat' dir='ltr'>us,</span> <span class='ocrx_word' id='word_1_1346' title='bbox 1513 1485 1571 1519; x_wconf 87' lang='lat' dir='ltr'>Adi.</span> <span class='ocrx_word' id='word_1_1347' title='bbox 1592 1485 1754 1520; x_wconf 54' lang='grc' dir='ltr'>[βεοριυως]</span> <span class='ocrx_word' id='word_1_1348' title='bbox 1776 1492 1806 1514; x_wconf 89' lang='lat' dir='ltr'>ut</span> <span class='ocrx_word' id='word_1_1349' title='bbox 1816 1507 1824 1521; x_wconf 91' lang='lat'>,</span> <span class='ocrx_word' id='word_1_1350' title='bbox 1855 1487 1986 1517; x_wconf 82' lang='lat' dir='ltr'>Avenaria</span> <span class='ocrx_word' id='word_1_1351' title='bbox 1999 1489 2109 1525; x_wconf 85' lang='lat' dir='ltr'>cicada,</span> <span class='ocrx_word' id='word_1_1352' title='bbox 2132 1490 2201 1526; x_wconf 68' lang='lat' dir='ltr'>Quae</span> <span class='ocrx_word' id='word_1_1353' title='bbox 2219 1499 2331 1528; x_wconf 83' lang='lat' dir='ltr'>apparet</span> <span class='ocrx_word' id='word_1_1354' title='bbox 2348 1493 2403 1522; x_wconf 77' lang='lat' dir='ltr'>fru-</span> 
     </span>
     <span class='ocr_line' id='line_1_140' title="bbox 1285 1522 1934 1561; baseline 0.005 -10"><span class='ocrx_word' id='word_1_1355' title='bbox 1285 1523 1386 1551; x_wconf 86' lang='lat' dir='ltr'>mentis</span> <span class='ocrx_word' id='word_1_1356' title='bbox 1398 1522 1593 1552; x_wconf 86' lang='lat' dir='ltr'>arescentibus.</span> <span class='ocrx_word' id='word_1_1357' title='bbox 1616 1522 1684 1551; x_wconf 87' lang='lat' dir='ltr'>Plin.</span> <span class='ocrx_word' id='word_1_1358' title='bbox 1699 1523 1746 1552; x_wconf 88' lang='lat' dir='ltr'>lib.</span> <span class='ocrx_word' id='word_1_1359' title='bbox 1762 1533 1804 1552; x_wconf 85' lang='lat'>11.</span> <span class='ocrx_word' id='word_1_1360' title='bbox 1819 1533 1878 1561; x_wconf 87' lang='lat' dir='ltr'>cap.</span> <span class='ocrx_word' id='word_1_1361' title='bbox 1890 1528 1934 1554; x_wconf 92' lang='lat'>26.</span> 
     </span>
    </p>

    <p class='ocr_par' dir='ltr' id='par_1_81' title="bbox 1248 1559 2403 1674">
     <span class='ocr_line' id='line_1_141' title="bbox 1248 1559 2403 1602; baseline 0.004 -12"><span class='ocrx_word' id='word_1_1362' title='bbox 1248 1560 1390 1590; x_wconf 72' lang='lat' dir='ltr'>AvaNxo</span> <span class='ocrx_word' id='word_1_1363' title='bbox 1403 1583 1410 1594; x_wconf 82' lang='lat'>,</span> <span class='ocrx_word' id='word_1_1364' title='bbox 1436 1560 1591 1596; x_wconf 67' lang='grc' dir='ltr'>[Ἃεενίων]</span> <span class='ocrx_word' id='word_1_1365' title='bbox 1612 1559 1681 1589; x_wconf 87' lang='lat' dir='ltr'>Urbs</span> <span class='ocrx_word' id='word_1_1366' title='bbox 1692 1560 1786 1590; x_wconf 84' lang='lat' dir='ltr'>Galliae</span> <span class='ocrx_word' id='word_1_1367' title='bbox 1808 1562 2012 1599; x_wconf 75' lang='lat' dir='ltr'>Narbonensis,</span> <span class='ocrx_word' id='word_1_1368' title='bbox 2034 1565 2062 1594; x_wconf 90' lang='lat' dir='ltr'>in</span> <span class='ocrx_word' id='word_1_1369' title='bbox 2081 1574 2163 1602; x_wconf 88' lang='lat' dir='ltr'>quam</span> <span class='ocrx_word' id='word_1_1370' title='bbox 2184 1564 2330 1596; x_wconf 67' lang='lat' dir='ltr'>Pontifices</span> <span class='ocrx_word' id='word_1_1371' title='bbox 2350 1568 2403 1597; x_wconf 73' lang='lat' dir='ltr'>Po.</span> 
     </span>
     <span class='ocr_line' id='line_1_142' title="bbox 1287 1597 2403 1639; baseline 0.009 -13"><span class='ocrx_word' id='word_1_1372' title='bbox 1287 1599 1361 1627; x_wconf 88' lang='lat' dir='ltr'>mani</span> <span class='ocrx_word' id='word_1_1373' title='bbox 1372 1599 1414 1634; x_wconf 83' lang='lat' dir='ltr'>jus</span> <span class='ocrx_word' id='word_1_1374' title='bbox 1422 1598 1534 1627; x_wconf 86' lang='lat' dir='ltr'>habent.</span> <span class='ocrx_word' id='word_1_1375' title='bbox 1573 1597 1641 1627; x_wconf 86' lang='lat' dir='ltr'>Eam</span> <span class='ocrx_word' id='word_1_1376' title='bbox 1658 1599 1733 1627; x_wconf 91' lang='lat' dir='ltr'>enim</span> <span class='ocrx_word' id='word_1_1377' title='bbox 1747 1599 1871 1628; x_wconf 70' lang='lat' dir='ltr'>Pontifici</span> <span class='ocrx_word' id='word_1_1378' title='bbox 1884 1599 2022 1631; x_wconf 88' lang='lat' dir='ltr'>Clementi</span> <span class='ocrx_word' id='word_1_1379' title='bbox 2029 1603 2157 1632; x_wconf 82' lang='lat' dir='ltr'>vendidit</span> <span class='ocrx_word' id='word_1_1380' title='bbox 2167 1603 2294 1639; x_wconf 81' lang='lat' dir='ltr'>Johanna</span> <span class='ocrx_word' id='word_1_1381' title='bbox 2304 1607 2403 1636; x_wconf 69' lang='lat' dir='ltr'>Siciiiae</span> 
     </span>
     <span class='ocr_line' id='line_1_143' title="bbox 1288 1635 1942 1674; baseline 0.005 -10"><span class='ocrx_word' id='word_1_1382' title='bbox 1288 1637 1391 1673; x_wconf 81' lang='lat' dir='ltr'>regina.</span> <span class='ocrx_word' id='word_1_1383' title='bbox 1433 1637 1533 1665; x_wconf 73' lang='lat' dir='ltr'>Auctor</span> <span class='ocrx_word' id='word_1_1384' title='bbox 1543 1635 1674 1665; x_wconf 86' lang='lat' dir='ltr'>Volaterr.</span> <span class='ocrx_word' id='word_1_1385' title='bbox 1705 1636 1794 1674; x_wconf 87' lang='lat' dir='ltr'>Vulgo</span> <span class='ocrx_word' id='word_1_1386' title='bbox 1810 1641 1942 1674; x_wconf 71' lang='lat' dir='ltr'>Avxgnon.</span> 
     </span>
    </p>

    <p class='ocr_par' dir='ltr' id='par_1_82' title="bbox 1249 1673 2408 1817">
     <span class='ocr_line' id='line_1_144' title="bbox 1249 1673 2405 1714; baseline 0.006 -10"><span class='ocrx_word' id='word_1_1387' title='bbox 1249 1674 1270 1704; x_wconf 67' lang='lat' dir='ltr'>A</span> <span class='ocrx_word' id='word_1_1388' title='bbox 1279 1683 1297 1703; x_wconf 85' lang='lat' dir='ltr'>v</span> <span class='ocrx_word' id='word_1_1389' title='bbox 1306 1684 1318 1702; x_wconf 73' lang='lat' dir='ltr'>a</span> <span class='ocrx_word' id='word_1_1390' title='bbox 1329 1684 1349 1702; x_wconf 91' lang='lat' dir='ltr'>N</span> <span class='ocrx_word' id='word_1_1391' title='bbox 1360 1684 1378 1702; x_wconf 78' lang='lat' dir='ltr'>T</span> <span class='ocrx_word' id='word_1_1392' title='bbox 1388 1677 1399 1703; x_wconf 81' lang='grc' dir='ltr'><strong>ῖ</strong></span> <span class='ocrx_word' id='word_1_1393' title='bbox 1408 1683 1422 1703; x_wconf 88' lang='lat' dir='ltr'>c</span> <span class='ocrx_word' id='word_1_1394' title='bbox 1432 1684 1450 1702; x_wconf 86' lang='lat' dir='ltr'>u</span> <span class='ocrx_word' id='word_1_1395' title='bbox 1460 1685 1480 1702; x_wconf 78' lang='lat' dir='ltr'>M</span> <span class='ocrx_word' id='word_1_1396' title='bbox 1492 1695 1500 1708; x_wconf 89' lang='lat'>,</span> <span class='ocrx_word' id='word_1_1397' title='bbox 1523 1673 1609 1703; x_wconf 85' lang='lat' dir='ltr'>totius</span> <span class='ocrx_word' id='word_1_1398' title='bbox 1619 1674 1812 1703; x_wconf 88' lang='lat' dir='ltr'>Helvetiorum</span> <span class='ocrx_word' id='word_1_1399' title='bbox 1824 1675 1914 1713; x_wconf 83' lang='lat' dir='ltr'>gentis</span> <span class='ocrx_word' id='word_1_1400' title='bbox 1925 1684 2016 1714; x_wconf 84' lang='lat' dir='ltr'>caput.</span> <span class='ocrx_word' id='word_1_1401' title='bbox 2034 1677 2124 1708; x_wconf 87' lang='lat' dir='ltr'>Tacit.</span> <span class='ocrx_word' id='word_1_1402' title='bbox 2137 1688 2160 1708; x_wconf 88' lang='lat'>1.</span> <span class='ocrx_word' id='word_1_1403' title='bbox 2174 1678 2239 1708; x_wconf 85' lang='lat' dir='ltr'>Hist.</span> <span class='ocrx_word' id='word_1_1404' title='bbox 2254 1683 2299 1714; x_wconf 90' lang='lat'>68.</span> <span class='ocrx_word' id='word_1_1405' title='bbox 2310 1681 2405 1711; x_wconf 83' lang='lat' dir='ltr'>Hodie</span> 
     </span>
     <span class='ocr_line' id='line_1_145' title="bbox 1287 1711 2405 1752; baseline 0.004 -12"><span class='ocrx_word' id='word_1_1406' title='bbox 1287 1711 1357 1741; x_wconf 88' lang='lat' dir='ltr'>Galli</span> <span class='ocrx_word' id='word_1_1407' title='bbox 1370 1712 1398 1740; x_wconf 89' lang='lat' dir='ltr'>id</span> <span class='ocrx_word' id='word_1_1408' title='bbox 1408 1711 1553 1749; x_wconf 86' lang='lat' dir='ltr'>appellant</span> <span class='ocrx_word' id='word_1_1409' title='bbox 1565 1712 1709 1741; x_wconf 76' lang='lat' dir='ltr'>Avanches.</span> <span class='ocrx_word' id='word_1_1410' title='bbox 1750 1713 1879 1742; x_wconf 84' lang='lat' dir='ltr'>Germani</span> <span class='ocrx_word' id='word_1_1411' title='bbox 1898 1715 2050 1752; x_wconf 74' lang='lat' dir='ltr'>Wifltsburg,</span> <span class='ocrx_word' id='word_1_1412' title='bbox 2090 1716 2165 1746; x_wconf 82' lang='lat' dir='ltr'>conf,</span> <span class='ocrx_word' id='word_1_1413' title='bbox 2194 1727 2212 1745; x_wconf 68' lang='grc' dir='ltr'>Α</span> <span class='ocrx_word' id='word_1_1414' title='bbox 2224 1727 2241 1747; x_wconf 91' lang='lat' dir='ltr'><strong>v</strong></span> <span class='ocrx_word' id='word_1_1415' title='bbox 2252 1728 2270 1746; x_wconf 73' lang='grc' dir='ltr'>Α</span> <span class='ocrx_word' id='word_1_1416' title='bbox 2282 1728 2301 1747; x_wconf 93' lang='lat' dir='ltr'>N</span> <span class='ocrx_word' id='word_1_1417' title='bbox 2310 1729 2330 1747; x_wconf 80' lang='lat' dir='ltr'>T</span> <span class='ocrx_word' id='word_1_1418' title='bbox 2340 1731 2348 1747; x_wconf 87' lang='lat'>1</span> <span class='ocrx_word' id='word_1_1419' title='bbox 2358 1730 2375 1748; x_wconf 76' lang='lat' dir='ltr'>C</span> <span class='ocrx_word' id='word_1_1420' title='bbox 2384 1730 2405 1749; x_wconf 83' lang='lat'>1.</span> 
     </span>
     <span class='ocr_line' id='line_1_146' title="bbox 1286 1749 2408 1795; baseline 0.005 -17"><span class='ocrx_word' id='word_1_1421' title='bbox 1286 1749 1359 1779; x_wconf 87' lang='lat' dir='ltr'>Nam</span> <span class='ocrx_word' id='word_1_1422' title='bbox 1371 1750 1460 1779; x_wconf 79' lang='lat' dir='ltr'>&amp;hoc</span> <span class='ocrx_word' id='word_1_1423' title='bbox 1469 1750 1555 1778; x_wconf 90' lang='lat' dir='ltr'>modo</span> <span class='ocrx_word' id='word_1_1424' title='bbox 1568 1750 1597 1778; x_wconf 91' lang='lat' dir='ltr'>in</span> <span class='ocrx_word' id='word_1_1425' title='bbox 1609 1750 1719 1780; x_wconf 89' lang='lat' dir='ltr'>vetustis</span> <span class='ocrx_word' id='word_1_1426' title='bbox 1729 1752 1917 1781; x_wconf 83' lang='lat' dir='ltr'>monumentis</span> <span class='ocrx_word' id='word_1_1427' title='bbox 1937 1752 2068 1790; x_wconf 88' lang='lat' dir='ltr'>scriptum</span> <span class='ocrx_word' id='word_1_1428' title='bbox 2085 1764 2190 1784; x_wconf 86' lang='lat' dir='ltr'>nornen</span> <span class='ocrx_word' id='word_1_1429' title='bbox 2206 1756 2306 1793; x_wconf 89' lang='lat' dir='ltr'>oppidi</span> <span class='ocrx_word' id='word_1_1430' title='bbox 2321 1767 2371 1795; x_wconf 88' lang='lat' dir='ltr'>per</span> <span class='ocrx_word' id='word_1_1431' title='bbox 2390 1767 2408 1784; x_wconf 73' lang='lat' dir='ltr'>a</span> 
     </span>
     <span class='ocr_line' id='line_1_147' title="bbox 1286 1787 1553 1817; baseline 0.004 -1"><span class='ocrx_word' id='word_1_1432' title='bbox 1286 1787 1394 1817; x_wconf 85' lang='lat' dir='ltr'>literam</span> <span class='ocrx_word' id='word_1_1433' title='bbox 1404 1788 1553 1817; x_wconf 87' lang='lat' dir='ltr'>invenitur.</span> 
     </span>
    </p>

    <p class='ocr_par' dir='ltr' id='par_1_83' title="bbox 1249 1823 2407 1940">
     <span class='ocr_line' id='line_1_148' title="bbox 1249 1823 2405 1869; baseline 0.006 -13"><span class='ocrx_word' id='word_1_1434' title='bbox 1249 1826 1296 1856; x_wconf 82' lang='lat' dir='ltr'>Av</span> <span class='ocrx_word' id='word_1_1435' title='bbox 1307 1835 1321 1854; x_wconf 74' lang='grc' dir='ltr'><strong>Ε</strong></span> <span class='ocrx_word' id='word_1_1436' title='bbox 1331 1835 1350 1854; x_wconf 96' lang='grc' dir='ltr'><strong>Ν</strong></span> <span class='ocrx_word' id='word_1_1437' title='bbox 1361 1835 1378 1854; x_wconf 78' lang='grc' dir='ltr'><strong><em>τ</em></strong></span> <span class='ocrx_word' id='word_1_1438' title='bbox 1388 1829 1401 1854; x_wconf 86' lang='grc' dir='ltr'>ῑ</span> <span class='ocrx_word' id='word_1_1439' title='bbox 1410 1836 1428 1854; x_wconf 89' lang='grc' dir='ltr'><strong>Ν</strong></span> <span class='ocrx_word' id='word_1_1440' title='bbox 1441 1836 1458 1854; x_wconf 86' lang='grc' dir='ltr'>υ</span> <span class='ocrx_word' id='word_1_1441' title='bbox 1468 1835 1480 1855; x_wconf 89' lang='lat' dir='ltr'>s</span> <span class='ocrx_word' id='word_1_1442' title='bbox 1489 1847 1497 1861; x_wconf 83' lang='lat'>,</span> <span class='ocrx_word' id='word_1_1443' title='bbox 1521 1824 1672 1862; x_wconf 68' lang='grc' dir='ltr'>[Ἀέεντῗνον</span> <span class='ocrx_word' id='word_1_1444' title='bbox 1685 1823 1772 1862; x_wconf 56' lang='lat' dir='ltr'>332&amp;ss</span> <span class='ocrx_word' id='word_1_1445' title='bbox 1792 1826 1905 1864; x_wconf 89' lang='lat' dir='ltr'>(inquit</span> <span class='ocrx_word' id='word_1_1446' title='bbox 1912 1827 2040 1862; x_wconf 81' lang='lat' dir='ltr'>Servius)</span> <span class='ocrx_word' id='word_1_1447' title='bbox 2061 1829 2145 1860; x_wconf 83' lang='lat' dir='ltr'>Mons</span> <span class='ocrx_word' id='word_1_1448' title='bbox 2157 1830 2232 1860; x_wconf 87' lang='lat' dir='ltr'>urbis</span> <span class='ocrx_word' id='word_1_1449' title='bbox 2243 1830 2339 1862; x_wconf 86' lang='lat' dir='ltr'>Romae</span> <span class='ocrx_word' id='word_1_1450' title='bbox 2355 1832 2405 1869; x_wconf 85' lang='lat' dir='ltr'>est,</span> 
     </span>
     <span class='ocr_line' id='line_1_149' title="bbox 1288 1863 2407 1902; baseline 0.009 -11"><span class='ocrx_word' id='word_1_1451' title='bbox 1288 1872 1370 1900; x_wconf 85' lang='lat' dir='ltr'>quern</span> <span class='ocrx_word' id='word_1_1452' title='bbox 1386 1863 1492 1892; x_wconf 86' lang='lat' dir='ltr'>constat</span> <span class='ocrx_word' id='word_1_1453' title='bbox 1505 1863 1538 1892; x_wconf 87' lang='lat' dir='ltr'>ab</span> <span class='ocrx_word' id='word_1_1454' title='bbox 1551 1863 1647 1893; x_wconf 82' lang='lat' dir='ltr'>avibus</span> <span class='ocrx_word' id='word_1_1455' title='bbox 1663 1864 1716 1894; x_wconf 76' lang='lat' dir='ltr'>ess&#39;e</span> <span class='ocrx_word' id='word_1_1456' title='bbox 1726 1865 1901 1895; x_wconf 87' lang='lat' dir='ltr'>nominatum</span> <span class='ocrx_word' id='word_1_1457' title='bbox 1911 1887 1920 1900; x_wconf 93' lang='lat'>,</span> <span class='ocrx_word' id='word_1_1458' title='bbox 1941 1874 2000 1902; x_wconf 84' lang='lat' dir='ltr'>quae</span> <span class='ocrx_word' id='word_1_1459' title='bbox 2015 1867 2051 1897; x_wconf 90' lang='lat' dir='ltr'>de</span> <span class='ocrx_word' id='word_1_1460' title='bbox 2062 1867 2157 1898; x_wconf 88' lang='lat' dir='ltr'>Tiberi</span> <span class='ocrx_word' id='word_1_1461' title='bbox 2176 1868 2356 1901; x_wconf 86' lang='lat' dir='ltr'>ascendentes</span> <span class='ocrx_word' id='word_1_1462' title='bbox 2374 1871 2407 1901; x_wconf 89' lang='lat' dir='ltr'>il-</span> 
     </span>
     <span class='ocr_line' id='line_1_150' title="bbox 1288 1901 1923 1940; baseline 0.002 -9"><span class='ocrx_word' id='word_1_1463' title='bbox 1288 1901 1326 1931; x_wconf 90' lang='lat' dir='ltr'>lic</span> <span class='ocrx_word' id='word_1_1464' title='bbox 1338 1901 1486 1931; x_wconf 87' lang='lat' dir='ltr'>sedebant:</span> <span class='ocrx_word' id='word_1_1465' title='bbox 1505 1901 1574 1930; x_wconf 92' lang='lat' dir='ltr'>utin</span> <span class='ocrx_word' id='word_1_1466' title='bbox 1587 1907 1610 1935; x_wconf 87' lang='lat'>8.</span> <span class='ocrx_word' id='word_1_1467' title='bbox 1625 1902 1686 1931; x_wconf 78' lang='lat' dir='ltr'>AEn.</span> <span class='ocrx_word' id='word_1_1468' title='bbox 1704 1902 1840 1940; x_wconf 86' lang='lat' dir='ltr'>legimus,</span> <span class='ocrx_word' id='word_1_1469' title='bbox 1863 1912 1923 1940; x_wconf 81' lang='lat'>331.</span> 
     </span>
    </p>

    <p class='ocr_par' dir='ltr' id='par_1_84' title="bbox 1289 1939 2028 1979">
     <span class='ocr_line' id='line_1_151' title="bbox 1289 1939 2028 1979; baseline 0.003 -11"><span class='ocrx_word' id='word_1_1470' title='bbox 1289 1976 1290 1979; x_wconf 13' lang='grc' dir='ltr'><strong>Ἴ</strong></span> <span class='ocrx_word' id='word_1_1471' title='bbox 1370 1939 1494 1969; x_wconf 85' lang='lat' dir='ltr'>Dirarurn</span> <span class='ocrx_word' id='word_1_1472' title='bbox 1508 1939 1582 1968; x_wconf 87' lang='lat' dir='ltr'>nidis</span> <span class='ocrx_word' id='word_1_1473' title='bbox 1597 1939 1696 1969; x_wconf 84' lang='lat' dir='ltr'>domus</span> <span class='ocrx_word' id='word_1_1474' title='bbox 1706 1948 1863 1978; x_wconf 86' lang='lat' dir='ltr'>opportuna</span> <span class='ocrx_word' id='word_1_1475' title='bbox 1874 1941 2028 1970; x_wconf 90' lang='lat' dir='ltr'>volucrum.</span> 
     </span>
    </p>

    <p class='ocr_par' dir='ltr' id='par_1_85' title="bbox 1288 1976 2411 2317">
     <span class='ocr_line' id='line_1_152' title="bbox 1288 1976 2406 2016; baseline 0.008 -11"><span class='ocrx_word' id='word_1_1476' title='bbox 1288 1976 1414 2014; x_wconf 79' lang='lat' dir='ltr'>Quidam</span> <span class='ocrx_word' id='word_1_1477' title='bbox 1434 1977 1518 2006; x_wconf 87' lang='lat' dir='ltr'>etiam</span> <span class='ocrx_word' id='word_1_1478' title='bbox 1538 1984 1585 2006; x_wconf 80' lang='lat' dir='ltr'>rex</span> <span class='ocrx_word' id='word_1_1479' title='bbox 1606 1977 1783 2014; x_wconf 79' lang='lat' dir='ltr'>Aboriginum</span> <span class='ocrx_word' id='word_1_1480' title='bbox 1796 1979 1946 2009; x_wconf 86' lang='lat' dir='ltr'>Aventinus</span> <span class='ocrx_word' id='word_1_1481' title='bbox 1961 1980 2076 2010; x_wconf 84' lang='lat' dir='ltr'>nomine</span> <span class='ocrx_word' id='word_1_1482' title='bbox 2086 2002 2094 2016; x_wconf 95' lang='lat'>,</span> <span class='ocrx_word' id='word_1_1483' title='bbox 2115 1978 2173 2011; x_wconf 84' lang='lat' dir='ltr'>illic</span> <span class='ocrx_word' id='word_1_1484' title='bbox 2183 1982 2208 2012; x_wconf 86' lang='lat'>&amp;</span> <span class='ocrx_word' id='word_1_1485' title='bbox 2219 1983 2324 2013; x_wconf 84' lang='lat' dir='ltr'>occisus</span> <span class='ocrx_word' id='word_1_1486' title='bbox 2333 1985 2358 2013; x_wconf 83' lang='lat'>&amp;</span> <span class='ocrx_word' id='word_1_1487' title='bbox 2368 1983 2406 2015; x_wconf 89' lang='lat' dir='ltr'>se-</span> 
     </span>
     <span class='ocr_line' id='line_1_153' title="bbox 1306 2014 2408 2054; baseline 0.005 -11"><span class='ocrx_word' id='word_1_1488' title='bbox 1306 2014 1401 2053; x_wconf 85' lang='lat' dir='ltr'>pultus</span> <span class='ocrx_word' id='word_1_1489' title='bbox 1416 2015 1471 2050; x_wconf 89' lang='lat' dir='ltr'>est,</span> <span class='ocrx_word' id='word_1_1490' title='bbox 1492 2015 1561 2044; x_wconf 82' lang='lat' dir='ltr'>licut</span> <span class='ocrx_word' id='word_1_1491' title='bbox 1578 2015 1661 2044; x_wconf 89' lang='lat' dir='ltr'>etiam</span> <span class='ocrx_word' id='word_1_1492' title='bbox 1680 2014 1849 2046; x_wconf 85' lang='lat' dir='ltr'>Albanorum</span> <span class='ocrx_word' id='word_1_1493' title='bbox 1870 2026 1918 2046; x_wconf 77' lang='lat' dir='ltr'>rex</span> <span class='ocrx_word' id='word_1_1494' title='bbox 1941 2018 2091 2048; x_wconf 88' lang='lat' dir='ltr'>Aventinus</span> <span class='ocrx_word' id='word_1_1495' title='bbox 2103 2041 2111 2054; x_wconf 94' lang='lat'>,</span> <span class='ocrx_word' id='word_1_1496' title='bbox 2137 2020 2183 2049; x_wconf 89' lang='lat' dir='ltr'>cui</span> <span class='ocrx_word' id='word_1_1497' title='bbox 2203 2019 2327 2051; x_wconf 84' lang='lat' dir='ltr'>successit</span> <span class='ocrx_word' id='word_1_1498' title='bbox 2345 2022 2408 2051; x_wconf 88' lang='lat' dir='ltr'>Pro.</span> 
     </span>
     <span class='ocr_line' id='line_1_154' title="bbox 1306 2053 2407 2092; baseline 0.007 -11"><span class='ocrx_word' id='word_1_1499' title='bbox 1306 2063 1360 2082; x_wconf 88' lang='lat' dir='ltr'>cas.</span> <span class='ocrx_word' id='word_1_1500' title='bbox 1403 2053 1485 2082; x_wconf 85' lang='lat' dir='ltr'>Varro</span> <span class='ocrx_word' id='word_1_1501' title='bbox 1503 2059 1595 2082; x_wconf 89' lang='lat' dir='ltr'>tamen</span> <span class='ocrx_word' id='word_1_1502' title='bbox 1617 2053 1686 2082; x_wconf 87' lang='lat' dir='ltr'>dicit</span> <span class='ocrx_word' id='word_1_1503' title='bbox 1704 2054 1733 2082; x_wconf 91' lang='lat' dir='ltr'>in</span> <span class='ocrx_word' id='word_1_1504' title='bbox 1754 2060 1836 2091; x_wconf 83' lang='lat' dir='ltr'>gente</span> <span class='ocrx_word' id='word_1_1505' title='bbox 1852 2054 1950 2092; x_wconf 88' lang='lat' dir='ltr'>populi</span> <span class='ocrx_word' id='word_1_1506' title='bbox 1977 2055 2094 2085; x_wconf 89' lang='lat' dir='ltr'>Romani</span> <span class='ocrx_word' id='word_1_1507' title='bbox 2116 2057 2235 2087; x_wconf 81' lang='lat' dir='ltr'>Sabinos</span> <span class='ocrx_word' id='word_1_1508' title='bbox 2249 2069 2264 2088; x_wconf 90' lang='lat' dir='ltr'>a</span> <span class='ocrx_word' id='word_1_1509' title='bbox 2286 2059 2407 2089; x_wconf 87' lang='lat' dir='ltr'>Romulo</span> 
     </span>
     <span class='ocr_line' id='line_1_155' title="bbox 1306 2090 2410 2134; baseline 0.007 -15"><span class='ocrx_word' id='word_1_1510' title='bbox 1306 2090 1462 2128; x_wconf 79' lang='lat' dir='ltr'>susceptos,</span> <span class='ocrx_word' id='word_1_1511' title='bbox 1483 2091 1564 2120; x_wconf 90' lang='lat' dir='ltr'>istum</span> <span class='ocrx_word' id='word_1_1512' title='bbox 1573 2090 1708 2129; x_wconf 80' lang='lat' dir='ltr'>accepisse</span> <span class='ocrx_word' id='word_1_1513' title='bbox 1718 2098 1843 2121; x_wconf 86' lang='lat' dir='ltr'>montem</span> <span class='ocrx_word' id='word_1_1514' title='bbox 1855 2115 1862 2127; x_wconf 78' lang='lat'>,</span> <span class='ocrx_word' id='word_1_1515' title='bbox 1885 2102 1967 2129; x_wconf 86' lang='lat' dir='ltr'>quem</span> <span class='ocrx_word' id='word_1_1516' title='bbox 1979 2093 2012 2122; x_wconf 88' lang='lat' dir='ltr'>ab</span> <span class='ocrx_word' id='word_1_1517' title='bbox 2033 2095 2138 2125; x_wconf 88' lang='lat' dir='ltr'>Avente</span> <span class='ocrx_word' id='word_1_1518' title='bbox 2154 2096 2241 2125; x_wconf 86' lang='lat' dir='ltr'>fluvio</span> <span class='ocrx_word' id='word_1_1519' title='bbox 2257 2098 2410 2134; x_wconf 73' lang='lat' dir='ltr'>provinciae</span> 
     </span>
     <span class='ocr_line' id='line_1_156' title="bbox 1309 2128 2411 2174; baseline 0.007 -17"><span class='ocrx_word' id='word_1_1520' title='bbox 1309 2128 1362 2158; x_wconf 81' lang='lat' dir='ltr'>suae</span> <span class='ocrx_word' id='word_1_1521' title='bbox 1380 2128 1590 2166; x_wconf 84' lang='lat' dir='ltr'>appellaverunt</span> <span class='ocrx_word' id='word_1_1522' title='bbox 1607 2129 1782 2159; x_wconf 84' lang='lat' dir='ltr'>Aventinum.</span> <span class='ocrx_word' id='word_1_1523' title='bbox 1805 2130 1916 2159; x_wconf 89' lang='lat' dir='ltr'>Constat</span> <span class='ocrx_word' id='word_1_1524' title='bbox 1930 2137 2021 2160; x_wconf 90' lang='lat' dir='ltr'>tamen</span> <span class='ocrx_word' id='word_1_1525' title='bbox 2032 2133 2118 2162; x_wconf 86' lang='lat' dir='ltr'>varias</span> <span class='ocrx_word' id='word_1_1526' title='bbox 2134 2133 2182 2162; x_wconf 86' lang='lat' dir='ltr'>has</span> <span class='ocrx_word' id='word_1_1527' title='bbox 2197 2135 2345 2171; x_wconf 90' lang='lat' dir='ltr'>opiniones</span> <span class='ocrx_word' id='word_1_1528' title='bbox 2360 2146 2411 2174; x_wconf 89' lang='lat' dir='ltr'>po-</span> 
     </span>
     <span class='ocr_line' id='line_1_157' title="bbox 1307 2166 2408 2207; baseline 0.007 -12"><span class='ocrx_word' id='word_1_1529' title='bbox 1307 2166 1362 2196; x_wconf 90' lang='lat' dir='ltr'>stea</span> <span class='ocrx_word' id='word_1_1530' title='bbox 1379 2166 1513 2204; x_wconf 89' lang='lat' dir='ltr'>sequutas.</span> <span class='ocrx_word' id='word_1_1531' title='bbox 1560 2166 1633 2196; x_wconf 85' lang='lat' dir='ltr'>Nam</span> <span class='ocrx_word' id='word_1_1532' title='bbox 1649 2176 1664 2196; x_wconf 86' lang='lat' dir='ltr'>a</span> <span class='ocrx_word' id='word_1_1533' title='bbox 1678 2167 1818 2205; x_wconf 87' lang='lat' dir='ltr'>principio</span> <span class='ocrx_word' id='word_1_1534' title='bbox 1841 2169 1992 2198; x_wconf 88' lang='lat' dir='ltr'>Aventinus</span> <span class='ocrx_word' id='word_1_1535' title='bbox 2012 2170 2102 2200; x_wconf 70' lang='lat' dir='ltr'>dictus</span> <span class='ocrx_word' id='word_1_1536' title='bbox 2122 2171 2159 2200; x_wconf 92' lang='lat' dir='ltr'>est</span> <span class='ocrx_word' id='word_1_1537' title='bbox 2178 2171 2212 2200; x_wconf 89' lang='lat' dir='ltr'>ab</span> <span class='ocrx_word' id='word_1_1538' title='bbox 2227 2173 2338 2207; x_wconf 84' lang='lat' dir='ltr'>avibus,</span> <span class='ocrx_word' id='word_1_1539' title='bbox 2362 2174 2408 2204; x_wconf 90' lang='lat' dir='ltr'>vel</span> 
     </span>
     <span class='ocr_line' id='line_1_158' title="bbox 1307 2204 2409 2242; baseline 0.007 -9"><span class='ocrx_word' id='word_1_1540' title='bbox 1307 2214 1323 2234; x_wconf 87' lang='lat' dir='ltr'>a</span> <span class='ocrx_word' id='word_1_1541' title='bbox 1334 2214 1398 2241; x_wconf 78' lang='lat' dir='ltr'>rege</span> <span class='ocrx_word' id='word_1_1542' title='bbox 1409 2204 1596 2242; x_wconf 89' lang='lat' dir='ltr'>Aboriginum.</span> <span class='ocrx_word' id='word_1_1543' title='bbox 1636 2204 1716 2233; x_wconf 89' lang='lat' dir='ltr'>Unde</span> <span class='ocrx_word' id='word_1_1544' title='bbox 1728 2205 1802 2234; x_wconf 91' lang='lat' dir='ltr'>hunc</span> <span class='ocrx_word' id='word_1_1545' title='bbox 1811 2206 1937 2235; x_wconf 83' lang='lat' dir='ltr'>Herculis</span> <span class='ocrx_word' id='word_1_1546' title='bbox 1956 2206 2043 2236; x_wconf 86' lang='lat' dir='ltr'>filium</span> <span class='ocrx_word' id='word_1_1547' title='bbox 2057 2209 2163 2238; x_wconf 88' lang='lat' dir='ltr'>constat</span> <span class='ocrx_word' id='word_1_1548' title='bbox 2172 2219 2274 2240; x_wconf 87' lang='lat' dir='ltr'>nomen</span> <span class='ocrx_word' id='word_1_1549' title='bbox 2288 2221 2302 2240; x_wconf 88' lang='lat' dir='ltr'>a</span> <span class='ocrx_word' id='word_1_1550' title='bbox 2313 2218 2409 2242; x_wconf 87' lang='lat' dir='ltr'>monte</span> 
     </span>
     <span class='ocr_line' id='line_1_159' title="bbox 1307 2241 2410 2310; baseline 0.007 -39"><span class='ocrx_word' id='word_1_1551' title='bbox 1307 2242 1540 2310; x_wconf 52' lang='lat' dir='ltr'>accepissejEnon</span> <span class='ocrx_word' id='word_1_1552' title='bbox 1550 2243 1575 2271; x_wconf 91' lang='lat' dir='ltr'>ei</span> <span class='ocrx_word' id='word_1_1553' title='bbox 1586 2241 1744 2280; x_wconf 67' lang='lat' dir='ltr'>praestitisse.</span> <span class='ocrx_word' id='word_1_1554' title='bbox 1764 2243 2032 2281; x_wconf 75' lang='lat' dir='ltr'>HaCtenusServius,</span> <span class='ocrx_word' id='word_1_1555' title='bbox 2051 2245 2123 2275; x_wconf 87' lang='lat' dir='ltr'>illud</span> <span class='ocrx_word' id='word_1_1556' title='bbox 2140 2246 2322 2285; x_wconf 83' lang='lat' dir='ltr'>Virgilianum</span> <span class='ocrx_word' id='word_1_1557' title='bbox 2333 2259 2410 2279; x_wconf 86' lang='lat' dir='ltr'>enar-</span> 
     </span>
     <span class='ocr_line' id='line_1_160' title="bbox 1308 2284 1587 2317; baseline -0.007 -7"><span class='ocrx_word' id='word_1_1558' title='bbox 1308 2290 1389 2317; x_wconf 80' lang='lat' dir='ltr'>ranS,</span> <span class='ocrx_word' id='word_1_1559' title='bbox 1411 2290 1435 2317; x_wconf 83' lang='lat'>7.</span> <span class='ocrx_word' id='word_1_1560' title='bbox 1484 2290 1510 2309; x_wconf 92' lang='lat' dir='ltr'>n.</span> <span class='ocrx_word' id='word_1_1561' title='bbox 1524 2284 1587 2317; x_wconf 77' lang='lat'><strong>⁶57·</strong></span> 
     </span>
    </p>

    <p class='ocr_par' dir='ltr' id='par_1_86' title="bbox 1448 2317 1834 2392">
     <span class='ocr_line' id='line_1_161' title="bbox 1448 2317 1834 2356; baseline 0.005 -10"><span class='ocrx_word' id='word_1_1562' title='bbox 1448 2317 1566 2347; x_wconf 86' lang='lat' dir='ltr'>—satus</span> <span class='ocrx_word' id='word_1_1563' title='bbox 1583 2318 1701 2348; x_wconf 87' lang='lat' dir='ltr'>Hercule</span> <span class='ocrx_word' id='word_1_1564' title='bbox 1715 2319 1834 2356; x_wconf 88' lang='lat' dir='ltr'>pulchro</span> 
     </span>
     <span class='ocr_line' id='line_1_162' title="bbox 1449 2355 1819 2392; baseline 0.003 -6"><span class='ocrx_word' id='word_1_1565' title='bbox 1449 2355 1567 2386; x_wconf 82' lang='lat' dir='ltr'>Pulcher</span> <span class='ocrx_word' id='word_1_1566' title='bbox 1577 2357 1731 2386; x_wconf 87' lang='lat' dir='ltr'>Aventinus</span> <span class='ocrx_word' id='word_1_1567' title='bbox 1739 2379 1747 2392; x_wconf 91' lang='lat'>,</span> <span class='ocrx_word' id='word_1_1568' title='bbox 1767 2358 1819 2387; x_wconf 60' lang='lat' dir='ltr'>&amp;a</span> 
     </span>
    </p>

    <p class='ocr_par' dir='ltr' id='par_1_87' title="bbox 1251 2394 2407 2473">
     <span class='ocr_line' id='line_1_163' title="bbox 1251 2394 2407 2434; baseline 0.008 -12"><span class='ocrx_word' id='word_1_1569' title='bbox 1251 2394 1272 2425; x_wconf 87' lang='lat' dir='ltr'>A</span> <span class='ocrx_word' id='word_1_1570' title='bbox 1281 2403 1322 2423; x_wconf 74' lang='lat' dir='ltr'>vr.</span> <span class='ocrx_word' id='word_1_1571' title='bbox 1332 2402 1352 2422; x_wconf 88' lang='lat' dir='ltr'>N</span> <span class='ocrx_word' id='word_1_1572' title='bbox 1362 2403 1381 2422; x_wconf 79' lang='grc' dir='ltr'>τ</span> <span class='ocrx_word' id='word_1_1573' title='bbox 1389 2397 1402 2422; x_wconf 78' lang='grc' dir='ltr'>ἲ</span> <span class='ocrx_word' id='word_1_1574' title='bbox 1411 2402 1431 2422; x_wconf 92' lang='grc' dir='ltr'><strong>Ν</strong></span> <span class='ocrx_word' id='word_1_1575' title='bbox 1441 2403 1459 2422; x_wconf 87' lang='lat' dir='ltr'>u</span> <span class='ocrx_word' id='word_1_1576' title='bbox 1469 2404 1481 2422; x_wconf 89' lang='lat' dir='ltr'>s</span> <span class='ocrx_word' id='word_1_1577' title='bbox 1493 2416 1501 2429; x_wconf 78' lang='grc'>,</span> <span class='ocrx_word' id='word_1_1578' title='bbox 1525 2395 1582 2430; x_wconf 78' lang='lat' dir='ltr'>Adj.</span> <span class='ocrx_word' id='word_1_1579' title='bbox 1607 2400 1638 2423; x_wconf 89' lang='lat' dir='ltr'>ut</span> <span class='ocrx_word' id='word_1_1580' title='bbox 1646 2416 1654 2428; x_wconf 85' lang='lat'>,</span> <span class='ocrx_word' id='word_1_1581' title='bbox 1677 2395 1812 2424; x_wconf 85' lang='lat' dir='ltr'>Aventina</span> <span class='ocrx_word' id='word_1_1582' title='bbox 1831 2394 1903 2425; x_wconf 75' lang='lat' dir='ltr'>silva.</span> <span class='ocrx_word' id='word_1_1583' title='bbox 1942 2395 2025 2426; x_wconf 77' lang='lat' dir='ltr'>Ovid.</span> <span class='ocrx_word' id='word_1_1584' title='bbox 2036 2405 2060 2433; x_wconf 82' lang='lat'>3.</span> <span class='ocrx_word' id='word_1_1585' title='bbox 2072 2395 2140 2428; x_wconf 72' lang='lat' dir='ltr'>Fast.</span> <span class='ocrx_word' id='word_1_1586' title='bbox 2155 2407 2217 2434; x_wconf 80' lang='lat'>329.</span> <span class='ocrx_word' id='word_1_1587' title='bbox 2259 2399 2293 2430; x_wconf 88' lang='lat' dir='ltr'>Et</span> <span class='ocrx_word' id='word_1_1588' title='bbox 2301 2402 2326 2430; x_wconf 89' lang='lat'>6.</span> <span class='ocrx_word' id='word_1_1589' title='bbox 2340 2400 2407 2430; x_wconf 78' lang='lat' dir='ltr'>Fast.</span> 
     </span>
     <span class='ocr_line' id='line_1_164' title="bbox 1295 2432 2186 2473; baseline 0.004 -12"><span class='ocrx_word' id='word_1_1590' title='bbox 1295 2437 1359 2469; x_wconf 87' lang='lat'>728.</span> <span class='ocrx_word' id='word_1_1591' title='bbox 1400 2433 1447 2461; x_wconf 89' lang='lat' dir='ltr'>Ars</span> <span class='ocrx_word' id='word_1_1592' title='bbox 1457 2433 1600 2462; x_wconf 89' lang='lat' dir='ltr'>Aventina.</span> <span class='ocrx_word' id='word_1_1593' title='bbox 1640 2432 1709 2461; x_wconf 79' lang='lat' dir='ltr'>Item</span> <span class='ocrx_word' id='word_1_1594' title='bbox 1723 2433 1769 2462; x_wconf 87' lang='lat' dir='ltr'>lib.</span> <span class='ocrx_word' id='word_1_1595' title='bbox 1785 2443 1809 2470; x_wconf 79' lang='lat'>3.</span> <span class='ocrx_word' id='word_1_1596' title='bbox 1823 2443 1884 2469; x_wconf 80' lang='lat'>329.</span> <span class='ocrx_word' id='word_1_1597' title='bbox 1907 2434 2074 2464; x_wconf 88' lang='lat' dir='ltr'>Aventinum</span> <span class='ocrx_word' id='word_1_1598' title='bbox 2083 2436 2186 2473; x_wconf 83' lang='lat' dir='ltr'>iugum.</span> 
     </span>
    </p>

    <p class='ocr_par' dir='ltr' id='par_1_88' title="bbox 1253 2470 2372 2509">
     <span class='ocr_line' id='line_1_165' title="bbox 1253 2470 2372 2509; baseline 0.003 -9"><span class='ocrx_word' id='word_1_1599' title='bbox 1253 2471 1274 2500; x_wconf 89' lang='lat' dir='ltr'>A</span> <span class='ocrx_word' id='word_1_1600' title='bbox 1284 2480 1302 2499; x_wconf 93' lang='lat' dir='ltr'>v</span> <span class='ocrx_word' id='word_1_1601' title='bbox 1312 2480 1325 2499; x_wconf 76' lang='grc' dir='ltr'><strong>Ε</strong></span> <span class='ocrx_word' id='word_1_1602' title='bbox 1336 2479 1357 2498; x_wconf 93' lang='grc' dir='ltr'><strong>Ν</strong></span> <span class='ocrx_word' id='word_1_1603' title='bbox 1367 2478 1387 2498; x_wconf 81' lang='grc' dir='ltr'>Τ</span> <span class='ocrx_word' id='word_1_1604' title='bbox 1396 2480 1404 2497; x_wconf 86' lang='lat'>1</span> <span class='ocrx_word' id='word_1_1605' title='bbox 1414 2479 1433 2498; x_wconf 90' lang='lat' dir='ltr'>N</span> <span class='ocrx_word' id='word_1_1606' title='bbox 1445 2481 1453 2498; x_wconf 83' lang='grc' dir='ltr'>ι</span> <span class='ocrx_word' id='word_1_1607' title='bbox 1463 2480 1476 2499; x_wconf 73' lang='grc' dir='ltr'>ε</span> <span class='ocrx_word' id='word_1_1608' title='bbox 1485 2479 1506 2499; x_wconf 87' lang='grc' dir='ltr'><strong>Ν</strong></span> <span class='ocrx_word' id='word_1_1609' title='bbox 1517 2480 1528 2499; x_wconf 93' lang='lat' dir='ltr'>s</span> <span class='ocrx_word' id='word_1_1610' title='bbox 1539 2481 1547 2498; x_wconf 89' lang='lat'>1</span> <span class='ocrx_word' id='word_1_1611' title='bbox 1558 2480 1570 2499; x_wconf 91' lang='lat' dir='ltr'>s</span> <span class='ocrx_word' id='word_1_1612' title='bbox 1580 2492 1588 2503; x_wconf 82' lang='lat'>‚</span> <span class='ocrx_word' id='word_1_1613' title='bbox 1610 2479 1634 2499; x_wconf 86' lang='lat' dir='ltr'>e.</span> <span class='ocrx_word' id='word_1_1614' title='bbox 1656 2470 1732 2499; x_wconf 88' lang='lat' dir='ltr'>aliud</span> <span class='ocrx_word' id='word_1_1615' title='bbox 1745 2471 1803 2507; x_wconf 86' lang='lat' dir='ltr'>Adj.</span> <span class='ocrx_word' id='word_1_1616' title='bbox 1827 2471 1882 2500; x_wconf 86' lang='lat' dir='ltr'>Val.</span> <span class='ocrx_word' id='word_1_1617' title='bbox 1892 2472 1967 2501; x_wconf 83' lang='lat' dir='ltr'>Max.</span> <span class='ocrx_word' id='word_1_1618' title='bbox 1981 2479 2006 2509; x_wconf 88' lang='grc'><strong>7.</strong></span> <span class='ocrx_word' id='word_1_1619' title='bbox 2019 2482 2043 2509; x_wconf 86' lang='lat'>3.</span> <span class='ocrx_word' id='word_1_1620' title='bbox 2066 2473 2264 2504; x_wconf 82' lang='lat' dir='ltr'>Aventiniensrs</span> <span class='ocrx_word' id='word_1_1621' title='bbox 2275 2475 2372 2504; x_wconf 85' lang='lat' dir='ltr'>Diana.</span> 
     </span>
    </p>

    <p class='ocr_par' dir='ltr' id='par_1_89' title="bbox 1253 2507 2412 2659">
     <span class='ocr_line' id='line_1_166' title="bbox 1253 2507 2412 2550; baseline 0.004 -12"><span class='ocrx_word' id='word_1_1622' title='bbox 1253 2510 1300 2538; x_wconf 86' lang='lat' dir='ltr'>Av</span> <span class='ocrx_word' id='word_1_1623' title='bbox 1311 2517 1368 2542; x_wconf 74' lang='lat' dir='ltr'>no,</span> <span class='ocrx_word' id='word_1_1624' title='bbox 1388 2508 1554 2544; x_wconf 53' lang='grc' dir='ltr'>[γλιχομοω]</span> <span class='ocrx_word' id='word_1_1625' title='bbox 1575 2509 1629 2536; x_wconf 67' lang='lat' dir='ltr'>ete.</span> <span class='ocrx_word' id='word_1_1626' title='bbox 1651 2507 1770 2538; x_wconf 87' lang='lat' dir='ltr'>Verbum</span> <span class='ocrx_word' id='word_1_1627' title='bbox 1788 2509 1827 2538; x_wconf 90' lang='lat' dir='ltr'>est</span> <span class='ocrx_word' id='word_1_1628' title='bbox 1844 2509 2012 2540; x_wconf 65' lang='lat' dir='ltr'>defeetivum</span> <span class='ocrx_word' id='word_1_1629' title='bbox 2023 2533 2031 2545; x_wconf 83' lang='lat'>,</span> <span class='ocrx_word' id='word_1_1630' title='bbox 2052 2512 2078 2541; x_wconf 85' lang='lat'>&amp;</span> <span class='ocrx_word' id='word_1_1631' title='bbox 2094 2511 2297 2550; x_wconf 90' lang='lat' dir='ltr'>Concupiscere</span> <span class='ocrx_word' id='word_1_1632' title='bbox 2315 2513 2412 2549; x_wconf 72' lang='lat' dir='ltr'>signifi·</span> 
     </span>
     <span class='ocr_line' id='line_1_167' title="bbox 1292 2545 2408 2587; baseline 0.006 -13"><span class='ocrx_word' id='word_1_1633' title='bbox 1292 2553 1345 2575; x_wconf 79' lang='lat' dir='ltr'>cat.</span> <span class='ocrx_word' id='word_1_1634' title='bbox 1386 2545 1478 2575; x_wconf 86' lang='lat' dir='ltr'>Festus</span> <span class='ocrx_word' id='word_1_1635' title='bbox 1488 2556 1496 2581; x_wconf 83' lang='lat'>;</span> <span class='ocrx_word' id='word_1_1636' title='bbox 1519 2546 1603 2575; x_wconf 84' lang='lat' dir='ltr'>Avere</span> <span class='ocrx_word' id='word_1_1637' title='bbox 1613 2545 1683 2575; x_wconf 88' lang='lat' dir='ltr'>nihil</span> <span class='ocrx_word' id='word_1_1638' title='bbox 1691 2546 1767 2576; x_wconf 85' lang='lat' dir='ltr'>aliud</span> <span class='ocrx_word' id='word_1_1639' title='bbox 1779 2547 1816 2576; x_wconf 87' lang='lat' dir='ltr'>est</span> <span class='ocrx_word' id='word_1_1640' title='bbox 1826 2557 1907 2584; x_wconf 85' lang='lat' dir='ltr'>quam</span> <span class='ocrx_word' id='word_1_1641' title='bbox 1919 2547 1940 2576; x_wconf 94' lang='lat' dir='ltr'>C</span> <span class='ocrx_word' id='word_1_1642' title='bbox 1944 2558 2027 2585; x_wconf 88' lang='lat' dir='ltr'>upere</span> <span class='ocrx_word' id='word_1_1643' title='bbox 2037 2570 2045 2583; x_wconf 85' lang='lat'>,</span> <span class='ocrx_word' id='word_1_1644' title='bbox 2062 2558 2224 2586; x_wconf 82' lang='lat' dir='ltr'>argumento</span> <span class='ocrx_word' id='word_1_1645' title='bbox 2233 2551 2270 2580; x_wconf 88' lang='lat' dir='ltr'>est</span> <span class='ocrx_word' id='word_1_1646' title='bbox 2280 2553 2408 2587; x_wconf 80' lang='lat' dir='ltr'>Avidum,</span> 
     </span>
     <span class='ocr_line' id='line_1_168' title="bbox 1292 2583 2411 2627; baseline 0.005 -14"><span class='ocrx_word' id='word_1_1647' title='bbox 1292 2586 1318 2613; x_wconf 69' lang='grc' dir='ltr'>ἃ</span> <span class='ocrx_word' id='word_1_1648' title='bbox 1333 2583 1514 2613; x_wconf 82' lang='lat' dir='ltr'>Aviditatem:</span> <span class='ocrx_word' id='word_1_1649' title='bbox 1535 2593 1569 2619; x_wconf 80' lang='lat' dir='ltr'>ex</span> <span class='ocrx_word' id='word_1_1650' title='bbox 1584 2583 1682 2620; x_wconf 88' lang='lat' dir='ltr'>quibus</span> <span class='ocrx_word' id='word_1_1651' title='bbox 1697 2585 1837 2623; x_wconf 64' lang='lat' dir='ltr'>praecipua</span> <span class='ocrx_word' id='word_1_1652' title='bbox 1854 2584 1992 2623; x_wconf 78' lang='lat' dir='ltr'>cupiditas</span> <span class='ocrx_word' id='word_1_1653' title='bbox 2012 2586 2194 2625; x_wconf 86' lang='lat' dir='ltr'>intelligitur,</span> <span class='ocrx_word' id='word_1_1654' title='bbox 2216 2598 2301 2626; x_wconf 89' lang='lat' dir='ltr'>quum</span> <span class='ocrx_word' id='word_1_1655' title='bbox 2313 2589 2411 2627; x_wconf 83' lang='lat' dir='ltr'>fignifi-</span> 
     </span>
     <span class='ocr_line' id='line_1_169' title="bbox 1293 2621 1862 2659; baseline 0.004 -9"><span class='ocrx_word' id='word_1_1656' title='bbox 1293 2628 1338 2651; x_wconf 90' lang='lat' dir='ltr'>cet</span> <span class='ocrx_word' id='word_1_1657' title='bbox 1349 2623 1373 2650; x_wconf 65' lang='grc' dir='ltr'>ἃ</span> <span class='ocrx_word' id='word_1_1658' title='bbox 1385 2621 1519 2651; x_wconf 86' lang='lat' dir='ltr'>Gaudere.</span> <span class='ocrx_word' id='word_1_1659' title='bbox 1562 2621 1628 2650; x_wconf 86' lang='lat' dir='ltr'>Hor.</span> <span class='ocrx_word' id='word_1_1660' title='bbox 1641 2631 1661 2650; x_wconf 87' lang='lat'>1.</span> <span class='ocrx_word' id='word_1_1661' title='bbox 1678 2621 1765 2651; x_wconf 90' lang='lat' dir='ltr'>Serm.</span> <span class='ocrx_word' id='word_1_1662' title='bbox 1778 2635 1804 2658; x_wconf 83' lang='lat'>4·</span> <span class='ocrx_word' id='word_1_1663' title='bbox 1817 2629 1862 2659; x_wconf 87' lang='lat'>87.</span> 
     </span>
    </p>

    <p class='ocr_par' dir='ltr' id='par_1_90' title="bbox 1374 2658 2413 2703">
     <span class='ocr_line' id='line_1_170' title="bbox 1374 2658 2413 2703; baseline 0.007 -16"><span class='ocrx_word' id='word_1_1664' title='bbox 1374 2658 1395 2688; x_wconf 87' lang='lat' dir='ltr'>E</span> <span class='ocrx_word' id='word_1_1665' title='bbox 1411 2658 1511 2696; x_wconf 87' lang='lat' dir='ltr'>quibus</span> <span class='ocrx_word' id='word_1_1666' title='bbox 1521 2668 1592 2689; x_wconf 91' lang='lat' dir='ltr'>unus</span> <span class='ocrx_word' id='word_1_1667' title='bbox 1601 2664 1663 2703; x_wconf 77' lang='lat' dir='ltr'>avet</span> <span class='ocrx_word' id='word_1_1668' title='bbox 1674 2661 1768 2697; x_wconf 88' lang='lat' dir='ltr'>quavis</span> <span class='ocrx_word' id='word_1_1669' title='bbox 1780 2660 1922 2699; x_wconf 85' lang='lat' dir='ltr'>aspergere</span> <span class='ocrx_word' id='word_1_1670' title='bbox 1933 2663 2058 2692; x_wconf 66' lang='lat' dir='ltr'>cunctos.</span> <span class='ocrx_word' id='word_1_1671' title='bbox 2153 2663 2211 2693; x_wconf 90' lang='lat' dir='ltr'>Cic.</span> <span class='ocrx_word' id='word_1_1672' title='bbox 2228 2673 2251 2693; x_wconf 77' lang='lat'>1.</span> <span class='ocrx_word' id='word_1_1673' title='bbox 2267 2663 2322 2694; x_wconf 84' lang='lat' dir='ltr'>Off.</span> <span class='ocrx_word' id='word_1_1674' title='bbox 2361 2664 2413 2694; x_wconf 85' lang='lat' dir='ltr'>lta-</span> 
     </span>
    </p>

    <p class='ocr_par' dir='ltr' id='par_1_91' title="bbox 1292 2696 2410 2764">
     <span class='ocr_line' id='line_1_171' title="bbox 1292 2696 2410 2764; baseline 0.007 -39"><span class='ocrx_word' id='word_1_1675' title='bbox 1292 2705 1346 2764; x_wconf 62' lang='lat' dir='ltr'>guse</span> <span class='ocrx_word' id='word_1_1676' title='bbox 1357 2704 1442 2733; x_wconf 84' lang='lat' dir='ltr'>quum</span> <span class='ocrx_word' id='word_1_1677' title='bbox 1453 2696 1546 2727; x_wconf 82' lang='lat' dir='ltr'>sumus</span> <span class='ocrx_word' id='word_1_1678' title='bbox 1556 2698 1675 2735; x_wconf 80' lang='lat' dir='ltr'>negotris</span> <span class='ocrx_word' id='word_1_1679' title='bbox 1685 2698 1813 2736; x_wconf 87' lang='lat' dir='ltr'>curisque</span> <span class='ocrx_word' id='word_1_1680' title='bbox 1823 2699 1921 2735; x_wconf 86' lang='lat' dir='ltr'>vacui,</span> <span class='ocrx_word' id='word_1_1681' title='bbox 1946 2706 2006 2729; x_wconf 84' lang='lat' dir='ltr'>tum</span> <span class='ocrx_word' id='word_1_1682' title='bbox 2022 2708 2134 2732; x_wconf 86' lang='lat' dir='ltr'>avemus</span> <span class='ocrx_word' id='word_1_1683' title='bbox 2150 2700 2255 2739; x_wconf 85' lang='lat' dir='ltr'>aliquid</span> <span class='ocrx_word' id='word_1_1684' title='bbox 2272 2702 2369 2733; x_wconf 88' lang='lat' dir='ltr'>audire</span> <span class='ocrx_word' id='word_1_1685' title='bbox 2383 2704 2410 2732; x_wconf 70' lang='grc' dir='ltr'>ἀ</span> 
     </span>
     <span class='ocr_line' id='line_1_172' title="bbox 1314 2744 1405 2764; baseline -0.011 0"><span class='ocrx_word' id='word_1_1686' title='bbox 1314 2745 1321 2764; x_wconf 92' lang='lat'>1</span> <span class='ocrx_word' id='word_1_1687' title='bbox 1335 2744 1405 2764; x_wconf 85' lang='lat' dir='ltr'>cere.</span> 
     </span>
    </p>

    <p class='ocr_par' dir='ltr' id='par_1_92' title="bbox 1257 2769 2046 2812">
     <span class='ocr_line' id='line_1_173' title="bbox 1257 2769 2046 2812; baseline 0.006 -11"><span class='ocrx_word' id='word_1_1688' title='bbox 1257 2774 1279 2803; x_wconf 82' lang='lat' dir='ltr'>A</span> <span class='ocrx_word' id='word_1_1689' title='bbox 1288 2781 1357 2803; x_wconf 67' lang='grc' dir='ltr'>ΠΝ</span> <span class='ocrx_word' id='word_1_1690' title='bbox 1366 2782 1378 2802; x_wconf 88' lang='lat' dir='ltr'>s</span> <span class='ocrx_word' id='word_1_1691' title='bbox 1387 2794 1395 2808; x_wconf 88' lang='lat'>‚</span> <span class='ocrx_word' id='word_1_1692' title='bbox 1417 2771 1512 2802; x_wconf 87' lang='lat' dir='ltr'>Partic.</span> <span class='ocrx_word' id='word_1_1693' title='bbox 1534 2769 1735 2810; x_wconf 56' lang='grc' dir='ltr'>[γλιλέμῖμεῷυ]</span> <span class='ocrx_word' id='word_1_1694' title='bbox 1754 2773 1822 2804; x_wconf 91' lang='lat' dir='ltr'>Hor.</span> <span class='ocrx_word' id='word_1_1695' title='bbox 1837 2782 1863 2803; x_wconf 93' lang='lat'>2.</span> <span class='ocrx_word' id='word_1_1696' title='bbox 1881 2774 1968 2805; x_wconf 87' lang='lat' dir='ltr'>Serm.</span> <span class='ocrx_word' id='word_1_1697' title='bbox 1982 2786 2008 2812; x_wconf 88' lang='lat'>4.</span> <span class='ocrx_word' id='word_1_1698' title='bbox 2024 2786 2046 2806; x_wconf 76' lang='grc' dir='ltr'>ι.</span> 
     </span>
    </p>

    <p class='ocr_par' dir='ltr' id='par_1_93' title="bbox 1409 2810 1869 2850">
     <span class='ocr_line' id='line_1_174' title="bbox 1409 2810 1869 2850; baseline 0.004 -11"><span class='ocrx_word' id='word_1_1699' title='bbox 1409 2826 1447 2831; x_wconf 89' lang='grc'>--</span> <span class='ocrx_word' id='word_1_1700' title='bbox 1459 2820 1516 2839; x_wconf 91' lang='lat' dir='ltr'>non</span> <span class='ocrx_word' id='word_1_1701' title='bbox 1529 2810 1566 2840; x_wconf 88' lang='lat' dir='ltr'>est</span> <span class='ocrx_word' id='word_1_1702' title='bbox 1577 2811 1647 2840; x_wconf 89' lang='lat' dir='ltr'>mihi</span> <span class='ocrx_word' id='word_1_1703' title='bbox 1657 2818 1768 2850; x_wconf 86' lang='lat' dir='ltr'>tempus</span> <span class='ocrx_word' id='word_1_1704' title='bbox 1776 2812 1869 2841; x_wconf 88' lang='lat' dir='ltr'>aventi</span> 
     </span>
    </p>

    <p class='ocr_par' dir='ltr' id='par_1_94' title="bbox 1373 2848 1817 2888">
     <span class='ocr_line' id='line_1_175' title="bbox 1373 2848 1817 2888; baseline 0.005 -11"><span class='ocrx_word' id='word_1_1705' title='bbox 1373 2848 1479 2878; x_wconf 87' lang='lat' dir='ltr'>Ponere</span> <span class='ocrx_word' id='word_1_1706' title='bbox 1488 2848 1563 2886; x_wconf 80' lang='lat' dir='ltr'>‘signa</span> <span class='ocrx_word' id='word_1_1707' title='bbox 1572 2850 1652 2878; x_wconf 87' lang='lat' dir='ltr'>novis</span> <span class='ocrx_word' id='word_1_1708' title='bbox 1664 2851 1817 2888; x_wconf 82' lang='lat' dir='ltr'>praeceptis.</span> 
     </span>
    </p>

    <p class='ocr_par' dir='ltr' id='par_1_95' title="bbox 1294 2886 1943 2921">
     <span class='ocr_line' id='line_1_176' title="bbox 1294 2886 1943 2921; baseline 0.006 -6"><span class='ocrx_word' id='word_1_1709' title='bbox 1294 2886 1372 2916; x_wconf 86' lang='lat' dir='ltr'>Adde</span> <span class='ocrx_word' id='word_1_1710' title='bbox 1389 2887 1508 2921; x_wconf 88' lang='lat' dir='ltr'>Avidus,</span> <span class='ocrx_word' id='word_1_1711' title='bbox 1529 2893 1561 2916; x_wconf 88' lang='lat' dir='ltr'>ut</span> <span class='ocrx_word' id='word_1_1712' title='bbox 1578 2896 1593 2916; x_wconf 84' lang='lat' dir='ltr'>a</span> <span class='ocrx_word' id='word_1_1713' title='bbox 1606 2886 1694 2916; x_wconf 85' lang='lat' dir='ltr'>Paveo</span> <span class='ocrx_word' id='word_1_1714' title='bbox 1710 2887 1837 2918; x_wconf 86' lang='lat' dir='ltr'>Pavidus.</span> <span class='ocrx_word' id='word_1_1715' title='bbox 1859 2887 1893 2918; x_wconf 92' lang='lat' dir='ltr'>H.</span> <span class='ocrx_word' id='word_1_1716' title='bbox 1905 2888 1943 2919; x_wconf 88' lang='lat' dir='ltr'>St.</span> 
     </span>
    </p>

    <p class='ocr_par' dir='ltr' id='par_1_96' title="bbox 1256 2925 1844 2960">
     <span class='ocr_line' id='line_1_177' title="bbox 1256 2925 1844 2960; baseline 0.005 -7"><span class='ocrx_word' id='word_1_1717' title='bbox 1256 2925 1276 2953; x_wconf 91' lang='lat' dir='ltr'>A</span> <span class='ocrx_word' id='word_1_1718' title='bbox 1284 2934 1301 2953; x_wconf 89' lang='lat' dir='ltr'>v</span> <span class='ocrx_word' id='word_1_1719' title='bbox 1310 2935 1324 2953; x_wconf 68' lang='grc' dir='ltr'>Β</span> <span class='ocrx_word' id='word_1_1720' title='bbox 1332 2935 1353 2953; x_wconf 88' lang='lat' dir='ltr'>N</span> <span class='ocrx_word' id='word_1_1721' title='bbox 1363 2934 1382 2953; x_wconf 72' lang='grc' dir='ltr'>Τ</span> <span class='ocrx_word' id='word_1_1722' title='bbox 1390 2934 1403 2953; x_wconf 75' lang='grc' dir='ltr'>Ε</span> <span class='ocrx_word' id='word_1_1723' title='bbox 1412 2934 1427 2953; x_wconf 77' lang='lat'>1³</span> <span class='ocrx_word' id='word_1_1724' title='bbox 1436 2946 1444 2960; x_wconf 87' lang='lat'><strong>‚</strong></span> <span class='ocrx_word' id='word_1_1725' title='bbox 1468 2925 1534 2954; x_wconf 91' lang='lat' dir='ltr'>Adv.</span> <span class='ocrx_word' id='word_1_1726' title='bbox 1559 2925 1694 2955; x_wconf 65' lang='lat' dir='ltr'>Amrriian.</span> <span class='ocrx_word' id='word_1_1727' title='bbox 1711 2927 1737 2956; x_wconf 85' lang='lat'>&amp;</span> <span class='ocrx_word' id='word_1_1728' title='bbox 1748 2926 1844 2956; x_wconf 86' lang='lat' dir='ltr'>Sidon.</span> 
     </span>
    </p>

    <p class='ocr_par' dir='ltr' id='par_1_97' title="bbox 1255 2962 1681 2997">
     <span class='ocr_line' id='line_1_178' title="bbox 1255 2962 1681 2997; baseline 0.002 -6"><span class='ocrx_word' id='word_1_1729' title='bbox 1255 2963 1418 2997; x_wconf 77' lang='lat' dir='ltr'>AVERNI,</span> <span class='ocrx_word' id='word_1_1730' title='bbox 1453 2962 1484 2992; x_wconf 94' lang='lat' dir='ltr'>V.</span> <span class='ocrx_word' id='word_1_1731' title='bbox 1505 2972 1681 2993; x_wconf 73' lang='lat' dir='ltr'>ARvsRNr.</span> 
     </span>
    </p>
   </div>
   <div class='ocr_carea' id='block_1_15' title="bbox 1256 2999 2409 3867">
    <p class='ocr_par' dir='ltr' id='par_1_98' title="bbox 1256 2999 2407 3144">
     <span class='ocr_line' id='line_1_179' title="bbox 1256 2999 2407 3042; baseline 0.003 -12"><span class='ocrx_word' id='word_1_1732' title='bbox 1256 3001 1303 3030; x_wconf 84' lang='lat' dir='ltr'>Av</span> <span class='ocrx_word' id='word_1_1733' title='bbox 1314 3010 1352 3028; x_wconf 67' lang='lat'>131&lt;</span> <span class='ocrx_word' id='word_1_1734' title='bbox 1363 3010 1382 3028; x_wconf 85' lang='lat' dir='ltr'>N</span> <span class='ocrx_word' id='word_1_1735' title='bbox 1392 3007 1448 3035; x_wconf 76' lang='lat' dir='ltr'>us,</span> <span class='ocrx_word' id='word_1_1736' title='bbox 1467 3000 1485 3029; x_wconf 90' lang='lat' dir='ltr'>i.</span> <span class='ocrx_word' id='word_1_1737' title='bbox 1508 3009 1545 3030; x_wconf 88' lang='lat' dir='ltr'>m.</span> <span class='ocrx_word' id='word_1_1738' title='bbox 1568 3000 1725 3037; x_wconf 48' lang='grc' dir='ltr'>[Ἄσςνῶω]</span> <span class='ocrx_word' id='word_1_1739' title='bbox 1741 3001 1771 3030; x_wconf 88' lang='lat' dir='ltr'>in</span> <span class='ocrx_word' id='word_1_1740' title='bbox 1790 3001 1829 3040; x_wconf 85' lang='lat' dir='ltr'>pl.</span> <span class='ocrx_word' id='word_1_1741' title='bbox 1843 3002 1931 3032; x_wconf 68' lang='lat' dir='ltr'>Avass</span> <span class='ocrx_word' id='word_1_1742' title='bbox 1942 3009 1963 3032; x_wconf 88' lang='grc' dir='ltr'><strong>Ν</strong></span> <span class='ocrx_word' id='word_1_1743' title='bbox 1973 3012 2009 3038; x_wconf 75' lang='grc' dir='ltr'>Α,</span> <span class='ocrx_word' id='word_1_1744' title='bbox 2031 3011 2121 3033; x_wconf 81' lang='lat' dir='ltr'>orum.</span> <span class='ocrx_word' id='word_1_1745' title='bbox 2140 3010 2168 3032; x_wconf 82' lang='lat' dir='ltr'>n.</span> <span class='ocrx_word' id='word_1_1746' title='bbox 2189 2999 2277 3032; x_wconf 82' lang='lat' dir='ltr'>Lacus</span> <span class='ocrx_word' id='word_1_1747' title='bbox 2291 3003 2407 3042; x_wconf 73' lang='lat' dir='ltr'>Campa-</span> 
     </span>
     <span class='ocr_line' id='line_1_180' title="bbox 1293 3037 2407 3079; baseline 0.005 -13"><span class='ocrx_word' id='word_1_1748' title='bbox 1293 3038 1346 3067; x_wconf 83' lang='lat' dir='ltr'>niae</span> <span class='ocrx_word' id='word_1_1749' title='bbox 1354 3047 1441 3075; x_wconf 90' lang='lat' dir='ltr'>prope</span> <span class='ocrx_word' id='word_1_1750' title='bbox 1452 3037 1548 3068; x_wconf 85' lang='lat' dir='ltr'>Baias:</span> <span class='ocrx_word' id='word_1_1751' title='bbox 1571 3048 1654 3076; x_wconf 89' lang='lat' dir='ltr'>quem</span> <span class='ocrx_word' id='word_1_1752' title='bbox 1672 3038 1782 3069; x_wconf 88' lang='lat' dir='ltr'>Plutoni</span> <span class='ocrx_word' id='word_1_1753' title='bbox 1794 3040 1916 3070; x_wconf 86' lang='lat' dir='ltr'>dicatum</span> <span class='ocrx_word' id='word_1_1754' title='bbox 1931 3041 2124 3079; x_wconf 85' lang='lat' dir='ltr'>opinabantur.</span> <span class='ocrx_word' id='word_1_1755' title='bbox 2163 3041 2237 3070; x_wconf 86' lang='lat' dir='ltr'>Hinc</span> <span class='ocrx_word' id='word_1_1756' title='bbox 2254 3042 2288 3071; x_wconf 86' lang='lat' dir='ltr'>ad</span> <span class='ocrx_word' id='word_1_1757' title='bbox 2304 3043 2407 3072; x_wconf 84' lang='lat' dir='ltr'>inferos</span> 
     </span>
     <span class='ocr_line' id='line_1_181' title="bbox 1291 3076 2406 3144; baseline 0.005 -40"><span class='ocrx_word' id='word_1_1758' title='bbox 1291 3077 1422 3144; x_wconf 52' lang='lat' dir='ltr'>{ptroitus</span> <span class='ocrx_word' id='word_1_1759' title='bbox 1440 3084 1535 3114; x_wconf 87' lang='lat' dir='ltr'>patere</span> <span class='ocrx_word' id='word_1_1760' title='bbox 1550 3076 1702 3106; x_wconf 89' lang='lat' dir='ltr'>dicebatur.</span> <span class='ocrx_word' id='word_1_1761' title='bbox 1743 3077 1774 3107; x_wconf 82' lang='lat' dir='ltr'>V.</span> <span class='ocrx_word' id='word_1_1762' title='bbox 1796 3078 1921 3108; x_wconf 88' lang='lat' dir='ltr'>Servium</span> <span class='ocrx_word' id='word_1_1763' title='bbox 1936 3080 1965 3108; x_wconf 92' lang='lat' dir='ltr'>in</span> <span class='ocrx_word' id='word_1_1764' title='bbox 1985 3089 2011 3109; x_wconf 92' lang='lat'>2.</span> <span class='ocrx_word' id='word_1_1765' title='bbox 2029 3080 2127 3117; x_wconf 87' lang='lat' dir='ltr'>Georg.</span> <span class='ocrx_word' id='word_1_1766' title='bbox 2144 3082 2206 3115; x_wconf 77' lang='lat'>164.</span> <span class='ocrx_word' id='word_1_1767' title='bbox 2245 3079 2316 3110; x_wconf 88' lang='lat' dir='ltr'>Item</span> <span class='ocrx_word' id='word_1_1768' title='bbox 2332 3081 2362 3110; x_wconf 89' lang='lat' dir='ltr'>in</span> <span class='ocrx_word' id='word_1_1769' title='bbox 2381 3090 2406 3117; x_wconf 87' lang='lat'>3.</span> 
     </span>
    </p>

    <p class='ocr_par' dir='ltr' id='par_1_99' title="bbox 1292 3123 2204 3491">
     <span class='ocr_line' id='line_1_182' title="bbox 1314 3123 1430 3143; baseline 0 -1"><span class='ocrx_word' id='word_1_1770' title='bbox 1314 3124 1352 3143; x_wconf 64' lang='grc' dir='ltr'>,τι</span> <span class='ocrx_word' id='word_1_1771' title='bbox 1405 3123 1430 3143; x_wconf 93' lang='lat'>2.</span> 
     </span>
     <span class='ocr_line' id='line_1_183' title="bbox 1293 3125 1998 3190; baseline 0.006 -11"><span class='ocrx_word' id='word_1_1772' title='bbox 1293 3125 1468 3181; x_wconf 53' lang='lat' dir='ltr'>Averr‘igalta.</span> <span class='ocrx_word' id='word_1_1773' title='bbox 1489 3151 1563 3189; x_wconf 84' lang='lat' dir='ltr'>Virg.</span> <span class='ocrx_word' id='word_1_1774' title='bbox 1577 3163 1600 3187; x_wconf 81' lang='grc' dir='ltr'><strong>ς.</strong></span> <span class='ocrx_word' id='word_1_1775' title='bbox 1614 3152 1675 3182; x_wconf 83' lang='lat' dir='ltr'>AEn.</span> <span class='ocrx_word' id='word_1_1776' title='bbox 1689 3162 1751 3190; x_wconf 83' lang='lat'>732.</span> <span class='ocrx_word' id='word_1_1777' title='bbox 1773 3153 1790 3182; x_wconf 91' lang='lat' dir='ltr'>i.</span> <span class='ocrx_word' id='word_1_1778' title='bbox 1805 3163 1829 3183; x_wconf 91' lang='lat' dir='ltr'>e.</span> <span class='ocrx_word' id='word_1_1779' title='bbox 1850 3153 1998 3184; x_wconf 83' lang='lat' dir='ltr'>Profunda.</span> 
     </span>
     <span class='ocr_line' id='line_1_184' title="bbox 1293 3189 1807 3228; baseline 0.002 -9"><span class='ocrx_word' id='word_1_1780' title='bbox 1293 3189 1381 3219; x_wconf 77' lang='lat' dir='ltr'>AEstus</span> <span class='ocrx_word' id='word_1_1781' title='bbox 1393 3190 1500 3219; x_wconf 89' lang='lat' dir='ltr'>Averni.</span> <span class='ocrx_word' id='word_1_1782' title='bbox 1523 3189 1630 3220; x_wconf 83' lang='lat' dir='ltr'>Lucret.</span> <span class='ocrx_word' id='word_1_1783' title='bbox 1645 3190 1691 3220; x_wconf 91' lang='lat' dir='ltr'>lib.</span> <span class='ocrx_word' id='word_1_1784' title='bbox 1704 3196 1729 3220; x_wconf 89' lang='lat'>6.</span> <span class='ocrx_word' id='word_1_1785' title='bbox 1743 3197 1807 3228; x_wconf 86' lang='lat'>830.</span> 
     </span>
     <span class='ocr_line' id='line_1_185' title="bbox 1293 3227 1888 3266; baseline 0.005 -11"><span class='ocrx_word' id='word_1_1786' title='bbox 1293 3227 1381 3256; x_wconf 82' lang='lat' dir='ltr'>Grave</span> <span class='ocrx_word' id='word_1_1787' title='bbox 1392 3227 1471 3256; x_wconf 89' lang='lat' dir='ltr'>olens</span> <span class='ocrx_word' id='word_1_1788' title='bbox 1484 3229 1615 3258; x_wconf 89' lang='lat' dir='ltr'>Avernus.</span> <span class='ocrx_word' id='word_1_1789' title='bbox 1642 3228 1712 3266; x_wconf 85' lang='lat' dir='ltr'>Virg.</span> <span class='ocrx_word' id='word_1_1790' title='bbox 1725 3232 1751 3258; x_wconf 92' lang='lat'>6.</span> <span class='ocrx_word' id='word_1_1791' title='bbox 1770 3228 1831 3259; x_wconf 82' lang='lat' dir='ltr'>AEn.</span> <span class='ocrx_word' id='word_1_1792' title='bbox 1844 3237 1888 3258; x_wconf 90' lang='lat'>20.</span> 
     </span>
     <span class='ocr_line' id='line_1_186' title="bbox 1292 3263 1803 3303; baseline 0.002 -9"><span class='ocrx_word' id='word_1_1793' title='bbox 1292 3263 1400 3294; x_wconf 86' lang='lat' dir='ltr'>Latices</span> <span class='ocrx_word' id='word_1_1794' title='bbox 1413 3266 1518 3295; x_wconf 88' lang='lat' dir='ltr'>Averni.</span> <span class='ocrx_word' id='word_1_1795' title='bbox 1540 3266 1613 3303; x_wconf 86' lang='lat' dir='ltr'>Virg.</span> <span class='ocrx_word' id='word_1_1796' title='bbox 1622 3277 1647 3301; x_wconf 86' lang='lat'>4.</span> <span class='ocrx_word' id='word_1_1797' title='bbox 1665 3266 1727 3297; x_wconf 80' lang='lat' dir='ltr'>ffin.</span> <span class='ocrx_word' id='word_1_1798' title='bbox 1742 3276 1803 3302; x_wconf 76' lang='lat'>512.</span> 
     </span>
     <span class='ocr_line' id='line_1_187' title="bbox 1294 3302 1798 3342; baseline 0.002 -10"><span class='ocrx_word' id='word_1_1799' title='bbox 1294 3302 1362 3332; x_wconf 89' lang='lat' dir='ltr'>Luci</span> <span class='ocrx_word' id='word_1_1800' title='bbox 1372 3304 1473 3332; x_wconf 90' lang='lat' dir='ltr'>averni.</span> <span class='ocrx_word' id='word_1_1801' title='bbox 1496 3304 1562 3333; x_wconf 72' lang='lat' dir='ltr'>Stat.</span> <span class='ocrx_word' id='word_1_1802' title='bbox 1574 3315 1599 3340; x_wconf 83' lang='lat'>4.</span> <span class='ocrx_word' id='word_1_1803' title='bbox 1613 3304 1686 3342; x_wconf 76' lang='lat' dir='ltr'>Sylv.</span> <span class='ocrx_word' id='word_1_1804' title='bbox 1699 3314 1723 3341; x_wconf 84' lang='lat'>3.</span> <span class='ocrx_word' id='word_1_1805' title='bbox 1739 3313 1766 3340; x_wconf 85' lang='lat'>13</span> <span class='ocrx_word' id='word_1_1806' title='bbox 1777 3314 1798 3334; x_wconf 85' lang='grc' dir='ltr'><strong>ι.</strong></span> 
     </span>
     <span class='ocr_line' id='line_1_188' title="bbox 1293 3339 2204 3378; baseline -0.003 -8"><span class='ocrx_word' id='word_1_1807' title='bbox 1293 3340 1372 3378; x_wconf 79' lang='lat' dir='ltr'>Nigri</span> <span class='ocrx_word' id='word_1_1808' title='bbox 1382 3340 1500 3371; x_wconf 86' lang='lat' dir='ltr'>sulcator</span> <span class='ocrx_word' id='word_1_1809' title='bbox 1512 3342 1620 3371; x_wconf 89' lang='lat' dir='ltr'>Averni.</span> <span class='ocrx_word' id='word_1_1810' title='bbox 1642 3343 1660 3371; x_wconf 91' lang='lat' dir='ltr'>i.</span> <span class='ocrx_word' id='word_1_1811' title='bbox 1674 3352 1696 3371; x_wconf 92' lang='lat' dir='ltr'>e.</span> <span class='ocrx_word' id='word_1_1812' title='bbox 1721 3341 1839 3371; x_wconf 78' lang='lat' dir='ltr'>Charon.</span> <span class='ocrx_word' id='word_1_1813' title='bbox 1849 3340 1970 3370; x_wconf 71' lang='lat' dir='ltr'>statu.</span> <span class='ocrx_word' id='word_1_1814' title='bbox 1983 3339 2071 3370; x_wconf 90' lang='lat' dir='ltr'>Theb.</span> <span class='ocrx_word' id='word_1_1815' title='bbox 2086 3346 2149 3377; x_wconf 81' lang='lat'>588.</span> <span class='ocrx_word' id='word_1_1816' title='bbox 2194 3360 2204 3367; x_wconf 63' lang='lat'>.</span> 
     </span>
     <span class='ocr_line' id='line_1_189' title="bbox 1293 3379 1846 3416; baseline -0.004 -7"><span class='ocrx_word' id='word_1_1817' title='bbox 1293 3379 1400 3409; x_wconf 84' lang='lat' dir='ltr'>Pallens</span> <span class='ocrx_word' id='word_1_1818' title='bbox 1413 3381 1540 3409; x_wconf 88' lang='lat' dir='ltr'>Avernus.</span> <span class='ocrx_word' id='word_1_1819' title='bbox 1563 3380 1629 3409; x_wconf 89' lang='lat' dir='ltr'>Stat.</span> <span class='ocrx_word' id='word_1_1820' title='bbox 1643 3390 1665 3415; x_wconf 85' lang='lat'>5.</span> <span class='ocrx_word' id='word_1_1821' title='bbox 1679 3379 1751 3416; x_wconf 88' lang='lat' dir='ltr'>Sylv.</span> <span class='ocrx_word' id='word_1_1822' title='bbox 1769 3389 1791 3408; x_wconf 88' lang='lat'>1.</span> <span class='ocrx_word' id='word_1_1823' title='bbox 1802 3389 1846 3415; x_wconf 90' lang='lat'>27.</span> 
     </span>
     <span class='ocr_line' id='line_1_190' title="bbox 1293 3415 2134 3454; baseline 0.002 -9"><span class='ocrx_word' id='word_1_1824' title='bbox 1293 3416 1412 3446; x_wconf 89' lang='lat' dir='ltr'>Pestiferi</span> <span class='ocrx_word' id='word_1_1825' title='bbox 1424 3417 1509 3446; x_wconf 90' lang='lat' dir='ltr'>limen</span> <span class='ocrx_word' id='word_1_1826' title='bbox 1521 3417 1627 3447; x_wconf 81' lang='lat' dir='ltr'>Averni.</span> <span class='ocrx_word' id='word_1_1827' title='bbox 1651 3417 1748 3447; x_wconf 85' lang='lat' dir='ltr'>Claud.</span> <span class='ocrx_word' id='word_1_1828' title='bbox 1758 3427 1783 3447; x_wconf 90' lang='lat'>2.</span> <span class='ocrx_word' id='word_1_1829' title='bbox 1797 3417 1831 3445; x_wconf 93' lang='lat' dir='ltr'>de</span> <span class='ocrx_word' id='word_1_1830' title='bbox 1842 3416 1923 3454; x_wconf 89' lang='lat' dir='ltr'>Rapt.</span> <span class='ocrx_word' id='word_1_1831' title='bbox 1938 3415 2057 3454; x_wconf 88' lang='lat' dir='ltr'>Proserp.</span> <span class='ocrx_word' id='word_1_1832' title='bbox 2072 3421 2134 3453; x_wconf 76' lang='lat'>348.</span> 
     </span>
     <span class='ocr_line' id='line_1_191' title="bbox 1293 3454 1836 3491; baseline -0.004 -7"><span class='ocrx_word' id='word_1_1833' title='bbox 1293 3454 1427 3484; x_wconf 78' lang='lat' dir='ltr'>sonantia</span> <span class='ocrx_word' id='word_1_1834' title='bbox 1438 3454 1519 3485; x_wconf 79' lang='lat' dir='ltr'>filvis.</span> <span class='ocrx_word' id='word_1_1835' title='bbox 1571 3454 1643 3491; x_wconf 86' lang='lat' dir='ltr'>Virg.</span> <span class='ocrx_word' id='word_1_1836' title='bbox 1659 3465 1682 3491; x_wconf 87' lang='lat'>3.</span> <span class='ocrx_word' id='word_1_1837' title='bbox 1700 3455 1760 3484; x_wconf 83' lang='lat' dir='ltr'>AEn.</span> <span class='ocrx_word' id='word_1_1838' title='bbox 1772 3464 1836 3490; x_wconf 74' lang='lat'>441.</span> 
     </span>
    </p>

    <p class='ocr_par' dir='ltr' id='par_1_100' title="bbox 1374 3491 2041 3527">
     <span class='ocr_line' id='line_1_192' title="bbox 1374 3491 2041 3527; baseline -0.004 -5"><span class='ocrx_word' id='word_1_1839' title='bbox 1374 3493 1437 3522; x_wconf 87' lang='lat' dir='ltr'>Huc</span> <span class='ocrx_word' id='word_1_1840' title='bbox 1449 3493 1496 3522; x_wconf 90' lang='lat' dir='ltr'>ubi</span> <span class='ocrx_word' id='word_1_1841' title='bbox 1510 3492 1617 3522; x_wconf 80' lang='lat' dir='ltr'>delatus</span> <span class='ocrx_word' id='word_1_1842' title='bbox 1627 3492 1765 3522; x_wconf 80' lang='lat' dir='ltr'>Cumaeam</span> <span class='ocrx_word' id='word_1_1843' title='bbox 1776 3491 1916 3521; x_wconf 70' lang='lat' dir='ltr'>accesseris</span> <span class='ocrx_word' id='word_1_1844' title='bbox 1927 3491 2021 3520; x_wconf 83' lang='lat' dir='ltr'>urbem</span> <span class='ocrx_word' id='word_1_1845' title='bbox 2032 3514 2041 3527; x_wconf 83' lang='lat'>‚</span> 
     </span>
    </p>

    <p class='ocr_par' dir='ltr' id='par_1_101' title="bbox 1310 3527 2407 3757">
     <span class='ocr_line' id='line_1_193' title="bbox 1371 3527 2406 3571; baseline 0.003 -11"><span class='ocrx_word' id='word_1_1846' title='bbox 1371 3530 1540 3568; x_wconf 90' lang='lat' dir='ltr'>Divinosque</span> <span class='ocrx_word' id='word_1_1847' title='bbox 1551 3530 1625 3560; x_wconf 85' lang='lat' dir='ltr'>lacus</span> <span class='ocrx_word' id='word_1_1848' title='bbox 1635 3552 1642 3565; x_wconf 94' lang='lat'>,</span> <span class='ocrx_word' id='word_1_1849' title='bbox 1665 3532 1690 3560; x_wconf 83' lang='lat'>&amp;</span> <span class='ocrx_word' id='word_1_1850' title='bbox 1702 3531 1804 3558; x_wconf 87' lang='lat' dir='ltr'>Averna</span> <span class='ocrx_word' id='word_1_1851' title='bbox 1814 3529 1938 3558; x_wconf 87' lang='lat' dir='ltr'>sonantia</span> <span class='ocrx_word' id='word_1_1852' title='bbox 1952 3529 2031 3566; x_wconf 86' lang='lat' dir='ltr'>sylvis</span> <span class='ocrx_word' id='word_1_1853' title='bbox 2042 3551 2050 3564; x_wconf 90' lang='lat'>‚</span> <span class='ocrx_word' id='word_1_1854' title='bbox 2069 3530 2122 3560; x_wconf 68' lang='grc' dir='ltr'><strong>ἃς.</strong></span> <span class='ocrx_word' id='word_1_1855' title='bbox 2205 3527 2258 3561; x_wconf 81' lang='lat' dir='ltr'>Ubi</span> <span class='ocrx_word' id='word_1_1856' title='bbox 2278 3531 2385 3564; x_wconf 87' lang='lat' dir='ltr'>Servius</span> <span class='ocrx_word' id='word_1_1857' title='bbox 2396 3544 2406 3571; x_wconf 85' lang='lat'>;</span> 
     </span>
     <span class='ocr_line' id='line_1_194' title="bbox 1310 3565 2407 3603; baseline 0.003 -5"><span class='ocrx_word' id='word_1_1858' title='bbox 1310 3567 1427 3598; x_wconf 57' lang='lat' dir='ltr'>Divinos</span> <span class='ocrx_word' id='word_1_1859' title='bbox 1443 3568 1516 3598; x_wconf 86' lang='lat' dir='ltr'>lacus</span> <span class='ocrx_word' id='word_1_1860' title='bbox 1527 3590 1535 3603; x_wconf 87' lang='lat'>,</span> <span class='ocrx_word' id='word_1_1861' title='bbox 1556 3569 1574 3597; x_wconf 91' lang='lat' dir='ltr'>i.</span> <span class='ocrx_word' id='word_1_1862' title='bbox 1594 3578 1619 3597; x_wconf 92' lang='lat' dir='ltr'>e.</span> <span class='ocrx_word' id='word_1_1863' title='bbox 1642 3567 1818 3596; x_wconf 83' lang='lat' dir='ltr'>Consecratos</span> <span class='ocrx_word' id='word_1_1864' title='bbox 1829 3589 1836 3601; x_wconf 90' lang='lat'>,</span> <span class='ocrx_word' id='word_1_1865' title='bbox 1861 3569 1996 3596; x_wconf 86' lang='lat' dir='ltr'>Avernum</span> <span class='ocrx_word' id='word_1_1866' title='bbox 2015 3569 2040 3597; x_wconf 86' lang='lat'>&amp;</span> <span class='ocrx_word' id='word_1_1867' title='bbox 2051 3565 2208 3599; x_wconf 80' lang='lat' dir='ltr'>Lucrinum.</span> <span class='ocrx_word' id='word_1_1868' title='bbox 2251 3570 2284 3600; x_wconf 84' lang='lat' dir='ltr'>Et</span> <span class='ocrx_word' id='word_1_1869' title='bbox 2294 3581 2357 3601; x_wconf 84' lang='lat' dir='ltr'>mox</span> <span class='ocrx_word' id='word_1_1870' title='bbox 2370 3573 2407 3601; x_wconf 91' lang='lat' dir='ltr'>de</span> 
     </span>
     <span class='ocr_line' id='line_1_195' title="bbox 1311 3604 2407 3643; baseline 0.004 -8"><span class='ocrx_word' id='word_1_1871' title='bbox 1311 3608 1419 3635; x_wconf 89' lang='lat' dir='ltr'>Averno</span> <span class='ocrx_word' id='word_1_1872' title='bbox 1431 3606 1488 3635; x_wconf 91' lang='lat' dir='ltr'>solo</span> <span class='ocrx_word' id='word_1_1873' title='bbox 1506 3606 1639 3643; x_wconf 82' lang='lat' dir='ltr'>loquens,</span> <span class='ocrx_word' id='word_1_1874' title='bbox 1670 3605 1740 3633; x_wconf 89' lang='lat' dir='ltr'>Sane</span> <span class='ocrx_word' id='word_1_1875' title='bbox 1761 3605 1806 3633; x_wconf 88' lang='lat' dir='ltr'>hic</span> <span class='ocrx_word' id='word_1_1876' title='bbox 1824 3604 1899 3633; x_wconf 89' lang='lat' dir='ltr'>lacus</span> <span class='ocrx_word' id='word_1_1877' title='bbox 1920 3605 2050 3642; x_wconf 79' lang='lat' dir='ltr'>(inquit)</span> <span class='ocrx_word' id='word_1_1878' title='bbox 2071 3605 2196 3636; x_wconf 80' lang='lat' dir='ltr'>silvarum</span> <span class='ocrx_word' id='word_1_1879' title='bbox 2218 3607 2350 3638; x_wconf 76' lang='lat' dir='ltr'>densitate</span> <span class='ocrx_word' id='word_1_1880' title='bbox 2371 3611 2407 3640; x_wconf 79' lang='lat' dir='ltr'>lic</span> 
     </span>
     <span class='ocr_line' id='line_1_196' title="bbox 1312 3642 2407 3683; baseline 0.004 -10"><span class='ocrx_word' id='word_1_1881' title='bbox 1312 3644 1484 3673; x_wconf 86' lang='lat' dir='ltr'>ambiebatur</span> <span class='ocrx_word' id='word_1_1882' title='bbox 1496 3650 1560 3672; x_wconf 88' lang='lat' dir='ltr'>ante</span> <span class='ocrx_word' id='word_1_1883' title='bbox 1573 3665 1580 3677; x_wconf 93' lang='lat'>,</span> <span class='ocrx_word' id='word_1_1884' title='bbox 1604 3649 1634 3671; x_wconf 87' lang='lat' dir='ltr'>ut</span> <span class='ocrx_word' id='word_1_1885' title='bbox 1644 3642 1775 3671; x_wconf 81' lang='lat' dir='ltr'>exhalans</span> <span class='ocrx_word' id='word_1_1886' title='bbox 1785 3642 1852 3671; x_wconf 90' lang='lat' dir='ltr'>inde</span> <span class='ocrx_word' id='word_1_1887' title='bbox 1864 3652 1912 3679; x_wconf 91' lang='lat' dir='ltr'>per</span> <span class='ocrx_word' id='word_1_1888' title='bbox 1924 3644 2057 3678; x_wconf 66' lang='lat' dir='ltr'>angustias</span> <span class='ocrx_word' id='word_1_1889' title='bbox 2076 3652 2152 3680; x_wconf 82' lang='lat' dir='ltr'>aquae</span> <span class='ocrx_word' id='word_1_1890' title='bbox 2168 3643 2322 3683; x_wconf 85' lang='lat' dir='ltr'>sulphureae</span> <span class='ocrx_word' id='word_1_1891' title='bbox 2336 3649 2407 3677; x_wconf 88' lang='lat' dir='ltr'>odor</span> 
     </span>
     <span class='ocr_line' id='line_1_197' title="bbox 1312 3680 2405 3721; baseline 0.004 -11"><span class='ocrx_word' id='word_1_1892' title='bbox 1312 3682 1480 3720; x_wconf 78' lang='lat' dir='ltr'>gravissimus</span> <span class='ocrx_word' id='word_1_1893' title='bbox 1497 3680 1699 3718; x_wconf 89' lang='lat' dir='ltr'>supervolantes</span> <span class='ocrx_word' id='word_1_1894' title='bbox 1716 3689 1778 3708; x_wconf 90' lang='lat' dir='ltr'>aves</span> <span class='ocrx_word' id='word_1_1895' title='bbox 1797 3687 1916 3709; x_wconf 86' lang='lat' dir='ltr'>necaret.</span> <span class='ocrx_word' id='word_1_1896' title='bbox 1960 3681 2039 3710; x_wconf 89' lang='lat' dir='ltr'>Unde</span> <span class='ocrx_word' id='word_1_1897' title='bbox 2058 3683 2083 3710; x_wconf 67' lang='grc' dir='ltr'>ἃ,</span> <span class='ocrx_word' id='word_1_1898' title='bbox 2100 3683 2220 3711; x_wconf 81' lang='lat' dir='ltr'>Avernus</span> <span class='ocrx_word' id='word_1_1899' title='bbox 2239 3684 2329 3713; x_wconf 73' lang='lat' dir='ltr'>dictus</span> <span class='ocrx_word' id='word_1_1900' title='bbox 2348 3686 2405 3721; x_wconf 87' lang='lat' dir='ltr'>est,</span> 
     </span>
     <span class='ocr_line' id='line_1_198' title="bbox 1312 3718 2388 3757; baseline 0.004 -9"><span class='ocrx_word' id='word_1_1901' title='bbox 1312 3719 1385 3757; x_wconf 74' lang='lat' dir='ltr'>quasi</span> <span class='ocrx_word' id='word_1_1902' title='bbox 1396 3718 1495 3753; x_wconf 49' lang='grc' dir='ltr'><strong>ἔοςνῶ.</strong></span> <span class='ocrx_word' id='word_1_1903' title='bbox 1537 3718 1628 3754; x_wconf 87' lang='lat' dir='ltr'>Quam</span> <span class='ocrx_word' id='word_1_1904' title='bbox 1644 3727 1702 3746; x_wconf 90' lang='lat' dir='ltr'>rem</span> <span class='ocrx_word' id='word_1_1905' title='bbox 1721 3718 1852 3754; x_wconf 71' lang='lat' dir='ltr'>Augustus</span> <span class='ocrx_word' id='word_1_1906' title='bbox 1872 3718 1958 3748; x_wconf 76' lang='lat' dir='ltr'>Caesar</span> <span class='ocrx_word' id='word_1_1907' title='bbox 1978 3718 2152 3756; x_wconf 84' lang='lat' dir='ltr'>intelligens,</span> <span class='ocrx_word' id='word_1_1908' title='bbox 2186 3721 2299 3757; x_wconf 68' lang='lat' dir='ltr'>dejectis</span> <span class='ocrx_word' id='word_1_1909' title='bbox 2319 3723 2388 3753; x_wconf 78' lang='lat' dir='ltr'>silvis</span> 
     </span>
    </p>

    <p class='ocr_par' dir='ltr' id='par_1_102' title="bbox 1295 3745 2409 3867">
     <span class='ocr_line' id='line_1_199' title="bbox 1295 3745 2407 3827; baseline 0.003 -42"><span class='ocrx_word' id='word_1_1910' title='bbox 1295 3766 1347 3824; x_wconf 48' lang='lat' dir='ltr'>lex</span> <span class='ocrx_word' id='word_1_1911' title='bbox 1358 3755 1547 3822; x_wconf 53' lang='lat' dir='ltr'>pestilextibus</span> <span class='ocrx_word' id='word_1_1912' title='bbox 1559 3764 1668 3821; x_wconf 57' lang='lat' dir='ltr'>amgttna</span> <span class='ocrx_word' id='word_1_1913' title='bbox 1678 3755 1882 3827; x_wconf 47' lang='lat' dir='ltr'>‘fd‘liffiblocaa</span> <span class='ocrx_word' id='word_1_1914' title='bbox 1921 3756 2063 3786; x_wconf 73' lang='lat' dir='ltr'>Hactenus</span> <span class='ocrx_word' id='word_1_1915' title='bbox 2073 3757 2193 3788; x_wconf 77' lang='lat' dir='ltr'>Servius..</span> <span class='ocrx_word' id='word_1_1916' title='bbox 2397 3745 2407 3760; x_wconf 69' lang='grc'><strong>’</strong></span> 
     </span>
     <span class='ocr_line' id='line_1_200' title="bbox 1322 3801 1891 3823; baseline -0.002 0"><span class='ocrx_word' id='word_1_1917' title='bbox 1322 3801 1440 3823; x_wconf 82' lang='lat' dir='ltr'>artareus</span> <span class='ocrx_word' id='word_1_1918' title='bbox 1474 3802 1582 3822; x_wconf 87' lang='lat' dir='ltr'>vernus.</span> <span class='ocrx_word' id='word_1_1919' title='bbox 1634 3801 1669 3821; x_wconf 87' lang='lat' dir='ltr'>at.</span> <span class='ocrx_word' id='word_1_1920' title='bbox 1703 3815 1708 3821; x_wconf 96' lang='lat'>.</span> <span class='ocrx_word' id='word_1_1921' title='bbox 1773 3803 1788 3822; x_wconf 88' lang='lat' dir='ltr'>e</span> <span class='ocrx_word' id='word_1_1922' title='bbox 1810 3816 1816 3822; x_wconf 91' lang='lat'>.</span> <span class='ocrx_word' id='word_1_1923' title='bbox 1831 3803 1863 3822; x_wconf 90' lang='lat'>10</span> <span class='ocrx_word' id='word_1_1924' title='bbox 1885 3816 1891 3822; x_wconf 98' lang='lat'>.</span> 
     </span>
     <span class='ocr_line' id='line_1_201' title="bbox 1295 3829 2409 3867; baseline 0.003 -5"><span class='ocrx_word' id='word_1_1925' title='bbox 1295 3832 1412 3862; x_wconf 87' lang='lat' dir='ltr'>Vacuus.</span> <span class='ocrx_word' id='word_1_1926' title='bbox 1452 3830 1535 3859; x_wconf 89' lang='lat' dir='ltr'>Inferi</span> <span class='ocrx_word' id='word_1_1927' title='bbox 1548 3831 1575 3858; x_wconf 92' lang='lat' dir='ltr'>in</span> <span class='ocrx_word' id='word_1_1928' title='bbox 1596 3829 1694 3867; x_wconf 90' lang='lat' dir='ltr'>quibus</span> <span class='ocrx_word' id='word_1_1929' title='bbox 1707 3830 1831 3860; x_wconf 83' lang='lat' dir='ltr'>habitant</span> <span class='ocrx_word' id='word_1_1930' title='bbox 1841 3831 2035 3862; x_wconf 65' lang='lat' dir='ltr'>defuncwrum</span> <span class='ocrx_word' id='word_1_1931' title='bbox 2046 3832 2150 3862; x_wconf 73' lang='lat' dir='ltr'>umbrae</span> <span class='ocrx_word' id='word_1_1932' title='bbox 2160 3839 2258 3863; x_wconf 79' lang='lat' dir='ltr'>tenues</span> <span class='ocrx_word' id='word_1_1933' title='bbox 2277 3836 2303 3864; x_wconf 64' lang='grc' dir='ltr'><strong>ἃ</strong></span> <span class='ocrx_word' id='word_1_1934' title='bbox 2317 3834 2409 3865; x_wconf 90' lang='lat' dir='ltr'>incor-</span> 
     </span>
    </p>
   </div>
   <div class='ocr_carea' id='block_1_16' title="bbox 1313 3867 2410 3944">
    <p class='ocr_par' dir='ltr' id='par_1_103' title="bbox 1313 3867 2410 3944">
     <span class='ocr_line' id='line_1_202' title="bbox 1313 3867 2410 3936; baseline 0.005 -39"><span class='ocrx_word' id='word_1_1935' title='bbox 1313 3879 1419 3936; x_wconf 64' lang='lat' dir='ltr'>poreae,</span> <span class='ocrx_word' id='word_1_1936' title='bbox 1439 3868 1615 3906; x_wconf 85' lang='lat' dir='ltr'>proindeque</span> <span class='ocrx_word' id='word_1_1937' title='bbox 1630 3867 1726 3897; x_wconf 85' lang='lat' dir='ltr'>locum</span> <span class='ocrx_word' id='word_1_1938' title='bbox 1747 3878 1806 3898; x_wconf 89' lang='lat' dir='ltr'>non</span> <span class='ocrx_word' id='word_1_1939' title='bbox 1822 3878 2000 3909; x_wconf 82' lang='lat' dir='ltr'>occupantes.</span> <span class='ocrx_word' id='word_1_1940' title='bbox 2035 3870 2132 3901; x_wconf 80' lang='lat' dir='ltr'>Claud.</span> <span class='ocrx_word' id='word_1_1941' title='bbox 2151 3881 2176 3901; x_wconf 85' lang='grc' dir='ltr'><strong>ι.</strong></span> <span class='ocrx_word' id='word_1_1942' title='bbox 2197 3872 2233 3901; x_wconf 89' lang='lat' dir='ltr'>de</span> <span class='ocrx_word' id='word_1_1943' title='bbox 2249 3871 2329 3911; x_wconf 85' lang='lat' dir='ltr'>Rapt.</span> <span class='ocrx_word' id='word_1_1944' title='bbox 2348 3874 2410 3902; x_wconf 89' lang='lat' dir='ltr'>Pro-</span> 
     </span>
     <span class='ocr_line' id='line_1_203' title="bbox 1326 3915 1441 3944; baseline -0.017 -7"><span class='ocrx_word' id='word_1_1945' title='bbox 1326 3916 1383 3944; x_wconf 87' lang='lat' dir='ltr'>erp.</span> <span class='ocrx_word' id='word_1_1946' title='bbox 1396 3915 1441 3936; x_wconf 81' lang='lat'>20.</span> 
     </span>
    </p>
   </div>
   <div class='ocr_carea' id='block_1_17' title="bbox 2157 1187 2400 1234">
    <p class='ocr_par' dir='ltr' id='par_1_104' title="bbox 2157 1187 2400 1234">
     <span class='ocr_line' id='line_1_204' title="bbox 2157 1187 2400 1234; baseline 0.025 -18"><span class='ocrx_word' id='word_1_1947' title='bbox 2157 1187 2284 1234; x_wconf 68' lang='lat' dir='ltr'>Dicendo</span> <span class='ocrx_word' id='word_1_1948' title='bbox 2306 1197 2400 1222; x_wconf 84' lang='lat' dir='ltr'>autem</span> 
     </span>
    </p>
   </div>
   <div class='ocr_carea' id='block_1_18' title="bbox 1745 3943 2407 3983">
    <p class='ocr_par' dir='ltr' id='par_1_105' title="bbox 1745 3943 2407 3983">
     <span class='ocr_line' id='line_1_205' title="bbox 1745 3943 2407 3983; baseline 0.005 -9"><span class='ocrx_word' id='word_1_1949' title='bbox 1745 3943 1764 3974; x_wconf 92' lang='lat' dir='ltr'>P</span> <span class='ocrx_word' id='word_1_1950' title='bbox 1773 3954 1793 3983; x_wconf 83' lang='lat' dir='ltr'>p</span> <span class='ocrx_word' id='word_1_1951' title='bbox 2249 3946 2407 3978; x_wconf 87' lang='lat' dir='ltr'>Umbrosus.</span> 
     </span>
    </p>
   </div>
  </div>
 </body>
</html>
