2641 4130
782 121 1731 184 DEDICA‘I'IO.

64 226 248 298 judicio
265 229 560 280 invenerunt
572 262 587 286 ,
622 240 825 293 operam
835 224 972 274 suam
986 224 1172 285 dicant,
1208 225 1431 282 florentes
1451 235 1594 287 laude
1612 240 1794 305 ingenii
1806 242 1932 294 cives
1944 247 2017 296 tui
2034 248 2250 313 ignorare
2270 266 2456 309 exteros

63 323 168 361 non
198 304 379 358 finunt.

198 384 472 435 Enimvero
497 378 731 448 quamvis
753 376 830 427 Te
849 372 1232 430 eminentiffima
1259 381 1485 448 Dignitas
1507 397 1590 438 tua
1609 391 1670 443 ad
1691 392 1949 449 summum

65 460 140 513 mi
166 455 425 510 Ministerii
447 454 707 512 evectum,
744 452 795 502 &
826 451 1068 503 REGIS
1104 453 1802 522 CHRISTlANlSSlMI

65 535 209 586 <stum
222 573 238 595 ,
271 533 417 600 longe
434 550 463 581 a
482 527 787 581 tenuioribus
805 526 935 577 hisce
951 531 1017 579 rei
1037 529 1268 582 litterariae
1287 536 1412 585 curis
1432 540 1928 611 removiffievideatur,
1960 550 2237 616 graviffima
2256 576 2462 632 quaeque

66 607 292 672 confilia,
324 607 646 660 concordiam
680 606 894 673 Europa:
937 608 1186 675 capitum,
1228 607 1431 662 sslutem
1466 615 1794 683 populorum,
1830 625 2036 687 gloriam
2067 646 2122 679 ac
2153 633 2297 683 decus
2330 640 2463 702 regni

65 683 288 745 Franciae,
306 683 499 755 aliaque
518 683 630 734 talia
648 681 871 753 quotidie
886 683 1056 732 animo
1077 684 1363 748 agitantem,
1402 699 1568 739 tamen
1587 709 1675 742 nec
1694 694 1851 746 nostra
1869 700 1988 752 istaec
2009 709 2221 758 omnino
2245 727 2357 762 cura
2382 728 2464 765 tua

66 757 355 826 dedignatus
374 777 437 812 es,
509 759 794 830 Siquidem,
832 775 937 808 non
968 759 1130 826 Regiae
1160 761 1322 812 solum
1354 766 1621 830 trigeminae
1643 770 1734 820 illae
1760 773 1992 839 fulgentes
2012 781 2161 845 gloria
2183 786 2467 839 Acadcmjae

67 848 259 905 partem
277 834 365 888 sibi
388 834 652 903 vigilantiae
672 847 768 884 tuae
786 831 1128 901 vindicarunt,
1173 852 1353 889 verum
1388 840 1605 907 publicas
1638 843 1818 896 scholas
1854 848 2055 903 Francia:
2081 859 2317 909 universas
2343 879 2469 931 quo-

67 914 348 967 dammodo
368 914 634 966 communi
651 910 927 982 patrocinio
946 910 1236 980 complexus
1257 929 1304 961 es
1318 951 1333 972 ,
1364 932 1455 964 nec
1474 917 1548 966 Te
1568 920 1727 988 piguit
1743 920 1803 971 ad
1821 921 2031 976 humiles
2051 932 2196 981 etiam
2214 934 2367 986 classes
2387 956 2470 989 co-

69 992 306 1057 gitatione
328 988 634 1051 descendere,
670 1005 732 1037 ne
750 1004 854 1036 non
877 983 968 1035 hac
987 1002 1190 1058 quoque
1208 1000 1343 1057 parte
1366 990 1556 1042 civibus
1576 996 1671 1044 tuis
1692 994 2046 1064 praeclariffime
2064 1008 2340 1061 consuleres.
2377 1015 2471 1064 At.

68 1081 171 1137 ,que
191 1063 326 1118 haud
340 1068 461 1127 sci0,
498 1083 561 1115 an
578 1062 706 1115 hanc
724 1060 955 1114 infimam
974 1077 1201 1114 curarum
1222 1065 1419 1131 Regum
1443 1068 1491 1118 δ(
1514 1067 1801 1141 Principum
1819 1077 2042 1129 virorum
2068 1097 2282 1150 reputare
2307 1090 2470 1156 liceat,

68 1143 325 1197 seminario
342 1140 615 1213 reipublicae
633 1138 922 1209 prospicere,
957 1146 1108 1192 etiam
1128 1142 1435 1195 nascentium
1454 1143 1615 1196 adhuc
1634 1149 1896 1201 civitatum
1916 1157 2179 1206 rationibus
2198 1164 2472 1234 consulere5

70 1218 364 1281 excitandis,
397 1215 607 1279 alendiS‚
640 1213 1012 1286 formandisque
1035 1215 1097 1267 ad
1115 1219 1310 1268 virtutis
1328 1215 1556 1272 habitum
1576 1225 1767 1276 civium
1784 1227 1988 1293 ingeniis
2006 1232 2119 1281 inde
2135 1252 2161 1283 a
2186 1243 2353 1289 teneris
2371 1241 2474 1292 sub-

69 1293 189 1348 fidia
211 1293 483 1366 providere.
551 1293 608 1344 ln
636 1307 740 1361 quo
766 1288 803 1341 fi
825 1292 914 1361 qui
932 1289 1239 1357 diffentiunt,
1270 1312 1343 1345 nae
1374 1295 1444 1346 illi
1472 1314 1578 1347 non
1606 1312 1857 1368 reputant,
1889 1304 2156 1372 praestantes
2198 1311 2248 1360 δε
2275 1311 2477 1367 idoneos

70 1371 342 1442 reipublicae
362 1372 492 1423 cives
509 1386 615 1420 non
634 1369 783 1429 nasci,
818 1367 897 1419 sed
920 1366 1045 1430 fieri,
1081 1387 1244 1442 neque
1268 1375 1542 1444 quicquam
1571 1376 1859 1429 mortalium
1885 1381 2089 1447 ingeniis
2121 1385 2365 1454 disciplina
2393 1409 2478 1460 op-

70 1451 332 1523 portunius
352 1445 454 1500 este.
527 1444 688 1512 Quod
710 1457 860 1496 tuum
884 1443 946 1496 de
964 1462 1018 1494 ea
1036 1463 1085 1496 re
1105 1445 1351 1513 judicium
1370 1446 1431 1499 fit
1445 1487 1461 1510 ,
1489 1449 1732 1502 declarasti
1750 1452 1876 1504 olim
1893 1493 1907 1515 ,
1943 1473 2105 1527 quum
2124 1462 2176 1511 in
2200 1465 2368 1531 primis
2388 1466 2480 1518 stu-

32 1543 43 1553 *
73 1523 503 1594 diofiejuventutis
524 1520 719 1574 causam
734 1520 867 1592 apud
895 1519 1240 1574 OPTlMUM
1277 1523 1665 1577 PRINCIPEM
1699 1527 1956 1599 sustepisti,
1998 1537 2089 1604 qui
2119 1538 2333 1590 vixdum
2367 1558 2481 1610 pue.

73 1603 241 1655 ritiam
258 1598 489 1668 egressus,
527 1601 742 1666 gratuito
766 1596 1042 1650 scholarum
1080 1599 1393 1669 publicarum
1417 1600 1504 1653 usu
1537 1604 1589 1653 in
1613 1618 1908 1675 perpet-uum
1938 1610 2162 1679 praebitO,
2198 1617 2482 1670 tirocinium

76 1676 198 1730 istuc
215 1674 608 1747 pulcherrimum
628 1674 864 1741 regnandi
889 1674 999 1723 artis
1019 1674 1203 1743 posuit,
1239 1693 1296 1728 ac
1313 1676 1596 1729 liberalitate
1621 1696 1731 1730 vere
1756 1682 1906 1748 Regia
1936 1685 2114 1738 Proavi
2146 1689 2235 1751 sui,
2273 1693 2405 1759 cujus
2431 1697 2483 1747 in

75 1752 257 1807 litteras
277 1753 449 1803 merita
465 1750 600 1802 nulla
615 1766 845 1822 unquam
864 1748 1042 1800 delebit
1061 1751 1266 1814 oblivio,
1298 1753 1343 1803 L
1354 1753 1462 1804 UD
1478 1753 1529 1804 O
1541 1754 1588 1804 V
1600 1755 1616 1804 I
1628 1755 1695 1806 CI
1727 1757 1850 1809 MA
1861 1760 1914 1810 G
1928 1761 2007 1813 NI
2024 1764 2217 1832 vestigia
2234 1786 2456 1836 premens
2467 1813 2483 1834 ,

76 1847 250 1899 genere
270 1827 373 1898 ipso
391 1825 617 1879 beneficii
647 1826 793 1878 SAL
807 1826 1091 1878 uBREM
1111 1828 1249 1897 juxta
1267 1847 1323 1880 ac
1351 1829 1475 1882 Mu
1490 1831 1538 1882 N
1555 1831 1846 1886 lFlCUM
1881 1835 2003 1889 PR1
2018 1841 2127 1892 NC
2142 1844 2337 1897 IPEM
2362 1849 2486 1899 exse..

74 1912 199 1969 ruit,
234 1906 436 1979 qualem
454 1904 498 1956 se
516 1905 742 1974 deinceps
762 1902 1064 1975 quotidianis
1083 1923 1218 1976 paene
1236 1904 1550 1957 documentis
1569 1909 1795 1977 praestitit.
1867 1913 1936 1963 Ita
1954 1912 2332 1972 fortunatissima
2350 1930 2485 1974 natio

75 1996 270 2060 partam
290 1982 545 2051 majorum
563 1979 799 2034 industria
819 1982 871 2031 in
892 1980 1064 2032 litteris
1089 1982 1321 2048 gloriam,
1358 2000 1463 2033 non
1490 1983 1649 2035 modo
1670 1985 1844 2039 sartam
1865 1989 2076 2056 tectam,
2112 2007 2169 2045 ut
2203 1996 2341 2063 ajunt
2361 2036 2376 2063 ,
2412 2002 2485 2050 sed

77 2065 235 2130 magis
265 2064 521 2133 magisque
550 2060 706 2112 indies
726 2056 1079 2130 amplificatam
1095 2099 1112 2123 ,
1147 2060 1631 2132 cumulatioremque
1660 2063 1857 2132 posteris
1883 2069 2062 2134 tradet,-
2097 2083 2336 2144 tuamque
2368 2080 2418 2126 in
2440 2097 2488 2127 re

76 2154 184 2196 tam
200 2140 399 2212 publice
418 2140 756 2210 privatimque
781 2135 955 2188 salubri
975 2133 1393 2202 suffragationem,
1429 2153 1526 2186 una
1555 2154 1676 2189 cum
1703 2139 2070 2197 AUGUSTI
2104 2147 2173 2197 sui
2221 2147 2314 2202 PR
2329 2153 2378 2202 O
2395 2153 2485 2204 Vl-

78 2219 130 2274 D
143 2220 188 2272 E
199 2218 248 2270 N
261 2218 310 2269 T
321 2217 339 2268 Ι
351 2216 403 2267 A
417 2255 433 2279 ‚
467 2212 759 2284 sempiterna
777 2214 1022 2264 memoria
1042 2212 1316 2264 celebrabit.

204 2295 308 2348 Hic
325 2314 352 2347 e
369 2313 419 2346 re
447 2306 558 2345 nata
573 2291 704 2345 subit
720 2294 953 2345 animum
974 2286 1328 2358 jucundiffima
1344 2289 1615 2342 recordatio
1637 2302 1715 2344 tot
1733 2293 1992 2349 illustrium
2011 2299 2322 2366 ingeniorum
2333 2345 2348 2366 ‚
2381 2321 2489 2374 quae

81 2376 197 2432 inde
223 2394 252 2426 a
271 2373 506 2426 Francisci
527 2372 687 2425 Primi
711 2372 856 2438 Regis
883 2369 1216 2440 temporibUS,
1251 2370 1432 2442 quibus
1452 2386 1653 2440 operam
1673 2369 1808 2421 suam
1838 2371 2079 2427 Robertus
2100 2378 2369 2432 litterarum
2397 2382 2490 2433 stu-

81 2451 228 2506 diofis
245 2449 618 2513 commodabat,
654 2451 708 2502 in
728 2449 926 2500 Francia
943 2446 1242 2500 exstiterunt.
1314 2448 1497 2500 Sistunt
1514 2448 1557 2500 st
1583 2451 1637 2499 in
1657 2450 1826 2517 primis
1846 2453 2039 2516 animO,
2075 2457 2213 2508 velut
2232 2459 2491 2527 praelenteS,

81 2535 188 2585 Viri
208 2531 281 2584 illi
300 2528 649 2591 Celeberrimi,
684 2542 908 2599 quorum
928 2524 1006 2577 vel
1030 2524 1452 2576 lucubrationibus
1471 2518 1798 2588 doetissimis,
1834 2527 1913 2577 vel
1932 2546 2101 2600 opera,
2135 2532 2492 2606 confilioquese

82 2610 313 2679 adjutum
330 2609 383 2659 in
400 2603 647 2658 Thesauro
666 2603 751 2657 suo
772 2602 1069 2655 elaborando
1090 2614 1227 2669 grato
1247 2604 1418 2654 animo
1438 2603 1689 2674 praedicat:
1727 2603 1991 2657 Gulielmus
2011 2608 2208 2662 Budaeus
2219 2644 2235 2669 ‚
2272 2614 2493 2667 Lazarus

85 2687 294 2756 Baffius,
329 2681 540 2735 Andreas
566 2683 886 2752 Τίναφιείῖιις,
923 2677 1166 2731 Adrianus
1190 2678 1456 2738 Turnebus,
1494 2677 1699 2748 jacobus
1724 2678 1966 2749 nglitnus,
2001 2684 2235 2752 oeJohcrnnes
2266 2691 2490 2751 Radius,

88 2761 293 2835 Jacobus
312 2757 577 2830 Goupylus,
614 2756 833 2830 AEgidius
854 2758 1099 2814 Perrinus,
1133 2755 1371 2823 Johamzes
1392 2754 1733 2808 Theodoricus:
1769 2760 1951 2826 partim
1970 2758 2177 2812 summis
2210 2765 2262 2813 in
2287 2765 2493 2833 republi-

87 2858 144 2892 ca
163 2836 459 2898 honoribu3‚
497 2851 554 2884 ac
573 2826 970 2904 splendidissimis
993 2829 1271 2882 ministeriis
1298 2830 1457 2882 funeri
1475 2871 1490 2893 ,
1525 2833 1705 2901 partim
1726 2832 1867 2898 Regii
1885 2833 2192 2897 ProfessoreS,
2227 2855 2398 2889 omnes
2419 2842 2489 2888 in-

87 2915 284 2984 signiter
300 2911 360 2964 de
378 2911 548 2963 litteris
566 2912 745 2961 meriti.
816 2909 1041 2976 jungunt
1077 2906 1163 2959 sese
1191 2905 1267 2959 his
1305 2906 1394 2978 ipfi
1418 2910 1562 2960 Pater
1587 2912 1649 2969 &⁴
1685 2907 1837 2960 Filias
1872 2910 2116 2982 Stephani,
2155 2916 2265 2964 artis
2285 2954 2300 2974 ,
2336 2931 2491 2982 quam

88 2985 286 3066 professi
303 2989 439 3050 sunt,
475 2987 613 3038 facile
637 2989 876 3038 omnium
901 2978 1322 3057 praestantiffimae,
1356 2997 1559 3041 tantum
1578 2985 1732 3051 gloria
1759 2989 2054 3050 eminentes,
2087 3001 2146 3039 ut
2165 2990 2250 3058 qui
2271 2988 2493 3058 palmam

89 3068 198 3142 ipsis
219 3063 649 3119 inhocindustriae
669 3082 840 3132 genere
868 3063 1073 3115 dubiam
1102 3060 1254 3113 facere
1282 3060 1460 3133 posset,
1495 3059 1661 3112 adhuc
1694 3079 1846 3115 nemo
1876 3063 2043 3127 fuerit,
2081 3084 2229 3116 nemo
2263 3085 2491 3136 unquam

86 3151 279 3204 futurus
299 3143 540 3197 videatur.
609 3142 718 3205 Hi,
753 3139 790 3194 fi
809 3140 1165 3201 reviviscerent,
1199 3140 1397 3191 Tecum
1416 3156 1506 3209 pro
1527 3155 1610 3189 me
1627 3152 1844 3205 agerent,
1881 3153 1938 3191 ut
1968 3141 2214 3192 destinatas
2233 3143 2492 3212 quondam

88 3230 308 3283 litteratae
332 3224 538 3274 Franciae
555 3216 877 3293 potissimum
902 3236 1037 3270 curas
1058 3219 1185 3279 suaS,
1220 3213 1398 3267 extersa
1421 3215 1665 3281 rubigine,
1702 3232 1857 3286 quam
1888 3217 1948 3267 ab
1964 3219 2310 3285 imperitorum
2335 3216 2493 3267 homi-

93 3322 221 3358 num
238 3300 470 3353 manibus
492 3310 862 3356 contraxerant,
898 3296 1064 3349 denuo
1087 3291 1349 3363 expolitaS,
1382 3292 1559 3342 iisdem
1585 3308 1720 3342 nunc
1735 3295 1958 3363 primum
1977 3296 2163 3345 Favere
2172 3299 2393 3363 ,nominis
2422 3298 2493 3345 rui

94 3375 509 3434 commendatiores
526 3374 767 3427 restituere
784 3373 949 3424 liceat:
988 3372 1155 3439 thue
1164 3368 1226 3419 ab
1245 3366 1426 3418 eodem
1444 3380 1549 3417 tam
1568 3366 1733 3432 Illzstri
1747 3380 1825 3418 tuo
1849 3371 2030 3419 nomine
2041 3369 2260 3438 ipsorum
2280 3373 2493 3421 nomini-

94 3459 186 3512 bus
204 3471 403 3508 novum
420 3450 727 3524 splendorem
744 3449 968 3499 accedere
984 3449 1172 3516 patiare.
1245 3443 1446 3512 Qibus
1465 3442 1549 3492 Tu
1568 3441 1801 3512 quidem,
1818 3461 1907 3513 pro
1925 3458 2014 3494 tuo
2032 3462 2142 3510 erga
2162 3446 2334 3496 litteras
2356 3462 2492 3495 amo-

97 3552 171 3596 re,
205 3548 294 3602 pro
311 3528 471 3581 studio
488 3530 682 3579 civium
701 3539 911 3577 tuorum
933 3524 1140 3590 gloriam
1166 3520 1362 3583 tuendi,
1396 3519 1708 3590 studiosaque
1724 3520 1992 3587 juventutis
2011 3522 2292 3572 commodis
2325 3520 2492 3571 consu-

97 3611 253 3673 lendi,
290 3620 424 3659 certo
441 3605 563 3667 Ιὶῑίο,
599 3621 704 3654 non
721 3619 927 3669 negares.
1561 3673 1572 3681 ·
1816 3673 1825 3682 ι
1850 3671 1859 3680 .
1938 3675 1946 3683 ‚
1983 3674 1992 3682 ·
2201 3676 2210 3683 ‚

227 3687 351 3738 Non
372 3702 432 3736 eo
448 3697 618 3736 tamen
635 3682 713 3733 Te
731 3676 1002 3750 intrepidus
1019 3672 1169 3733 adeo,
1188 3667 1540 3742 gravissimum
1559 3686 1739 3736 mgenu
1755 3683 1827 3722 tm
1848 3671 2087 3739 judicium
2112 3673 2366 3724 sumturus,
2399 3673 2492 3721 Ut-

97 3778 155 3820 ut
184 3765 321 3816 enim
350 3763 425 3813 Te
454 3760 739 3830 ceteroquin
765 3757 988 3811 civilem,
1022 3770 1253 3814 comem,
1287 3750 1480 3802 facilem
1510 3749 1767 3810 omnibUS,
1804 3754 1891 3820 qui
1924 3751 1998 3800 Te
2031 3750 2233 3809 adeunt,
2268 3750 2492 3817 praebeas,

96 3844 279 3912 ingenii
297 3843 372 3892 tui
392 3839 591 3891 fascibus
624 3838 721 3905 (ut
742 3837 936 3907 antiqui
958 3837 1079 3886 ritus
1103 3831 1355 3884 vocabulis
1386 3829 1527 3896 utar)
1560 3826 1794 3878 submoto
1821 3829 2014 3879 incedis.
2086 3830 2194 3911 Scio
2230 3832 2363 3877 enim
2395 3827 2494 3907 Te,

99 3935 266 3998 quum
282 3917 405 3972 istuc
426 3915 530 3985 jam
554 3917 702 3966 aetatis
720 3912 805 3976 fis,
839 3924 1010 3965 tamen
1028 3928 1118 3982 pro
1136 3907 1409 3962 incredibili
1426 3909 1593 3973 vigore
1616 3906 1797 3970 ingenii
1817 3907 1916 3966 tui,
1951 3907 2001 3954 in
2023 3904 2194 3954 medus
2213 3913 2495 4024 occupatgog²

1616 3982 1636 3998 '⁴
1669 3995 1705 4035 2,
2352 3992 2402 4026 ni
2441 3993 2467 4023 u

1978 401 2186 466 gradum
2204 407 2460 478 Ampliffi-

1842 473 2051 527 confiliis
2079 481 2265 533 intimis
2291 485 2461 554 adjun-
