2641 4187
439 183 441 185 ·
468 175 493 209 Α
593 174 620 209 L
721 173 736 211 I

77 246 229 289 significant
245 251 394 282 Externum
405 275 412 287 ,
442 253 485 282 vel
503 253 592 283 Alieni
614 256 737 290 generis,
767 255 811 284 vel
825 256 898 286 Inter
927 258 1030 288 alienos
1053 261 1186 296 genitum.

80 288 152 331 Gell.
162 289 209 319 lib.
225 299 250 318 2.
268 300 326 328 cap.
339 300 382 325 24.
404 291 501 326 Neque
511 292 575 320 vino
585 292 739 329 alienigena
752 315 759 327 ,
780 293 826 322 sed
839 296 926 331 patrio
940 297 1040 325 usuros.
1064 298 1148 326 Hic&
1160 299 1189 326 in

79 327 212 356 limilibus
223 326 368 356 Priscianus
377 328 414 356 ait
424 328 535 364 figurate
547 337 645 358 neutro
657 331 748 364 generi
756 331 881 366 jundtum
891 333 953 362 cll‘e.
977 334 1033 362 Cic.
1044 342 1093 371 pro
1107 335 1187 364 Font.

81 372 125 392 22.
148 364 258 401 lniquos
265 366 358 402 aequis,
369 364 535 402 alienigenas
547 366 712 396 domesticis.

78 400 297 437 Alienigenarum
320 402 478 431 multitudo.
519 402 609 433 Livius
624 403 641 432 l.
656 414 698 439 39.
714 415 774 442 pag.
796 405 857 434 ima.
881 406 940 441 Jam
957 414 1017 436 tum
1036 407 1191 437 multitudi-

101 446 136 466 ne
145 439 357 475 alienigenarum
366 439 467 468 Urbem
478 449 618 470 onerante.
659 442 694 471 H.
717 442 755 471 St.
777 443 820 471 Est
831 454 892 481 cap.
912 454 935 480 3.
954 453 1022 474 extr.

79 474 243 512 Alienigenae
253 476 300 506 dii.
324 477 381 506 Cic.
395 487 444 514 pro
459 478 569 507 Cornel.
587 489 630 515 25.

80 512 184 542 Hostes.
217 512 274 543 Cic.
292 524 317 550 4-
332 515 361 543 in
374 514 452 543 Catil.
472 525 513 544 10.

0 552 8 569 ”·
42 549 89 580 Ar.
99 550 159 578 1'13N
169 561 179 578 1
191 551 232 579 ci}
242 560 287 579 No
297 573 304 586 ,
327 555 378 581 are.
399 550 509 589 Legitur
528 553 557 582 in
571 553 656 582 veteri
674 551 796 590 inscript.
814 555 887 592 :ipud
905 556 1061 586 Fabrettum
1075 575 1082 591 ,
1106 567 1134 594 p.
1145 559 1188 592 69.

81 586 374 618 Cummonumentum
388 590 506 619 vendere
524 598 570 620 aut
587 590 769 626 alienigeiiare
783 592 906 622 voluerit.
932 604 981 631 pro
1000 594 1131 623 Alienare.

41 624 227 656 AtiaNicE
238 635 257 654 N
268 636 306 655 us
319 649 326 661 ,
349 637 363 655 a
373 649 381 661 ,
402 637 458 656 um.
481 628 540 664 Adj.
563 629 755 663 [bmdvvzffw]
775 628 910 658 Columel.
921 631 938 659 l.
951 638 1001 665 gc.
1024 636 1064 660 16.
1088 632 1130 660 Nc
1140 640 1191 659 nos

78 661 225 699 alienigeni
236 663 324 700 pisces
339 665 486 702 decipiant.
500 666 554 694 Val.
566 665 641 695 Alax.
658 676 678 693 i.
699 673 786 699 5.ext.
804 676 824 694 i.
844 667 930 701 Adiici
944 669 1039 698 nostris
1057 669 1112 697 duo
1122 669 1192 704 ejus-

62 724 68 731 (
79 699 142 728 dem
155 701 261 737 generis
270 701 425 739 alienigena
434 703 561 741 exempla
571 713 626 732 uon
635 702 748 731 absurde
756 703 873 740 poliunt.
881 705 938 734 Hoc
950 707 979 734 in
993 706 1054 735 loco
1065 708 1101 735 ita
1110 706 1192 735 sentit

77 736 226 767 Priscianus
234 738 431 769 declinandum
442 741 503 770 effe.
519 741 621 770 Probus
633 747 725 769 tamen
735 741 840 769 diceret
853 743 905 771 ell'e
914 753 928 771 a
938 745 1027 780 primo
1040 743 1190 772 declinatu.

76 774 239 812 Alienigena
249 776 364 812 justitia,
384 778 743 815 proJustitiaexternorum.
768 778 852 807 Valer.
865 779 882 808 l.
894 785 919 809 6.
934 791 957 810 c.
972 793 994 815 ς.
1015 782 1048 810 de
1061 782 1176 816 justitia.

77 811 164 849 Ligna
183 812 345 852 alienigena.
367 814 475 845 Lucret.
489 816 536 845 lib.
551 827 572 845 1.
588 821 650 852 873.
671 815 689 843 i.
709 825 731 844 e.
754 815 794 844 Ex
807 816 946 846 elemento
956 819 1065 848 diversat
1077 827 1190 848 naturae.

77 849 204 879 Membra
216 850 424 882 Centaurorum.
445 854 463 883 i.
479 863 503 883 e.
526 853 690 883 Humana&
703 854 813 889 equina.
847 854 953 884 Lucret.
964 856 982 885 l.
998 867 1020 891 5.
1035 862 1096 893 878.

76 887 180 919 Mores.
205 888 259 918 Val.
281 889 357 919 Max.
369 895 432 920 226.

76 923 140 991 Rieg.
158 925 176 954 i.
197 926 414 992 e.66Alienorum
434 929 580 966 geniorum
596 949 604 963 ,
627 927 679 957 slve
701 933 859 958 naturarum
879 929 1053 960 diversarum.
1081 930 1190 960 Lucret.

108 973 113 991 i
137 985 143 991 .
162 973 185 992 1.
199 968 214 996 8
255 987 261 993 .

77 1000 180 1030 Studia.
213 1000 271 1030 Val.
283 1001 359 1032 Max.
372 1012 397 1032 2.
413 1013 435 1032 1.
451 1013 539 1041 prope
553 1001 598 1032 fin.

78 1038 177 1067 Terrae.
198 1037 306 1068 Lucret.
319 1040 366 1069 lib.
383 1050 406 1070 1.
418 1047 482 1077 870.

8 1073 182 1104 7ΔιιιεΝο
196 1098 204 1111 ,
225 1077 401 1107 AtisNus.
439 1078 469 1107 V.
490 1087 614 1108 Atius.

7 1136 13 1146 ,
39 1111 103 1142 Ati
113 1124 126 1142 r
136 1124 154 1142 A
167 1135 176 1149 ,
206 1113 337 1150 [A'mca]
357 1115 514 1146 Samnitum
531 1115 596 1145 urbs
622 1116 769 1147 Ptolemaeo
783 1140 791 1154 ‚
830 1116 862 1145 V.
886 1117 963 1147 infra.
986 1119 1006 1148 A
1016 1130 1032 1148 L
1042 1130 1051 1148 1
1061 1128 1135 1148 aniz.

8 1150 172 1182 ;Ai.11²i=.R
185 1174 193 1188 ,
213 1152 361 1182 Atinati.
405 1153 435 1182 V.
456 1164 538 1183 ALA.

9 1205 12 1211 ·
40 1188 104 1218 Ati
114 1198 218 1218 GMON
228 1211 236 1225 ,
259 1190 330 1220 onis.
352 1190 463 1221 Nomen
477 1192 564 1223 fluvii.
586 1191 683 1223 Claud.
693 1192 728 1221 de
738 1192 804 1222 Bell.
820 1193 880 1222 Get.
898 1203 938 1230 ¹7·
954 1204 1000 1230 41.

149 1226 185 1256 Et
205 1227 300 1257 frustra
313 1229 440 1266 rapidum
456 1229 589 1260 damnant
602 1230 747 1268 Aligmona
762 1230 838 1259 Belli.

41 1263 63 1294 A
73 1274 88 1292 r.
97 1274 106 1292 1
118 1274 144 1300 1,
168 1264 266 1303 Populi
277 1265 339 1295 sunt
347 1266 465 1296 Elienses
477 1289 485 1303 ,
511 1268 555 1297 vel
574 1269 593 1298 E
604 1279 619 1296 L
630 1278 644 1296 iz
654 1279 663 1296 1
677 1267 755 1296 aliter
766 1268 872 1297 vocati:
896 1279 964 1305 quos
975 1268 1078 1306 gessiffe
1089 1267 1193 1297 bellum

78 1311 142 1331 cum
150 1302 248 1332 JEtolis
261 1313 295 1333 ex
308 1303 421 1341 Polybio
436 1306 637 1342 cognoscimus.
664 1305 753 1335 Plaut.
765 1306 844 1343 Capt.
860 1316 882 1334 1.
900 1316 922 1335 1.
941 1316 982 1343 32.
1012 1307 1088 1335 Pater
1103 1306 1195 1343 Capti-

76 1348 126 1368 vos
139 1341 427 1371 commercaturAlios.
449 1343 466 1371 i.
487 1353 510 1373 e.
538 1343 618 1373 Eleos
628 1351 772 1373 mercatur.
816 1343 919 1372 Eodem
935 1345 1019 1373 niodo
1030 1345 1058 1372 in
1067 1343 1194 1381 prologo,

78 1386 122 1414 27.
136 1377 229 1416 Coepit
242 1379 365 1417 captivos
379 1382 558 1410 commercari
569 1381 614 1410 hic
627 1381 709 1410 Alios.
743 1381 788 1411 Sic
796 1382 913 1410 restituit
922 1382 1077 1411 Turnebus.

8 1427 12 1435 ·
40 1414 134 1446 Anu
143 1425 161 1444 A
173 1437 181 1451 ,
208 1416 340 1452 [ἅλιρφι]
360 1417 569 1449 Medicamenta
588 1419 719 1448 dicuntur
731 1441 739 1454 ‚
766 1429 825 1456 quae
842 1420 943 1448 famem
960 1428 1008 1449 aut
1020 1419 1131 1455 sedant,
1148 1424 1196 1447 aut

13 1481 15 1487 .
79 1452 229 1490 prohibent
246 1453 387 1493 obrepere.
420 1455 449 1485 V.
475 1455 554 1494 supra
576 1457 605 1485 in
616 1457 741 1485 didione
761 1466 907 1485 ADlPSA.

40 1489 63 1522 A
72 1501 87 1519 L
97 1501 105 1519 1
115 1501 215 1521 MALA
224 1513 233 1527 ,
263 1494 278 1529 [
293 1492 417 1525 Αλίκᾳλκ
429 1494 444 1528 ]
472 1494 613 1532 Stephano
624 1517 633 1530 ‚
656 1493 746 1524 Locus
759 1494 798 1524 est
810 1495 839 1523 in
853 1493 942 1531 Lycia.

13 1528 282 1559 *AtiusNTum
305 1532 356 1560 Sco.
395 1531 426 1560 V.
448 1541 527 1562 Ano.

13 1566 224 1603 iAtimom,
276 1568 307 1598 V.
342 1578 464 1598 Amos.

39 1603 105 1634 Ati
116 1615 137 1633 M
146 1615 163 1634 ο
172 1615 200 1635 Ν.
222 1616 250 1635 n.
271 1606 359 1641 Auro,
380 1607 464 1636 herba
474 1617 532 1644 quae
543 1604 680 1644 gustantc's
692 1606 799 1636 'esurire
812 1617 870 1636 non
881 1608 991 1645 patitur.
1030 1605 1196 1637 Theodorus

78 1641 227 1680 aliquando
234 1644 438 1679 vocatAlerain,
454 1644 611 1674 Albucium.
634 1644 742 1674 Dicitur
756 1646 782 1674 Sc
795 1645 906 1674 Alimos.
938 1646 1005 1674 Plin.
1019 1645 1038 1674 l.
1052 1655 1094 1682 17.
1108 1654 1131 1673 c.
1149 1654 1194 1679 24.

79 1679 141 1747 lSVedc
154 1680 257 1748 vxilscq-Im
269 1682 379 1749 pirodgl}
396 1684 422 1712 Sc
441 1683 558 1720 cytisus:
580 1692 633 1712 nec
645 1693 729 1718 auro,
750 1683 825 1720 quod
849 1683 953 1712 alimon
969 1689 1070 1712 vocant
1097 1682 1196 1711 Graeci.

100 1727 114 1747 e
137 1741 143 1747 .
190 1741 196 1748 .
245 1729 273 1748 ar
294 1743 300 1749 .
321 1730 335 1749 a
380 1743 385 1749 .

15 1755 17 1760 ¹
40 1754 63 1784 A
73 1766 105 1784 ιι
115 1766 135 1784 M
144 1766 161 1785 o
170 1766 232 1785 NTi
242 1767 260 1786 A
279 1758 407 1796 Mysteria
418 1780 426 1794 ,
446 1758 522 1795 apud
531 1758 633 1788 Amol).
645 1757 663 1787 l.
677 1769 700 1794 ς.
714 1769 741 1796 p.
757 1761 817 1795 176.
849 1758 918 1795 Qiae
930 1758 1128 1787 sintincertum
1140 1757 1194 1793 est,

81 1802 145 1822 cum
163 1795 189 1824 Sc
203 1794 286 1824 lectio
307 1797 338 1825 lit
355 1796 468 1825 incerta.

41 1830 88 1860 Ar.
98 1841 199 1866 mus,
222 1833 357 1869 [ᾱιλιμὶς]
388 1834 490 1864 Frutex
504 1833 542 1863 est
554 1833 715 1871 sepimentis
733 1833 861 1868 idoneus,
880 1833 972 1862 similis
988 1833 1119 1868 rhamno,
1140 1832 1196 1861 fine

78 1867 172 1906 spinis,
186 1870 261 1900 foliis
279 1870 347 1900 olete
359 1893 366 1906 ,
385 1871 433 1901 sed
446 1871 598 1900 latioribus.
631 1871 673 1900 De
690 1872 745 1900 hoc
765 1870 888 1900 Dioscor.
906 1871 924 1900 l.
942 1882 963 1900 1.
985 1881 1046 1908 cap.
1060 1881 1120 1906 105.
1145 1870 1196 1899 Ubi

76 1906 204 1937 Halimus
217 1918 282 1937 cum
290 1909 454 1947 aspiratione
463 1909 565 1938 rectius
575 1909 708 1939 scribitur.
736 1908 806 1938 Plin.
819 1908 868 1938 lib.
883 1910 909 1939 Sc
918 1919 978 1947 cap.
990 1918 1034 1938 22.
1057 1911 1082 1938 ἃ
1100 1908 1195 1938 Galen.

11 1979 14 1982 ἢ
79 1943 129 1974 lib.
139 1949 165 1974 6.
188 1946 311 1984 Simplic.
325 1947 475 1977 Medicam.

4 2017 6 2022 Ι
41 1981 87 2013 AL
96 1992 105 2010 1
115 1992 136 2011 N
145 1993 162 2011 n
171 1993 191 2012 A
202 2006 209 2019 ,
231 1986 245 2020 [
257 1981 374 2021 amia...]
405 1985 472 2014 Urbs
487 1984 581 2019 Cariae,
596 1985 626 2013 in
637 1994 690 2022 qua
706 1985 830 2022 regnavit
846 1984 902 2014 Ada
914 1983 969 2014 filia
976 1984 1145 2014 Hecatomni
1157 1992 1198 2013 re-

79 2020 118 2057 gis
130 2020 234 2057 Cariae,
254 2022 358 2051 auxilio
369 2022 515 2052 Alexandri
531 2023 633 2059 magni.
661 2023 748 2052 Strab.
766 2022 813 2051 lib.
831 2033 872 2058 14.

43 2058 67 2088 A
76 2068 91 2086 ι,
100 2068 109 2086 1
118 2068 137 2087 Ν
148 2068 165 2087 n
176 2069 192 2088 0
202 2070 211 2088 1
221 2070 240 2089 Α
253 2082 262 2095 ,
279 2062 293 2096 [
306 2060 435 2096 Amiaem]
457 2061 559 2090 Civitas
574 2061 756 2090 Macedoniae.
779 2060 945 2098 Stephanus.

41 2096 151 2132 Atio,
173 2098 223 2126 διε.
247 2098 278 2126 id
290 2108 376 2135 genus
391 2120 399 2134 ,
434 2098 464 2127 V.
487 2109 531 2127 Ai.
544 2108 612 2127 1us.

42 2135 65 2163 A
74 2144 90 2162 1.
98 2144 107 2162 1
116 2144 130 2162 Ρ
139 2144 159 2163 H
167 2145 192 2163 Az.
200 2145 220 2164 N
228 2146 251 2164 ιιι
269 2135 315 2164 vel
335 2137 356 2165 A
366 2147 382 2164 L
393 2147 402 2165 1
410 2146 424 2166 Ρ
437 2146 456 2165 A
465 2146 485 2165 N
495 2145 514 2164 *r
523 2146 543 2165 A
551 2158 560 2171 ,
580 2136 731 2174 Emplastra
739 2146 797 2173 quae
808 2135 933 2164 constant
943 2145 977 2164 ex
986 2134 1198 2164 medicamentis

78 2181 135 2201 nori
145 2173 303 2211 pinguibus.
325 2173 394 2203 Cels.
410 2174 456 2203 lib.
471 2185 495 2209 ς.
507 2183 566 2212 cap.
580 2185 621 2210 19.
658 2174 729 2203 Sane
745 2185 849 2199 ιιπαινω
869 2174 898 2202 id
913 2173 1046 2211 fignificat
1055 2173 1131 2209 quod
1145 2172 1199 2202 lm-

78 2210 183 2248 pinguo
200 2221 206 2240 :
228 2223 246 2238 σι
266 2221 331 2240 vero
341 2211 477 2254 particula
490 2213 528 2242 est
541 2212 684 2249 privativa.
725 2211 925 2248 [Antiquiores
937 2212 1075 2240 editiones
1094 2212 1199 2246 Alipem

79 2248 221 2284 exhibent,
237 2248 279 2284 Jo.
294 2250 422 2279 Caelarius
433 2259 467 2279 ex
476 2250 636 2285 conjectura
646 2250 770 2287 Aliparae,
786 2249 860 2278 Liuii.
881 2249 989 2278 Pantin.
1006 2258 1041 2277 ex
1055 2248 1134 2277 Aetio
1143 2247 1200 2291 0273(-

78 2297 162 2312 mum
184 2287 321 2325 reposuit,
351 2287 486 2326 probante
499 2287 627 2317 Ronffeo.
662 2288 747 2317 Henr.
766 2287 860 2325 Steph.
883 2288 975 2322 ἀλιπῆ,
1001 2295 1157 2323 quanquam
1168 2295 1198 2315 in

80 2322 161 2353 Thes.
181 2324 226 2354 Gr.
248 2325 372 2352 ἁλίντοωναι
392 2325 522 2364 agnoscit.

43 2361 193 2398 Aures,
232 2361 264 2391 V.
286 2373 366 2392 ALA.

42 2400 182 2430 ΛιΪΡΗᾸ
191 2410 229 2430 N1
240 2422 248 2435 ,
269 2400 314 2430 vel
337 2412 356 2430 A
365 2412 381 2429 L
391 2412 407 2430 1.
418 2412 427 2429 1
436 2411 449 2429 ι·-
458 2403 475 2429 A
485 2409 505 2429 N
515 2411 534 2436 1,
556 2400 720 2436 [Α’λιφιινοὶ]
740 2399 774 2428 ab
795 2399 895 2438 Aliphe
908 2399 984 2429 urbe.
1015 2398 1084 2428 Plin.
1101 2398 1149 2428 lib.
1170 2408 1195 2437 3.

12 2448 14 2450 ·
79 2447 138 2475 cap.
153 2448 177 2473 ς.
218 2437 292 2468 Hinc
306 2438 456 2477 Aliphana,
476 2438 578 2468 Pocula
592 2438 738 2476 grandiora
749 2438 824 2475 apud
840 2438 906 2467 Hor.
931 2449 954 2466 2.
976 2437 1062 2466 Serm.
1075 2443 1100 2470 8.
1115 2446 1158 2473 39.

150 2475 296 2506 Invertunt
312 2477 453 2514 Aliphanis
469 2477 574 2505 vinaria
588 2484 654 2505 tota.
698 2476 726 2505 V.
745 2475 794 2505 Sil.
804 2475 852 2504 lib.
870 2485 911 2505 12.
929 2479 990 2512 52⁶·
1017 2474 1076 2504 Liv.
1089 2484 1133 2505 22.
1153 2484 1195 2511 13·

79 2512 202 2543 Alifanus
214 2524 285 2551 ager.
309 2514 367 2544 Cic.
382 2524 407 2544 2.
423 2515 458 2543 de
474 2514 545 2551 Lege
555 2518 616 2552 Agr.
626 2518 671 2551 ⁶5-

11 2578 13 2582 .
80 2551 195 2581 Tractus
205 2552 336 2582 Alifanus.
360 2552 417 2582 Cic.
430 2562 481 2590 pro
490 2552 582 2581 Planc.
596 2562 640 2581 22.

40 2589 158 2620 Atria
168 2600 182 2618 a
196 2611 204 2626 ,
232 2600 279 2620 es.
301 2590 432 2627 [Amen]
452 2590 550 2619 strabo
563 2590 610 2619 lib.
624 2601 647 2625 ς.
662 2589 784 2620 ffisernia
801 2590 826 2619 St
838 2588 954 2626 Aliphe,
974 2588 1124 2618 Samnitica
1136 2589 1199 2618 sunt

79 2627 200 2696 clippitffg
222 2628 338 2659 alterum
347 2627 420 2658 bello
437 2628 554 2658 Marlico
566 2628 690 2658 deletum
708 2650 717 2663 ,
740 2627 856 2657 alterum
876 2626 1007 2664 superstes
1026 2626 1125 2656 adhuc.
1149 2627 1196 2657 Sil.

96 2672 121 2695 ta
198 2689 205 2695 .
217 2672 241 2700 8.
292 2670 318 2696 6.

153 2676 305 2740 Allifae‚53t'3t
320 2703 419 2734 Clanio
431 2710 602 2742 contempta:
615 2702 722 2740 semper
739 2703 850 2732 Acerrae.

79 2740 126 2770 Sic
135 2742 212 2771 enim
220 2742 395 2771 scribendum
406 2752 510 2771 nomen
519 2742 579 2778 ejus
593 2741 693 2779 oppidi
703 2751 737 2770 ex
745 2741 883 2778 lapidibus
893 2740 1012 2777 antiquis
1026 2739 1124 2770 docuit
1138 2740 1200 2771 Cel-

80 2777 128 2808 lar.
140 2779 173 2809 G.
182 2780 211 2808 A.
223 2779 242 2809 l.
255 2789 281 2810 2.
292 2790 315 2809 c.
329 2790 354 2815 9.
380 2790 441 2809 110.
464 2780 494 2809 V.
516 2779 573 2808 Liv.
587 2785 614 2814 8,
634 2789 679 2815 25.
691 2790 716 2815 9,
728 2785 771 2816 38.

42 2814 66 2847 Δ
75 2827 108 2846 L!
118 2825 254 2846 ramim
267 2840 276 2853 ,
296 2817 395 2856 Populi
411 2817 533 2847 Arcadiae
547 2839 556 2852 ,
577 2817 692 2846 authore
702 2817 771 2846 Plin.
793 2815 842 2845 lib.
855 2826 882 2851 4.
903 2825 963 2853 cap.
976 2819 1010 2858 ⁶¹.
1024 2815 1058 2844 ab
1077 2811 1200 2854 Alipflira

81 2854 187 2892 oppido
197 2877 206 2891 ,
227 2856 273 2884 cui
281 2865 385 2885 nomen
395 2855 500 2885 dedisse
509 2855 644 2892 Lycaonis
659 2855 731 2884 filius
742 2855 863 2884 creditur
873 2876 882 2889 ,
902 2861 932 2882 ut
941 2854 1025 2882 tradit
1034 2853 1200 2883 Hermolaus

81 2893 110 2921 in
124 2891 191 2922 Plin.
213 2892 271 2922 Cic.
293 2897 318 2922 6.
334 2895 388 2923 Att.
398 2903 423 2922 2.
459 2893 582 2922 Arcadiae
593 2893 722 2922 censebat
735 2893 789 2922 ess'e
803 2892 928 2929 Lepreon
939 2891 1080 2928 quoddam
1097 2893 1201 2921 mariti-

80 2940 168 2959 mum.
187 2930 268 2960 Tene
278 2937 371 2960 autem
381 2953 389 2967 ,
403 2933 428 2961 ἃ
443 2930 581 2969 Aliphera,
594 2932 620 2960 ἃ·
630 2930 718 2960 Tritia
730 2927 830 2958 νεσκῗιῖικ
850 2931 876 2958 ei
887 2929 1060 2959 videbantur.
1112 2930 1200 2968 ldque

81 2969 116 3005 τῷ
126 2968 170 2994 τῶν
187 2970 237 2995 υἱῶν
256 2967 382 3005 κοιῖειλόγῳ
398 2968 595 3004 confirmabat,
618 2969 665 2998 ubi
680 2969 788 2998 mentio
800 2977 859 2996 non
872 2967 903 2997 fit
915 2968 1036 2996 istorum.

13 3005 249 3042 .A1.11›1tus,
288 3006 320 3036 V.
342 3016 423 3036 ALA.

45 3044 106 3074 Ati
115 3053 178 3072 PTE
186 3053 203 3072 R
211 3055 220 3072 1
229 3054 247 3073 u
255 3054 276 3072 M
287 3066 294 3080 ,
315 3041 508 3080 [ἀλειπτῆμον]
526 3044 618 3075 Locus
627 3044 723 3075 eratin
735 3043 842 3073 balneis
857 3064 865 3078 ‚
896 3042 925 3071 in
935 3052 990 3080 quo
999 3043 1050 3072 loti
1059 3042 1202 3080 ungeban-

81 3087 132 3111 tur.
154 3081 218 3111 Cael.
229 3081 278 3111 lib.
293 3086 335 3112 16.
349 3092 411 3120 cap.
422 3088 480 3121 48.

11 3140 15 3147 .
44 3118 67 3150 A
75 3130 90 3148 i..
99 3130 108 3148 1
117 3129 131 3148 P
139 3129 160 3148 'r
168 3129 183 3148 iz
191 3129 203 3149 s
214 3142 222 3155 ,
244 3130 275 3149 ae.
296 3130 332 3149 m.
355 3121 516 3156 [κλέπτης]
535 3119 641 3149 Unc'tor
650 3142 658 3155 ,
680 3120 726 3158 qui
735 3118 851 3148 athletas
862 3123 1012 3147 certaturos
1024 3118 1154 3156 ungebat,
1174 3120 1200 3150 ὁὶ

80 3157 243 3195 magisterac
252 3165 408 3196 praeceptor
419 3157 583 3187 athletarum
603 3158 755 3187 dicebatur.
776 3157 875 3193 Juven.
893 3166 916 3192 3.
938 3157 993 3185 Sat.
1008 3161 1052 3193 76.

153 3195 369 3232 Grammaticus,
389 3196 500 3231 rhetor,
517 3203 672 3234 geometres
683 3218 690 3231 ‚
712 3196 819 3233 pictor,
839 3194 947 3232 aliptes.
1007 3195 1085 3223 idem
1095 3199 1119 3224 ό,
1134 3205 1198 3230 421.

81 3232 140 3262 Cic.
160 3243 183 3262 1.
204 3233 279 3263 Fam.
290 3244 315 3269 9.
363 3234 419 3263 Sed
438 3233 540 3263 vellem
559 3243 617 3262 non
633 3233 722 3263 solum
736 3233 828 3262 salutis
851 3242 919 3261 meze
932 3255 940 3267 ,
963 3233 1201 3269 quemadmodum

81 3271 201 3300 medici:
223 3271 270 3300 sed
280 3271 364 3301 etiam
373 3278 404 3301 ut
414 3271 506 3310 aliptae
520 3294 528 3307 ,
554 3272 652 3301 virium
670 3274 696 3301 ot
717 3270 818 3300 coloris
842 3271 977 3299 rationem
993 3271 1093 3299 habere
1104 3270 1203 3300 voluis·

79 3307 149 3338 sent.
160 3308 192 3338 V.
207 3309 363 3338 Mercurial.
377 3310 412 3338 de
422 3311 450 3338 A.
463 3309 645 3347 Gymnastica.
685 3310 719 3339 Et
733 3309 804 3338 Petr.
821 3308 898 3337 fabr.
915 3309 1079 3345 Agoiiiuico.
1101 3308 1143 3337 De
1153 3309 1201 3338 ali-

0 3357 13 3382 ,·
82 3346 137 3384 ptis
148 3347 220 3376 inter
230 3346 383 3376 balnearios
390 3347 480 3376 servos
500 3348 531 3376 V.
547 3347 656 3384 Pignor.
704 3346 815 3376 Plenius
828 3345 884 3374 Van
896 3346 962 3375 Dale
973 3346 1038 3376 Diis.
1052 3351 1077 3380 8.
1094 3355 1118 3375 c.
1135 3353 1161 3381 8.

0 3419 4 3423 ‚
47 3383 214 3420 ALiQtJA,
255 3385 285 3414 V.
308 3395 488 3421 Atiqms..

4 3438 10 3448 .
46 3422 652 3460 AL1QUAMMUL¹r1,titiquANniu.
692 3421 724 3451 V.
747 3431 811 3450 ALI
823 3430 1012 3457 QUANTUS.

7 3471 10 3476 ·
47 3458 92 3488 At.
101 3469 110 3487 1
120 3470 165 3496 Qu
174 3469 193 3488 A
201 3470 221 3488 N
229 3470 247 3488 D
257 3470 274 3489 o
285 3482 293 3495 ,
325 3460 445 3497 [mimz-2
457 3483 465 3495 ‚
487 3460 581 3495 ἐνίοτε]
602 3460 670 3489 Adv.
685 3460 819 3497 temporis
829 3481 836 3493 ,
857 3465 950 3495 antep.
974 3459 1057 3493 acuit,
1073 3458 1141 3488 sicut
1152 3469 1203 3489 cae-

0 3502 7 3509 ⁴
82 3502 179 3526 teraex
189 3498 310 3534 Quando
321 3498 472 3536 composita
483 3520 491 3533 ,
512 3498 579 3528 teste
591 3497 727 3527 Prisciano
738 3499 755 3527 1.
778 3508 819 3533 ις.
836 3507 862 3534 p.
880 3502 941 3532 169.
952 3496 978 3526 b.
1004 3497 1063 3526 Ald.
1084 3499 1109 3526 ot
1125 3498 1204 3534 ligni-

81 3533 160 3570 fleat,
180 3535 213 3565 In
221 3535 460 3574 aliquotempore.
481 3535 551 3566 Plin.
568 3535 615 3565 lib.
632 3545 655 3572 3.
675 3545 736 3573 cap.
754 3545 795 3564 11.
820 3534 975 3571 Aliquando
991 3535 1064 3572 Syris
1072 3536 1200 3565 vocitata.

81 3571 245 3609 Aliquando,
255 3583 305 3611 pro
314 3574 462 3603 interdum.
484 3574 542 3603 Cic.
557 3583 580 3610 3.
607 3573 663 3603 Off.
678 3583 702 3610 3.
742 3573 849 3602 Liceret
863 3573 888 3600 ei
898 3572 1009 3607 dicere,
1030 3573 1203 3603 honestatem

99 3609 247 3647 aliquando
269 3621 334 3640 cum
343 3611 461 3640 utilitate
468 3622 599 3649 pugnare.

84 3646 252 3684 Aliquando,
274 3659 324 3687 pro
341 3649 478 3679 Tandem.
500 3650 558 3679 Cic.
571 3659 621 3687 pro
633 3648 744 3678 Cluent.
767 3646 874 3684 Collegi
890 3657 935 3676 me
949 3647 1108 3687 aliquando.

84 3684 237 3722 Aliquando
250 3687 364 3716 tandem
377 3709 385 3722 ,
415 3687 460 3716 vel
469 3687 598 3717 Tandem
616 3687 774 3724 aliquando.
797 3686 855 3715 Cic.
879 3685 907 3714 in
918 3695 944 3714 2.
973 3685 1054 3714 Catil.
1066 3696 1107 3724 pr.
1130 3685 1204 3716 Tari-

101 3722 166 3751 dem
174 3723 321 3761 aliquando
332 3725 454 3761 Quirites
468 3747 476 3759 ,
497 3727 550 3755 ἃς.
590 3725 669 3754 Idem
678 3734 728 3762 pro
740 3725 839 3760 Quint.
853 3733 898 3758 94.
938 3723 1007 3761 Spes
1023 3724 1061 3752 est
1080 3725 1106 3754 δι
1126 3724 1203 3755 hunc

66 3786 75 3793 ,
100 3760 228 3790 miserum
239 3769 320 3799 atque
336 3763 477 3792 infelicem
487 3763 637 3799 aliquando
644 3763 759 3791 tandem
768 3761 844 3800 posse
852 3760 1002 3790 consistere.

66 3808 68 3811 ·
83 3797 237 3835 Aliquando
252 3821 260 3833 ,
282 3801 316 3829 de
327 3809 454 3838 tempore
463 3801 610 3838 praeterito.
636 3800 694 3829 Cic.
709 3810 760 3838 pro
774 3799 884 3829 Cluent.
895 3802 939 3835 67.
968 3799 1005 3828 Ut
1016 3799 1099 3828 etiam
1111 3798 1202 3829 bestiae

102 3835 173 3865 fame
184 3836 347 3867 dominante
361 3859 369 3873 ,
392 3838 547 3876 plerunque
557 3839 592 3868 ad
602 3848 667 3867 eum
679 3838 774 3867 locum
792 3859 800 3872 ,
821 3836 869 3866 ubi
879 3837 959 3874 paitae
969 3836 1118 3874 aliquando
1131 3838 1183 3867 lint
1193 3860 1202 3873 ,

102 3880 280 3904 revertantur.

85 3910 294 3954 Nonnunquam
310 3914 337 3942 δε
356 3913 515 3950 aliquando.
556 3913 615 3943 Cic.
634 3923 684 3951 pro
694 3912 796 3941 Caecin.
822 3921 863 3947 14.
902 3910 1079 3941 Voluntarius
1097 3913 1202 3943 amicus

106 3948 247 3984 mulieris,
270 3951 321 3979 διο.
343 3952 428 3988 magis
442 3958 600 3989 opportuna
609 3961 694 3988 opera
704 3958 905 3985 nonnunquam
921 3971 929 3983 ,
951 3959 1032 3986 quani
1052 3949 1202 3985 aliquando
1232 3946 1239 3955 ⁸

102 3984 187 4053 fidali,
219 3987 269 4054 [i.l
280 3997 304 4017 e.
326 3988 440 4025 Semel,
467 3998 608 4027 unquam,
629 3988 688 4021 ullo
699 3995 833 4026 tempore.
856 3986 988 4017 Cetei-um
1004 3987 1159 4024 Aliquando
1176 3989 1203 4017 ἃ

167 4033 217 4054 oi...
272 4046 278 4054 .

1677 189 1704 222 A
1798 187 1828 224 L
1923 191 1938 224 I
2320 207 2387 242 147

1301 263 1426 330 Allnlqmm
1445 268 1585 303 quomodo
1605 267 1734 298 differant
1753 269 1849 306 pulcre
1870 268 1954 299 docet
1972 271 2120 302 Priscianus
2134 273 2151 302 l.
2175 284 2215 311 ¹:⁷-
2238 286 2265 312 p.
2280 281 2339 310 186.
2361 288 2384 307 a.

1334 314 1342 330 ζ
1354 314 1389 331 ill.

1281 338 1435 382 Aliquando
1456 342 1481 370 S:
1494 341 1560 370 sero.
1583 342 1641 371 Cic.
1660 353 1708 380 pro
1721 343 1820 379 Quint.
1841 353 1885 379 43.
1925 344 1965 373 De
1985 347 2137 376 rationibus
2155 350 2181 376 ἃ
2202 352 2388 380 controversiis

1304 375 1440 405 societatis
1464 379 1521 407 vult
1539 380 1694 412 diiudicari.
1718 382 1792 410 Sero.
1833 381 1932 410 Verum
1953 383 2102 419 aliquando
2121 394 2221 413 tamen.
2268 387 2342 416 ldeiii
2361 390 2388 416 in

1305 413 1382 454 Qiat.
1398 419 1455 442 166.
1498 416 1650 452 Aliquando
1665 440 1672 451 ,
1694 418 1777 455 idque
1793 418 1849 447 sero
1864 441 1871 452 ,
1892 422 1942 448 &cu

1281 448 1436 516 Aliquainu
1448 452 1513 481 sore.
1536 455 1622 484 Cioi.
1638 455 1671 483 de
1684 456 1808 491 ()rat.95.
1832 456 1895 484 Non
1904 457 2018 494 despero
2028 459 2084 487 sore
2096 459 2215 496 aliquem
2232 459 2391 497 aliquando,

1301 496 1365 522 qui,
1387 498 1437 516 υς.

1246 523 1515 567 AiiQUAN'ijusff
1547 528 1604 562 Adi.
1639 526 1772 571 [τέτΘῗ]
1801 541 1834 559 ex
1859 530 1961 567 Aliquis
1983 534 2008 560 ὁὶ
2039 532 2166 567 Quantus
2182 555 2188 566 ,
2221 534 2297 563 ldem
2320 545 2390 572 pene

1284 561 1358 595 quud
1371 559 1520 603 Mediocris
1539 564 1581 605 vel
1594 565 1723 595 Modicus
1737 569 1876 603 ligniiiczit.
1900 569 2004 597 Sallust.
2026 568 2150 604 ,linium-tii.
2164 580 2223 607 cap.
2243 581 2302 603 ιος.
2345 573 2392 601 Ti.

1285 607 1344 625 mor
1354 598 1526 641 aliquantus,
1548 602 1592 643 led
1603 601 1661 638 spes
1672 605 1788 641 amplior
1802 628 1809 639 7
1836 607 2104 643 quippcvieim-ibus.
2146 608 2321 642 Qualidiciit,
2340 610 2392 638 Ali-

1284 642 1417 670 quantum
1426 636 1708 681 ‘l¹¹¹dss¹¹¹t¹¹¹¹}¹t'ruflt‚
1719 646 1770 671 otc.
1794 643 1877 673 ldem.
1892 645 2007 672 Romani
2019 644 2153 681 lignorum
2167 649 2191 674 ct
2201 647 2394 675 urniorumzili-

1284 678 1387 714 quanto
1397 682 1522 714 numero,
1534 674 1649 704 hostium
1662 688 1810 713 paucorum
1822 682 1901 717 potiti
1914 681 1982 710 sunt.

1284 708 1441 745 Aliquanti,
1462 720 1499 743 ιε,
1520 721 1552 753 zi..
1567 712 1636 755 plur.
1655 725 1703 750 liro
1720 716 1842 752 Aliquot:
1867 720 1914 747 arri
1927 719 2078 753 iiilerioris,
2104 726 2133 748 ut
2150 720 2273 748 lintrium
2285 721 2390 751 Advers.

1305 756 1351 788 25·-
1367 746 1574 789 12.‹›bservzi1'it.
1598 750 1707 793 syntrop.
1722 764 1747 787 4.
1764 764 1803 782 11.
1815 759 1839 782 6.
1882 755 2143 794 Aliqu.int;ioppidu.
2170 757 2303 786 Palladius
2321 769 2389 794 i.19.

1304 783 1457 820 Aliquantis
1468 784 1577 827 dicbus„
1605 786 1682 825 Oroi.
1699 798 1721 824 3.
1738 799 1776 824 ¹3-
1799 802 1838 828 pr.
1862 792 1890 820 V.
1913 795 1976 822 Cur.
1991 795 2088 830 poster.
2111 794 2218 823 ccliii-ii
2234 805 2258 832 p.
2273 805 2334 824 201.

1247 821 1422 856 A1.1QUAN
1439 830 1504 863 FO,-
1524 823 1617 864 [γροτν
1640 826 1683 859 τι]
1715 827 1781 867 Ady.
1801 830 1976 864 quantitatis,
1998 841 2030 859 cx
2057 832 2174 860 ablativo
2195 832 2338 868 Aliquanto
2359 835 2397 863 fi-

1285 861 1376 901 ctum,
1403 858 1620 902 ldeni'lignihcat
1636 863 1710 898 quo‘d
1723 863 1912 899 Aliquantum:
1941 867 1984 895 sed
2004 870 2196 906 coiiipaizitivis
2214 872 2395 907 priipr'icjun-

1285 906 1365 932 gitur.
1387 896 1455 925 Plin.
1468 896 1515 940 lib.
1529 907 1573 927 21.
1593 908 1653 941 cup.
1666 903 1690 927 6.
1733 900 1809 941 lolio
1826 902 1964 939 aliquanto
1978 905 2080 935 latiore.
2116 908 2172 936 Cic.
2184 912 2208 936 6.
2251 907 2323 937 vei-r.
2344 909 2395 937 iili-

1287 942 1390 970 quanto
1401 934 1520 971 amplius
1530 945 1613 972 quam
1626 938 1694 965 terre
1705 938 1820 973 pollent.

1286 971 1432 1008 Aliquanto
1443 978 1523 1007 ante,
1545 973 1768 1011 Aliquantopoll.
1793 976 1849 1004 Cic.
1866 987 1886 1005 1.
1911 978 1963 1005 Off
1982 989 2022 1013 23.
2066 980 2097 1008 Ft
2108 980 2246 1017 aliquanto
2257 990 2320 1011 ante
2331 993 2396 1011 cun-

1306 1009 1415 1052 stituere
1425 1010 1491 1051 quid
1500 1011 1626 1040 accidere
1635 1011 1725 1049 pollit.
1766 1013 1842 1043 ldciii
1852 1024 1901 1051 pro
1912 1015 2011 1045 Coecin.
2025 1028 2051 1052 4.
2073 1017 2220 1054 Aliquanto
2232 1020 2290 1056 post
2304 1030 2397 1055 arqen-

1306 1054 1372 1076 taria
1383 1048 1519 1077 dilloluta.
2334 1050 2339 1057 “

1249 1085 1295 1114 At
1305 1095 1311 1113 i
1322 1094 1368 1127 gu
1380 1095 1397 1113 A
1410 1095 1428 1113 N
1439 1095 1457 1112 vi*
1468 1095 1485 1113 u
1496 1097 1516 1114 M
1526 1108 1533 1119 ,
1739 1088 1805 1116 Adv.
1824 1089 2000 1124 quantitatis,
2029 1088 2143 1127 positivo
2153 1115 2160 1126 ,
2182 1100 2228 1121 aut
2239 1094 2321 1123 verbo
2338 1106 2399 1132 pro-

1296 1133 1347 1151 ii'ie
1358 1123 1488 1159 jungitur.
1526 1123 1610 1153 l’lziut.
1624 1123 1752 1154 Bacchid.
1784 1125 1873 1154 Credo
1883 1127 1980 1155 timida
1988 1138 2015 1156 es
2023 1128 2189 1165 aliquantum
2200 1131 2278 1160 liiror.
2302 1134 2358 1162 Cic.
2373 1145 2396 1169 5.

1287 1133 1362 1190 l‘zini.
1378 1169 1419 1194 13.
1459 1160 1635 1197 Aliquantum
1650 1162 1810 1192 labefactata
1823 1170 1904 1201 atque
1922 1165 2058 1194 convulsa.

1288 1197 1476 1235 Aliquantum,
1497 1208 1560 1227 cuin
1569 1201 1765 1237 comparativo.
1787 1200 1850 1230 Ter.
1864 1201 1932 1230 Eun.
1948 1213 1970 1230 ι.
1983 1212 2006 1230 2.
2025 1212 2066 1237 51.
2106 1203 2168 1238 Ejus
2179 1205 2259 1234 frater
2277 1207 2399 1244 aliquan-

1307 1242 1366 1264 tum
1385 1236 1418 1264 ad
1439 1246 1496 1264 rem
1511 1237 1548 1265 est
1566 1237 1679 1266 avidior.
1705 1238 1761 1267 Liv.
1777 1249 1798 1267 1.
1823 1239 1954 1268 Habitum
1971 1240 2139 1276 formamque
2162 1242 2209 1270 viri
2230 1243 2399 1279 aliquantum

1306 1272 1487 1311 ampliorem,
1518 1275 1765 1314 augustioremque.

1308 1311 1463 1348 Aliquanto.

1288 1349 1467 1386 Aliquantum
1482 1359 1546 1378 cum
1557 1350 1649 1379 verbo.
1682 1351 1739 1380 Cic.
1755 1360 1780 1380 2.
1800 1351 1835 1380 de
1846 1352 1904 1381 fin.
1944 1352 2029 1388 Quod
2044 1352 2123 1389 quale
2140 1354 2169 1382 sit
2181 1376 2188 1386 ,
2206 1365 2261 1384 non
2273 1364 2326 1385 tam
2338 1358 2401 1385 dcii-

1309 1388 1434 1422 nitione,
1457 1398 1510 1424 qua
1526 1387 1584 1416 sum
1604 1388 1664 1417 usus
1680 1411 1687 1424 ,
1706 1388 1824 1426 intelligi
1841 1390 1949 1427 potest,
1972 1398 2147 1427 iqiiaiiquiuu
2167 1392 2333 1429 aliquantum
2355 1405 2402 1431 pu-

1308 1426 1381 1460 test)
1403 1435 1484 1462 quam
1500 1427 1642 1454 communi
1661 1427 1788 1456 omnium
1803 1428 1918 1462 judicio.

1309 1463 1437 1500 procellit
1451 1463 1622 1500 aliquantum
1636 1465 1670 1492 ad
1681 1465 1789 1494 virtutis
1798 1465 1914 1495 aditum.

1290 1501 1470 1537 Aliquantum
1481 1510 1545 1530 cuni
1559 1502 1689 1538 genitivo.
1704 1511 1742 1535 ut,
1759 1502 1934 1540 Aliquantum
1946 1513 2133 1533 nummorum.
2157 1504 2216 1538 Cic.
2227 1516 2276 1543 pro
2292 1506 2398 1537 Cluent.

1313 1543 1372 1567 126.
1380 1538 1554 1575 Aliquantum
1563 1540 1617 1576 agri
1631 1540 1659 1568 in
1667 1541 1761 1569 medio
1771 1540 1896 1571 relictum
1907 1541 2032 1570 effidem
2041 1542 2122 1570 LOi'f.
2129 1542 2302 1579 Aliquantum
2313 1545 2397 1582 spatii.

1289 1577 1467 1613 Aliquantum
1476 1577 1560 1605 animi
1575 1578 1684 1606 videtur
1693 1578 2058 1608 nobisattuliffeLabienus.
2081 1580 2173 1617 (λα-Σ.
2192 1584 2244 1610 Att.
2265 1592 2305 1618 13.

1290 1614 1470 1651 Aliquantum
1483 1616 1538 1650 jam
1555 1615 1639 1644 etiam
1650 1616 1740 1645 Ποέῐῐε
1749 1616 1861 1646 assumo.
1885 1617 1943 1645 Cic.
1958 1628 1981 1651 5·
2004 1616 2077 1646 Fam.
2088 1621 2131 1646 26.

1291 1653 1469 1689 Aliquantum
1480 1653 1568 1681 nostis
1584 1674 1591 1687 ,
1614 1653 1630 1680 i.
1651 1663 1675 1682 e.
1699 1653 1887 1683 obscuritatis.
1915 1655 1998 1684 Ovid.
2017 1655 2045 1682 in
2059 1654 2119 1684 lbin
2136 1677 2144 1689 ,
2167 1658 2211 1689 63.

1253 1691 1275 1720 A
1285 1701 1299 1718 L
1310 1701 1317 1718 1
1328 1700 1373 1725 Qu
1384 1700 1402 1718 A
1412 1700 1460 1718 NT
1470 1693 1486 1719 ῡ
1497 1702 1512 1718 L
1522 1700 1539 1718 u
1551 1701 1571 1718 M
1580 1712 1588 1725 ,
1610 1691 1706 1720 dimin.
1727 1693 1854 1728 [ww]
1875 1692 1938 1721 Ter.
1965 1692 2033 1721 And.
2045 1702 2070 1721 2.
2083 1696 2107 1721 6.
2124 1696 2163 1722 16.
2186 1693 2324 1723 Subtristis
2336 1695 2403 1725 visus

1292 1728 1330 1756 est
1340 1727 1392 1756 elle
1403 1727 1614 1764 aliquantulum.

1292 1765 1499 1802 Aliquantulum
1510 1766 1665 1796 deflectere.
1679 1766 1737 1796 Cic.
1751 1769 1779 1796 in
1789 1767 1899 1803 Laclao.
1921 1767 2044 1797 Deflexit
2056 1769 2131 1798 enim
2141 1769 2196 1804 jam
2205 1769 2406 1806 aliquantulum

1311 1804 1346 1832 de
1359 1803 1446 1841 spatio
1456 1802 1648 1841 curriculoque
1658 1805 1829 1834 consuetudo
1847 1807 1990 1841 majorum.

1291 1841 1500 1878 Aliquantulum
1513 1863 1520 1875 ,
1542 1841 1682 1871 interdum
1693 1842 1731 1871 est
1742 1853 1862 1872 nomen:
1894 1850 1939 1876 ut,
1962 1842 2168 1880 Aliquantulum
2182 1843 2313 1873 frumenti
2331 1867 2338 1879 ,
2360 1846 2406 1874 ali-

1310 1879 1474 1916 quantulum
1483 1879 1549 1908 fimi.
1563 1879 1631 1908 Plin.
1644 1880 1692 1909 lib.
1712 1889 1752 1917 17.
1764 1891 1823 1918 cap.
1836 1887 1860 1915 8.
1876 1881 1909 1911 Et
1919 1881 1963 1909 hic
1976 1882 2060 1909 etiam
2075 1882 2163 1919 potest
2173 1882 2226 1910 ell'e
2235 1882 2405 1919 adverbium,

1311 1917 1380 1946 licut
1391 1916 1576 1954 Aliquantum.
1600 1917 1656 1947 Cic.
1668 1928 1719 1956 pro
1729 1919 1827 1955 Quint.
1847 1930 1886 1953 ις.
1905 1919 2112 1955 Aliquantulum
2128 1920 2185 1948 ceris
2204 1920 2295 1949 alieni.

1258 1954 1304 1984 Ar,
1313 1966 1321 1983 1
1331 1965 1376 1990 qu
1387 1965 1405 1984 A
1415 1964 1434 1983 N
1444 1965 1462 1983 'r
1472 1965 1489 1983 u
1501 1966 1515 1983 t
1525 1965 1542 1983 o
1553 1977 1560 1990 ,
1582 1955 1669 1985 Idem.
1685 1956 1791 1994 vopisc.
1814 1956 1904 1986 Aurel.
1916 1966 1975 1994 cap.
1992 1966 2035 1992 34.
2058 1956 2108 1985 Etli
2119 1957 2290 1994 aliquantulo
2301 1959 2406 1988 tristior.

1254 1993 1277 2023 A
1287 2004 1302 2021 L
1312 2004 1321 2021 1
1332 2003 1376 2029 qu
1387 2003 1405 2021 A
1417 2002 1464 2021 NT
1474 2004 1482 2021 i
1492 2004 1507 2021 1.
1516 2004 1532 2021 L
1544 2003 1561 2021 u
1571 2004 1590 2021 M
1602 2015 1610 2028 ,
1644 1992 1711 2029 [ἐπὶ
1731 1995 1838 2030 μικρὸν]
1861 1995 1926 2023 Adv.
1950 1995 2108 2031 quantitatis
2121 1995 2219 2023 dimin.
2234 1995 2266 2024 ab
2283 1996 2408 2033 Aliquan-

1293 2030 1383 2096 tql'um
1394 2030 1491 2060 dimin.
1502 2030 1587 2060 Plaut.
1601 2031 1678 2069 Capt.
1695 2041 1717 2061 1.
1736 2040 1759 2068 3.
1773 2041 1815 2068 34.
1838 2032 1913 2062 foris
1926 2032 2128 2069 aliquantillum
2141 2033 2225 2062 etiam
2239 2037 2312 2070 quod
2321 2036 2406 2071 gusto,

1293 2079 1314 2097 1t
1335 2075 1405 2097 neat.

1255 2106 1277 2136 A
1287 2118 1303 2135 L
1313 2117 1320 2134 1
1330 2117 1375 2141 qu
1386 2117 1404 2135 A
1414 2116 1433 2134 N
1443 2117 1460 2134 D
1470 2117 1477 2134 1
1487 2116 1514 2141 o,
1537 2103 1601 2141 [ini
1614 2107 1718 2144 χςόιον]
1740 2107 1805 2136 AdV.
1818 2108 1952 2145 temporis
1966 2118 1974 2143 ·,
1997 2107 2093 2144 Aliquo
2103 2114 2237 2145 tempore,
2250 2118 2306 2137 non
2317 2118 2409 2139 autern

1292 2144 1378 2181 longo
1391 2143 1559 2173 admodum:
1594 2144 1665 2181 quasi
1677 2150 1706 2173 tu
1717 2145 1815 2180 dicas,
1838 2145 2015 2183 Aliquantum
2030 2146 2086 2174 diu.
2110 2146 2167 2175 Cic.
2194 2157 2216 2175 1.
2240 2147 2319 2175 Acad.
2354 2148 2409 2176 Ari-

1294 2182 1364 2211 stum
1373 2182 1486 2212 Athenis
1497 2182 1602 2211 audivit
1612 2181 1782 2219 aliquandiu.
1804 2184 1878 2213 conf.
1892 2183 1948 2212 Liv.
1967 2193 1990 2219 3.
2014 2190 2058 2220 70.
2083 2182 2148 2212 Caes.
2164 2193 2186 2212 1.
2198 2183 2263 2213 Bell.
2277 2184 2343 2214 Gall.
2362 2196 2407 2220 40.

1256 2220 1278 2250 A
1287 2231 1302 2248 1.
1312 2231 1320 2248 1
1331 2230 1375 2256 qu
1386 2231 1404 2248 A
1414 2231 1433 2248 M
1444 2231 1463 2248 M
1473 2230 1490 2248 u
1500 2229 1560 2248 L‘ri
1571 2242 1578 2255 ,
1607 2220 1781 2249 Rariilimum
1792 2243 1799 2255 ,
1822 2231 1872 2259 pro
1885 2222 1997 2258 Aliquot
2008 2243 2016 2255 ,
2035 2222 2052 2250 i.
2074 2230 2098 2249 e.
2122 2221 2218 2258 Neque
2229 2222 2308 2250 multi
2317 2223 2410 2251 adn-‚o-

1295 2258 1380 2293 dum,
1403 2267 1493 2294 neque
1506 2259 1598 2295 pauci.
1644 2258 1701 2287 Cic.
1729 2262 1753 2287 6.
1786 2258 1859 2288 Verr.
1873 2263 1916 2293 56.
1958 2259 2029 2288 Sunt
2055 2259 2190 2293 vcstri'im,
2219 2260 2343 2295 judices,
2363 2260 2410 2289 ali-

1295 2295 1459 2333 quammulti
1475 2296 1522 2332 qui
1538 2295 1566 2325 L.
1582 2295 1706 2325 Pisonem
1725 2304 1924 2333 cognoverunt.
1960 2297 2019 2326 Alia
2033 2296 2199 2334 exemplaria
2208 2297 2324 2332 habent,
2341 2299 2410 2327 Sunt

1294 2334 1412 2363 vestrum
1432 2333 1562 2369 Judices,
1584 2344 1665 2371 quam
1679 2333 1774 2369 multi,
1807 2336 1854 2372 qui
1865 2334 1894 2364 L.
1917 2334 2042 2364 Pisonem
2063 2342 2260 2372 cognoverunt.
2292 2335 2369 2374 Apul.
2386 2346 2407 2365 1.
2427 2354 2430 2357 -

1295 2371 1363 2402 Met.
1379 2382 1406 2409 p.
1427 2381 1486 2407 1¹3·

1294 2410 1375 2447 Apud
1385 2410 1458 2439 Suet.
1471 2409 1502 2438 in
1511 2407 1608 2440 Claud.
1625 2419 1649 2438 c.
1662 2419 1705 2438 20.
1720 2410 1807 2447 princ.
1824 2419 1874 2447 pro
1885 2410 1976 2446 Quam
1990 2409 2077 2439 multa
2087 2409 2195 2439 fortasse
2206 2409 2353 2445 legendum
2364 2411 2410 2445 est,

1312 2446 1516 2514 llemnmllta⁷
1540 2453 1604 2482 aut,
1636 2447 1671 2476 Et
1686 2447 1875 2484 Quammulta,
1904 2448 1939 2477 H.
1959 2448 1996 2477 St.
2019 2448 2101 2477 unica
2130 2456 2206 2477 voce.
2229 2448 2283 2476 scil.
2315 2448 2343 2477 V.
2363 2450 2414 2478 Ca,

1325 2496 1357 2514 au
1382 2509 1387 2514 .
1407 2489 1442 2514 ad
1466 2507 1471 2513 .

1258 2523 1614 2560 AtiQUAMtith’ruir,
1638 2522 1706 2551 Adv.
1727 2522 1806 2560 Apul.
1818 2523 1894 2561 Apol.
1910 2532 1931 2552 1.
1949 2533 1976 2560 p.
1989 2526 2052 2560 276.
2075 2522 2141 2552 Haec
2152 2523 2272 2553 defensio
2281 2523 2412 2560 aliquam-

1296 2561 1415 2590 multum
1426 2570 1441 2589 a
1454 2569 1499 2589 me
1509 2568 1615 2589 remota
1626 2561 1673 2589 est.
1696 2560 1780 2589 Aldus
1799 2560 1866 2597 legit
1883 2560 2110 2598 Aliquomultum.

1257 2599 1376 2634 AL1QU
1386 2609 1403 2627 A
1414 2609 1434 2627 Μ
1444 2608 1458 2626 Ρ
1469 2609 1484 2626 L
1494 2608 1510 2626 υ
1522 2608 1536 2626 R
1548 2609 1561 2627 iz
1570 2609 1582 2627 s
1594 2621 1601 2633 ,
1631 2598 1748 2628 Tertull.
1764 2599 1841 2635 Apol.
1863 2609 1922 2636 cap.
1940 2609 1981 2627 12.
2021 2598 2154 2627 Senecam
2167 2598 2412 2637 aliquampluribus

1296 2638 1322 2666 St
1333 2635 1511 2665 amarioribus
1519 2635 1554 2665 de
1569 2636 1654 2666 vestra
1663 2635 1853 2674 superstitione
1864 2643 2038 2675 perorantem
2051 2636 2182 2673 probatis.

1258 2675 1304 2704 At.
1313 2686 1320 2702 i
1330 2685 1374 2709 Qu
1385 2685 1403 2703 A
1414 2684 1461 2702 NT
1471 2684 1479 2701 1
1489 2683 1500 2702 s
1510 2684 1524 2702 P
1533 2684 1547 2702 Ε
1557 2685 1572 2703 a
1581 2696 1588 2709 ,
1622 2675 1724 2709 [bm'qu
1745 2678 1822 2711 geisa»
1836 2675 1849 2709 ]
1874 2675 1940 2703 Adv.
1952 2675 2086 2711 temporis
2096 2696 2104 2708 ,
2127 2673 2166 2702 Ad
2183 2675 2314 2711 temporis
2326 2674 2411 2702 brevi-

1296 2719 1382 2741 tatem
1396 2712 1526 2746 refertur,
1545 2719 1575 2741 ut
1589 2712 1626 2740 ait
1636 2711 1712 2740 Valla
1724 2712 1772 2740 lib.
1784 2722 1809 2741 2.
1831 2711 1916 2742 Plaut.
1928 2711 2021 2741 Pseud.
2037 2722 2058 2740 1.
2074 2723 2097 2747 5.
2118 2717 2177 2747 158.
2214 2711 2409 2748 Aliquantilper

1297 2750 1452 2779 concedere
1460 2750 1525 2778 hinc
1535 2750 1603 2778 mihi
1614 2751 1687 2778 intro
1698 2749 1784 2779 lubet.
1806 2750 1870 2779 Ter.
1888 2750 1986 2779 Heaut.
2000 2759 2024 2785 3.
2037 2759 2060 2786 3.
2077 2760 2087 2779 1
2098 2760 2119 2779 1.
2142 2750 2285 2778 Concedas
2296 2749 2387 2785 aliquo
2399 2770 2408 2784 ,

1297 2789 1330 2817 ab
1339 2798 1385 2816 ore
1393 2797 1499 2823 eorum,
1513 2787 1715 2825 aliquantisper.
1754 2787 1859 2824 [Quod
1872 2787 1983 2817 barbare
1993 2788 2095 2816 dicitur
2106 2810 2113 2822 ,
2136 2787 2184 2816 Pro
2200 2787 2290 2823 aliquo
2304 2794 2412 2824 tempo-

1296 2836 1333 2855 re.
1356 2826 1421 2855 Non
1433 2826 1471 2854 est
1485 2825 1567 2863 plane
1577 2826 1651 2855 idem
1661 2848 1668 2858 ,
1687 2835 1718 2854 ac
1728 2824 1863 2864 Paulisper
1873 2848 1881 2861 ,
1911 2833 1941 2855 ut
1960 2826 2085 2863 plerique
2099 2832 2252 2863 exponunt.

1259 2865 1280 2893 A
1290 2876 1322 2892 1.1
1333 2874 1378 2900 Qu
1388 2874 1428 2892 AF
1438 2875 1446 2891 1
1458 2873 1475 2892 A
1485 2874 1505 2891 M
1519 2886 1527 2899 ,
1565 2863 1596 2894 V.
1632 2863 1815 2901 Aliquispiam
1835 2864 1865 2892 in
1887 2874 1906 2893 A
1916 2875 1931 2892 L
1942 2874 1951 2892 1
1962 2873 2007 2899 ῳ]
2018 2874 2026 2892 i
2036 2873 2056 2893 s.

1259 2903 1551 2937 ALiQUA'raNus,
1590 2901 1620 2930 V.
1643 2912 1812 2936 ALiQuis.
2253 2936 2257 2941 Ι

1259 2941 1436 2975 AtiQuis,
1458 2949 1489 2973 a.
1511 2939 1549 2968 od
1566 2939 1609 2968 vel
1626 2940 1664 2968 id.
1690 2938 1747 2975 [⁷3.-
1760 2961 1767 2973 .
1788 2939 1874 2974 {xC-³0,
1897 2939 2017 2973 s'vcAEQG
2039 2947 2072 2967 ex
2082 2937 2155 2967 Alius
2169 2937 2272 2972 &Quis
2283 2936 2320 2964 est
2336 2945 2412 2966 com-

1296 2978 1424 3016 positum.
1465 2976 1591 3006 Donatus
1602 2999 1609 3012 ,
1631 2977 1732 3015 Aliquis
1743 2977 1797 3005 vim
1811 2976 1892 3005 habet
1903 2976 2048 3014 pluralem,
2066 2975 2187 3012 quamvis
2198 2973 2411 3016 lingulariterdi-

1297 3023 1390 3044 catur:
1414 3024 1471 3043 non
1481 3015 1555 3043 enirn
1570 3015 1607 3044 est
1617 3014 1724 3052 aliquis,
1735 3015 1783 3044 nisi
1794 3015 1829 3043 de
1838 3015 1940 3044 multis.
1963 3014 2047 3043 Pliiit.
2062 3014 2146 3042 Alere.
2176 3013 2284 3049 Aperite
2300 3012 2352 3040 hoc
2363 3011 2413 3040 ali-

1298 3054 1366 3089 quis.
1390 3052 1454 3081 Ter.
1465 3051 1581 3090 Adelph.
1595 3064 1621 3088 4.
1636 3065 1662 3089 4.
1680 3063 1724 3088 ²4·
1765 3053 1876 3090 Aperite
1885 3052 1982 3089 aliquis
1993 3054 2115 3080 actutum
2132 3049 2238 3078 ostium.
2279 3049 2412 3086 figuratae

1297 3091 1508 3120 siintorationes
1521 3113 1528 3125 ,
1550 3100 1600 3128 pro
1616 3090 1841 3128 Aperiataliquis.

1296 3128 1400 3166 Aliquae
1411 3150 1419 3163 ,
1440 3129 1458 3157 f.
1476 3138 1532 3195 1pro
1544 3128 1641 3165 Aliqua
1651 3129 1750 3165 legitur
1761 3129 1835 3165 apud
1848 3128 1954 3157 Lucret.
1966 3127 2013 3156 lib.
2024 3137 2050 3162 4.
2062 3128 2124 3160 264.

1419 3182 1456 3186 ——
1495 3166 1589 3203 erique
1610 3167 1725 3204 perinde
1747 3167 1874 3195 videmus

1371 3203 1494 3240 Corpore
1506 3210 1564 3235 tum
1575 3203 1668 3242 plagas
1680 3205 1707 3232 in
1721 3205 1811 3233 nostro
1822 3227 1829 3236 ,
1851 3212 1980 3239 tanquam
1997 3201 2093 3236 aliquae
2109 3208 2150 3241 res
2330 3237 2335 3243 ·

1370 3240 1517 3276 Verberet,
1539 3244 1590 3271 &Q
1614 3242 1664 3271 Alii
1677 3241 1771 3278 Aliqua
1784 3241 2097 3277 reslegenduniputant,
2117 3242 2249 3273 aiuntque
2260 3246 2274 3265 a
2286 3235 2412 3267 ultimam

1315 3278 1441 3309 vocalem
1451 3279 1504 3308 else
1518 3279 1647 3317 longam,
1668 3280 1772 3308 etiaiiili
1786 3280 1816 3308 lit
1826 3279 1891 3307 recti
1903 3277 1987 3318 casus.
2037 3274 2159 3310 Quidam
2170 3274 2245 3303 docti
2262 3274 2412 3311 legendum

1316 3316 1429 3346 censent
1442 3339 1449 3353 ,
1471 3317 1616 3354 Tanquam
1633 3317 1722 3354 aliqua
1733 3327 1762 3346 re
1772 3339 1780 3351 ‚
1799 3317 1828 3345 in
1842 3315 1917 3345 sexto
1927 3316 1995 3343 calu.
2037 3312 2166 3341 Verberet
2179 3320 2271 3340 autem
2282 3334 2289 3348 ‚
2307 3322 2411 3350 nempe

1314 3354 1429 3384 Ventus.
1464 3355 1504 3384 Ex
1522 3355 1665 3384 Lainbino.

1297 3392 1411 3430 Aliquis,
1431 3393 1564 3422 incertam
1574 3393 1717 3430 personam
1727 3391 1856 3429 significat
1869 3399 1874 3418 :
1899 3390 1924 3418 ἑὲ
1936 3388 1973 3417 est
1982 3386 2141 3431 idem-quod
2153 3386 2308 3424 Quispiam.
2332 3387 2411 3417 Unde

1320 3431 1557 3467 quemadmodum
1571 3431 1689 3459 dicimus
1699 3452 1707 3462 .
1729 3430 1755 3458 Si
1768 3429 1863 3464 aliquis
1876 3437 1882 3455 τ
1905 3434 1942 3454 ita
1953 3448 1960 3460 ,
1980 3426 2007 3455 Si
2017 3434 2162 3467 quispiam.
2185 3424 2248 3468 Ter.
2261 3425 2330 3454 And.
2344 3437 2368 3461 4.
2384 3431 2407 3453 (i.

1320 3474 1362 3502 ¹8·
1384 3468 1653 3503 Simularbitroriani
1666 3467 1719 3496 esse
1729 3467 1847 3503 aliquem
1859 3464 1977 3493 amicum
1993 3466 2018 3492 o:
2028 3463 2200 3505 deienlorem
2210 3472 2244 3491 ei.
2275 3501 2280 3505 1

1298 3505 1404 3542 Aliquis
1416 3507 1451 3535 de
1465 3506 1553 3535 nobis.
1581 3506 1638 3534 Cic.
1655 3515 1676 3541 3.
1691 3505 1725 3533 de
1736 3503 1826 3540 Legib.
1843 3512 1866 3537 7.
1889 3502 1957 3530 Puto
1969 3501 2045 3542 polle
2057 3522 2065 3535 ‚
2085 3500 2232 3537 &quidem
2246 3499 2366 3537 aliquem
2378 3501 2412 3528 ὃς

1316 3544 1402 3572 tribus
1417 3544 1504 3573 nobis.
1544 3543 1620 3572 Idem
1631 3553 1680 3580 pro
1692 3542 1790 3570 emin.
1812 3539 1913 3581 Aliquis
1930 3539 1964 3567 de
1975 3538 2086 3581 nmilia..
2120 3575 2124 3580 η
2183 3575 2188 3581 ι

1297 3581 1410 3619 Aliquid
1419 3582 1462 3610 de.
1486 3581 1543 3610 Cic.
1562 3591 1582 3609 1.
1598 3582 1647 3609 Att.
1671 3579 1726 3616 Ego
1735 3576 1898 3613 tibialiquid
1910 3576 1944 3604 de
1954 3586 2022 3605 meis
2035 3575 2140 3612 scriptis
2152 3580 2268 3604 mittam.
2314 3612 2322 3616 ἡ

1298 3619 1403 3656 Aliquis
1415 3629 1458 3648 ex.
1480 3618 1546 3648 Plin.
1561 3617 1608 3646 lib.
1625 3627 1665 3653 13.
1683 3626 1741 3653 cap.
1756 3625 1779 3650 3.
1803 3614 1927 3651 Aliquem
1937 3611 2371 3655 exprivatisu'gdiviniusjullisse.
2392 3649 2397 3654 ι

1300 3657 1405 3694 Aliquis
1421 3666 1484 3685 cum
1497 3656 1574 3693 genit
1585 3665 1628 3683 vo.
1662 3653 1728 3682 Plin.
1740 3652 1786 3681 lib.
1806 3661 1844 3687 13.
1859 3661 1918 3688 cup.
1930 3662 1955 3686 4.
1996 3651 2035 3680 Ex
2045 3650 2160 3688 palmis,
2176 3651 2300 3686 gentium
2316 3649 2411 3686 aliqui-

1318 3695 1368 3724 bus
1378 3695 1466 3732 panis.
1497 3695 1554 3721 Cic.
1570 3702 1610 3727 13.
1631 3692 1684 3720 Att.
1700 3701 1741 3725 5¹-
1766 3689 1945 3727 expet-labam
1957 3688 2075 3725 aliquem
2085 3698 2218 3716 incorum.

1299 3733 1405 3769 Aliquis
1416 3739 1504 3760 certus
1519 3730 1611 3758 homo.
1643 3728 1701 3757 Cic.
1718 3738 1740 3756 1.
1760 3727 1794 3756 de
1805 3730 1909 3756 invent.
1923 3736 1946 3762 7.
1991 3726 2339 3766 Demonstrativum'genus
2357 3724 2412 3759 est,

1320 3770 1394 3807 quod
1407 3769 1535 3797 tribuitur
1548 3768 1575 3795 in
1586 3766 1701 3801 alicujus
1712 3775 1791 3794 certae
1799 3764 1919 3802 persona?
1928 3763 2038 3792 laudem
2048 3773 2095 3792 aut
2102 3764 2345 3804 vituperationem.

1300 3807 1325 3837 Is
1340 3806 1446 3842 aliquis,
1470 3805 1526 3833 eie.
1538 3814 1587 3840 pro
1602 3803 1688 3840 Ligar.
1705 3813 1749 3831 22.
1771 3802 1897 3839 Aliquem
1909 3801 1934 3830 se
1946 3802 2140 3839 irriperatorem
2153 3801 2205 3829 este
2221 3799 2359 3828 maiuiffe:
2375 3806 2413 3826 at·-

1320 3854 1371 3880 que
1385 3844 1406 3871 is
1416 3850 1508 3870 tamen
1517 3841 1615 3878 aliquis
1627 3862 1635 3875 ,
1667 3840 1788 3877 Ligarius
1799 3850 1855 3868 non
1865 3839 1925 3868 suit.
2130 3849 2133 3852 ⁴

1300 3882 1377 3910 Unus
1386 3879 1490 3915 aliquis.
1514 3878 1571 3907 Cic.
1583 3890 1608 3913 4.
1635 3877 1703 3906 Verr.
1722 3887 1779 3912 129.
1823 3877 1985 3906 Exziminant
1993 3885 2080 3904 unuin
2098 3875 2216 3911 aliquem
2227 3875 2309 3916 diem.
2336 3872 2414 3914 ldem

1319 3928 1344 3946 2.
1361 3916 1416 3945 Off.
1431 3928 1474 3950 4¹-
1499 3916 1570 3945 Nam
1581 3925 1665 3952 quum
1678 3923 1846 3952 premeretur
1859 3916 1888 3943 in
1899 3914 1980 3942 initio
1991 3913 2142 3942 multitudo
2154 3917 2186 3940 ab
2198 3913 2229 3940 iis
2242 3922 2286 3947 qui
2298 3919 2415 3944 maiores

1318 3964 1385 3990 opes
1401 3954 1539 3982 habebant
1551 3975 1558 3987 ,
1596 3954 1630 3981 ad
1645 3963 1732 3981 unum
1750 3952 1870 3989 aliquem
1889 3951 2088 3988 confugiebant
2113 3950 2214 3979 virtute
2233 3948 2413 3986 praestantem.

1318 3993 1411 4022 Unum
1420 3991 1541 4028 aliquem
1554 3991 1704 4020 nominare.
1744 3989 1802 4020 Cic.
1813 4000 1864 4028 pro
1869 3989 1985 4056 {fluent
1999 3993 2060 4024 185.
2350 4021 2375 4050 T
2391 4030 2404 4050 e

1916 4035 1932 4055 2
2377 4031 2389 4049 r
2407 4031 2419 4050 S

1557 1084 1717 1122 [Am'mw]

1813 1276 1845 1305 ln
1866 1277 2031 1314 quibusdum
2063 1279 2265 1316 exemplaribus
2287 1282 2401 1312 hahetur

1973 1428 2050 1457 Idem
2071 1428 2137 1457 ibid.
2162 1429 2208 1458 lib.
2224 1440 2245 1466 3.
2260 1438 2304 1466 48.

2346 1434 2400 1468 Qui
