2604 4222
204 100 272 137 298
601 89 882 126 AVF.

245 172 403 204 Umbrosus.
425 172 522 203 Claud.
538 182 561 202 1.
574 173 608 202 de
616 173 697 210 Rapt.
708 171 828 209 Proserp.
844 173 905 199 116.

211 211 333 242 Avwi
344 220 362 240 υ
373 222 386 241 s
396 234 404 246 ,
427 212 486 248 Adj.
510 211 656 246 [Ἀορνεω]
677 210 758 239 Ovid.
777 220 816 238 10.
833 209 901 238 Met.
919 216 960 249 51.

327 249 407 279 Hanc
419 247 497 277 simul
510 271 517 281 ,
538 250 563 278 ἃ
576 248 665 285 legem
676 247 857 283 Rhodopeius
866 245 967 281 accipit
977 243 1108 280 Orpheus
1117 261 1127 276 ‚

329 286 371 316 Ne
383 287 476 316 flectat
487 292 558 315 retro
569 285 614 314 sua
624 286 746 320 lumina,
768 285 859 313 donec
871 284 988 311 Avernas

328 324 434 353 Exierit
448 323 541 352 valles.

251 359 339 392 AEstus
349 362 451 390 averni.
473 361 580 390 Lucret.
594 360 641 389 lib.
655 363 679 388 6.
697 365 759 395 830.

250 399 325 428 Loca
336 409 442 427 averna·
462 399 543 428 Idem
559 398 604 426 lib.
618 402 642 425 6.
657 403 719 433 738.

251 437 329 466 Freta
343 438 452 465 Averna.
476 436 547 472 Virg.
560 445 586 464 2.
600 435 696 471 Geor-g.
712 436 773 468 164.

251 473 395 504 Tenebrae.
436 472 482 502 Sil.
500 473 546 501 lib.
564 483 604 506 ις.
616 476 659 507 76.
865 505 870 511 ¹
981 502 987 510 .

332 511 487 547 Degeneres
497 510 618 538 tenebris
629 509 732 537 animas
744 506 885 536 damnavit
895 514 1011 534 avernis.

251 549 373 578 Avernus
384 558 433 586 pro
445 548 530 577 Pluto.
573 546 627 574 Val.
640 545 727 574 Flacc.
739 554 764 573 2.
778 545 876 586 Argon.
888 547 950 578 603.
964 544 990 572 ἃ
1003 553 1026 578 ς.
1042 545 1104 578 348.

407 602 444 605 —
453 585 509 614 viso
523 583 613 620 pulsus
626 583 710 611 decor
721 591 812 610 omnis
824 590 933 610 averno.

216 623 263 653 Av
273 633 287 651 iz
297 632 311 650 a
322 630 342 650 N
352 625 368 651 x
379 633 394 650 L
404 633 412 650 i
421 632 442 654 s,
459 632 482 650 e.
493 621 567 650 aliud
581 621 638 655 Adj.
659 619 812 655 [’Ao'ev÷&2]
829 616 1108 656 ut,AquaeAvernales.
1122 614 1362 652 H01.Epod.5.26.

254 660 398 689 Avernales
409 659 555 697 Nympliae.
577 658 660 686 Ovid.
680 668 702 691 5.
716 657 786 686 Met.
802 667 864 691 540-
1098 692 1103 697 ³

215 698 260 727 Av
271 708 284 726 E
295 707 310 725 iz
319 706 335 724 R
346 708 364 725 U
374 707 393 725 N
402 706 418 725 c
427 706 444 724 o
455 719 462 731 ,
484 694 579 732 [blwoe
587 693 654 729 ῖὯν]
676 698 729 723 are.
754 694 903 731 Antiquum
913 692 1028 721 verbum
1041 691 1170 721 rusticum
1179 712 1187 725 ,
1208 689 1278 732 quasi
1293 688 1366 731 Run-

253 744 285 763 ca
294 735 392 762 vitium
403 733 535 762 sarmenta
550 741 671 761 avertere
684 734 709 762 &
725 740 885 768 amputare,
907 731 951 760 vel
970 731 1000 760 ln
1012 730 1113 759 vitibus
1124 751 1130 763 ,
1152 728 1227 765 quod
1247 735 1365 770 nimium

250 771 404 805 succrevit,
425 781 508 800 runca
525 779 685 807 expurgare.
726 769 848 798 Verbum
867 769 941 807 apud
963 768 1099 798 Catonem
1117 765 1366 803 frequentillimum

252 816 330 838 extra
340 809 578 845 compositionem.
1329 839 1334 844 ⁸

256 848 439 875 Averruncare
451 868 458 879 ,
480 844 656 881 [bl-mrc'mw]
680 844 804 873 Avertere
815 845 840 873 Sc
853 843 1004 881 depellere,
1025 852 1073 880 per
1085 841 1282 877 metaphoram.
1306 838 1363 867 liv.

272 889 297 916 8.
307 886 332 912 6.
356 883 678 912 Placuitaverruncandae
696 882 779 911 desim
796 882 860 916 irae,
883 882 1008 910 vistimas
1026 880 1104 909 caedi.
1146 879 1215 908 Cato
1231 877 1265 920 de
1282 876 1313 905 R.
1330 876 1364 905 R.

272 931 331 958 cap.
349 931 409 955 141.
440 921 513 950 Mars
526 927 619 957 pater,
640 927 667 949 te
681 930 798 957 precor,
820 919 965 956 quaesoque
984 918 1024 947 uti
1041 917 1210 947 calamitates
1229 923 1367 957 intempe-

270 959 377 994 riasque
397 958 558 995 prohibellis
570 980 576 992 ,
606 957 738 987 defendas
749 980 757 992 ,
788 966 1015 993 averruncesque.
1061 955 1118 984 Cic.
1134 965 1159 989 9.
1180 954 1231 996 Att.
1243 963 1278 995 2.¹
1302 952 1364 986 Dii,

270 996 372 1032 inquis,
393 1002 583 1025 averruncent.
623 996 691 1025 Inde
702 995 731 1023 fit
744 994 942 1024 Averruneailo
956 1004 1005 1031 pro
1014 993 1124 1035 eodeni.
1165 989 1251 1020 Lucil.
1261 989 1364 1032 lib-26.

270 1033 316 1063 Dii
330 1033 476 1063 maluerint
484 1034 598 1062 meliora
608 1055 615 1068 ,
636 1040 718 1069 atque
729 1033 877 1061 amentiam
889 1031 1101 1060 averruncallint
1112 1038 1196 1072 tuam.
1232 1028 1298 1057 Haec
1309 1026 1365 1069 ipsa

271 1071 352 1100 verba
370 1071 431 1100 sunt
442 1072 515 1110 apud
534 1072 590 1100 Cic.
602 1072 631 1099 iii
640 1071 689 1099 lib.
705 1071 740 1099 de
752 1071 811 1100 Fin.
830 1069 962 1099 Pacuvius
974 1091 982 1104 ,
1004 1067 1112 1097 Poffum
1125 1077 1175 1105 ego
1189 1065 1265 1094 istam
1275 1071 1365 1102 capite

271 1108 380 1138 cladem
393 1109 617 1138 averruiieaslere.
660 1108 697 1137 Ex
708 1108 811 1137 Nonio.

252 1147 438 1176 Averruncare
450 1147 554 1176 dic‘lum
573 1146 605 1175 ab
622 1147 777 1174 Avertendo
790 1167 797 1181 ,
825 1144 891 1173 teste
903 1144 1030 1173 Varrone.
1054 1153 1080 1180 q.
1094 1142 1124 1171 V.
1136 1141 1153 1171 l.
1166 1145 1191 1171 6.
1204 1141 1239 1170 de
1249 1140 1278 1170 L.
1290 1139 1319 1169 L.
1335 1149 1363 1177 p.

273 1190 316 1218 81.
340 1184 424 1213 Henr.
439 1185 534 1222 Steph.
551 1184 594 1213 etl.
606 1184 674 1221 post.
1000 1219 1005 1223 Π
1337 1215 1342 1221 Π

214 1222 236 1251 A
246 1232 263 1249 ν
274 1232 287 1250 E
296 1232 311 1250 a
321 1232 337 1250 r<
347 1232 365 1250 u
375 1232 394 1251 N
406 1232 423 1251 c
434 1233 451 1251 u
461 1233 472 1252 s
483 1244 491 1255 ,
512 1223 529 1251 i.
553 1232 589 1251 m.
614 1220 849 1257 [‘Amvro'wui&]
870 1219 944 1248 Deus
959 1229 1006 1256 qui
1022 1217 1093 1247 mala
1107 1221 1297 1247 averruncaret
1307 1238 1314 1249 ,
1336 1214 1365 1258 id

254 1260 292 1288 est
300 1266 441 1289 averteret.
479 1260 609 1289 Pacuvius
619 1259 692 1296 apud
707 1258 777 1286 Varr.
789 1257 836 1286 lib.
851 1261 876 1285 6.
887 1257 922 1286 de
934 1256 960 1285 L.
975 1256 1001 1284 L.
1017 1267 1039 1290 ς.
1063 1256 1137 1285 Deus
1150 1256 1195 1292 qui
1206 1254 1286 1282 rebus
1295 1262 1366 1296 ineis

252 1297 349 1335 praeest
365 1299 543 1327 Averruncus.
592 1297 685 1333 ltaque
704 1295 835 1332 (inquit)
856 1294 890 1322 ab
909 1304 942 1322 eo
963 1294 1067 1331 precari
1087 1293 1176 1322 solent
1192 1299 1222 1322 ut
1242 1290 1366 1329 pericula

251 1342 362 1364 avertat.
380 1335 449 1365 Gell.
462 1335 508 1364 lib.
517 1346 539 1372 5.
558 1345 617 1372 cap.
627 1344 665 1362 12.
678 1341 745 1362 extr.
767 1334 797 1362 In
809 1332 864 1361 istis
872 1339 964 1360 autem
975 1332 1038 1365 diis,
1049 1340 1117 1368 quos
1130 1331 1231 1368 placari
1244 1335 1364 1366 oportet,

252 1373 292 1401 uti
303 1372 373 1402 mala
384 1383 398 1402 a
408 1373 488 1402 nobis
498 1395 506 1408 ,
527 1372 572 1401 vel
586 1383 601 1401 a
615 1371 737 1408 frugibus
753 1371 823 1399 natis
843 1376 1040 1403 amoveantur,
1063 1370 1234 1398 Averruncus
1254 1375 1366 1404 quoque

251 1410 382 1446 habetur,
404 1412 430 1440 δι
442 1410 573 1448 Robigus.
983 1445 988 1450 ¹
1338 1441 1344 1446 .

213 1447 396 1483 amasio,
419 1449 596 1483 Avmsoiz,
618 1447 684 1482 aris,
703 1447 728 1476 <St
741 1447 927 1480 Amison,
949 1454 1013 1480 oris,
1034 1445 1059 1474 &
1072 1444 1244 1473 Avassus.
1285 1441 1314 1470 V.
1336 1451 1366 1470 in

252 1495 272 1514 A
280 1496 297 1515 v
308 1496 321 1514 a
332 1496 347 1515 R
357 1495 377 1514 Τ
386 1496 412 1515 ο.

213 1523 235 1552 Δ
245 1533 262 1552 ν
273 1533 287 1552 a
297 1534 312 1552 R
322 1533 370 1552 TA
384 1546 392 1559 ,
413 1533 443 1552 ae.
466 1523 567 1553 dicitur
579 1532 613 1552 ex
637 1532 671 1551 eo
692 1520 766 1558 quod
785 1519 881 1550 Aversa
895 1520 940 1549 sit:
963 1519 1000 1548 est
1016 1520 1091 1548 enim
1102 1517 1363 1562 ⁸hypomasclialon:

252 1560 314 1590 sunt
322 1568 414 1590 autem
426 1563 546 1596 Avertae,
571 1561 638 1589 Lora
647 1559 768 1593 latiora,
780 1568 839 1595 quae
861 1568 909 1596 per
925 1564 1001 1594 terga
1017 1558 1080 1594 equi
1099 1556 1197 1593 jugalis
1216 1563 1365 1598 excurrunt

252 1598 302 1628 sub
313 1599 361 1628 alis
372 1600 430 1635 ejus
442 1599 587 1628 succincta.
628 1598 659 1627 ln
680 1597 697 1626 l.
719 1597 859 1633 Quoniam
872 1618 880 1629 ,
900 1596 929 1624 in
946 1596 1062 1624 trat‘tatu
1083 1595 1118 1623 de
1133 1593 1218 1622 Cursu
1231 1593 1363 1630 publico,

252 1636 324 1666 Sella
343 1647 406 1666 cum
421 1637 521 1672 frenis,
542 1636 680 1673 sexaginta
694 1634 794 1663 libras:
815 1634 932 1663 totidem
947 1640 1038 1662 averta
1057 1642 1115 1661 non
1132 1630 1256 1660 transeat.
1298 1631 1364 1660 Haec

251 1674 370 1704 Budaeus
381 1684 415 1703 ex
427 1676 576 1712 interprete
585 1674 689 1703 Graeco.
731 1672 851 1702 Alciatus
861 1671 986 1701 Accurfio
995 1671 1130 1700 accedens
1141 1692 1148 1704 ,
1171 1679 1305 1712 equorum
1316 1678 1365 1706 pe-

252 1712 355 1741 ctorale
364 1712 417 1741 effe
427 1719 522 1751 putat,
543 1720 574 1741 ut
587 1711 747 1740 Postilenam
758 1709 868 1738 Plautus
876 1710 948 1738 dixit
961 1731 968 1743 ,
989 1718 1039 1746 pro
1060 1718 1094 1737 eo
1111 1708 1187 1744 quod
1200 1707 1284 1736 Gallis
1302 1710 1364 1733 Cro-

248 1752 318 1786 pm‘a
327 1750 437 1780 dicitur.
477 1750 553 1780 Idem
567 1750 603 1778 lic
617 1750 672 1784 ait,
693 1748 748 1777 Sed
757 1748 825 1784 quid
837 1747 854 1776 li
868 1747 966 1785 capitis
982 1753 1176 1775 ornamentum
1186 1767 1193 1780 ,
1215 1754 1270 1782 quo
1281 1744 1364 1773 liabe-
1405 1779 1407 1781 Ι

250 1797 293 1816 nae
302 1787 423 1825 figuntur
433 1811 441 1822 ,
462 1787 678 1817 intellexerimus
687 1808 695 1821 ,
717 1786 750 1815 ab
761 1785 912 1815 avertendo
924 1807 932 1821 ,
954 1784 1030 1822 quod
1048 1784 1111 1821 equi
1124 1793 1173 1821 per
1184 1793 1245 1813 eam
1257 1789 1364 1812 vertan-

248 1830 293 1853 tur
305 1832 387 1862 prout
396 1825 484 1855 sessori
495 1825 582 1855 visum
592 1825 629 1854 est
638 1826 652 1854 ⁸?
960 1860 966 1866 -

249 1861 319 1892 Vide
329 1873 364 1892 an
377 1864 420 1894 Gr.
433 1861 503 1900 dagni
522 1870 568 1892 aut
581 1861 664 1899 ίιοξπὶς
678 1861 753 1900 apud
773 1870 884 1899 quemp.
901 1860 1042 1897 Lexicogr.
1062 1898 1067 1903 ι

264 1911 338 1934 γὲσιν
358 1901 377 1928 02
401 1903 476 1928 mmo)
503 1901 538 1927 νῦν
563 1898 668 1937 ἀβέςτῆν.
709 1899 776 1929 Vide
798 1900 825 1928 in
846 1899 984 1928 Thesauro
1004 1899 1033 1936 sn
1055 1899 1139 1932 αοξτί,

267 1939 337 1967 tium
354 1940 409 1969 Sat.
423 1943 449 1968 6.
475 1938 524 1969 lib.
546 1949 569 1968 1.
600 1941 645 1973 (v.
670 1938 754 1973 106.)
786 1937 928 1971 Manrica,
958 1935 1106 1973 exponitur
1126 1935 1210 1977 Pera,
1245 1935 1362 1968 Averta,

267 1977 351 2014 vulgo
371 1977 490 2007 Bistacia.
529 1977 576 2006 Sic
593 1976 666 2013 apud
686 1975 939 2004 Commentatorem
956 1974 985 2002 in
1003 1974 1070 2002 edit.
1088 1973 1210 2009 Cruquii.
1252 1972 1307 2015 Sed
1324 1971 1362 1999 le-

265 2023 302 2051 go
315 2014 424 2044 Bisacia.
445 2015 480 2044 H.
497 2015 535 2044 St.
558 2015 586 2042 V.
607 2014 704 2050 Cangii
718 2012 799 2042 Glols.
819 2015 844 2042 32
860 2012 928 2041 infra
944 2023 958 2040 a
969 2021 998 2040 is
1009 2020 1124 2040 Accio
1135 2022 1162 2039 M.
1212 2010 1304 2038 Suidae
1321 2008 1362 2037 lo-

265 2060 330 2081 cum
344 2062 379 2082 ex
394 2052 472 2082 MSS.
488 2052 618 2082 emendat
632 2053 660 2080 in
672 2051 767 2080 Indice
777 2049 857 2080 Thes.
878 2049 918 2078 sui
941 2050 1076 2078 hienricus
1093 2048 1188 2085 Steph.
1212 2058 1238 2085 q.
1263 2048 1291 2076 V.

209 2088 231 2118 A
241 2098 257 2118 v
268 2099 304 2118 aa
314 2100 333 2119 *r
343 2100 361 2119 Α
370 2100 386 2119 R
396 2101 404 2118 1
415 2101 432 2120 u
441 2100 453 2119 s
464 2112 473 2125 ,
492 2091 510 2119 i.
533 2100 569 2119 m.
592 2089 682 2126 Equus
693 2089 739 2126 qui
747 2088 949 2126 impedimenta
959 2087 1012 2116 live
1021 2087 1170 2116 manticam
1179 2092 1279 2123 portat.
1297 2085 1360 2114 Ber-

177 2127 180 2132 *
252 2127 317 2164 gier.
332 2128 367 2157 de
379 2128 432 2158 Viis
445 2128 527 2157 Milit.
540 2139 566 2163 4.
588 2128 659 2156 Seet.
675 2137 715 2161 ις.
729 2130 754 2155 6.
1277 2160 1281 2165 ,

551 2163 713 2201 [ki-immi]
733 2165 787 2193 ere.
818 2162 953 2192 Alicunde
971 2167 1134 2191 convertere
1145 2183 1153 2196 ,
1174 2161 1227 2189 sive
1243 2159 1361 2189 Aliunde

249 2212 400 2233 removere.
438 2203 497 2232 Cic.
512 2214 535 2239 5.
551 2202 618 2232 Phili
643 2212 668 2239 p.
685 2212 724 2231 11.
749 2201 1004 2238 Lepidus,Antonio
1018 2200 1146 2228 diadema
1158 2198 1253 2228 Caesari
1271 2199 1362 2235 impo-

246 2247 342 2275 nente,
356 2240 381 2270 se
391 2241 497 2270 avertit.
536 2241 598 2276 Sic,
612 2213 718 2269 (siculos
730 2246 861 2269 avertere.
884 2238 969 2268 Ovid.
985 2248 1011 2267 2.
1025 2237 1093 2267 Met.
1104 2247 1166 2274 770.
1207 2236 1241 2265 Et
1258 2247 1282 2271 5.
1297 2245 1358 2273 179.

247 2278 361 2307 Vultum
370 2285 499 2308 avertere.
1313 2311 1319 2316 ι

247 2315 404 2346 Removere
415 2316 530 2351 oculos,
548 2317 572 2345 8<
585 2315 610 2344 se
620 2320 709 2344 totum
721 2321 851 2344 avertere.
892 2313 949 2342 Cic.
963 2323 1012 2351 pro
1023 2312 1105 2341 Corn.
1118 2311 1194 2341 Balb.
1210 2321 1250 2340 11.
1270 2310 1360 2354 Fuisse

265 2354 389 2390 judicem
406 2363 441 2382 ex
455 2353 509 2382 illis
523 2353 662 2391 equitibus
678 2353 826 2386 Romanis,
848 2352 1006 2388 gravillimis
1027 2351 1091 2380 viris
1102 2371 1111 2385 ,
1131 2350 1274 2379 neminem
1292 2359 1359 2387 quin

266 2398 421 2421 removeret
432 2391 527 2421 oculos
539 2413 547 2426 ,
569 2393 594 2421 Sc
610 2391 635 2419 se
645 2397 734 2419 totum
748 2397 890 2419 averteret.

1103 1858 1181 1889 Suid.
1205 1856 1299 1891 Ἀορτὲν
1322 1857 1364 1883 λε’-

1179 1895 1259 1934 Apud
1278 1895 1363 1924 Hora-

210 2163 376 2200 Avearo,
398 2167 434 2201 ti,
456 2165 529 2201 sum,

247 2429 287 2459 Ab
297 2429 389 2466 aliquo
398 2429 422 2458 se
430 2436 560 2458 avertere.
582 2428 668 2458 Plaut.
684 2428 746 2457 Mil.
759 2438 784 2457 2.
798 2438 823 2457 2.
837 2433 882 2462 48.
944 2464 948 2469 ,
1114 2463 1119 2469 ¹

246 2468 334 2496 Armis
342 2467 491 2505 repellere,
507 2467 615 2504 fugare.
636 2473 757 2496 avertere
767 2466 895 2502 aliquem.
918 2464 976 2493 Cic.
990 2473 1039 2500 pro
1049 2462 1148 2492 Caecin.
1170 2471 1213 2498 33.

247 2505 287 2534 Ab
300 2505 450 2542 impudicis
465 2505 545 2534 dictis
557 2505 660 2540 averti,
681 2513 732 2542 pro
750 2503 906 2538 Abstinere,
929 2503 955 2531 δι
967 2501 1132 2530 desuescere.
1154 2500 1239 2530 Plaut.
1257 2498 1356 2538 Amph.

287 2565 293 2571 .
306 2552 331 2572 2.
387 2565 393 2572 .
787 2572 789 2574 ,

246 2551 286 2610 As>
295 2553 382 2609 oculi}
393 2580 537 2610 hominum
549 2580 623 2617 quod
634 2578 763 2608 nolumus
773 2578 877 2607 videri:
900 2578 925 2606 δε
935 2576 1081 2606 amandare
1090 2574 1196 2613 procul.
1210 2575 1268 2619 Cic.
1279 2585 1304 2604 2.
1322 2576 1357 2619 de

266 2618 328 2647 Nat.
344 2618 425 2647 Deor.
441 2628 501 2652 141.
524 2619 610 2655 Atque
627 2624 656 2646 ut
670 2618 697 2645 in
708 2616 829 2646 aedificii's
841 2615 980 2645 architecti
992 2620 1118 2643 avertunt
1135 2613 1168 2642 ab
1188 2613 1276 2642 oculis
1290 2623 1361 2642 nari-

265 2654 372 2692 busque
379 2656 571 2688 dominorum,
592 2665 623 2684 ea
634 2665 693 2692 quae
702 2654 867 2692 profluentia
877 2652 1024 2681 necessario
1031 2652 1093 2693 tetri
1102 2651 1191 2680 ess'enr.
1197 2651 1304 2689 aliquid
1311 2651 1358 2680 ha-

265 2693 369 2723 bitura:
397 2694 432 2722 sic
442 2700 538 2722 natura
547 2703 589 2722 res
601 2692 699 2721 similes
708 2691 805 2729 procul
821 2691 979 2719 amandavit
991 2700 1005 2718 a
1022 2689 1147 2718 senlibus.

245 2730 286 2760 Ab
299 2731 374 2760 urbe.
415 2731 473 2760 Cic.
485 2740 508 2761 ε.
526 2729 602 2760 Fani.
614 2740 640 2759 2.
662 2730 695 2759 Et
705 2736 778 2759 certe
791 2729 840 2757 nisi
852 2729 874 2758 is
893 2728 1043 2757 Antonium
1063 2728 1097 2756 ab
1118 2726 1191 2756 Urbe
1211 2725 1357 2756 avertisset.

266 2769 284 2798 i.
295 2779 319 2798 e.
341 2767 532 2798 Prohibuiss'et.

246 2807 378 2836 Animum
396 2806 430 2835 ’ab
447 2805 541 2843 aliquo
554 2828 562 2841 ,
582 2815 632 2843 pro
648 2804 713 2833 Non
724 2804 843 2840 cogitare
861 2803 896 2832 de
911 2802 969 2831 illo.
1011 2801 1069 2831 Cic.
1083 2801 1118 2830 de
1132 2802 1241 2832 Amicit.
1258 2812 1281 2837 ς.
1313 2801 1358 2831 Tu

264 2844 351 2873 velim
362 2854 377 2873 a
387 2854 431 2873 me
441 2844 563 2873 animum
574 2852 719 2881 parumper
729 2848 834 2870 avertas
842 2863 850 2875 ,
873 2840 983 2869 Laelium
996 2839 1071 2877 loqui
1080 2838 1168 2876 ipsum
1181 2849 1269 2876 putes.
1351 2876 1358 2882 .

247 2883 377 2912 Animum
388 2881 421 2910 ab
432 2881 534 2918 aliquo.
557 2881 574 2909 i.
587 2891 610 2910 e.
633 2881 666 2909 Se
678 2879 712 2908 ab
727 2879 775 2907 illo
790 2879 917 2908 alienare.
965 2878 1029 2907 Caes.
1045 2888 1067 2907 1.
1084 2877 1152 2907 Bell.
1163 2876 1231 2907 Gall.
1244 2887 1289 2906 20.
1311 2876 1359 2906 Uti

266 2916 351 2949 totius
363 2919 457 2948 Galliae
465 2919 550 2948 animi
561 2929 575 2948 a
586 2918 612 2947 se
622 2923 817 2947 averterentur.

246 2958 377 2986 Animum
387 2957 420 2986 ab
431 2956 536 2986 assiduo
549 2966 676 2985 moerore.
698 2954 756 2983 Liv.
771 2965 794 2990 ς.
808 2953 875 2983 Bell.
890 2953 957 2982 Pun.
1195 2991 1201 2996 .

247 2995 360 3024 Animos
371 2995 517 3029 omnium,
539 2993 678 3024 &oculos
716 2992 773 3021 Liv.
788 2996 832 3025 28.
843 2995 868 3020 6.
898 2991 994 3027 Quum
1011 2991 1136 3019 omnium
1157 2999 1264 3021 animos
1293 2999 1358 3018 ocu-

266 3032 362 3070 losque
374 3032 403 3061 id
412 3038 551 3062 certamen
560 3030 695 3061 avertill'et
705 3052 714 3066 ‚
733 3037 814 3068 porta
825 3028 967 3058 maritimae
984 3029 1052 3058 arcis
1064 3027 1153 3058 Plator
1165 3028 1305 3058 Romanos
1316 3037 1360 3058 at:⁴

267 3080 300 3099 ce
310 3071 351 3099 iit.

249 3081 346 3137 Cassim
357 3107 486 3144 aliquem.
509 3106 581 3143 Virg.
596 3116 619 3143 3.
636 3106 697 3136 AEn.
709 3107 774 3140 265.

249 3146 455 3183 Cogitationem
467 3155 481 3174 a
492 3145 615 3174 miseriis.
638 3144 695 3173 Cic.
708 3148 734 3174 6.
757 3143 830 3186 Fam.
845 3152 867 3170 1.

249 3183 371 3212 Conatus
381 3183 497 3219 alicujus
508 3193 523 3212 a
535 3183 601 3220 Rep.
621 3182 680 3211 Cic.
694 3185 720 3210 6.
734 3180 854 3222 Philipp..
866 3183 907 3213 18.

251 3221 367 3258 Culpam
377 3222 405 3249 in
416 3220 532 3250 alterum
543 3242 551 3255 ,
568 3221 586 3249 i.
600 3230 624 3250 e.
637 3219 804 3250 Transferre.
826 3217 884 3246 Liv.
900 3226 922 3245 1.
936 3215 1003 3259 Bell.
1015 3215 1124 3245 Maced.
1145 3215 1310 3258 Excusantes
1321 3225 1361 3244 er·

269 3267 357 3287 rorem
372 3258 642 3295 adolescentiamque
652 3280 659 3293 ,
682 3259 708 3287 &
720 3256 832 3294 culpam
853 3263 968 3283 omnem
984 3264 1012 3282 in
1031 3254 1154 3282 fraudem
1166 3253 1362 3296 Carthaginen-

270 3295 337 3324 sium
344 3302 506 3325 avertentes.
521 3297 538 3325 i.
550 3306 574 3325 e.
593 3298 754 3325 Avertentes
771 3304 786 3323 a
800 3293 837 3328 se,
849 3292 1076 3322 &transferentes
1084 3292 1114 3319 iri
1122 3290 1358 3328 Carthaginenses.

251 3332 335 3361 Curas
345 3333 435 3362 dictis.
460 3334 528 3371 Virg.
540 3345 565 3369 4.
576 3334 638 3364 AEn.
652 3343 714 3370 394.

250 3369 342 3406 Equos
354 3371 487 3400 avertitin
500 3372 591 3401 castra.
617 3370 686 3408 Virg.
705 3380 726 3399 1.
740 3368 801 3399 IEn.
813 3370 877 3405 476.
915 3404 921 3410 .

253 3406 292 3435 Ex
302 3408 389 3436 oculis
401 3409 516 3445 alicujus
525 3409 549 3438 se
559 3415 694 3443 avertere,
719 3408 745 3437 δι
755 3406 868 3435 auferre.
890 3404 962 3442 Virg.
976 3414 1003 3440 4.
1018 3402 1079 3432 AEn-
1093 3407 1157 3437 ²89·

253 3444 345 3473 Falces
357 3445 466 3482 laqueis.
490 3446 553 3476 Caes.
566 3456 591 3483 7.
609 3446 674 3476 Bell.
686 3445 807 3475 Gall.22.
925 3480 930 3485 Π
954 3479 959 3484 ι
1137 3478 1143 3484 ι
1216 3478 1222 3483 Ι
1344 3478 1350 3484 ·

252 3481 385 3516 Fontem,
406 3483 524 3518 flumen,
543 3485 658 3513 autiter.
697 3482 762 3512 Caes.
776 3491 799 3518 3.
821 3479 887 3511 Bell.
899 3478 980 3510 Civil.
991 3487 1035 3513 49.
1057 3477 1161 3507 Omnia
1177 3487 1253 3507 enim
1273 3476 1363 3507 flami.

273 3529 308 3548 na
318 3526 397 3562 atque
405 3530 500 3549 omnes
512 3522 582 3550 rivos
591 3523 636 3558 qui
648 3521 682 3551 ad
692 3530 766 3550 mare
780 3518 956 3558 pertinebant
966 3538 973 3552 ‚
995 3515 1135 3558 Caestiraut
1145 3522 1295 3548 averterat,
1316 3524 1364 3546 aut

271 3565 376 3591 magnis
384 3558 511 3594 operibus
522 3558 697 3588 obstruxerat.
720 3559 736 3587 i.
749 3568 772 3587 e.
797 3557 855 3587 Alio
864 3556 1006 3585 derivarat.
1048 3553 1106 3582 Cic.
1122 3563 1147 3582 2.
1158 3553 1193 3582 de
1204 3554 1266 3582 Nat.
1278 3553 1360 3583 Deor.

275 3597 335 3622 162.
356 3594 414 3623 Nos
427 3595 539 3624 flumina
553 3606 676 3626 arcemus
688 3619 695 3631 ,
716 3596 859 3632 dirigimus
873 3616 881 3629 ‚
902 3593 1059 3622 avertimus.
1112 3628 1116 3634 ¹
1133 3628 1138 3633 ¹

253 3629 383 3660 Furoreni
393 3631 506 3668 alicujus
516 3634 791 3671 avertereapernicie
808 3631 926 3669 Reipub.
950 3631 1008 3659 Cic.
1024 3640 1049 3663 4.
1072 3627 1187 3671 Philipp.
1202 3636 1225 3662 3.
1300 3665 1316 3670 ..
1345 3665 1351 3670 .

254 3667 458 3698 Haereditatem.
499 3670 555 3699 Cic.
571 3681 610 3700 12.
624 3671 696 3700 Fani.
707 3681 751 3706 25.
775 3671 817 3699 Ne
827 3670 930 3707 patiare
941 3667 1043 3697 Eroten
1055 3666 1172 3695 Turium
1190 3665 1225 3701 Q.
1238 3663 1317 3694 Turn
1332 3664 1364 3693 li-

273 3704 380 3734 bertum
397 3707 448 3741 (ut
458 3707 548 3736 adhuc
559 3709 642 3743 fecit)
663 3709 851 3738 haereditatem
867 3707 1017 3736 Turianam
1035 3710 1167 3733 avertere.
1188 3713 1206 3732 i.
1226 3712 1250 3732 e.
1273 3701 1365 3732 Aufer-

273 3751 302 3771 re
317 3764 324 3775 ,
345 3742 466 3779 cripere,
488 3753 660 3781 extorquere.
756 3764 757 3772 .

256 3779 368 3809 Hostem
379 3789 497 3809 avertere
507 3792 520 3809 a
536 3783 629 3818 portis.
651 3784 669 3811 i.
688 3792 710 3811 e.
734 3782 845 3819 Fugare.
870 3780 934 3810 Caes.
947 3784 972 3809 6.
995 3778 1063 3809 Bell.
1079 3777 1147 3808 Gall.
1159 3788 1204 3814 41.
1309 3815 1314 3820 Β

255 3817 369 3847 Hostem
381 3827 395 3845 a
412 3818 562 3847 cervicibus
580 3820 685 3856 populi.
726 3820 783 3848 Cic.
799 3820 831 3847 ad
846 3819 918 3847 Brut.
933 3828 975 3851 ις.
1008 3820 1094 3853 Atque
1110 3826 1195 3846 omne
1211 3815 1365 3854 praesidium

275 3854 341 3883 esset
352 3854 379 3881 in
392 3864 477 3891 puero
487 3877 494 3889 ,
516 3857 561 3892 qui
574 3867 588 3884 a
599 3856 748 3885 cervicibus
766 3857 859 3884 nostris
871 3854 1008 3884 avertill'et
1022 3855 1182 3884 Antonium.

257 3892 290 3921 ln
299 3891 399 3928 fugam.
424 3890 479 3920 Liv.
491 3901 515 3921 τι.
531 3892 595 3921 Bell.
611 3894 674 3922 Puri.
697 3893 726 3921 lu
738 3894 830 3929 sugam
842 3901 997 3922 averterunt
1008 3891 1127 3922 clall'em.

256 3929 334 3961 Italia
343 3936 482 3966 avertere,
503 3939 553 3967 pro
564 3932 659 3961 Arcere
671 3931 705 3960 ab
716 3951 724 3964 ,
744 3933 795 3960 otc.
819 3931 890 3967 Virg.
906 3941 928 3959 i.
943 3930 1004 3959 lEn.
1016 3939 1061 3966 42.

1843 82 1871 117 A
1965 83 1995 118 V
2087 82 2115 120 E

1446 158 1537 203 Locus
1548 159 1667 189 marei-iae
1679 162 1842 192 avertendus
1855 173 1903 201 per
1914 164 2114 202 cataplasmata.
2136 165 2204 194 Cels.
2220 165 2267 195 lib.
2282 178 2304 200 ς,
2319 175 2431 205 cap.27.

1448 199 1574 233 Aliquem
1583 206 1702 242 avertere
1715 202 1747 229 ab
1759 201 1878 230 infirmia.
1918 203 1975 231 Cic.
1994 207 2032 231 16.
2049 205 2098 231 Art.
2112 211 2136 235 7.
2159 204 2215 241 Ego
2227 214 2289 232 vero
2300 206 2391 234 Austro
2402 205 2496 244 gratias
2506 209 2553 239 nii.

1468 245 1509 265 ras
1523 246 1572 271 tipo
1583 258 1590 267 ,
1615 246 1662 270 qui
1673 247 1716 265 nie
1731 248 1746 267 a
1757 244 1830 267 tanta
1846 239 1956 268 infirmia
1968 241 2103 269 averterit.
2533 264 2534 267 =
2591 239 2593 242 ¹

1450 273 1577 303 Mentem
1588 273 1703 309 alicujus
1713 285 1726 303 a
1738 276 1896 304 defensione
1908 277 2026 307 alterius.
2050 278 2106 307 Cic.
2117 288 2166 315 pro
2177 278 2252 307 Sext.
2263 283 2307 315 67.
2590 299 2591 302 η

1451 311 1593 352 Mereem,
1619 312 1768 349 Surripere.
1812 314 1872 350 Ulp.
1885 313 1901 342 l.
1922 315 2004 344 Illud.
2027 316 2047 352 ξ.
2070 315 2178 344 sedetsi.
2201 316 2235 345 D.
2263 316 2297 345 de
2314 316 2406 346 trihut.
2423 320 2472 348 aa.
2502 319 2554 352 Sed

1472 350 1496 377 ὁὶ
1512 349 1528 375 ll
1540 357 1660 390 mercem
1672 351 1759 390 perire
1775 350 1862 388 palliis
1873 352 1928 384 est,
1950 359 1996 381 aut
2007 363 2066 381 eam
2083 353 2198 387 avertit,
2219 361 2265 382 aut
2283 354 2387 384 vilioris
2401 355 2463 385 data
2476 367 2555 395 opera

1472 385 1611 427 distrasit,
1633 387 1705 429 velli
1720 387 1753 415 ab
1769 389 1940 425 emptoribus
1961 391 2080 427 pretium
2101 400 2158 419 non
2177 392 2314 428 exegerit:
2337 393 2487 424 dicendum
2503 399 2554 428 erit
2579 412 2585 426 ·.

1472 429 1633 451 tenerieum
1647 423 1806 460 tributoria,
1828 426 1845 454 si
1857 426 1937 456 dolus
1947 427 2106 457 intervenit.

1454 460 1577 489 Morbos.
1602 460 1667 489 Hor.
1680 471 1704 490 2.
1719 462 1798 499 Epist.
1815 474 1835 492 1.
1852 467 1912 499 136.

1455 497 1561 526 Oculos
1571 499 1696 527 omnium
1706 499 1732 527 in
1746 500 1779 529 se.
1804 500 1859 529 Liv.
1875 511 1900 529 2.

1455 534 1629 576 Opinionem
1644 536 1742 573 populi
1762 548 1777 566 a
1792 538 1837 575 spe
1854 539 2031 575 adipiscendi.
2054 539 2110 569 Cic.
2123 549 2173 577 pro
2182 540 2291 571 Muren.
2303 547 2347 578 43.

1455 572 1629 615 Orationem.
1652 574 1743 616 Cio-3.
1755 575 1789 604 de
1802 576 1864 605 Nat.
1878 576 1960 606 Deor.
1981 577 2115 613 Equidem
2123 578 2240 608 attulisse
2250 580 2369 610 rationes
2379 580 2447 611 mihi
2455 582 2557 618 videor:
2585 579 2595 612 κ’

1472 609 1518 637 sed
1530 619 1574 637 eas
1585 617 1614 638 tu
1624 619 1660 639 ita
1674 612 1790 646 resellis,
1813 619 1843 642 ut
1858 624 1941 650 quum
1954 625 1998 643 me
2012 615 2228 652 interrogaturus
2246 617 2299 646 effe
2319 619 2446 655 videare,
2467 623 2556 661 &ego
2582 636 2590 652 -:

1475 656 1520 688 nie
1532 647 1568 675 ad
1576 647 1800 691 respondendum
1810 653 1991 689 compararim
2000 674 2007 688 ,
2029 660 2143 690 repente
2156 661 2261 684 avertas
2272 656 2434 693 orationem,
2448 667 2499 688 nec
2510 660 2556 692 dec
2588 687 2589 690 ,

1474 685 1660 721 respondendi
1674 686 1776 716 locum.

1455 720 1605 752 Pecuniam
1615 723 1764 760 publicam.
1805 725 1862 755 Cic.
1876 735 1898 760 3.
1908 727 1981 755 Verr.
1996 737 2036 756 11.
2058 727 2167 764 Quibus
2176 728 2342 766 probemus,
2363 730 2443 762 istum
2452 732 2481 762 in
2490 743 2556 771 quae.

1475 759 1544 788 stura
1555 761 1702 796 pecuniam
1712 762 1852 799 publicam
1861 764 1910 793 Cn.
1929 764 2047 793 Carboni
2055 765 2167 795 Consuli
2180 767 2271 797 datam
2285 769 2417 799 avertisse.

1455 796 1558 825 Pesteni
1567 797 1601 826 ab
1614 798 1746 841 ffigyptiis
1757 809 1883 830 avertunt
1893 803 1959 831 ibes.
1982 802 2039 831 Cic.
2056 813 2078 831 1.
2092 803 2126 832 de
2137 804 2199 833 Nat.
2212 805 2292 835 Deor.
2308 817 2368 836 102.

1454 833 1585 900 Pgedsani.
1603 835 1718 903 BLlva'·
1737 838 1774 903 r[lit
1789 839 1859 876 Virg.
1874 850 1916 869 10.
1930 840 1991 870 [ΕΠ.
2006 845 2050 876 78.
2068 840 2154 877 Item,
2170 842 2299 873 Avertere
2306 845 2428 882 praedam
2437 846 2554 881 domum.

1499 881 1584 906 ae.3.
1624 883 1668 901 e.
1707 885 1820 910 ivi.9.

1457 909 1542 945 Quod
1555 920 1638 956 omen=
1650 886 1835 949 diiavertaiit,
1855 915 1979 944 Precatio
1989 915 2043 949 est,
2065 924 2100 944 ne
2118 915 2147 945 id
2157 917 2265 947 accidat
2284 920 2359 955 quod
2371 919 2514 953 imminere
2522 925 2560 955 vi-
2582 914 2587 926 ⁸

1474 949 1564 976 detur.
1607 949 1664 991 Cic.
1679 960 1721 979 10.
1741 951 1812 980 Fani.
1827 958 1853 986 8.
1874 953 1962 981 Velim
1973 953 2106 990 deinceps
2119 954 2232 984 meliora
2250 956 2317 985 sint:
2340 958 2378 986 sin
2392 959 2469 989 aliter
2481 961 2560 994 fuerit

1476 985 1573 1027 (quod
1586 985 1717 1029 dii-omen
1727 991 1871 1025 avertant)
1892 990 2008 1028 Reipub.
2019 992 2108 1020 vicem
2123 992 2213 1021 doleo.
2250 994 2322 1023 Item
2336 1005 2377 1024 11.
2397 997 2557 1036 Philippu.
2577 1018 2580 1022 ·

1475 1023 1552 1058 Qud
1562 1022 1675 1066 Bestiam
1684 1026 1764 1062 quise
1774 1026 1953 1057 Consulatum
1964 1029 1991 1056 in
2003 1029 2077 1058 Bruti
2089 1029 2182 1058 locum
2194 1036 2289 1068 petere
2297 1033 2461 1069 profitetur?
2481 1045 2559 1076 atque

1475 1060 1530 1088 hoc
1541 1061 1654 1103 quidem
1663 1062 1821 1094 detestabile
1831 1075 1913 1094 omen
1922 1073 2025 1095 avertat
2035 1066 2151 1104 Jupiter.

1455 1096 1526 1126 Rem
1535 1098 1671 1135 aliquam,
1693 1111 1743 1137 pro
1764 1101 1855 1132 Furari
1874 1106 1899 1133 &
1919 1114 2015 1141 rapere
2033 1104 2114 1134 adse.
2155 1105 2213 1135 Cic.
2229 1115 2270 1142 13.
2288 1107 2363 1137 Fani.
2379 1119 2423 1146 29.
2454 1109 2559 1144 Deinde
2578 1105 2579 1108 Ἰ

1476 1145 1560 1172 quum
1573 1136 1629 1179 fere
1641 1138 1915 1170 conlistatiiaereditas
1926 1142 1954 1169 in
1964 1142 2005 1170 his
2018 1142 2099 1171 rebus
2111 1152 2178 1180 quas
2187 1146 2284 1174 avertit
2296 1145 2389 1184 Oppia
2401 1169 2409 1182 ,
2423 1158 2497 1185 quae,
2509 1152 2557 1182 Sic,
2581 1154 2584 1159 '

1456 1172 1527 1202 Rem
1542 1184 1556 1202 a
1573 1174 1735 1211 sulpicione.
1757 1176 1813 1207 Liv.
1826 1188 1850 1207 2.
1872 1179 1937 1208 Bell.
1951 1179 2061 1209 Maced.
2531 1196 2538 1203 ·

1456 1210 1560 1246 Regem
1576 1212 1604 1240 in
1614 1213 1813 1255 cogitationem
1830 1216 1905 1245 belli.
1943 1216 1999 1246 Liv.
2012 1221 2055 1253 36.
2068 1227 2092 1254 7.
2107 1228 2122 1247 a
2136 1228 2176 1256 pr.
2217 1219 2312 1256 Quum
2334 1222 2405 1251 circa
2423 1222 2495 1254 hanc
2506 1225 2559 1256 fei-e

1475 1248 1706 1280 consultationem
1727 1252 1889 1291 disceptatio
1907 1256 1998 1284 omnis
2019 1263 2188 1290 verteretur,
2210 1258 2328 1287 Annibal
2345 1261 2508 1291 nominatim
2521 1263 2559 1294 in.

1474 1292 1626 1330 terrogiitus
1636 1288 1800 1319 sententiani
1811 1314 1819 1326 ,
1841 1293 1869 1320 in
1880 1293 1993 1321 universi
2005 1293 2071 1322 belli
2082 1294 2280 1331 cogitationem
2288 1306 2381 1334 regem
2390 1319 2399 1334 ,
2422 1306 2502 1337 atque
2513 1310 2560 1332 eos
2574 1319 2579 1326 ι

1476 1334 1521 1360 qui
1530 1326 1658 1360 aderant,
1679 1327 1726 1356 tali
1738 1329 1860 1358 oratione
1873 1331 1980 1359 avertit.

1456 1362 1624 1399 Sanguinem
1635 1363 1676 1392 vel
1687 1364 1824 1403 sanguinis
1835 1368 2020 1404 profusionem
2031 1389 2039 1403 ,
2060 1368 2097 1397 est
2108 1368 2139 1398 Ei
2149 1379 2200 1399 ceu
2210 1370 2285 1400 aliud
2301 1373 2353 1400 iter
2365 1372 2428 1402 dare
2439 1395 2447 1408 ,
2468 1376 2494 1404 &
2507 1375 2562 1406 alioi

1475 1410 1539 1443 euni
1549 1408 1717 1444 convertere.
1755 1403 1822 1433 Cels.
1836 1405 1882 1434 lib.
1895 1415 1920 1435 2.
1934 1415 1994 1443 cap.
2008 1416 2018 1434 1
2027 1416 2049 1435 1.
2081 1407 2209 1438 Avertere
2219 1410 2404 1446 profusionem
2415 1411 2557 1450 sanguinis.

1478 1437 1547 1467 Alias
1564 1438 1709 1475 Derivare,
1730 1439 1889 1478 Revellere,
1911 1443 2109 1481 Retropellere.

1456 1475 1491 1505 Se
1507 1476 1541 1519 ab
1555 1477 1678 1521 amicitia
1693 1477 1817 1515 alicujus.
1859 1480 1923 1510 Caes.
1939 1492 1961 1510 1.
1976 1482 2043 1511 Bell.
2063 1481 2141 1511 Civil.
2154 1493 2180 1518 4.
2225 1483 2284 1521 Ipse
2298 1483 2445 1523 Pompeius
2463 1487 2496 1517 ab
2511 1489 2577 1521 iai-⁴,

1474 1523 1554 1542 micis
1584 1514 1693 1544 Caesaris
1718 1516 1848 1547 incitatus
1866 1540 1874 1553 ,
1905 1520 1981 1556 quod
2005 1520 2147 1549 neminem
2167 1521 2301 1559 dignitate
2316 1522 2409 1554 secum
2428 1534 2503 1564 exaeq
2527 1548 2530 1551 .
2549 1528 2556 1534 “
2574 1537 2575 1541 ¹

1473 1551 1583 1580 volebat
1593 1574 1600 1587 ,
1621 1559 1711 1582 totum
1720 1554 1746 1583 se
1754 1556 1788 1584 ab
1796 1556 1855 1592 ejus
1866 1558 1985 1586 amicitia
1993 1564 2133 1587 averterat.

1454 1589 1493 1619 Ab
1505 1599 1605 1633 ampre.
1645 1591 1704 1621 Cic.
1715 1602 1741 1626 9.
1754 1594 1806 1624 Att.
1824 1603 1867 1623 12.
1906 1595 1955 1624 Me
1976 1594 2049 1625 illius
2069 1595 2140 1633 fugae
2157 1596 2385 1635 negligentiaeque
2404 1600 2562 1633 deformita

1472 1635 1570 1656 avertit
1579 1627 1611 1656 ab
1622 1630 1724 1659 amore.

1452 1665 1487 1695 Se
1498 1672 1618 1695 avertere
1632 1676 1647 1695 a
1656 1666 1780 1697 sermone
1787 1668 1911 1706 alicujus.
1952 1669 2010 1700 Cic.
2022 1676 2048 1705 8.
2061 1672 2114 1700 Att.
2127 1677 2172 1706 28.
2194 1672 2251 1709 Qui
2263 1673 2280 1701 fi
2292 1673 2381 1711 passus
2393 1674 2459 1705 esset
2466 1677 2539 1708 noss

1471 1713 1536 1733 cuni
1547 1725 1555 1738 ,
1578 1710 1607 1732 ut
1616 1704 1842 1746 consueveramus
1853 1729 1860 1742 ‚
1877 1707 1953 1746 loqui
1963 1729 1971 1742 ,
1993 1710 2019 1738 St
2033 1718 2091 1738 non
2100 1709 2126 1738 se
2138 1716 2230 1739 totum
2241 1712 2326 1741 etiam
2338 1713 2371 1741 ab
2378 1712 2501 1745 sermone
2510 1725 2559 1746 no·
2574 1727 2575 1730 ¹

1473 1741 1526 1770 stro
1536 1742 1671 1771 avertisset
1681 1765 1689 1778 ,
1709 1744 1801 1773 minus
1809 1745 1888 1774 miser
1896 1768 1904 1782 ,
1925 1755 2006 1782 quam
2016 1746 2075 1775 sum
2084 1769 2092 1782 ,
2109 1747 2199 1778 effem.

1452 1779 1488 1808 Se
1497 1780 1655 1809 averterein
1667 1789 1827 1812 mercatum.
1848 1783 1866 1812 i.
1878 1793 1902 1812 e.
1923 1783 1960 1812 Ab
1974 1784 2112 1819 illecebris
2125 1792 2246 1816 avertere
2264 1786 2289 1815 se
2299 1809 2308 1822 ,
2329 1788 2355 1817 &
2375 1788 2410 1817 ad
2424 1797 2558 1822 mercatu-

1470 1826 1528 1860 ram
1539 1816 1592 1846 sese
1603 1818 1736 1861 conferre.
1776 1820 1860 1850 Plaut.
1873 1821 1954 1851 Most.
1970 1831 1994 1858 3.
2011 1832 2034 1852 1.
2046 1833 2089 1859 59.
2111 1823 2187 1862 Euge
2197 1824 2369 1855 Philolaches
2382 1827 2513 1865 patrizat,
2531 1831 2558 1860 δε

1470 1865 1526 1891 Jam
1540 1855 1624 1884 homo
1636 1865 1665 1884 in
1675 1865 1825 1887 mercatum
1835 1860 1975 1889 avortitur.
2540 1866 2541 1869 ’

1452 1891 1552 1923 Sensus
1562 1893 1675 1931 magicis
1685 1894 1772 1925 sactis.
1812 1896 1882 1933 Virg.
1897 1903 1922 1931 8.
1942 1896 1998 1926 Ecl.
2011 1900 2056 1927 66.

1532 1931 1664 1968 Coniugis
1677 1939 1708 1961 ut
1718 1933 1831 1971 magicis
1841 1933 1919 1964 sanos
1927 1942 2047 1965 avertere
2057 1935 2137 1965 sacris

1528 1968 1660 2006 Experiar
1676 1969 1775 2000 sensus.
1895 1972 1948 2002 Ubi
1964 1974 2091 2009 Servius3
2113 1975 2256 2010 Avertere,
2277 1976 2298 2005 A
2310 1975 2423 2007 sanitate
2432 1984 2563 2017 mutare,

1467 2012 1514 2050 aut
1525 2028 1533 2041 ,
1558 2009 1683 2036 Avertere
1695 2009 1749 2043 ait,
1770 2019 1820 2046 pro
1831 2009 2015 2048 Convertere,
2036 2018 2067 2041 ut
2077 2012 2110 2041 sit
2121 2019 2225 2042 mutata
2234 2015 2399 2052 praepositio.

1449 2044 1530 2073 Sitim
1543 2053 1663 2074 avertere
1675 2046 1768 2075 fluvio.
1790 2046 1837 2076 Sil.
1850 2047 1898 2077 lib.
1912 2055 1936 2083 8.

1449 2082 1581 2111 Stimulos
1590 2084 1654 2112 caeci
1667 2085 1768 2114 amoris
1782 2091 1911 2116 avertere.
1934 2086 2007 2124 Virg.
2023 2096 2046 2124 3.
2065 2087 2163 2125 Georg.
2175 2097 2239 2117 210.

1449 2121 1536 2149 Surda
1547 2130 1610 2149 aure
1620 2122 1716 2150 averti.
1738 2122 1756 2151 i.
1775 2132 1798 2152 e.
1822 2123 1905 2153 Nolle
1919 2125 2021 2154 audire.
2044 2125 2110 2154 Stat.
2123 2135 2148 2155 2.
2164 2126 2236 2164 Sylv.
2253 2136 2276 2158 1.
2289 2137 2314 2165 7.

1454 2158 1585 2193 Vaeinani
1595 2160 1693 2188 averrit
1705 2160 1788 2190 casus.
1812 2161 1876 2191 Cars.
1888 2172 1911 2197 ς.
1924 2162 1989 2192 Bell.
2005 2163 2074 2192 Gall.
2084 2174 2128 2199 44.

1450 2196 1482 2226 In
1491 2196 1566 2226 sensu
1577 2197 1664 2226 activo
1674 2198 1812 2227 invenitur
1822 2201 1933 2229 Avertor
1941 2202 2016 2238 apud
2028 2201 2100 2238 Virg.
2115 2210 2139 2236 3.
2154 2201 2252 2239 Georg.
2266 2212 2329 2239 499.

1531 2234 1622 2263 vietor
1633 2245 1718 2272 equus
1730 2236 1820 2266 fontes
1831 2239 1969 2268 avertitur.
2064 2239 2097 2268 Et
2108 2239 2240 2268 Boethius
2250 2261 2258 2275 ,

1530 2272 1591 2302 Heu
1603 2294 1611 2307 ,
1635 2273 1687 2301 heu
1699 2295 1707 2308 ,
1729 2284 1811 2310 quani
1822 2274 1900 2305 surda
1912 2276 2022 2305 miseros
2037 2277 2166 2306 avertitu'r
2174 2287 2246 2306 aure.

1413 2309 1433 2340 A
1441 2320 1457 2339 v
1468 2320 1481 2338 Ε
1489 2320 1505 2338 R
1514 2319 1526 2339 s
1536 2321 1553 2339 u
1562 2320 1573 2339 s
1583 2332 1591 2345 ,
1614 2310 1708 2340 Partic.
1731 2312 1787 2348 Qui
1799 2320 1871 2350 terga
1879 2313 2016 2350 ostendit,
2038 2321 2070 2343 ut
2078 2315 2116 2343 ait
2128 2315 2218 2344 Valla:
2239 2317 2284 2346 cui
2296 2318 2448 2356 opponitur
2456 2318 2551 2348 Adver-

1452 2347 1503 2377 sus.
1528 2347 1586 2377 Cic.
1601 2358 1626 2377 2.
1639 2348 1674 2377 de
1690 2350 1764 2378 Orat.
1777 2353 1840 2385 256.

1446 2385 1542 2415 Aversa
1554 2396 1632 2423 pars,
1655 2397 1704 2424 pro
1718 2387 1792 2416 Parte
1803 2389 1967 2427 posteriori„
1992 2388 2060 2419 Plin.
2077 2389 2126 2419 lib.
2142 2399 2183 2419 11.
2199 2400 2258 2429 cap.
2272 2401 2315 2429 37.
2339 2392 2458 2423 Canities
2467 2393 2551 2424 homi-

1468 2424 1496 2452 ni
1507 2423 1612 2461 semper
1624 2434 1638 2453 a
1648 2425 1738 2462 priore
1747 2431 1822 2463 parte
1833 2427 1930 2464 capitis
1940 2448 1948 2462 ‚
1969 2432 2026 2456 tuni
2038 2428 2140 2457 deinde
2150 2428 2182 2457 ab
2194 2429 2291 2459 aversa.

1448 2462 1577 2491 Aversuni
1589 2462 1694 2491 collum
1703 2463 1771 2499 lynx
1782 2464 1952 2502 circumagit.
1976 2465 2042 2494 Plin.
2054 2465 2102 2495 lib.
2120 2475 2131 2494 1
2140 2475 2163 2495 1.
2175 2475 2235 2505 cap.
2246 2478 2292 2504 47.
2310 2467 2459 2498 vetustiora
2466 2471 2542 2499 exem
2559 2491 2561 2495 -

1467 2499 1554 2538 pluria
1568 2499 1663 2536 legunt
1675 2522 1683 2535 ,
1704 2500 1736 2530 In
1753 2501 1883 2531 aversum.

1449 2537 1552 2566 Aversis
1562 2537 1680 2574 pedibus
1690 2537 1758 2576 pilas
1766 2538 1898 2569 volutare.
1935 2539 2003 2569 Plin.
2018 2540 2064 2570 lib.
2082 2551 2123 2571 ιι.
2141 2551 2200 2579 cap.
2212 2547 2257 2577 28.
2298 2543 2402 2573 Lucani
2417 2554 2433 2573 e
2445 2543 2565 2574 fimoin-

1467 2582 1562 2612 gentes
1574 2576 1642 2613 pilas
1653 2576 1748 2605 averfis
1760 2577 1876 2613 pedibus
1887 2577 2019 2608 volutant.
2060 2578 2138 2608 Idem
2149 2579 2197 2609 lib.
2210 2589 2235 2617 7.
2255 2590 2314 2619 cap.
2326 2591 2364 2612 21
2381 2582 2414 2612 ln
2424 2592 2476 2619 qua
2484 2581 2543 2612 silve

1468 2613 1532 2642 stres
1544 2614 1639 2642 vivunt
1650 2614 1776 2643 homines
1786 2615 1883 2644 aversis
1893 2616 1952 2653 post
1964 2626 2041 2645 crura
2052 2616 2161 2654 plantis.

1450 2650 1551 2680 Aversis
1564 2651 1650 2679 aSole
1665 2652 1804 2681 cornibus.
1827 2653 1895 2682 Plin.
1911 2653 1958 2682 lib.
1973 2664 1997 2682 2.
2011 2664 2071 2692 cap.
2087 2665 2127 2690 14.
2146 2654 2273 2686 deLuna.

1449 2688 1481 2718 In
1490 2689 1578 2718 aversa
1589 2689 1680 2718 charta
1689 2689 1814 2719 scribere.
1836 2690 1954 2720 Mzirtial.
1969 2690 2018 2720 lib.
2033 2697 2058 2725 8.
2070 2696 2114 2722 62.

1528 2726 1629 2756 Scribit
1638 2727 1666 2755 in
1675 2727 1764 2756 aversa
1781 2728 1874 2757 Picens
1887 2729 2082 2766 epigrammata
2093 2730 2202 2760 charta:

1567 2764 1601 2793 Et
1612 2765 1702 2800 dolet,
1725 2765 1816 2795 averso
1826 2767 1900 2803 quod
1910 2766 2031 2796 facitilla
2042 2768 2104 2797 de0.
2186 2770 2213 2798 h.
2235 2778 2259 2798 e.
2279 2769 2350 2798 Tam
2368 2769 2454 2800 multa
2468 2768 2554 2800 scribit
2576 2780 2584 2790 '¹

1468 2802 1681 2839 epigrammata,
1703 2810 1882 2840 ututramque
1893 2806 2019 2842 paginam
2030 2805 2128 2835 chartae
2137 2806 2266 2843 impleat:
2289 2807 2335 2836 sed
2351 2814 2518 2846 repugnante
2529 2808 2554 2838 &

1470 2849 1526 2868 non
1541 2839 1673 2877 aspirante
1688 2840 1830 2877 Apolline:
1851 2842 1942 2878 itaque
1958 2843 2038 2872 nihili
2052 2843 2186 2873 facienda.

1452 2877 1546 2906 Aversa
1556 2878 1800 2915 pecuniapublica.
1824 2878 1882 2908 Cic.
1900 2889 1923 2914 3.
1941 2880 2013 2909 Verr.
2028 2890 2068 2910 11.

1452 2915 1563 2944 Aversus
1575 2937 1582 2949 ,
1604 2925 1653 2952 pro
1665 2915 1824 2946 Conversus.
1865 2917 1923 2946 Cic.
1940 2927 1981 2947 10.
1996 2918 2068 2948 Fam.
2082 2927 2125 2955 30.
2157 2919 2200 2948 Ne
2214 2919 2319 2949 aversos
2336 2920 2439 2950 nostros
2453 2919 2552 2957 equites
2573 2929 2578 2944 v·

1471 2954 1691 2990 aggrederentur.
1714 2954 1754 2989 [i.
1769 2963 1792 2985 e,
1817 2960 1930 2991 atergo.
2535 2962 2544 2967 “

1451 2991 1538 3020 Averli
1552 3001 1566 3019 a
1581 2991 1685 3028 praelio.
1725 2991 1789 3020 Caes.
1802 3001 1827 3020 2.
1846 2991 1913 3021 Bell.
1930 2991 2008 3021 Civil.
2023 3002 2063 3022 12.
2094 2993 2252 3032 Militesque
2264 2994 2345 3024 aversi
2361 3005 2376 3024 a
2394 2996 2504 3033 praelio,
2522 2993 2554 3024 ad
2580 2991 2581 2994 ¹

1470 3029 1589 3057 studium
1602 3029 1770 3058 audiendi&
1781 3029 1964 3066 cognoscendi
1977 3031 2108 3060 seruntur.

1451 3067 1472 3095 A
1488 3066 1636 3104 proposito,
1674 3066 1730 3095 Liv.
1748 3076 1773 3095 2.
1786 3072 1811 3100 8.
1844 3067 1920 3096 Nihil
1931 3067 2004 3097 aliud
2014 3068 2048 3097 ad
2059 3079 2123 3098 eum
2136 3070 2264 3099 nuntium
2275 3080 2290 3099 a
2300 3067 2554 3108 propositoaversus,
2576 3087 2581 3090 ν

1472 3113 1553 3141 quam
1565 3111 1594 3133 ut
1603 3103 1718 3132 cadaver
1727 3104 1815 3133 efferri
1827 3105 1942 3139 juberet.
2562 3135 2564 3137 ,
2579 3107 2581 3110 ’

1452 3143 1472 3171 Α
1488 3151 1560 3171 vero.
1575 3142 1693 3177 Cic.3.in
1703 3142 1829 3171 Catil.21.
1841 3142 1892 3171 Hic
1900 3143 1960 3179 quis
1970 3143 2057 3180 potest
2066 3143 2128 3178 esse,
2141 3143 2272 3180 Quirites,
2283 3152 2337 3174 tani
2349 3124 2541 3212 aversusavsso

1470 3186 1526 3208 tani
1537 3189 1660 3217 praeceps
1672 3201 1680 3214 ,
1701 3186 1757 3208 tam
1769 3186 1861 3209 niente
1871 3187 1967 3217 captus
1976 3202 1984 3214 ,
2007 3182 2052 3217 qui
2064 3188 2146 3218 neget
2156 3182 2212 3210 liaec
2225 3185 2319 3212 omnia
2337 3193 2396 3220 quae
2409 3184 2498 3213 videm

1452 3217 1542 3246 Asuis.
1584 3217 1640 3246 Cic.
1655 3227 1695 3246 10.
1714 3218 1767 3246 Att.
1783 3226 1824 3246 12.
1846 3217 1925 3247 Nihil
1935 3227 1986 3255 ego
2001 3219 2058 3247 vidi
2075 3226 2130 3248 tam
2148 3220 2318 3256 ἀνηῖυπτιὴπῐ,
2339 3230 2395 3250 tam
2417 3220 2564 3253 aversuma
2578 3240 2586 3257 ,¹-

1472 3255 1523 3284 suis
1538 3277 1545 3289 ,
1560 3261 1615 3283 tarn
1629 3255 1721 3283 nescio
1732 3255 1799 3292 quid
1810 3257 1941 3292 cogitans.
2562 3256 2564 3258 ’

1453 3292 1564 3321 Aversus
1574 3292 1733 3321 mercaturis
1743 3314 1751 3324 .
1774 3292 1829 3329 Qui
1842 3301 2023 3322 mercaturam
2036 3293 2104 3322 odit.
2126 3294 2192 3323 Hor.
2206 3304 2231 3323 2.
2243 3294 2329 3324 Serm.
2345 3305 2367 3332 3.
2385 3305 2444 3331 107.

1453 3329 1564 3359 Aversus
1576 3340 1590 3358 a
1604 3330 1695 3359 Mulis.
1736 3329 1794 3359 Cic.
1812 3340 1861 3368 pro
1875 3330 1951 3360 Arch.
1965 3341 2008 3360 20.
2036 3332 2134 3369 Neque
2144 3333 2218 3361 enini
2229 3332 2368 3370 quisquam
2378 3333 2415 3363 est
2424 3340 2478 3363 tam
2487 3339 2561 3362 aver-

1472 3368 1514 3396 sus
1527 3378 1541 3396 a
1553 3367 1653 3400 Musis,
1677 3367 1741 3404 qui,
1760 3369 1810 3397 &a
2561 3383 2562 3408 i
2578 3378 2582 3398 ·.

1452 3405 1563 3434 Aversus
1573 3405 1766 3434 contubernio.
1802 3403 1940 3434 Columel-
1954 3405 1988 3435 de
1997 3404 2097 3435 Villico
2109 3429 2117 3441 ,
2134 3406 2180 3436 lib.
2195 3417 2235 3436 12.
2248 3417 2307 3446 cap.
2324 3417 2347 3437 1.
2368 3408 2428 3437 Nec
2439 3405 2562 3437 aversum¹
2580 3422 2587 3430 ..

1470 3443 1654 3472 contubernio
1664 3442 1710 3471 suo
1721 3442 1874 3472 habeamus.
1893 3453 1943 3480 pro
1958 3445 1976 3472 A
1987 3444 2180 3474 contubernio.
2203 3446 2229 3474 h.
2243 3455 2267 3475 e.
2291 3446 2393 3483 Vagum
2404 3447 2429 3475 ἃ
2442 3443 2553 3474 ambula·

1470 3488 1568 3509 torem.
1591 3480 1670 3510 Idem
1685 3480 1732 3509 lib.
1748 3490 1788 3510 12.
1803 3490 1861 3517 cap.
1879 3490 1903 3510 1.
1924 3480 1997 3510 Tum
2008 3482 2090 3511 etiam
2101 3481 2155 3512 sita
2166 3483 2290 3512 venereis
2300 3483 2436 3513 amoribus
2444 3479 2564 3512 aversum·

1452 3517 1564 3548 Aversus
1578 3540 1585 3551 ,
1609 3518 1699 3547 Iratus.
1726 3518 1796 3555 Virg.
1813 3529 1838 3553 4.
1858 3517 1919 3547 JEn.
1935 3523 1996 3553 362.
2561 3531 2564 3544 ·

1531 3555 1608 3584 Talia
1619 3556 1759 3584 dicentem
1771 3555 1934 3591 jamdudum
1945 3556 2033 3585 aversa
2043 3562 2142 3586 tuetur.
2561 3545 2565 3601 ξ
2591 3580 2593 3583 .

1453 3592 1562 3622 Amicos
1573 3593 1678 3622 aversos
1688 3602 1864 3630 componere.
1889 3593 1954 3622 Hor.
1972 3605 1992 3622 i.
2010 3594 2095 3623 Serin.
2111 3605 2135 3630 ς.
2149 3604 2193 3629 29.
2510 3603 2513 3609 ²
2561 3595 2580 3620 ι’

1452 3631 1541 3659 Averli
1559 3631 1596 3659 dii
1612 3640 1626 3659 a
1640 3630 1724 3660 salute
1737 3631 1800 3668 Pop.
1822 3630 1900 3659 Rom.
1941 3631 1998 3660 Cic.
2016 3632 2050 3660 ad
2062 3632 2135 3662 Brut.
2152 3636 2192 3661 16.
2226 3631 2283 3669 Ego
2297 3631 2484 3662 mediusfidius
2498 3637 2579 3660 non,-

1470 3668 1595 3696 existimo
1605 3676 1661 3697 tani
1672 3678 1768 3697 omnes
1779 3669 1845 3697 deos
1855 3667 1960 3697 aversos
1970 3668 2024 3698 else
2035 3679 2049 3698 a
2061 3668 2144 3699 salute
2165 3669 2262 3708 Populi
2272 3670 2388 3699 Romani
2401 3692 2410 3705 ,
2434 3677 2464 3700 ut
2475 3668 2551 3700 Oebu·
2575 3676 2585 3695 ι’

1471 3705 1532 3734 vius
1543 3704 1663 3735 orandus
1676 3706 1706 3734 sit
1717 3716 1765 3743 pro
1776 3705 1859 3734 salute
1871 3705 2029 3742 cujusquam
2037 3707 2113 3737 civis.
2134 3707 2206 3745 Virg.
2222 3717 2263 3737 12.
2273 3708 2336 3738 AEn.
2349 3711 2412 3745 647.

1643 3759 1679 3764 ——
1696 3753 1744 3772 vos
1758 3743 1776 3772 ὀ
1789 3743 1855 3772 mihi
1870 3752 1963 3771 manes

1531 3777 1590 3809 Este
1608 3779 1691 3815 boni,
1723 3781 1853 3818 quoniam
1873 3778 1976 3817 superis
1998 3780 2088 3810 aversa
2110 3781 2246 3811 voluntas.

1452 3816 1579 3854 Compar.
1610 3818 1729 3853 Quintil.
1753 3817 1799 3847 lib.
1820 3826 1845 3854 7.
1867 3827 1927 3854 cap.
1948 3827 1973 3846 2.
2022 3819 2064 3848 Ne
2083 3819 2163 3848 illum
2183 3819 2308 3854 spectans
2324 3819 2424 3855 judex,
2442 3815 2563 3858 reliquo-y

1471 3863 1531 3882 runi
1544 3854 1695 3884 defenlioni
1707 3855 1737 3884 sit
1749 3856 1870 3885 aversior.
2561 3878 2563 3893 ¹.

1452 3891 1635 3923 Aversissimus
1646 3893 1761 3923 animus.
1784 3893 1841 3923 Cic.
1858 3902 1899 3922 11.
1913 3893 1966 3922 Att.
1976 3903 2002 3929 4.
2024 3894 2192 3924 Aversiffimo
2207 3904 2221 3923 a
2236 3904 2281 3924 me
2294 3896 2397 3962 animqa
2404 3893 2484 3932 patris
2494 3890 2548 3921 fixit.
2572 3896 2574 3899 '

2405 3935 2563 3970 vtxsoln'

2536 3159 2551 3201 «ἶ

2579 3319 2587 3358 ‚s-
