2604 4222
128 135 196 168 412
554 121 582 155 C
682 122 701 153 Α
800 116 833 151 N

173 205 331 234 Cancellare
341 205 533 234 testamentum
544 224 550 234 .
572 211 621 238 pro
641 197 822 229 Cancellatim
841 195 930 225 ductis
946 193 1025 222 lincis
1040 189 1141 220 delere.
1173 186 1282 225 Ulpian.

196 243 228 271 D.
245 244 280 271 de
292 244 392 279 iisquae
406 243 433 270 in
444 241 606 269 testamento
616 237 753 269 delentur,
774 235 791 263 l.
807 245 830 263 ε.
853 230 1057 262 Cancelluverar
1071 229 1128 265 quis
1143 226 1287 267 testamen-

194 287 273 314 tum,
295 280 335 309 vel
350 281 514 309 induxerat.
537 277 582 305 etfi
602 281 714 313 propter
730 282 815 301 unum
837 270 975 299 hreredem
998 268 1087 295 facere
1107 265 1234 297 dixerat,
1257 262 1287 290 id

196 318 288 355 postea
299 318 492 346 testamentum
506 316 639 352 lignatum
656 310 701 340 est.
743 308 923 345 Quaerebatur
940 306 974 334 de
995 303 1096 332 viribus
1113 299 1267 331 testamenti
1278 321 1286 335 ‚

198 357 287 392 deque
299 356 425 393 portione
437 353 495 389 ejus
504 374 511 387 ,
534 358 645 389 propter
657 357 738 385 quem
748 347 774 375 se
789 342 950 375 cancellaffe
965 342 1079 371 dixerat.

143 393 164 423 C
174 403 193 423 A
203 403 223 422 N
234 403 248 421 c
258 403 271 421 s
282 405 296 420 L
307 404 320 420 L
330 397 345 420 Ti
356 401 374 420 T
386 402 402 420 u
413 401 425 419 s
436 413 443 426 ,
464 400 479 419 a
488 412 495 424 ,
517 400 573 418 uin.
596 395 636 420 ut,
657 386 734 415 Cutis
746 383 958 420 elephantorum
968 378 1126 408 cancellata.
1139 375 1286 409 Plin.8.10.

182 431 271 461 Modo
296 438 438 459 cavernam
465 426 619 456 cancellato
635 423 809 452 brachiorum
831 418 956 457 implexo
973 417 1086 446 claudit.
1121 415 1189 444 Plin.
1205 424 1230 450 9.
1246 422 1289 449 51.

182 469 217 497 de
231 468 334 504 Pbiypo
349 466 506 495 incubante.

183 505 313 535 Manibus
323 503 487 533 cancellatis.
511 500 595 530 Solin.
609 507 669 535 cap.
689 506 711 526 1.
1263 523 1269 529 .

186 542 378 575 Castellum,
400 540 562 571 Limitatus,
585 544 634 570 ut,
657 535 743 571 Regio
755 530 925 566 cancellata,
948 531 966 559 i.
985 539 1010 559 e.
1030 527 1171 558 Termiuis
1182 524 1234 555 suis
1246 532 1296 552 crr—

204 580 366 616 cunrscripta
379 599 387 612 ,
407 577 481 614 apud
494 577 617 605 auctores
632 573 668 601 de
683 570 838 601 Limitibus.

185 618 256 648 Item
268 639 276 651 ,
297 616 475 653 Expundtus3
497 620 544 646 ut,
567 609 791 647 Chirograplrum
804 606 1005 640 cancellatum,
1027 604 1045 633 l.
1059 611 1103 633 22.
1121 602 1190 632 cod.
1203 600 1238 630 de
1249 600 1297 629 So·

205 654 368 684 lutionibus.
403 652 433 680 V.
455 652 483 679 in
498 651 504 678 i
529 649 556 677 so
570 648 664 677 verbo.

187 692 301 722 Tabulae
311 689 468 720 cancellatae
479 710 486 721 ,
507 660 578 720 ξεν..
602 685 663 722 Dig.
676 684 712 713 de
722 682 821 713 Furtis.

152 732 173 760 C
184 741 199 758 A
211 739 230 757 N
240 740 256 757 c
266 739 278 757 r.
291 740 305 756 L
316 732 355 756 LX
367 737 385 755 >r
395 738 403 755 1
415 737 435 755 M
445 748 454 760 ‚
475 725 541 754 Adv.
566 723 605 752 Ad
614 723 735 760 speciem
748 718 946 750 cancellorum.
986 716 1054 746 Plin.
1070 715 1118 744 lib.
1130 725 1155 749 7.
1177 723 1236 751 cap.
1250 721 1294 741 20.

189 767 344 801 Filiumque
354 765 412 799 ejus
424 762 541 792 militem
553 761 643 798 magni
659 760 783 797 Pompeii
796 780 804 792 ,
829 758 854 786 ὁὶ
872 758 960 786 τεξὶοε
973 758 998 786 8<
1012 751 1173 784 transversos
1192 749 1300 780 cancel*³

188 805 267 834 latim
278 809 336 831 toto
347 810 462 839 corpore
472 798 594 829 habuisse
609 807 707 828 nervos
719 819 726 833 ,
748 798 776 826 in
788 795 906 825 brachiis
918 795 1016 829 etiam,
1037 789 1233 826 manibusque,
1255 798 1300 817 au-

189 843 247 870 {tor
258 841 294 869 est
307 840 388 868 ‘x'arro
399 861 406 873 ‚
419 840 470 867 &o

190 877 371 908 Cancellatim
384 875 537 905 reticulata.
560 873 627 903 Plin.
643 872 693 902 lib.
705 881 731 907 9.
747 880 807 907 cap.
823 879 867 906 33.

191 914 373 945 Cancellatim
393 913 508 942 mordax
519 912 654 949 asperitas.
695 909 762 939 Plin.
778 909 826 937 lib.
842 917 882 936 11.
901 917 961 944 cap.
976 915 1019 942 37.
1049 902 1228 934 Terrestrium
1241 900 1302 930 aliis

209 961 303 982 venter
313 951 489 981 denticulata:
501 949 652 988 asperitatis
664 969 672 982 ,
692 947 752 977 aliis
765 945 938 975 cancellatim
947 943 1094 973 mordacis.
1117 941 1224 970 Dicitur
1238 948 1303 967 ven·

208 989 324 1020 triculus
342 989 515 1018 cancellatim
540 987 671 1016 mordax:
705 984 780 1022 quod
802 983 881 1013 villos
901 982 983 1011 habet
1001 980 1147 1016 obliquos,
1169 979 1257 1007 rectos
1277 977 1303 1005 &

209 1027 384 1094 tquansversos,
405 1026 514 1064 quibus,
527 1034 578 1054 ceu
591 1033 640 1062 per
655 1022 794 1052 cancellos
805 1020 947 1058 quosdam,
963 1019 1057 1049 cibum
1071 1017 1191 1050 attrahit,
1202 1015 1304 1044 retinet

212 1080 224 1096 ι
249 1064 370 1094 conficit.

157 1104 179 1134 C
189 1114 208 1132 A
217 1113 237 1132 N
246 1112 262 1131 c
275 1113 287 1131 s
298 1114 313 1130 L
323 1113 338 1130 L
348 1113 367 1130 A
377 1111 397 1130 T
408 1111 415 1129 1
426 1111 443 1129 o
454 1122 461 1134 ‚
483 1099 553 1130 onis.
577 1098 595 1128 f.
619 1098 759 1127 Limitatio
776 1104 911 1133 agrorum.
952 1094 982 1124 V.
1004 1103 1039 1124 ex
1051 1092 1144 1123 Siculo
1161 1090 1260 1121 Flacco
1280 1090 1306 1119 δε

193 1140 327 1170 Frontino
338 1140 367 1168 in
379 1136 582 1175 RigaltiiGloff.
599 1133 744 1173 agrimens.
762 1144 789 1172 p.
801 1144 865 1168 295.

157 1179 179 1208 C
192 1186 392 1207 ANcrLLus.
435 1176 465 1205 V.
488 1183 642 1204 CANcar..

158 1216 180 1245 C
191 1225 236 1245 AN
247 1225 286 1244 ca
296 1225 310 1243 a
322 1236 330 1249 ,
355 1215 403 1243 cri.
424 1223 460 1242 m.
484 1211 653 1248 [mgniv&]
675 1210 769 1240 Genus
780 1209 861 1247 piscis
873 1230 881 1241 ,
903 1205 979 1244 quod
991 1216 1006 1235 a
1020 1205 1132 1239 Graecis,
1152 1206 1177 1234 8:
1189 1202 1307 1237 Galenu,

193 1254 266 1282 intra
280 1250 518 1282 Ostracodermata
526 1256 701 1283 numeratur,
721 1248 776 1276 hoc
793 1248 831 1276 est
844 1255 903 1283 quae
919 1244 1015 1273 leviori
1036 1243 1102 1273 testa
1117 1242 1307 1272 includuntur.

195 1291 363 1320 Cancrorum
373 1295 465 1318 autem
477 1297 577 1325 genera
591 1286 653 1316 vide
664 1286 740 1324 apud
752 1284 819 1314 Plin.
833 1284 882 1313 lib.
895 1293 920 1318 9.
936 1292 997 1320 cap.
1009 1291 1052 1319 31.

194 1328 341 1358 Littoreus.
366 1327 450 1356 Ovid.
467 1336 508 1359 ις.
524 1325 591 1354 Met.
606 1326 667 1360 369.

196 1366 347 1397 Rubentes.
369 1364 441 1401 Virg.
455 1374 482 1399 4.
495 1364 593 1399 Georg.
607 1366 653 1397 48.
929 1394 934 1396 s

237 1437 240 1438 ⁷
277 1403 331 1432 Ure
345 1403 410 1432 foco
429 1410 552 1431 cancros.
636 1397 777 1427 Rubentes
799 1403 893 1425 autem
912 1404 997 1432 quum
1017 1399 1150 1423 uruntur:
1172 1401 1231 1421 non
1248 1390 1312 1429 quia

215 1451 266 1479 per
275 1446 402 1470 naturam
412 1439 464 1469 fint
472 1439 553 1473 hujus
568 1436 677 1466 coloris.
698 1435 818 1463 Servius.

197 1479 320 1514 Cancer,
341 1479 457 1515 Signum
466 1475 580 1505 caeleste.
601 1472 670 1502 Plin.
683 1472 731 1501 lib.
743 1477 784 1506 18.
796 1481 856 1509 cap.
871 1480 917 1507 25.
937 1468 1090 1500 Solstitium
1104 1467 1213 1497 Cancri.

197 1517 312 1553 Brachia
323 1516 431 1545 Cancri.
455 1513 538 1543 Ovid.
550 1521 575 1548 4.
587 1511 656 1541 Met.
670 1514 733 1546 619.

278 1554 335 1584 Ter
344 1552 446 1591 gelidas
458 1552 550 1581 Areios
559 1571 567 1584 ,
589 1555 630 1578 ter
641 1547 742 1578 Cancri
750 1546 862 1577 brachia
873 1545 952 1575 vidit.

200 1592 326 1630 Oc‘tipes.
349 1591 431 1620 Ovid.
449 1599 472 1618 1.
487 1588 552 1618 Fast.
565 1596 627 1622 313.

199 1629 281 1660 Sidus
293 1628 400 1659 Cancri.
422 1627 493 1664 Virg.
510 1636 551 1654 ιο.
562 1624 619 1654 Ecl.
633 1627 678 1657 68.

294 1666 456 1703 AEthiopum
465 1663 600 1693 versemus
612 1670 676 1691 oves
685 1659 734 1689 sub
744 1658 830 1688 fidere
841 1655 950 1688 Cancri.

201 1703 310 1734 Calens.
332 1703 429 1733 Claud.
442 1704 472 1731 in
484 1701 571 1738 Eidyl.
585 1699 669 1734 Nilo,
687 1708 713 1733 9.

202 1741 362 1771 Collucens.
384 1740 443 1770 Cic.
454 1740 482 1769 in
494 1740 563 1768 Arar.
675 1751 713 1757 -
723 1736 749 1765 &
757 1733 831 1764 claro
840 1732 982 1763 collucens
990 1730 1098 1761 lumine
1109 1730 1223 1760 Cancer.

203 1779 327 1810 Curvans
340 1779 459 1808 brachia.
481 1776 566 1806 Ovid.
580 1784 606 1804 2.
622 1773 690 1804 Met.
703 1778 748 1809 83.

396 1832 433 1837 ——
440 1822 521 1852 atque
530 1814 610 1843 aliter
620 1816 781 1842 curvantem
788 1808 901 1839 brachia
914 1808 1062 1838 Cancrum.

201 1854 336 1893 Rapidus.
358 1853 424 1883 Stat.
435 1864 461 1889 4.
477 1851 568 1882 Theb.
580 1852 644 1887 776.

202 1893 286 1923 Sidus
299 1891 391 1929 Libyae
402 1891 515 1920 Cancer.
535 1890 632 1919 Senec.
647 1886 738 1917 OEth.

203 1930 335 1960 Torrens.
357 1929 459 1958 Lucan.
478 1928 526 1957 lib.
535 1932 562 1960 8.
576 1932 640 1961 851.

202 1967 365 1998 Rubescunt
376 1967 449 2004 signa
458 1965 567 1995 Cancri.
591 1962 676 1993 ovid.
686 1964 711 1990 6.
724 1960 790 1990 Fast.
800 1967 864 1996 727.

204 2006 311 2036 Cancer
321 2027 330 2041 ,
351 2000 541 2040 [καρκινῶδῖς]
565 2011 614 2039 pro
628 1999 719 2030 Morbi
729 1998 850 2036 quodam
862 2004 972 2033 genere.
994 1993 1078 2024 Ovid.
1090 2002 1116 2023 2.
1133 1991 1202 2023 Met.
1217 1997 1281 2029 εις.

297 2042 388 2079 thue
398 2041 502 2071 malum
513 2041 569 2069 late
583 2038 653 2068 solet
662 2035 870 2066 immedicabile
883 2042 983 2063 cancer

296 2081 413 2118 Serpere
422 2101 431 2114 ,
454 2077 584 2109 &illaesas
593 2076 696 2105 vitiatis
707 2074 809 2104 addere
821 2078 921 2111 partes.
1004 2069 1070 2106 Quo
1090 2069 1120 2098 in
1136 2068 1200 2097 loco
1212 2066 1321 2097 Malum

223 2116 432 2148 immedicabile
442 2127 492 2154 per
500 2114 704 2154 appositionem
713 2110 928 2149 intelligendum
938 2108 977 2138 sit.
1018 2106 1144 2137 Nascitur
1153 2106 1198 2135 hic
1209 2105 1322 2134 morbus

224 2166 260 2186 ex
271 2156 387 2185 humore
397 2153 601 2184 melancholico
612 2151 784 2182 inflammato
796 2150 853 2178 fere
861 2148 891 2176 in
901 2145 1031 2175 omnibus
1043 2145 1166 2181 corporis
1177 2143 1300 2181 partibus
1312 2151 1319 2172 z

224 2194 271 2223 sed
282 2193 402 2223 maxime
409 2193 438 2221 in
447 2190 576 2221 mamillis
585 2188 805 2224 mulierum,quze
815 2194 872 2214 non
883 2190 1034 2222 purgantur
1046 2182 1185 2212 menstruo
1194 2180 1319 2211 naturali.

207 2231 341 2261 Obsistere
354 2239 471 2264 cancro,
493 2227 668 2264 &Occupari
678 2234 787 2255 cancro.
809 2222 878 2252 Cels.
889 2222 937 2250 lib.
949 2226 975 2255 8.
993 2230 1054 2258 cap.
1067 2230 1108 2248 10.

207 2269 326 2304 Cancri,
348 2267 439 2304 inquit
454 2267 563 2300 Festus,
583 2264 746 2294 dicebantur
764 2261 797 2291 ab
810 2259 929 2296 antiquis
941 2281 949 2294 ,
971 2258 1018 2295 qui
1033 2267 1109 2287 nunc
1128 2266 1177 2295 per
1197 2256 1323 2285 deminu-

225 2307 332 2336 tionem
344 2304 476 2335 Cancelli.
517 2303 592 2332 Hinc

207 2344 282 2374 Inter
291 2344 348 2373 orci
363 2352 476 2372 cancros
487 2341 627 2370 adhaerere
638 2361 646 2373 ,
667 2347 719 2376 pro
732 2336 806 2366 Adeo
820 2333 956 2364 irretitum
967 2355 975 2369 ,
997 2332 1232 2369 illaqueatumque
1248 2337 1325 2359 tene-

226 2383 258 2418 ri,
271 2381 446 2418 utnusquam
458 2384 549 2418 pateat
557 2377 700 2415 effugium.
713 2373 822 2412 Apum.
834 2372 923 2402 Miles.
936 2381 962 2408 p-
976 2370 1224 2408 176.V.cANcsLL1
1235 2367 1323 2406 supra.

172 2420 223 2451 CA
233 2430 254 2449 N
265 2429 283 2449 c
292 2429 307 2448 Ε
317 2429 333 2448 a
346 2441 353 2454 ‚
374 2419 435 2448 cris.
456 2427 494 2446 m.
515 2426 564 2454 pro
575 2416 660 2452 Signo
672 2412 780 2442 caelesti.
801 2411 907 2440 Lucret.
919 2420 943 2445 ς.
954 2411 1018 2438 616.

291 2457 421 2486 Canceris
429 2461 461 2484 ut
470 2460 558 2484 vertat
569 2460 655 2482 metas
664 2452 699 2481 ad
711 2449 871 2479 solstitiales.
949 2446 1038 2476 Etiam
1049 2445 1084 2474 de
1097 2444 1199 2474 Morbo
1210 2443 1261 2473 hac
1270 2443 1326 2473 for-

211 2504 257 2524 ma
269 2494 407 2524 Arnobius
416 2493 466 2522 lib.
479 2503 503 2522 1.
527 2502 555 2530 p.
569 2500 611 2528 30.
633 2489 707 2519 conf.
722 2487 848 2517 Priscian.
861 2484 908 2514 lib.
922 2489 947 2513 6.
961 2494 989 2521 p.
999 2487 1061 2520 697.

176 2533 198 2563 C
207 2543 227 2562 A
236 2542 256 2562 N
266 2542 284 2561 c
292 2542 307 2561 a
317 2543 332 2560 L
342 2543 359 2560 L
368 2541 388 2560 u
397 2540 409 2560 s
419 2553 427 2566 ,
448 2531 466 2560 i.
488 2539 525 2559 m.
549 2527 691 2565 [καρκίνιον
699 2548 707 2561 ,
726 2524 880 2559 νηννῆέιμς]
901 2522 1003 2552 Dimin.
1015 2531 1031 2550 a
1042 2521 1156 2550 Cancer.
1177 2519 1213 2548 Ut
1225 2517 1322 2548 Galen.

212 2570 261 2600 lib.
277 2578 300 2604 3.
318 2569 353 2598 de
363 2569 442 2598 Alim.
457 2567 590 2597 Facultat.
604 2564 716 2600 scribit,
737 2561 850 2592 bestiola
865 2561 903 2590 est
918 2559 1075 2597 perexiguis
1089 2558 1195 2587 cancris
1213 2557 1305 2586 similis
1316 2578 1324 2591 ,

212 2607 306 2637 colore
316 2606 397 2636 flavo.
437 2605 561 2635 ffilianus
570 2602 693 2632 verolib.
706 2610 747 2638 13·
759 2610 820 2637 cap.
837 2609 878 2633 ¹9·
900 2598 969 2627 Hist.
986 2597 1076 2626 Anim.
1088 2597 1122 2625 de
1138 2594 1277 2624 Cancellis
1289 2595 1326 2623 ita

212 2645 322 2680 scribit,
345 2645 365 2674 A
376 2643 490 2673 conchis
502 2641 614 2679 quidem
626 2641 725 2677 inopes
736 2661 743 2674 ,
765 2639 791 2667 δι
806 2637 873 2666 nudi
892 2636 1013 2674 primum
1025 2633 1149 2663 Cancelli
1160 2632 1325 2667 nascuntur,

214 2683 319 2712 deinde
332 2691 376 2711 cas
386 2688 516 2717 tanquam
529 2678 671 2708 domicilia
679 2678 713 2706 ad
724 2675 906 2705 habitandum
916 2672 1050 2710 deligunt.
1091 2671 1187 2707 Quum
1197 2671 1274 2699 enim
1284 2680 1329 2698 va-

214 2722 313 2750 cuas&
324 2720 420 2748 inanes
431 2717 610 2747 offenderunt
619 2714 770 2744 conchulas
786 2721 912 2750 purpura:
932 2716 979 2740 aut
999 2709 1115 2739 turbinis
1125 2731 1133 2743 ,
1155 2709 1245 2745 primo
1257 2708 1328 2736 intra

214 2767 260 2788 eas
271 2757 481 2795 ingrediuntur:
504 2754 607 2783 deinde
624 2762 709 2790 quum
726 2752 754 2780 in
775 2750 940 2787 ampliorem
958 2747 1180 2785 magnitudinem
1202 2754 1331 2775 excreve-

214 2802 299 2830 runt,
320 2803 403 2832 quam
420 2794 496 2823 utils
512 2792 574 2829 capi
587 2797 707 2828 queant,
730 2789 758 2818 in
776 2788 870 2817 testam
888 2786 1042 2821 laxiorem,
1064 2792 1194 2821 tanquam
1214 2783 1331 2812 domum

214 2834 329 2865 aiteram
340 2832 511 2869 demigrant:
532 2838 624 2866 neque
633 2828 718 2856 modo
729 2827 758 2855 in
775 2824 994 2862 supradic‘torum
1013 2823 1134 2852 conchas
1150 2821 1309 2857 immigrant
1321 2842 1329 2855 ‚

215 2872 262 2901 sed
275 2871 338 2900 &in
351 2869 502 2908 permultas
514 2866 578 2896 alias
593 2866 750 2903 capaciores
767 2862 912 2892 transeunt
924 2884 932 2897 ,
956 2862 982 2891 <Sc
997 2859 1164 2898 ampliorem
1179 2859 1252 2888 nacti
1269 2879 1276 2893 ,
1299 2868 1332 2887 ea

216 2906 346 2946 tanquam
356 2908 462 2943 majore
473 2903 618 2935 domicilio
628 2902 750 2940 gaudent
761 2923 769 2933 .
790 2910 822 2929 ac
838 2899 908 2937 saepe
923 2899 958 2928 de
968 2898 1061 2936 spoliis
1078 2897 1167 2926 multo
1179 2896 1331 2925 certamine

180 2976 184 2979 .
216 2948 288 2976 inter
301 2946 328 2976 se
339 2945 530 2977 contendunt,
550 2940 706 2977 viribusque
727 2938 856 2968 inferiore
871 2936 980 2974 repulso
992 2958 998 2971 ‚
1020 2937 1109 2965 victor
1131 2934 1244 2963 exuvias
1269 2933 1334 2962 asse-

217 2985 317 3022 quitur.
340 2983 480 3012 Hactenus
490 2980 623 3011 AElianus.
644 2978 689 3007 cui
700 2978 729 3006 in
741 2975 869 3005 omnibus
879 2974 1022 3003 subscribit
1034 2971 1099 3002 Plin.
1114 2972 1161 3001 lib.
1177 2982 1202 3007 9.
1213 2981 1273 3008 cap.
1288 2980 1330 3006 3¹-

218 3024 244 3052 &
255 3031 299 3057 42.
338 3021 417 3057 Quin
427 3021 452 3049 δι
463 3019 562 3048 horum
575 3022 700 3046 naturam
713 3016 738 3044 ἃ
751 3013 874 3051 speciem
884 3011 1010 3041 latissime
1022 3010 1152 3040 describit
1168 3008 1332 3043 Aristoteles,

218 3060 266 3089 lib.
277 3070 304 3095 4.
316 3068 378 3096 cap.
391 3069 417 3090 a.
432 3057 467 3086 de
480 3055 548 3086 Hist.
561 3052 676 3084 Animal.
687 3052 735 3082 sub
746 3051 793 3080 fin.
815 3051 885 3080 Sunt
894 3056 987 3079 tamen
1002 3050 1047 3085 qui
1063 3047 1208 3077 Canceilos
1219 3056 1233 3076 a
1245 3046 1335 3083 Squil-

219 3098 252 3126 lis
266 3096 342 3126 haud
358 3095 469 3125 differre
483 3093 642 3123 existiment
657 3113 666 3127 ,
689 3090 736 3120 sed
750 3088 883 3118 falluntur
895 3109 903 3122 ,
925 3093 955 3116 ut
973 3088 1066 3116 videre
1085 3086 1190 3124 poteris
1207 3094 1241 3113 ex
1256 3083 1335 3122 supra

218 3135 382 3172 scriptorum
390 3134 534 3163 auctorum
546 3130 677 3160 lectione.
691 3129 705 3164 [
715 3127 844 3156 Ceterum
856 3125 907 3154 hac
917 3124 1011 3159 Latina
1021 3124 1113 3153 voceC
1125 3133 1143 3151 A
1154 3132 1173 3151 N
1183 3131 1201 3150 c
1211 3132 1225 3150 a
1236 3133 1251 3149 L
1260 3133 1276 3150 L
1286 3132 1303 3150 υ
1312 3131 1335 3156 s,

219 3182 270 3211 pro
286 3170 414 3206 Animali,
425 3170 518 3200 nescio
528 3178 562 3198 an
569 3173 636 3198 vett.
648 3166 686 3196 uli
698 3165 758 3194 sint.
779 3163 835 3193 Sed
852 3163 935 3197 Gaza,
956 3162 990 3191 ad
1006 3161 1168 3198 exemplum
1183 3160 1283 3189 Graecre
1295 3160 1337 3188 di-

222 3210 322 3240 ctionis
333 3210 460 3244 καρκίνιον,
479 3207 568 3236 finxit.
581 3205 698 3234 Videtur
709 3209 801 3232 tamen
813 3210 847 3230 ex
856 3200 933 3230 Festo
949 3200 979 3228 in
990 3200 1091 3228 Cancri
1102 3199 1131 3227 id
1143 3197 1237 3234 colligi
1248 3196 1334 3234 poffe.

185 3248 207 3278 C
219 3258 236 3277 A
245 3257 265 3276 N
278 3247 318 3276 εἰ
328 3256 344 3275 R
354 3256 371 3275 ο
380 3268 388 3281 ,
408 3248 463 3275 Ere.
484 3244 553 3274 Plin.
564 3243 653 3273 Valet.
669 3252 693 3271 1.
706 3252 749 3270 ιο.
777 3240 806 3268 Si
817 3237 982 3268 intrinsecus
998 3236 1182 3266 canceraverit
1195 3237 1277 3264 auris.

219 3284 339 3350 Vulnesra
347 3282 564 3313 canceraverint.
586 3280 666 3319 Apul.
678 3279 714 3309 de
729 3277 814 3308 Herb.
827 3286 889 3314 cap.
905 3278 948 3312 36.
981 3275 999 3304 i.
1012 3284 1036 3304 e.
1058 3274 1090 3303 In
1101 3273 1194 3303 cancri
1209 3279 1336 3301 naturam

240 3328 299 3351 tran
313 3322 403 3351 ierint.

184 3360 208 3389 C
219 3370 238 3388 A
247 3369 267 3388 N
277 3368 316 3387 cs
324 3369 339 3387 P.
349 3362 366 3387 A
375 3360 439 3387 Tic
447 3367 466 3386 u
474 3366 486 3386 s
497 3379 506 3392 ,
527 3366 542 3386 a
553 3378 562 3391 ,
583 3365 641 3386 um.
662 3360 701 3388 ut,
713 3353 808 3384 Foetor
819 3349 1016 3382 canceraticus.
1027 3347 1274 3385 veget.Mu10m.2.
1287 3357 1333 3383 43·

185 3397 236 3426 CA
245 3406 263 3425 N
274 3397 314 3424 cs
324 3406 339 3424 a
349 3400 365 3425 ὃ
376 3407 396 3425 M
405 3405 425 3424 A
435 3417 444 3430 ,
465 3395 526 3424 atis.
547 3404 574 3423 n.
597 3391 793 3429 [καρκίνωμφ]
814 3389 888 3427 apud
901 3387 971 3417 Cels.
986 3398 1009 3422 ς.
1024 3391 1066 3418 28.
1080 3395 1106 3415 2.
1130 3391 1178 3420 ut,
1200 3385 1337 3414 Cancero-

221 3440 295 3464 mata
303 3443 361 3470 quae
370 3434 400 3462 in
410 3434 520 3462 naribus
531 3430 688 3461 nascuntur.
711 3428 791 3466 Apul.
807 3428 843 3456 de
862 3425 945 3455 Herb.
957 3434 1017 3462 cap.
1033 3434 1074 3459 19.
1091 3433 1118 3451 n.
1132 3432 1157 3459 7.
1180 3422 1254 3451 cons.
1269 3433 1330 3459 cap.

223 3480 267 3507 31.
280 3479 366 3536 nist.s
381 3470 435 3536 fin
446 3470 599 3499 emendatis
620 3467 690 3497 Celsr
703 3466 787 3497 codd.
806 3464 906 3502 legitur
919 3463 1011 3492 Graeca
1028 3470 1083 3491 vox
1099 3459 1279 3492 carcinoma,
1301 3460 1336 3489 de

223 3517 276 3545 qua
321 3530 327 3536 .
362 3530 367 3536 .
393 3530 399 3536 .

186 3546 209 3576 C
221 3555 270 3574 AN
281 3554 298 3574 c
308 3555 323 3573 a
334 3548 378 3574 ὂΜ
390 3554 409 3574 A
419 3566 427 3580 ,
449 3545 509 3574 fitis.
532 3554 560 3573 n.
589 3543 678 3574 Idem.
698 3541 818 3572 Salvian.
829 3540 893 3569 adv.
915 3536 1011 3567 Avarit.
1027 3545 1050 3565 1.
1065 3545 1093 3573 p.
1107 3543 1169 3571 232.
1204 3534 1232 3563 Si
1244 3534 1337 3572 plagas

224 3591 370 3612 cancroma
380 3581 500 3619 sequitur
511 3590 640 3611 cancrum
649 3579 757 3609 necess'e
766 3580 803 3608 est
812 3576 994 3614 consequatur
1006 3573 1126 3603 occasus.

187 3620 210 3650 C
221 3630 240 3649 A
249 3630 269 3648 N
280 3629 297 3648 c
307 3629 327 3648 11
335 3628 350 3647 1<
359 3622 375 3647 Ε
384 3629 404 3647 Μ
415 3629 433 3647 A
443 3640 451 3654 ‚
472 3620 532 3648 fitis.
554 3629 582 3648 n.
605 3619 681 3647 idem
692 3617 788 3652 Veget.
804 3615 963 3645 Mulon1.2.
977 3621 1022 3642 22.

187 3658 437 3687 CANcaaosus
449 3678 457 3690 ,
479 3656 523 3686 vel
543 3657 773 3685 CANcaosus
785 3676 793 3689 ,
817 3663 850 3687 a,
876 3661 932 3682 um.
954 3648 1053 3680 Sarisb.
1072 3657 1095 3684 3.
1109 3650 1135 3678 6.
1160 3645 1253 3685 Serpit
1267 3656 1338 3676 mor.

224 3695 275 3724 bus
286 3693 447 3723 cancerosus
461 3694 489 3722 in
504 3703 609 3723 omnes.

779 1374 816 1379 —-
824 1367 896 1387 neve
909 1357 1040 1386 rubentes

224 3732 343 3761 Vulnera
352 3730 487 3760 cancrosa.
510 3731 583 3760 Sext.
598 3730 689 3759 Placit.
704 3740 728 3759 c.
741 3739 751 3758 1
760 3739 783 3758 1.

188 3769 210 3800 C
219 3779 238 3798 A
249 3779 268 3798 N
278 3779 295 3798 c
305 3779 325 3798 H
335 3770 351 3797 ι’.
361 3778 374 3796 ιῑ
383 3778 392 3795 1
402 3789 410 3802 ,
433 3768 535 3796 Arabiae
547 3767 662 3805 populi,
684 3767 757 3804 apud
774 3766 841 3795 l'lin.
857 3765 904 3794 lib.
921 3774 944 3798 ς.
958 3772 1019 3799 cap.
1035 3770 1076 3790 ιο,

187 3808 349 3872 ΟΛὲρίῗκ
359 3814 416 3870 ires}³
437 3805 499 3869 idig.
522 3805 538 3833 f.
560 3803 706 3842 [cilicem]
727 3803 900 3833 Libanotidis
919 3799 1060 3830 foecundae
1073 3797 1166 3827 semen
1178 3796 1215 3826 est
1226 3793 1340 3825 Diosco-

187 3882 210 3912 C
221 3854 322 3910 rilNlolA
330 3852 389 3913 1:³⁸⁵,
410 3852 448 3908 eps.
460 3864 500 3907 Is..
512 3878 673 3914 IEthiopum
687 3878 799 3914 regina,
821 3878 856 3906 de
878 3886 930 3912 qua
949 3875 983 3904 sic
996 3873 1094 3904 Strabo
1107 3894 1115 3907 ,
1138 3871 1267 3901 Candace
1290 3878 1339 3907 per

225 3919 316 3949 nostra
334 3924 460 3954 tempora
478 3915 655 3952 AEthiopibus
674 3914 838 3951 imperavit,
858 3914 944 3943 virilis
966 3913 1029 3941 sane
1048 3910 1162 3944 mulier,
1185 3908 1232 3938 sed
1252 3907 1339 3937 altero

1814 97 1842 130 C
1944 96 1969 129 A
2060 92 2094 127 N

2544 148 2547 159 .

1369 180 1452 210 oculo
1464 184 1552 215 capta.
1576 176 1642 206 Hsec
1655 177 1700 206 illc
1712 178 1758 205 lib.
1775 185 1815 208 17.
1841 177 1997 205 Commune
2013 174 2169 210 reginarum
2186 181 2290 202 nomen
2312 171 2380 201 Prin.
2392 170 2438 199 lib.
2450 173 2474 200 6.
2490 179 2496 184 ‘
2516 176 2521 179 “
2545 173 2547 181 “

1373 229 1432 254 cap.
1448 227 1490 250 Ὗ),
1514 215 1626 244 dicitur.
1665 217 1735 243 Sunt
1747 213 1919 246 quiefferunt
1930 213 2052 241 smum.
2084 211 2115 239 V.
2140 211 2261 246 interpp.
2276 210 2310 238 ad
2329 211 2383 238 Adi.
2395 214 2420 241 8.
2437 210 2486 243 i7s
2546 213 2547 243 i
2581 230 2583 234 .
2598 213 2599 216 ’

1725 253 1828 284 Qusrvis,
1850 250 1954 280 tieem
1968 262 1982 278 2¹.
1993 249 2124 286 magistris
2134 249 2291 285 accepimus
2303 246 2478 275 mansuetum.
2545 249 2548 280 ι
2566 247 2603 272 ...ὁ

1337 258 1568 286 CANoAcus,
1591 262 1622 286 a,
1644 263 1700 281 un».

1377 293 1396 320 V
1408 302 1458 320 :rro
1471 291 1504 320 de
1520 290 1547 319 L.
1561 290 1588 318 l..
1603 294 1627 318 6.
1640 294 1664 318 6.
1690 290 1726 318 Ex
1737 289 1823 318 Naevii
1837 289 1967 323 Agidone.

1338 332 1360 361 C
1375 341 1387 358 A
1400 340 1418 358 N
1429 340 1447 358 D
1458 339 1475 357 A
1489 338 1542 357 RA.
1554 328 1597 356 ve'.
1608 327 1629 356 C
1639 336 1684 357 AN
1698 338 1714 355 n
1727 337 1741 355 a
1752 337 1781 361 A,
1794 326 1846 355 auf.
1862 321 1999 361 [xoivalmga
2013 322 2226 360 ]Paphlagonite
2239 321 2386 359 oppidum,
2397 321 2482 351 tribus

1377 366 1496 397 schoenis
1505 375 1520 394 a
1531 365 1646 402 Gangris
1658 364 1767 399 distans,
1776 365 1801 393 ἃ,
1811 363 1933 393 Thariba
1943 363 2012 391 vico.
2035 360 2147 392 Gentile
2156 360 2193 389 est
2204 360 2375 389 Candrenus.
2390 358 2482 395 steph.

1342 406 1363 435 C
1376 414 1421 470 A?
1435 415 1452 432 r>
1465 414 1483 432 A
1495 413 1559 432 ΜΛ
1571 424 1579 436 ,
1614 412 1644 431 ae.
1672 403 1692 431 f.
1719 402 1942 431 Promontorium
1961 400 1998 429 est
2024 400 2054 429 in
2073 399 2131 428 Coo
2152 397 2246 427 insule..
2278 398 2380 426 Auctor
2398 395 2483 425 Strab.

1393 452 1428 470 r).
1445 452 1486 477 14.

1344 482 1365 509 C
1377 490 1393 507 A
1405 490 1422 508 N
1434 490 1452 507 D
1465 489 1482 507 A
1492 488 1508 506 v
1521 488 1529 506 ι
1540 488 1562 505 AE
1571 499 1578 511 ,
1600 476 1713 506 Montes
1724 475 1786 505 sunt
1797 475 1826 505 in
1834 475 2000 506 Macedonia
2009 496 2017 508 ,
2040 472 2181 510 dequibus
2191 472 2260 502 Plin.
2271 470 2319 500 lib.
2331 480 2357 504 4.
2368 479 2427 507 cap.
2441 479 2485 505 23.

1381 516 1508 546 Straboni
1524 514 1672 543 tameulib.
1684 522 1708 550 7.
1729 514 1868 544 Candavia
1879 535 1887 549 ,
1908 513 1992 542 Mons
2004 512 2042 541 est
2054 511 2174 548 lllyrici,
2196 510 2243 547 qui
2254 507 2489 538 macedoniamn.

1382 555 1553 592 lyricumque
1564 551 1743 580 disterminat.

1345 592 1367 622 C
1378 603 1394 620 A
1405 602 1423 620 N
1434 602 1450 619 n
1462 601 1479 618 A
1492 600 1534 618 αι,
1544 599 1578 632 as
1590 611 1597 624 ,
1618 590 1648 618 is.
1670 599 1707 618 m.
1736 583 1924 625 [καιὲὶιύλης]
1954 596 2037 624 quem
2054 586 2141 615 Graeci
2160 583 2302 622 Myrsilurn
2323 583 2489 618 nominant,

1384 628 1528 659 Herodoto
1546 637 1619 656 eirca
1631 627 1743 656 initium
1760 626 1822 656 libri
1839 626 1939 663 primi,
1960 624 2086 654 Sardium
2105 624 2158 652 fuit
2173 630 2325 660 tyrannus,
2346 620 2380 649 ab
2402 619 2490 650 Alcaeo

1384 666 1511 696 ilerculis
1521 665 1579 693 silio
1589 663 1732 694 oriundus.
1773 665 1797 694 Is
1806 673 1922 693 uxorem
1933 663 2003 691 adeo
2013 661 2137 696 amabat,
2158 667 2188 690 ut
2200 669 2262 689 eam
2275 669 2328 696 prae
2345 667 2438 687 amore
2454 667 2493 687 ar-

1384 705 1529 733 bitraretur
1540 702 1666 731 omniurn
1682 703 1849 731 feminarum
1865 701 1918 730 effe
1929 699 2152 738 pulcherrimam.
2193 697 2255 727 Hoc
2265 697 2302 725 ita
2313 695 2367 725 effe
2377 695 2425 724 sibi
2437 705 2494 733 per-

1384 741 1500 770 suadens
1511 762 1518 775 ‚
1540 740 1615 777 apud
1625 740 1730 777 Gygem
1741 739 1848 777 Dascyli
1858 739 1946 768 filium
1956 738 2002 766 libi
2013 736 2233 774 acceptissimum
2245 756 2252 767 ,
2272 734 2393 771 speciem
2403 733 2494 762 uxoris

1384 779 1463 815 supra
1475 778 1590 807 modum
1610 777 1777 813 extollebat3
1798 777 1967 810 tandemque
1986 774 2090 804 nudam
2106 784 2167 803 eam
2182 772 2252 810 Gygi
2271 770 2496 809 conspiciendam

1386 815 1538 854 preposuit.
1560 815 1653 851 Quare
1661 816 1694 844 ab
1705 825 1792 844 uxore
1802 815 1912 851 &Gyge
1922 814 2115 849 interemptus.
2139 811 2168 841 V.
2191 810 2286 845 Justin.
2299 808 2347 838 lib.
2362 818 2384 838 1.
2396 817 2455 845 cap.
2467 817 2494 845 7.

1349 855 1371 884 C
1384 865 1402 882 A
1412 863 1433 882 N
1447 864 1463 882 o
1473 863 1491 882 A
1501 863 1518 881 υ
1528 863 1591 882 Lus
1601 875 1609 887 ,
1630 853 1647 881 i.
1666 863 1702 882 nr.
1726 849 1923 888 [udrb‘ava&2]
1946 850 2064 880 Obsonii
2082 858 2168 886 genus
2185 848 2238 878 fuit
2254 857 2288 876 ex
2308 855 2390 876 carne
2405 845 2494 882 elixa,

1388 901 1459 929 pane
1469 912 1477 925 ‚
1499 892 1525 921 δε
1536 890 1613 920 caseo
1622 890 1750 928 Phrygio,
1772 900 1836 919 cum
1847 890 1949 919 anetho
1961 890 1986 918 ἃ
1995 888 2092 926 pingui
2101 888 2172 924 jure.
2211 885 2239 915 V.
2263 884 2383 921 Rhodig.
2392 882 2439 913 lib.
2450 893 2494 914 20.

1387 939 1448 966 cap.
1468 939 1508 962 14-

1385 975 1518 995 ANnAx
1532 987 1540 1000 ,
1561 965 1626 995 acis.
1666 965 1699 995 In
1720 973 1855 994 CANDA
1869 974 1920 993 ca.

1352 1005 1374 1034 C
1386 1015 1403 1033 A
1412 1014 1435 1048 N
1445 1014 1460 1047 n
1471 1013 1505 1032 aa
1514 1013 1541 1032 oe
1551 1013 1570 1031 A
1581 1025 1589 1038 ,
1609 1002 1688 1032 Palus
1698 1004 1774 1032 estin
1782 1002 1921 1032 radicibus
1931 1000 2049 1032 Carmeli
2062 1000 2183 1030 montis:
2205 999 2240 1028 de
2250 1008 2303 1036 qua
2313 997 2348 1026 sle
2358 995 2425 1026 Plin.
2438 995 2500 1026 scri-
2518 997 2522 999 “
2556 989 2563 1032 χ’

1390 1041 1544 1085 bitho-36.
1557 1050 1617 1078 cap.
1629 1044 1675 1070 26.
1699 1041 1758 1070 Pars
1768 1040 1806 1070 est
1819 1040 1921 1077 Syriae,
1942 1049 2002 1077 quae
2014 1039 2147 1068 Phoenice
2168 1043 2301 1072 vocatur,
2322 1035 2439 1064 finitima
2455 1034 2502 1070 ,Iu-

1391 1081 1473 1114 daeae,
1492 1085 1564 1108 mtra
1574 1079 1677 1107 montis
1687 1078 1805 1107 Carmeli
1816 1078 1922 1107 radices
1932 1077 2063 1115 paludem
2081 1075 2205 1110 habens,
2227 1083 2287 1112 quae
2304 1078 2416 1102 vocatur
2433 1072 2502 1102 Can-

1391 1117 1500 1160 deboea.
1539 1116 1580 1146 Ex
1592 1126 1624 1146 ea
1633 1117 1755 1146 creditur
1772 1115 1845 1145 nasci
1860 1114 1942 1145 Belus
1962 1116 2049 1144 amnis
2061 1135 2069 1149 ,
2084 1115 2136 1143 διο.
2174 1112 2295 1142 Variant.
2315 1110 2398 1140 codd.
2412 1110 2459 1140 hic
2474 1111 2501 1141 ἀ
2558 1116 2563 1145 ,³
2593 1129 2594 1134 =

1392 1154 1441 1184 lib.
1458 1165 1480 1190 ς.
1494 1164 1554 1192 cap.
1570 1163 1611 1190 19.
1633 1154 1665 1184 In
1672 1154 1731 1183 aliis
1742 1153 1891 1183 Candebea
1900 1174 1909 1189 ,
1929 1152 1963 1183 al.
1985 1151 2148 1182 Candebria.
2169 1150 2246 1180 Editi
2256 1148 2406 1179 Cendevia.
2487 1157 2491 1180 ι
2600 1147 2602 1150 “

1356 1192 1635 1226 CANoarAcro,
1664 1191 1878 1221 V.CAano.
2537 1191 2540 1195 ’
2597 1185 2599 1193 ’

1357 1232 1378 1260 C
1389 1241 1406 1258 A
1416 1240 1437 1259 N
1447 1240 1464 1258 D
1475 1239 1489 1258 a
1501 1241 1528 1273 1,
1549 1229 1656 1272 Arabici
1667 1229 1737 1259 sinus
1745 1229 1844 1267 populi
1855 1250 1863 1264 ,
1884 1237 1953 1274 quos
1965 1227 2169 1265 Ophiophagos
2181 1224 2217 1254 ob
2238 1224 2267 1254 id
2286 1229 2390 1254 vocant
2399 1245 2408 1258 ,
2430 1223 2504 1259 quod

1392 1267 1564 1311 serpentibus
1576 1267 1648 1296 vesei
1660 1267 1711 1296 sint
1718 1267 1798 1296 soliti.
1817 1266 1885 1296 Plin.
1898 1266 1945 1296 rib.
1958 1269 1984 1295 6.
1997 1274 2057 1303 cap.
2067 1275 2112 1302 29.
2124 1266 2151 1295 ἃ
2162 1263 2332 1301 Pomponius
2339 1261 2416 1292 Mela
2425 1260 2503 1298 lib.3.
2521 1259 2528 1296 ,ἰ

1394 1316 1454 1343 cap.
1467 1316 1493 1340 9.
1505 1315 1535 1334 1n
1546 1304 1734 1342 descriptione
1745 1305 1816 1334 sinus
1834 1303 1950 1333 Arabici.
2531 1297 2545 1329 ζ

1356 1343 1437 1387 CAN
1449 1346 1542 1386 οἴης.
1553 1364 1562 1377 ,
1581 1353 1612 1372 ae.
1633 1344 1651 1372 f.
1674 1343 1790 1378 [κηρὶς]
1810 1342 1965 1372 aCandore
1975 1340 2097 1370 luminis.
2117 1339 2186 1369 Plin.
2198 1338 2246 1368 lib.
2262 1346 2303 1375 13.
2319 1347 2379 1374 cap.
2393 1345 2437 1373 13.
2457 1334 2506 1366 La.

1394 1381 1491 1419 pidem
1500 1379 1578 1410 furffe
1589 1381 1751 1417 quadratum
1763 1381 1870 1409 circiter
1884 1380 1913 1408 in
1931 1379 2026 1408 medio
2037 1400 2045 1413 ,
2066 1378 2140 1407 arete
2159 1377 2285 1406 vinctum
2301 1374 2425 1405 candelis
2440 1384 2506 1411 quo-

1394 1429 1450 1456 quo
1462 1418 1559 1447 versus.
1598 1418 1730 1456 Loquitur
1745 1418 1781 1447 de
1790 1417 1884 1455 lapide
1894 1417 1924 1446 in
1935 1427 1990 1454 quo
1998 1416 2100 1454 reperti
2111 1415 2173 1444 sunt
2182 1414 2246 1443 libri
2260 1414 2367 1443 Numae.
2393 1412 2506 1442 Hermo·
2523 1434 2525 1437 .

1396 1456 1455 1486 laus
1467 1478 1475 1491 ,
1497 1455 1628 1485 Candelae
1637 1477 1645 1491 ,
1665 1456 1774 1499 inquit,
1795 1455 1857 1485 sunt
1867 1464 2030 1492 quacunque
2040 1453 2166 1483 constent
2175 1451 2288 1482 materia
2300 1473 2308 1486 ,
2329 1445 2424 1487 scirpis
2435 1471 2443 1485 ,
2462 1455 2507 1480 tae-
2522 1476 2525 1481 ,

1397 1495 1447 1538 da,
1468 1493 1530 1523 sevo
1540 1515 1548 1529 ‚
1569 1502 1650 1523 cera:
1670 1501 1711 1522 ut1
1722 1494 1823 1523 mirum
1834 1503 1869 1522 ne
1882 1493 1914 1521 fit
1925 1515 1933 1528 ,
1954 1492 2040 1521 libros
2050 1492 2151 1521 Numae
2167 1489 2291 1519 candelis
2305 1488 2447 1518 involutos
2457 1493 2508 1517 tra-
2524 1487 2526 1489 ’

1398 1533 1436 1561 dr.
1477 1530 1508 1560 V.
1531 1533 1556 1561 &
1569 1532 1652 1561 Hard.
1664 1531 1761 1567 Juven.
1774 1541 1799 1568 3.
1817 1531 1948 1564 Sat.286.
2030 1527 2319 1558 ——velbrevelumen

1452 1569 1592 1605 Candelce,
1603 1569 1680 1602 cuius
1689 1568 1815 1607 dispenso
1825 1570 1851 1598 &
1862 1574 1989 1606 tempero
2000 1566 2086 1596 filum.

1398 1607 1546 1645 Apponere
1562 1607 1709 1637 candelam
1723 1607 1817 1636 valvis.
1839 1607 1938 1641 Juven.
1952 1616 1977 1641 9.
1989 1606 2042 1635 Sat.
2057 1610 2100 1640 98.
2124 1602 2352 1633 delncendiario.

1397 1645 1498 1688 Sebare
1509 1645 1659 1688 candelas..
1685 1645 1821 1674 Columel.
1834 1644 1881 1674 lib.
1895 1654 1921 1673 2.
1936 1653 1997 1681 cap.
2007 1652 2052 1673 22.
2082 1642 2164 1671 Feriis
2178 1648 2271 1670 autem
2292 1641 2360 1669 ritus
2375 1637 2509 1674 maiorum

1416 1690 1500 1729 etiarn
1512 1682 1558 1711 illa
1572 1683 1726 1720 permittit,
1747 1683 1786 1712 far
1796 1681 1917 1720 pinsere,
1938 1681 2011 1710 faces
2026 1680 2167 1714 incidere,
2187 1677 2316 1708 candelas
2329 1677 2430 1707 sebare.
2450 1677 2468 1706 i.
2483 1685 2508 1706 e.

1367 1758 1384 1768 ἢ
1417 1720 1490 1750 bebo
1500 1721 1543 1750 vel
1554 1720 1617 1750 sevo
1629 1721 1747 1750 induere
1757 1720 1946 1757 ellychnium,
1968 1721 1993 1748 8<
2008 1718 2038 1747 in
2052 1716 2198 1747 candelam
2209 1716 2387 1746 concinnare.

1362 1765 1384 1788 C
1393 1768 1412 1786 A
1421 1767 1441 1787 N
1452 1769 1469 1800 p
1479 1768 1492 1786 1
1502 1769 1517 1786 L
1526 1762 1543 1787 A
1551 1768 1567 1786 Β
1576 1768 1593 1786 a
1601 1768 1620 1787 u
1631 1769 1650 1787 M
1662 1780 1670 1793 ,
1690 1758 1708 1787 i.
1728 1768 1755 1787 n.
1780 1758 1895 1794 [λυχνίον
1905 1779 1913 1793 ‚
1936 1753 2096 1791 κηςιπιὶκον]
2115 1755 2218 1784 dicitur
2227 1754 2303 1790 quod
2319 1754 2348 1782 in
2362 1762 2396 1781 eo
2413 1751 2511 1781 cande-

1400 1796 1433 1839 lae
1445 1798 1577 1839 rigantur,
1599 1797 1712 1839 aucstore
1721 1796 1806 1825 Festo.
1826 1796 1910 1824 Varro
1921 1805 1948 1830 4.
1964 1794 1999 1823 de
2015 1793 2045 1823 L.
2056 1793 2086 1822 L.
2109 1791 2313 1822 Candelabrum
2331 1800 2347 1820 a
2366 1788 2508 1819 Candela:

1400 1833 1486 1900 giliis
1499 1843 1575 1900 {arigim
1588 1833 1704 1863 funiculi
1714 1832 2009 1870 ardentesfigebantur.
2032 1831 2151 1861 Martial.
2176 1830 2212 1860 de
2228 1827 2402 1859 candelabro
2419 1827 2514 1856 Corin·
2538 1849 2541 1851 .
2566 1830 2567 1850 ἒ

1422 1881 1460 1900 uo
1471 1893 1478 1906 ‚
1511 1882 1519 1899 1
1542 1894 1548 1901 .
1567 1880 1609 1907 14.
1620 1880 1664 1907 43.

1479 1909 1603 1938 Nomina
1611 1908 1732 1938 candelae
1743 1907 1824 1937 nobis
1836 1908 1949 1945 antiqua
1959 1907 2098 1936 dederunt
2109 1915 2116 1936 :

1536 1947 1602 1976 Non
1610 1953 1690 1976 norat
1698 1955 1793 1984 parcos
1804 1948 1888 1975 uncta
1894 1946 2008 1975 lucerna
2016 1952 2115 1982 patres.
2191 1943 2249 1972 Cic.
2261 1952 2287 1977 4·
2297 1941 2372 1971 Verr.
2389 1945 2449 1977 183.
2460 1939 2515 1969 Un-

1423 1984 1458 2028 de
1469 1985 1667 2022 quinquaginta
1674 1984 1858 2014 tricliniorum
1867 1984 1970 2018 lectos,
1990 1983 2067 2012 unde
2085 1987 2129 2011 tot
2138 1980 2324 2010 candelabra?
2535 1983 2537 1986 ⁴

1403 2022 1551 2060 Dionylius
1561 2022 1792 2066 tyrannusjunior
1801 2043 1810 2057 ,
1830 2028 1861 2051 ut
1871 2028 1966 2050 notam
1976 2021 2085 2050 dierum
2096 2020 2182 2049 totius
2190 2019 2256 2047 anni
2266 2017 2400 2052 traderet,
2419 2016 2447 2045 in
2454 2014 2516 2052 Pry-

1423 2068 1506 2089 taneo
1516 2060 1670 2090 Tarentino
1681 2060 1742 2089 fixit
1754 2059 1950 2088 candelabrum
1961 2081 1968 2094 ‚
1988 2059 2017 2087 in
2029 2068 2083 2095 quo
2103 2064 2146 2087 tot
2156 2055 2394 2086 succendebantur
2403 2053 2495 2090 lychni
2504 2073 2514 2088 ,

1423 2104 1491 2134 quot
1501 2098 1565 2127 anni
1577 2099 1635 2127 dies
1645 2104 1731 2127 erant.
1753 2098 1840 2127 Notat
1848 2097 1878 2126 id
1889 2096 1965 2126 Alex.
1977 2095 2010 2126 ab
2021 2096 2095 2125 Alex.
2107 2095 2157 2124 lib.
2171 2104 2194 2124 1.
2206 2103 2267 2132 cap.
2281 2103 2323 2128 14·
2602 2109 2604 2124 4

1405 2136 1492 2167 AEnea
1503 2136 1675 2166 candelabra.
1707 2135 1775 2169 ‚Cic.
1789 2138 1815 2164 6.
1834 2135 1908 2164 Verr.
1923 2137 1967 2164 60.
1998 2133 2059 2169 Jam
2070 2143 2136 2163 vero
2152 2132 2237 2161 ledtos
2248 2137 2343 2160 aeratos
2353 2131 2379 2160 ἀ
2389 2127 2516 2158 candela·
2551 2142 2555 2147 ·
2568 2126 2569 2129 ’
2603 2145 2604 2149 =

1425 2174 1472 2240 gra
1483 2183 1564 2232 renea>
1574 2196 1582 2210 ‚
1604 2183 1671 2203 num
1681 2173 1726 2203 cui
1737 2179 1835 2211 praeter
1843 2173 1924 2202 istum
1935 2172 2070 2210 Syracusis
2081 2181 2130 2210 per
2141 2169 2293 2200 triennium
2303 2169 2375 2198 fasta
2393 2165 2448 2197 effe
2463 2165 2529 2196 exi-¹
2568 2181 2569 2191 κ
2599 2172 2601 2179 ’

1449 2218 1539 2241 imatrs
1555 2235 1561 2240 .

1406 2248 1528 2292 Humile.
1551 2249 1669 2286 Quintil.
1679 2248 1726 2277 lib.
1740 2251 1766 2277 6.
1778 2257 1839 2286 cap.
1854 2256 1878 2284 3.

1406 2286 1541 2324 Ligneum
1555 2287 1761 2317 candelabrum.
1783 2286 1891 2315 Petron.
1903 2294 1964 2322 cap.
1981 2294 2026 2320 95.

1368 2323 1390 2354 C
1401 2334 1420 2352 A
1432 2334 1451 2352 N
1463 2335 1480 2353 o
1489 2335 1502 2353 a
1512 2336 1527 2354 L
1538 2335 1557 2353 A
1566 2336 1581 2353 s
1590 2335 1605 2353 a
1617 2335 1634 2354 u
1643 2335 1654 2354 s
1664 2346 1671 2359 ,
1694 2325 1711 2353 i.
1728 2334 1763 2353 rn.
1787 2323 1916 2360 antiquis.
1939 2322 2031 2352 Caecil.
2054 2319 2202 2351 Meretrice
2213 2340 2221 2355 ,
2243 2318 2362 2349 Memini
2372 2317 2412 2347 ibi
2421 2315 2520 2346 cande-

1404 2362 1514 2392 labrum
1523 2362 1646 2399 ligneum
1656 2363 1808 2391 ardentem.
1850 2361 1890 2390 Ex
1902 2361 2005 2390 Nonio.
2044 2356 2242 2396 [Accusativus
2255 2357 2293 2386 est
2307 2378 2314 2391 ,
2343 2366 2359 2384 a
2369 2357 2443 2384 resto
2453 2353 2521 2383 Can·
2553 2387 2556 2390 Α

1406 2400 1519 2429 delaber
1530 2400 1656 2430 fortassis.
1696 2400 1743 2429 Sic
1757 2398 1910 2428 Canistrum
1922 2400 1948 2427 &
1957 2397 2077 2427 Canister
2089 2418 2098 2432 ,
2119 2395 2309 2425 Calamistrum
2319 2395 2345 2424 δε
2355 2391 2519 2427 Galamister‚

1405 2437 1513 2475 aliaque
1525 2448 1606 2475 quam
1618 2437 1735 2475 plurima
1747 2434 1940 2466 efferebantur.
1989 2462 1992 2465 ,

1406 2476 1526 2514 Magnus
1542 2476 1587 2505 hic
1603 2475 1783 2505 candelabrus
1795 2475 1840 2504 est.
1863 2474 1971 2503 Petron.
1984 2483 2044 2511 cap.
2056 2482 2101 2510 75.

1369 2513 1448 2581 (3μὲ
1460 2524 1545 2581 1³20,
1566 2514 1615 2549 ui,
1635 2509 1845 2549 [λαιωάνομιι]
1866 2514 1920 2541 Ere.
1953 2511 1992 2541 est
2009 2511 2122 2549 proprie
2145 2508 2305 2539 Candidum
2319 2505 2381 2537 effe.
2403 2504 2477 2543 Virg.
2489 2512 2515 2540 4;
2546 2524 2549 2526 -

1444 2561 1471 2580 n.
1513 2561 1535 2583 1.

1500 2588 1653 2618 Candentis
1665 2596 1756 2617 vaccae
1767 2587 1860 2617 media
1868 2587 1940 2616 inter
1955 2594 2059 2615 cornua
2072 2584 2174 2614 fundit.

1409 2627 1504 2656 Atrum
1517 2628 1542 2657 &
1552 2626 1681 2656 Candens
1690 2632 1880 2663 opponuntur.
1902 2624 1985 2654 Ovid.
1999 2633 2010 2652 1
2019 2634 2041 2653 1.
2052 2623 2122 2652 Met.
2135 2631 2201 2659 μς,

1504 2664 1630 2693 Candida
1640 2664 1674 2692 de
1684 2664 1769 2699 nigris
1781 2685 1788 2697 ‚
1810 2665 1836 2693 ἃ
1848 2663 1883 2692 de
1892 2661 2077 2691 candentibus
2088 2666 2154 2690 atra.

1412 2701 1495 2730 Color
1506 2702 1636 2731 candens
1660 2701 1728 2730 l’lin.
1744 2700 1790 2729 lib.
1803 2710 1829 2730 2.
1850 2710 1910 2738 cap.
1926 2705 1966 2733 18-

1412 2740 1529 2778 Corpus.
1554 2739 1624 2776 Virg.
1644 2749 1669 2774 9.
1691 2739 1753 2768 [En.
1773 2744 1834 2772 563.

1605 2792 1642 2795 ——
1652 2782 1699 2805 aut
1712 2775 1844 2805 candenti
1855 2784 1971 2812 corpore
1983 2782 2104 2811 cygnum

1436 2852 1442 2859 ε
1505 2813 1618 2843 Sustulit
1626 2814 1679 2842 alta
1688 2821 1802 2851 petens,
1823 2813 1942 2850 pedibus
1949 2812 2025 2848 Jovis
2035 2811 2151 2848 armiger
2165 2809 2255 2839 uncis.

1414 2852 1488 2882 Ebur
1498 2852 1608 2881 candet.
1640 2851 1741 2881 Catull.
1752 2854 1796 2881 62.
1811 2861 1856 2886 45.

1413 2890 1585 2928 Elephantus
1594 2890 1725 2918 candens.
1750 2889 1822 2925 Virg.
1833 2892 1858 2917 6.
1870 2888 1932 2918 AEn.
1946 2889 2008 2922 896.

1478 2966 1483 2970 Ι
1496 2927 1584 2956 Altera
1597 2927 1728 2965 candenti
1745 2927 1866 2964 perfecta
1876 2927 1968 2954 nitens
1980 2922 2141 2962 elephanto.

1415 2965 1485 3001 Equi
1498 2965 1658 2994 candentes.
1680 2964 1779 2994 Claud.
1792 2973 1817 2993 2.
1830 2964 1859 2992 in
1877 2973 1901 2993 1.
1914 2961 1996 2992 Cons.
2009 2961 2068 2992 Stil.
2085 2964 2147 2998 369.

1416 3003 1496 3033 Lana.
1519 3001 1618 3031 Catull.
1633 3006 1677 3031 62.
1696 3007 1758 3037 3¹8-

1417 3041 1494 3071 Lilia.
1516 3040 1613 3069 Claud.
1630 3040 1658 3068 in
1675 3039 1760 3068 Laud.
1775 3039 1869 3068 Seren.
1883 3047 1928 3074 91.

1417 3079 1525 3109 Lumen
1536 3077 1616 3106 Solis.
1638 3076 1746 3106 Lucret.
1758 3076 1806 3106 lib.
1822 3080 1847 3105 6.
1864 3085 1943 3111 1195.

1417 3118 1550 3147 Marmor.
1572 3115 1678 3144 Lucret.
1691 3114 1739 3144 lib.
1753 3124 1777 3143 2.
1789 3117 1852 3149 766.

1418 3155 1524 3185 Pruinae
1535 3153 1695 3182 candentes.
1719 3151 1815 3181 Claud.
1830 3151 1865 3180 de
1876 3149 1963 3187 Nupt.
1974 3148 2080 3178 Honor.
2096 3156 2138 3184 52.

1418 3193 1535 3222 Taurus.
1560 3190 1630 3227 Virg.
1643 3201 1665 3225 ς.
1677 3190 1740 3220 ῘΕη.
1753 3192 1816 3225 236.

1416 3231 1500 3267 Virgo
1512 3229 1644 3258 candens.
1668 3228 1725 3257 Cic.
1740 3226 1769 3256 in
1782 3228 1852 3255 Arat.
1882 3224 1924 3253 De
1939 3224 2032 3253 sidere.
2579 3239 2581 3247 .

1417 3268 1544 3298 Candere
1555 3288 1562 3301 ,
1584 3264 1772 3301 [πιιρφκῖἑεῦς]
1793 3263 1913 3301 Ignitum
1928 3261 1989 3290 else.
2021 3261 2093 3290 Nam
2102 3265 2170 3289 tunc
2182 3267 2246 3288 vere
2255 3256 2341 3292 imita
2351 3254 2451 3285 dicitur
2460 3258 2528 3290 quae»
2580 3260 2581 3264 ¹

1437 3313 1548 3341 cunque
1562 3303 1692 3337 materia,
1714 3311 1800 3339 quum
1810 3310 1867 3329 non
1878 3298 1975 3333 rubet,
1995 3298 2042 3327 sed
2051 3299 2107 3333 jam
2120 3297 2230 3326 candet.
2253 3295 2311 3324 Cic.
2328 3304 2354 3323 2.
2372 3290 2428 3322 Off.
2440 3301 2482 3326 ²5·
2496 3289 2531 3331 de·
2591 3312 2601 3331 Ι,

1741 3339 1799 3376 Qui
1810 3337 1912 3368 cultros
1922 3344 2050 3366 metuens
2059 3335 2195 3365 tonsorios
2206 3334 2343 3363 candente
2353 3329 2470 3361 carbone
2485 3324 2533 3356 sibi
2579 3335 2582 3350 2
2598 3331 2601 3333 '

2224 2922 2243 2950 i.
2255 2928 2279 2949 e.
2301 2918 2399 2949 Ebore.

1439 3341 1571 3378 Dionysio
1583 3348 1700 3377 tyranno
1711 3361 1719 3373 ,

1438 3379 1571 3409 adurebat
1583 3377 1738 3415 capillum?

1420 3420 1472 3448 Aer
1486 3416 1595 3447 candet.
1618 3415 1701 3444 Ovid.
1715 3424 1736 3443 1.
1751 3414 1820 3444 Met.
1833 3420 1893 3442 120.

1499 3455 1574 3484 Tum
1585 3453 1706 3491 primum
1717 3451 1791 3481 siccis
1801 3452 1847 3480 a'e‘r
1857 3448 2010 3479 fervoribus
2019 3447 2093 3477 ustus
2216 3444 2346 3474 Canduit.

1420 3493 1514 3524 IEstas.
1537 3491 1639 3520 Lucan.
1650 3490 1700 3519 lib.
1714 3500 1735 3519 1.
1751 3498 1813 3525 2¹3·
1843 3488 1914 3517 Cum
1927 3486 2030 3515 fervida
2045 3483 2160 3514 canduit
2172 3483 2255 3512 aestas.

1422 3531 1495 3560 Axis.
1519 3529 1602 3558 Ovid.
1614 3538 1639 3557 2.
1657 3528 1725 3556 Met.
1738 3536 1800 3563 297.
1833 3525 1865 3555 ln
1876 3522 1969 3553 fabula
1988 3522 2153 3552 Phaetontis.

1519 3566 1624 3603 Vixque
1634 3564 1686 3594 suis
1697 3563 1818 3594 humeris
1827 3562 1995 3593 candentem
2006 3559 2116 3590 sustinet
2125 3566 2213 3588 asem.

1423 3605 1552 3643 Chalybs.
1575 3603 1622 3633 Sil.
1640 3602 1688 3632 lib.
1706 3612 1727 3632 1.

1515 3642 1581 3671 Non
1597 3642 1692 3677 ignes,
1713 3636 1888 3675 candensque
1898 3635 2020 3673 chalybs.

1424 3680 1511 3709 Cinis.
1534 3679 1618 3709 Ovid.
1630 3688 1654 3707 2.
1665 3679 1701 3707 de
1714 3679 1773 3707 Arte
1784 3678 1839 3705 lim.
1859 3684 1923 3710 440.

1618 3715 1769 3744 —summo
1778 3713 1878 3743 candet
1886 3713 1914 3741 in
1922 3712 1987 3748 igne
1999 3710 2079 3740 cinis.

1425 3753 1539 3784 Faviila.
1563 3753 1636 3789 Virg.
1654 3761 1679 3789 3.
1694 3753 1755 3783 AEn.
1771 3760 1829 3789 573.

1426 3791 1550 3821 Ferrum.
1574 3791 1776 3819 Lucret.lib.6.
1796 3795 1857 3824 147.

1428 3827 1549 3858 Lamina.
1570 3828 1653 3857 Ovid.
1665 3838 1691 3862 9.
1709 3828 1776 3857 Met.
1792 3835 1852 3862 ¹70-
2108 3854 2113 3863 ι

1428 3865 1548 3895 Phoebus
1563 3866 1726 3894 candentior
1737 3887 1745 3899 ,
1767 3862 1814 3894 Sol
1823 3859 1972 3892 ardentior.
1994 3856 2083 3888 Valer.
2095 3856 2142 3886 lib.
2156 3863 2179 3893 3.
2194 3860 2257 3892 48¹.

1428 3903 1606 3932 vestistincta
1615 3912 1701 3933 cocco
1713 3901 1824 3932 candet.
1847 3898 1913 3929 flor.
1930 3907 1956 3928 2.
1968 3897 2055 3926 Serm.
2068 3899 2093 3926 6.
2108 3903 2169 3931 103.
2193 3894 2211 3924 i.
2222 3903 2247 3923 e.
2266 3890 2361 3930 fulget.
