2604 4222
98 119 171 155 724
529 101 559 135 C
654 97 686 133 R
779 94 816 128 O

136 191 258 226 Spirans.
282 187 377 223 Juven.
393 194 419 221 7.
439 184 493 214 Sat.
506 187 569 213 2053.

138 228 245 265 Tyrius.
268 226 364 254 Claud.
378 224 466 261 Epigr.
480 222 515 249 de
525 220 602 249 Zona
612 239 620 252 ‚
643 221 682 259 8‘.

139 266 238 298 Croci,
259 264 286 292 in
296 262 393 300 plurali
406 283 413 295 ,
435 259 508 297 apud
518 258 615 292 Juven.
631 263 654 290 7.
666 253 794 291 Sanaos.

229 299 419 339 Spirantesque
430 305 522 326 crocos
532 317 538 327 ,
551 295 601 323 &a
694 288 727 317 Et
738 284 820 329 O.V¹d·
833 294 859 320 4.
871 283 939 313 Met.
954 287 1015 315 393.
1053 316 1057 321 ⁵

329 353 364 357 -
381 329 682 367 redolentniyrrliaeque
693 331 830 360 orceique.
910 320 1030 356 Propert.
1040 315 1088 345 lib.
1098 323 1125 350 4.
1139 323 1163 344 1.
1178 316 1222 343 16.

231 375 337 413 Pulpira
344 374 467 403 solennes
478 378 532 398 non
543 367 636 396 oluere
645 372 750 393 crocos.
862 357 1013 387 Poeticum.

140 409 472 486 (Ciggppi'innrptztgilpgriilicie.
483 403 745 481 piilcinStielehazffq‘iiaopd
756 396 866 468 31:003?
876 395 1026 461 l§absit->ribus
1035 450 1043 464 ,
1064 429 1091 458 ἃ.
1102 426 1162 456 aliis
1172 425 1244 455 odo-

160 470 922 560 ‘³b⁰⁵rss⁰q¹¹us835ilesffiess‘ssss‘couffiicsssgffiiss'sepcssi‘seteiif'·
934 470 1059 535 ²535..
1073 501 1154 539 Epist.
1166 508 1239 538 ηρ.

233 564 539 632 ξξὶξὶῗεῗεῇῃὲιῗὶξῗεεεῗιτηῖ
550 545 1114 621 hilaresque'peerapgiztgpkllptaikl'tffistrionibus
1122 576 1151 605 in
1161 575 1241 605 scena

255 649 258 651 ’
304 638 308 642 ”
481 633 486 636 “
528 640 546 658 s.
567 626 639 657 conf.
662 625 711 655 Pro
735 628 782 653 ert.
798 623 815 650 1.
829 631 852 650 c.
1016 655 1021 660 ¹

103 678 147 708 Ca
158 632 535 707 gmpqlssntzbushssarpgijnu':
546 660 669 701 aenaim]
691 635 770 691 CpOCi
782 658 901 702 coloris..
920 656 988 700 Plin.
1003 654 1050 697 lib.
1064 661 1108 696 ².²·
1119 661 1179 688 cap.
1196 659 1239 686 η.

140 716 228 745 Mutat
238 696 310 740 enim
326 719 388 739 cum
404 716 471 737 terra
480 705 602 736 colores,
625 701 670 730 hic
684 701 760 737 niger
774 719 782 733 ,
802 697 860 725 illic
877 694 986 729 viridis,
1005 690 1090 722 aliubi
1102 698 1239 726 cyaneus,

138 751 218 781 aliubi
235 757 354 777 croceus.
378 746 450 781 Virg.
468 754 490 772 i.
511 742 644 776 AEn.715.

216 787 245 815 Et
257 787 467 815 circumtextum
479 788 578 809 croceo
589 778 714 806 velamen
722 771 848 803 acantho.

137 826 256 855 Amic'tus
267 832 387 852 croceus.
411 819 494 849 Ovid.
508 826 531 853 3.
543 817 578 844 de
591 817 653 844 Arte
666 814 723 842 Am.
739 819 800 848 179.

137 863 272 898 Chlamys.
298 861 364 894 vng.
381 868 418 887 ii.
430 857 489 887 liin.
502 864 562 897 775.

135 900 200 929 Dies
216 921 223 933 ,
244 901 353 927 Aurora.
376 895 470 924 Claud.
484 903 509 922 2.
525 902 552 920 in
564 890 675 926 Eutrop.
688 895 750 923 5²9·

135 938 234 967 flores.
261 936 327 969 Virg.
340 945 364 968 4.
379 934 475 967 (icore.
489 939 548 964 109.

133 975 264 1004 frondes.
286 973 370 1000 Valer.
385 983 409 1005 4.
423 971 575 1005 Argon.23.
620 1000 626 1008 .
708 998 714 1006 ι
739 996 745 1005 .
939 994 945 1001 ·
989 994 994 1001 ⁸

134 1012 230 1041 Honor
243 1019 354 1039 croceus
368 1030 375 1042 ,
397 1008 450 1036 Pici
463 1007 489 1035 in
502 1013 578 1034 aveni
589 999 627 1031 sui
638 1007 760 1030 nominis
768 994 897 1026 conversi.
918 992 965 1024 Sil.
977 994 1024 1023 lib.
1036 997 1062 1026 8.
1078 1000 1144 1027 444.

132 1050 220 1086 ignes.
261 1047 357 1077 Claud.
370 1054 394 1074 2.
409 1046 436 1073 in
456 1054 478 1072 1.
491 1041 571 1071 Cons.
581 1040 639 1070 Stil.
651 1042 715 1074 467.
737 1035 848 1065 Croceis
869 1040 990 1062 rorantes
1010 1030 1119 1068 ignibus
1132 1029 1236 1059 hortos.

151 1088 190 1115 De
203 1085 273 1116 Solis
289 1084 382 1113 hortis.
1111 1106 1117 1111 ·

131 1123 240 1154 Lutum.
283 1122 351 1158 virg.
365 1131 390 1156 4.
401 1119 456 1148 Ecl.
469 1127 513 1153 44.
535 1113 688 1154 Hypallage
699 1110 755 1146 est,
775 1119 824 1147 pro
836 1107 925 1137 Croco
935 1106 1021 1136 luteo.
1041 1106 1160 1136 SerV1us.

131 1162 246 1191 Odores.
270 1160 341 1195 Virg.
356 1168 378 1186 i.
396 1157 493 1192 Georg.
511 1158 552 1189 5⁶-

131 1199 213 1228 Prata.
237 1197 332 1226 Claud.
348 1194 426 1224 Cons.
440 1192 517 1223 Prob.
534 1192 560 1220 δι
571 1188 652 1226 Olyb.
666 1193 729 1222 273.
926 1221 931 1227 ι

94 1236 116 1266 C
127 1246 140 1265 R
151 1246 192 1265 oc
204 1239 241 1264 aa
252 1245 294 1264 τυ
305 1244 333 1268 s,
355 1243 370 1262 a
384 1254 392 1267 ,
413 1240 467 1261 um.
489 1229 549 1263 Adi.
571 1228 656 1258 Idem.
678 1220 831 1254 Adelhelm.
847 1218 882 1250 de
898 1217 971 1257 Virg.
983 1226 1044 1256 cap.
1054 1226 1081 1248 2.
1103 1217 1236 1247 Croceata

130 1274 290 1311 genistarum
300 1270 451 1301 cacumina.
502 1304 506 1310 ⁵

91 1311 137 1341 Cir
150 1315 215 1340 ocii
228 1319 294 1339 *rus
310 1332 317 1343 ,
336 1319 364 1340 a.
384 1316 438 1337 um.
458 1304 516 1341 Ad).

130 1350 254 1385 nigrum,
278 1347 323 1376 alii
333 1352 482 1375 crocatum.
949 1369 955 1376 ,
1195 1366 1201 1373 ·

93 1386 137 1415 Ca
149 1389 207 1414 oei
219 1396 236 1414 N
249 1395 265 1413 υ
275 1394 286 1412 s
299 1406 306 1419 ,
326 1394 341 1412 a
352 1405 360 1419 ‚
380 1392 436 1412 um.
459 1380 517 1415 Adj.
540 1375 687 1414 [κςέκινῷυ]
697 1371 783 1403 Idem.
804 1377 852 1406 ut,
874 1370 1026 1400 Crocinum
1037 1367 1141 1397 semen.
1162 1366 1232 1397 Plin.

128 1424 176 1453 lib.
191 1433 232 1452 21.
246 1432 303 1459 cap.
320 1431 359 1454 ιο.
382 1420 480 1449 Semen
498 1417 539 1446 his
549 1415 686 1453 optimum
699 1412 842 1441 crocinum
852 1429 861 1445 ‚
881 1417 933 1439 nec
945 1406 1075 1437 anniculo
1087 1406 1230 1441 vetustius,

123 1460 152 1490 ἃ
164 1462 191 1489 in
204 1460 298 1489 umbra
308 1458 427 1487 siccatur.

127 1497 233 1528 Tunica
245 1497 362 1526 crocina.
385 1492 472 1524 Catul.
485 1494 530 1522 66.
543 1497 604 1527 134.
806 1520 812 1529 ,
891 1518 898 1527 .

90 1535 135 1565 Ca
144 1538 161 1566 ὁ
171 1538 203 1564 ci
213 1545 230 1564 N
242 1545 257 1563 c
269 1546 299 1569 M,
320 1535 338 1563 i.
360 1543 388 1562 n.
412 1529 552 1568 [κρόκινον]
573 1528 665 1557 Genus
678 1528 831 1563 unguenti:
852 1528 932 1557 cujus
943 1516 1036 1550 oleum
1047 1519 1085 1549 est
1095 1523 1230 1549 excrocok

127 1573 162 1602 de
172 1584 226 1610 quo
238 1573 304 1601 Plin.
316 1571 362 1600 lib.
380 1578 419 1605 ¹3-
433 1578 493 1606 cap.
509 1576 550 1603 13.
572 1564 726 1602 Unguentis
742 1561 911 1603 cognomina
925 1559 1027 1603 dedere
1045 1557 1105 1586 aliis
1118 1558 1230 1601 patriae,

127 1611 186 1640 aliis
198 1610 266 1639 succi
281 1631 288 1643 ,
309 1609 367 1638 aliis
376 1607 485 1636 arbores
495 1626 503 1639 ,
525 1604 583 1634 aliis
593 1601 694 1633 causae,
717 1600 894 1642 primumque
904 1596 1007 1639 idscire
1019 1603 1159 1639 convenit,
1171 1604 1232 1624 mu.

125 1654 208 1677 tatam
222 1647 429 1678 auc‘toritatem,
450 1637 708 1679 &saepiustransiss‘e
740 1637 844 1666 loriam.
877 1633 1100 1679 Laudatiiiimum
1113 1633 1232 1677 su¹.t.³.¹¹‘

126 1686 276 1722 tiquitusin
295 1684 364 1712 Delo
376 1682 480 1715 insula,
501 1680 592 1717 postea
612 1676 714 1708 Mende
728 1682 792 1704 ium.
830 1673 981 1702 Crocinum
994 1681 1023 1700 in
1040 1669 1111 1700 Solis
1125 1670 1231 1700 Ciltciae

126 1724 174 1752 diu
186 1723 304 1752 maxime
315 1720 464 1750 laudatum.
487 1718 602 1754 Propeit.
614 1715 661 1744 lib.
676 1723 698 1749 3.
709 1719 735 1747 8.
746 1721 791 1742 22.

206 1761 235 1789 Et
248 1760 361 1788 crocino
373 1767 450 1786 nares
459 1756 600 1785 murrheus
612 1758 697 1789 ungat
709 1759 793 1788 onyx.
928 1785 935 1792 ⁶

89 1798 111 1828 C
121 1808 135 1827 a
145 1808 161 1826 o
171 1807 186 1826 c
195 1808 211 1826 u
223 1808 234 1826 s
245 1820 252 1831 ,
273 1798 289 1825 i.
312 1806 347 1825 m.
369 1805 383 1824 a
395 1793 553 1832 quibusdam
564 1790 722 1829 Sagittarius
733 1789 849 1822 dicitur,
869 1785 983 1816 Panis&
995 1784 1153 1822 Euphemes
1165 1783 1230 1814 Mu-

124 1835 211 1864 sarum
222 1835 333 1863 nutricis
343 1833 420 1862 filius.
444 1832 524 1860 Hunc
536 1830 632 1859 dicunt
640 1826 813 1856 domicilium
829 1826 858 1853 in
870 1831 966 1853 monte
976 1822 1114 1853 Helicone
1124 1822 1231 1866 habuis.

124 1873 150 1902 se
162 1895 168 1907 ,
190 1875 284 1901 &curn
296 1871 377 1901 Musis
386 1876 467 1899 cantu
482 1878 513 1897 ac
530 1867 631 1896 cithara
650 1864 781 1894 delestari
798 1862 926 1892 solitum:
946 1861 1016 1905 saepe
1036 1861 1119 1903 etiam
1139 1860 1230 1904 studio

125 1912 276 1939 venationis
291 1908 425 1938 exerceri:
449 1911 612 1943 quapropter
622 1912 749 1940 magnam
759 1901 870 1930 laudem
884 1898 1021 1929 &laboris
1039 1899 1064 1927 δι
1074 1907 1179 1942 ingenii
1192 1897 1230 1926 as.

124 1948 274 1984 sequutum.
285 1946 384 1975 Verum
396 1945 471 1974 hunc
479 1953 535 1972 non
548 1943 674 1973 Crocum,
684 1940 731 1969 sed
741 1940 865 1972 Crotum,
886 1943 968 1981 vocat
978 1936 1103 1973 Hyginus
1112 1935 1231 1979 ¹”.f³b}¹·

126 1986 151 2014 la
162 1995 222 2019 ²²4·
235 1987 259 2014 ἃ.
273 1984 345 2013 l’oet.
360 1983 420 2012 Astr.
437 1992 462 2011 2.
478 1991 523 2016 27.
549 1989 584 2009 ex
596 1978 729 2008 Sositheo.
753 1976 827 2006 conf.
847 1976 957 2004 Latmos
968 1979 1182 2003 commentarios
1199 1983 1230 2002 in

126 2023 389 2058 Aratuminterprete
399 2019 562 2049 Germanico
571 2017 681 2046 Caesare.
720 2015 774 2045 Hic
785 2015 813 2057 in
827 2013 967 2057 Musarum
983 2012 1096 2050 gratiam
1114 2011 1147 2040 ab
1161 2011 1230 2047 Jove

127 2061 352 2088 collocatusinter
363 2058 447 2087 sidera
458 2079 465 2091 ,
486 2055 619 2093 Sagittarii
630 2061 732 2082 nomen
742 2053 872 2095 obtinui-t.
946 2086 952 2094 ἱ
968 2087 974 2094 ι
1007 2087 1014 2093 ·

90 2096 112 2126 C
124 2108 137 2126 ι(
148 2101 164 2126 o
176 2108 191 2126 c
201 2101 217 2125 ῦ
228 2107 245 2124 vr
257 2107 285 2130 A,
297 2106 326 2125 ae.
338 2096 355 2124 f.
369 2093 509 2131 [agoxdv‘lu
522 2093 605 2128 Hes]
618 2091 726 2122 Feraest
735 2090 879 2126 IEthiopiae
887 2085 1037 2122 familiaris,
1048 2096 1082 2116 ex
1093 2084 1190 2131 hyaena
1202 2087 1229 2116 δε

127 2135 211 2164 leaena
222 2134 375 2170 ffithiopica
384 2132 493 2160 nascens
503 2152 511 2166 ,
532 2140 591 2166 quae
602 2128 689 2166 &ipsa
698 2129 800 2165 hyaenae
811 2135 887 2155 more
899 2126 1030 2154 humanas
1042 2134 1125 2154 voces
1140 2131 1230 2153 imita-

127 2180 178 2201 tur.
220 2171 285 2200 Plin.
297 2171 342 2199 lib.
356 2176 381 2203 8.
394 2179 453 2204 cap.
466 2177 507 2203 30.
529 2167 577 2196 ubi
595 2167 697 2204 hyaenae
712 2172 835 2194 naturam
853 2163 947 2192 multis
965 2162 1119 2200 explicuit,
1140 2162 1230 2191 statim

127 2210 219 2238 subdit
233 2231 241 2242 ,
264 2209 349 2243 liujus
365 2207 471 2244 generis
480 2206 554 2235 coitu
563 2204 648 2233 leaena
664 2203 820 2240 AEthiopica
837 2202 1084 2245 parit'crocutam,
1106 2199 1228 2228 similiter

127 2257 210 2276 voces
222 2247 373 2275 imitantem
384 2244 526 2273 hominum
537 2264 545 2278 ,
565 2250 761 2279 pecorumque.
800 2241 877 2268 Acies
893 2248 917 2267 ei
929 2246 1063 2275 perpetua
1075 2247 1102 2266 in
1115 2244 1229 2273 utraque

126 2294 200 2321 parte
212 2285 279 2317 oris,
301 2283 382 2311 nullis
394 2281 508 2318 gingivis
518 2302 526 2314 ,
547 2279 630 2308 dente
640 2279 783 2309 continuo,
797 2277 890 2314 quine
903 2276 1041 2304 contrario
1053 2274 1165 2304 occursu
1181 2275 1229 2305 he.

127 2323 251 2354 betetiir,
271 2320 409 2358 capsarum
420 2317 674 2347 inodoincluditur.
696 2315 728 2344 V.
749 2312 845 2344 fflliari.
859 2313 1054 2357 HistzAnimal·
1068 2322 1093 2348 7.
1107 2320 1152 2342 22.

90 2360 112 2389 C
123 2369 135 2387 a
146 2369 190 2387 oes
202 2369 236 2387 us
247 2380 254 2393 ,
276 2359 292 2387 i.
311 2367 348 2386 m.
370 2354 519 2393 [mio-e]
540 2355 678 2392 Lydorum
687 2363 734 2382 rex
748 2351 881 2389 Halyattis
891 2349 964 2380 filius
976 2372 983 2385 ,
1003 2359 1108 2388 primus
1118 2351 1229 2380 Graecos

126 2397 220 2434 partim
230 2396 338 2426 triburis
346 2394 477 2429 impositis
487 2393 607 2429 subegit,
627 2392 725 2428 partim
736 2390 824 2419 socios
832 2395 912 2425 atque
923 2389 1028 2418 amicos
1038 2388 1084 2417 sibi
1095 2388 1225 2418 adscivit:

124 2442 282 2470 tantumque
295 2433 408 2470 irnperio
420 2433 443 2461 St
457 2430 553 2467 opibus
563 2431 666 2463 crevit,
687 2434 717 2457 ut
732 2427 757 2456 se
771 2427 954 2456 felicissimum
967 2427 1059 2455 dicere
1078 2435 1134 2454 nori
1147 2426 1228 2455 dubi.

125 2480 201 2500 taret.
244 2470 324 2499 Paulo
334 2469 391 2507 post
401 2468 554 2497 debellatus
566 2477 580 2496 a
592 2467 663 2504 Cyro
672 2487 680 2500 ,
700 2475 787 2502 quum
805 2475 877 2502 pyrae
890 2464 1055 2494 cremandus
1073 2464 1229 2501 imponere-

124 2517 166 2537 tur
176 2531 183 2542 ,
206 2518 299 2543 magna
310 2517 378 2536 voce
390 2514 428 2535 ter
440 2529 447 2538 ,
469 2507 485 2533 o
497 2505 580 2536 Solon
591 2503 761 2534 exclamavit.
800 2503 954 2532 Admiratus
966 2503 1047 2544 igitur
1058 2501 1155 2538 Cyrus,
1176 2503 1228 2531 mi-

125 2547 209 2582 sitqui
222 2552 364 2580 rogarent,
385 2543 508 2580 qnisnam
519 2543 680 2575 hominurn,
700 2548 746 2570 aut
756 2540 872 2569 deorum
892 2540 914 2569 is
930 2539 1013 2574 esset,
1033 2549 1114 2575 quem
1135 2540 1163 2568 iri
1177 2540 1227 2569 du-

124 2584 175 2612 biis
190 2583 290 2612 casibus
301 2581 559 2618 solumimploraret.
598 2580 682 2614 Cujus
690 2579 727 2607 rei
738 2587 821 2615 quum
836 2578 970 2607 rationem
981 2576 1141 2606 reddidisset
1151 2577 1228 2606 Croe-

123 2621 165 2650 sus
177 2643 183 2653 ,
205 2630 259 2648 non
273 2620 359 2649 solum
370 2618 491 2648 dimissus
502 2618 555 2652 est,
576 2616 621 2646 sed
638 2617 743 2646 summo
761 2615 843 2644 etiam
860 2616 887 2644 in
907 2615 1013 2644 honore
1030 2615 1122 2652 quoad
1135 2615 1224 2649 vixit,

122 2659 194 2696 apud
203 2660 302 2695 Cyrum
315 2657 430 2686 habitus.
469 2656 507 2685 Ex
517 2665 571 2692 quo
582 2654 651 2683 visus
662 2654 700 2683 est
712 2653 797 2682 Solon
809 2653 905 2682 eadem
915 2653 1039 2682 oratione
1049 2652 1165 2681 alterum
1174 2653 1226 2682 ser-

123 2696 193 2724 vasse
207 2705 221 2724 e
239 2695 345 2729 regibus
357 2716 364 2729 ,
386 2694 534 2723 cautiorem
544 2695 568 2722 ἂ
579 2692 783 2730 prudentiorem
801 2690 914 2720 alterum
925 2690 1082 2720 reddidisse.
1124 2690 1226 2720 Plutar-

122 2734 189 2761 chus
201 2734 226 2761 in
237 2732 346 2761 Solone.
387 2731 556 2760 Cremandus
570 2736 661 2758 autem
672 2728 778 2757 Croesus
792 2735 938 2766 propterea
950 2728 1081 2758 Solonem
1095 2728 1226 2757 inclama-

123 2770 184 2801 bat,
207 2771 278 2806 quod
289 2770 322 2798 ab
334 2778 368 2798 eo
377 2768 462 2797 fuerat
471 2768 628 2797 admonitus
638 2788 646 2801 ,
667 2766 814 2795 Neminem
825 2765 955 2803 tantisper
968 2766 1035 2795 dum
1044 2765 1148 2795 viveret
1157 2787 1165 2801 ,
1186 2767 1224 2795 fe.

123 2808 202 2836 licem
215 2808 268 2836 dici
281 2807 362 2844 posse.
404 2805 529 2843 Respexit
540 2805 594 2833 huc
607 2803 729 2840 Juvenal.
748 2813 788 2832 io.
808 2803 862 2833 Sat.
876 2813 939 2840 273.

201 2845 305 2874 Festino
316 2845 348 2872 ad
360 2844 462 2872 nostros
471 2865 478 2877 ,
500 2844 524 2872 &
534 2842 637 2877 Regem
652 2840 755 2870 transeo
771 2841 869 2876 Ponti,

200 2882 231 2911 Et
243 2881 360 2910 Croesum
371 2891 451 2916 quem
463 2890 516 2909 vox
526 2880 586 2914 justi
597 2879 715 2908 fiicunda
726 2877 836 2908 Solonis

199 2919 342 2956 Respicere
352 2920 384 2947 ad
395 2919 481 2954 longae
493 2918 564 2952 juilit
574 2917 656 2954 spatia
665 2916 761 2945 ultima
771 2917 840 2945 virae.

120 2956 169 2986 Pro
182 2957 206 2986 O
218 2958 325 2985 iulento
339 2957 409 2985 ouasi
423 2955 570 2992 proverbio
606 2955 706 2983 onitur.
729 2954 813 2983 Ovid.
826 2960 849 2989 3.
863 2949 944 2982 Trist.
957 2961 983 2990 7.
993 2961 1040 2989 42.

239 3004 317 3030 empe
327 2994 371 3022 dat
382 2994 408 3022 id
419 2994 574 3029 cuicunque
585 2964 652 3021 libet
664 2991 779 3020 Fortuna
787 3012 795 3025 ,
816 2990 940 3028 rapitque
951 3013 958 3026 ,

247 3032 301 3060 lrus
317 3033 341 3060 ἅ
351 3032 388 3059 est
400 3030 505 3064 subito,
526 3031 570 3066 qui
584 3029 668 3058 modo
682 3028 789 3057 Croesus
799 3034 864 3057 erat.
958 3028 992 3057 Et
1001 3026 1118 3059 Martial.
1135 3038 1177 3059 11.
1189 3030 1217 3060 6.

211 3069 297 3097 Ardua
315 3078 354 3096 res
369 3068 425 3097 haec
436 3069 472 3096 eit
485 3090 493 3100 .
513 3067 614 3103 opibus
629 3075 685 3094 non
699 3066 804 3094 tradere
814 3073 921 3095 mores:

251 3106 279 3134 Et
291 3116 352 3134 cum
366 3113 405 3133 tot
415 3105 518 3134 Croesos
529 3105 626 3133 viceris
638 3125 645 3137 ,
663 3102 716 3132 esse
726 3103 854 3132 Numam.

87 3142 110 3171 C
120 3152 132 3171 r.
143 3152 158 3170 o
169 3154 185 3170 Μ
196 3154 213 3170 Μ
223 3152 240 3171 r
250 3153 266 3171 o
277 3153 294 3171 N
305 3165 312 3175 ,
334 3144 350 3171 i.
375 3153 400 3171 n.
423 3142 590 3178 [κρόμμυον]
611 3141 692 3178 Cepa.
716 3140 918 3176 Diosc.2.140.

87 3180 109 3208 C
120 3190 131 3208 ιι.
142 3190 157 3207 o
169 3192 185 3207 n
197 3192 213 3207 μ,
251 3190 266 3207 o
278 3190 295 3208 N
306 3190 322 3208 N
332 3184 345 3208 ῑ
355 3189 365 3207 s
375 3190 391 3208 o
402 3189 412 3207 s
421 3202 428 3213 ,
449 3178 672 3215 [xpopvduvnrtod
693 3177 781 3207 Insula
794 3178 869 3213 juxta
883 3179 1025 3215 Smyrnam
1037 3200 1045 3212 ,
1067 3179 1145 3214 cuius
1164 3189 1222 3209 me-

125 3219 201 3244 minit
220 3217 284 3245 l'lin.
299 3218 344 3245 lib.
361 3228 382 3250 ς.
399 3227 457 3253 cap.
472 3227 512 3249 zi.
547 3217 638 3251 [Puto
648 3215 731 3244 divise
740 3215 914 3245 scribendum
931 3217 1058 3251 Κρομμύων
1077 3213 1163 3246 viee.

87 3252 110 3281 C
122 3263 134 3281 ιι
146 3265 161 3280 o
171 3266 186 3281 n
199 3265 215 3281 N
228 3265 242 3281 A
261 3277 266 3285 .
288 3254 432 3289 [κράμια]
455 3253 655 3290 Paphlagonum
665 3254 811 3290 oppidum,
832 3254 910 3288 cujus
922 3252 1058 3282 Homerus
1069 3255 1096 3282 in
1111 3253 1221 3290 Paphla·

125 3291 407 3325 gonihusinslrucndis
418 3293 541 3319 meminit
554 3291 597 3319 lib.
614 3301 638 3318 ²-
658 3290 735 3319 lliad.
750 3291 835 3319 Boeot.
851 3299 876 3319 ν.
890 3295 950 3325 3⁶²-
972 3291 1160 3320 &Strabolib.
1176 3302 1218 3320 η.

125 3331 147 3355 oi
167 3328 247 3356 Vult-r.
262 3340 283 3361 ς.
300 3332 393 3363 Argon.
410 3339 467 3361 ιος.
490 3330 515 3357 ἃ·
531 3327 654 3364 Apollon.
670 3328 717 3356 lib.
730 3338 754 3356 2.
777 3328 858 3357 Nune
875 3331 986 3354 Comana
1005 3336 1133 3363 vocatur,
1155 3329 1222 3358 teste

125 3364 244 3392 (ilivzirio
256 3367 282 3393 in
298 3366 398 3395 Melam
416 3375 438 3394 i.
452 3375 493 3394 20.
519 3366 591 3402 apud
604 3374 685 3400 quem
698 3365 805 3394 Cronna
814 3365 947 3394 scribitur.

87 3400 110 3429 C
121 3411 134 3429 a
145 3412 161 3428 o
172 3413 189 3428 Μ
199 3411 213 3429 γ
224 3413 239 3429 o
251 3412 268 3430 N
278 3425 285 3436 ,
307 3405 348 3431 vel
372 3404 391 3430 C
401 3413 414 3431 a
425 3413 440 3430 o
450 3414 468 3431 Μ
480 3414 497 3431 Μ
506 3412 548 3431 vo
559 3413 576 3430 N
590 3424 597 3434 ,
618 3403 688 3432 finis.
708 3403 724 3431 s.
748 3403 923 3437 [xenuuv‘w]
944 3402 1088 3439 Oppidum
1101 3403 1221 3439 regionis

122 3439 301 3503 {printhiaczt-
311 3462 319 3474 ,
340 3440 386 3468 ubi
407 3440 527 3469 Theseus
546 3440 623 3471 suem
645 3449 722 3475 agros
740 3440 912 3468 infestantem
929 3441 1053 3477 peremit.
1084 3439 1170 3469 Ovid.
1192 3450 1218 3477 7.

158 3484 191 3503 ct.
205 3486 263 3508 4³5.

198 3512 331 3546 Quodque
343 3513 394 3542 suis
403 3513 507 3542 svcurus
517 3521 572 3541 arat
582 3513 736 3550 Cromyona
745 3514 871 3543 colonus.
952 3513 985 3542 V.
1007 3523 1025 3543 c
1033 3524 1048 3542 a
1058 3524 1072 3542 ii
1081 3525 1100 3543 Μ
1110 3523 1180 3544 nro
1188 3524 1218 3545 N.

87 3548 109 3578 C
121 3558 132 3576 p,
143 3559 159 3575 o
170 3559 187 3576 N
200 3560 211 3576 ii
221 3560 238 3577 Λ
253 3572 260 3582 ,
283 3552 494 3584 liromoritorium
506 3552 601 3587 Caspio
613 3552 677 3579 mari
688 3552 807 3580 vicinum
818 3575 824 3581 .
847 3552 881 3580 de
891 3560 946 3588 quo
957 3550 1024 3580 Plin.
1036 3552 1113 3581 lib.6.
1127 3563 1218 3590 caps.

86 3588 109 3615 C
119 3597 130 3613 a
142 3590 157 3614 o
168 3597 183 3612 N
196 3597 201 3613 ι
214 3595 227 3613 u
241 3598 258 3613 ,u
281 3588 306 3614 in
325 3589 559 3624 &cptenirionibus
573 3589 648 3617 Mare
668 3589 779 3623 [Kc-via
791 3587 929 3622 ἳάλαω-α]
949 3589 1049 3618 dicitur
1059 3611 1068 3624 ,
1089 3600 1144 3619 non
1156 3591 1220 3627 quia

123 3624 262 3664 antiquum
275 3634 280 3651 z
301 3626 364 3659 qnid
380 3628 450 3653 enim
463 3626 582 3654 insulsius
592 3627 604 3652 ἴ)
625 3625 670 3653 sed
683 3635 859 3659 concretum,
879 3628 989 3655 auctore
1003 3626 1090 3655 Plinio
1102 3639 1128 3663 4.
1150 3638 1188 3662 ις,
1203 3639 1218 3657 a

121 3661 226 3701 frigoris·
244 3670 400 3696 argumento
413 3686 419 3694 ,
440 3664 517 3695 cuins
530 3661 666 3698 praesidem
680 3664 824 3692 Saturnum
842 3664 946 3692 faciunt
961 3664 1107 3693 caelestium
1128 3675 1218 3694 rerum

120 3698 235 3725 studiosi.
286 3698 432 3733 lpollonius
448 3701 644 3734 Argonauticon
665 3709 759 3736 quarto
773 3722 779 3732 .
803 3701 944 3729 ‘'idriecum
968 3711 1042 3729 mare
1056 3724 1063 3734 ,
1085 3702 1218 3732 Cronium

122 3735 196 3761 dimi.
235 3735 285 3762 Sed
298 3745 310 3761 a
323 3741 411 3762 arom>
423 3758 429 3767 .
451 3738 476 3763 id
488 3737 664 3771 cltSaturno,
686 3738 813 3772 utinquit
824 3739 971 3774 interpres,
992 3749 1074 3774 quem
1088 3740 1218 3769 habitasse

120 3770 224 3799 ltaliam
234 3772 361 3799 omnibus
374 3776 396 3798 δ’(
410 3772 488 3808 lippis
505 3784 598 3802 notum
612 3778 634 3801 Ν
644 3775 805 3803 tonsoribus.
844 3776 913 3803 Sunt
928 3784 1020 3804 tumen
1032 3777 1140 3810 quinon
1153 3777 1218 3806 Cro-

120 3816 212 3835 nium.
236 3810 305 3841 apud
319 3809 382 3835 liniis
400 3819 505 3843 pot-ram
517 3832 523 3842 ,
546 3812 587 3837 svn
600 3811 749 3840 Chronium
763 3819 860 3848 putent
872 3812 1046 3841 scribendum
1058 3837 1064 3845 ,
1087 3815 1119 3842 ab
1131 3815 1218 3844 insula

119 3854 176 3880 qua·
188 3855 295 3887 vot-iiii
306 3847 433 3887 chionia.
465 3847 654 3887 Lyrophionie
671 3851 804 3886 interpres
817 3850 922 3878 ionium
935 3850 1024 3878 scribit
1039 3851 1124 3879 sinum
1137 3860 1217 3881 antea

118 3883 267 3911 Chroniuiii
277 3883 330 3911 dici
342 3884 488 3918 commosse,
509 3884 554 3913 sed
566 3889 591 3913 ὄι
601 3885 683 3914 Κὴεεῑ
694 3886 788 3915 sinum.
830 3888 924 3915 Cronii
934 3889 1016 3916 maris
1028 3891 1053 3917 ὁὶ
1063 3888 1218 3918 Eustathiuoe

538 1302 626 1334 Idem.
664 1296 734 1330 Plin.
745 1298 792 1327 lib.
809 1300 851 1326 16.
863 1305 923 1333 cap.
939 1303 984 1332 34.
1006 1292 1092 1323 Alicui
1105 1293 1130 1322 ἀ
1142 1291 1236 1321 semen

1789 72 1818 106 C
1917 73 1948 109 R
2045 72 2078 107 U

1339 157 1483 192 meminit3
1506 154 1567 185 Post
1580 154 1694 192 Scythas
1706 176 1714 189 ,
1736 154 1844 190 inquit,
1865 155 1913 191 qui
1932 155 2000 185 mari
2015 154 2120 185 Cronio
2137 156 2222 185 vicini
2245 156 2373 196 Caspium
2385 165 2466 187 acco-

1338 197 1416 230 lunt,
1439 195 1514 224 Unni
1528 193 1589 222 sunt
1599 214 1606 227 ,
1628 194 1679 221 &c.

1300 233 1324 264 C
1334 244 1348 262 a
1358 244 1374 261 o
1387 243 1423 261 Ni
1436 243 1452 261 u
1464 242 1475 261 s
1486 254 1493 266 ,
1515 232 1532 259 i.
1557 240 1593 258 m.
1616 230 1694 258 Unus
1706 239 1740 259 ex
1754 229 1909 259 Centauris.

1337 271 1400 336 qubt
1412 272 1435 300 ἀ
1445 269 1512 335 altear
1524 268 1641 334 Cronius
1651 277 1827 305 gemmarum
1836 267 1949 305 infignis
1960 268 2094 307 sculptor,
2110 274 2142 298 ut
2150 268 2245 299 videre
2256 270 2294 300 est
2304 270 2378 307 apud
2388 268 2460 299 Plin-

1298 346 1345 376 CR
1357 319 1374 374 (i
1384 331 1402 374 N
1413 316 1575 379 tissimi..
1591 342 1729 378 [Κρόνῒψ]
1749 342 1881 371 Saturnus
1894 364 1904 376 ‚
1925 343 1951 372 ἃ
1966 343 2115 382 Temporis
2132 344 2249 382 spatium
2276 343 2372 373 Latine
2394 344 2463 374 dici-

1336 390 1388 412 tur.
1431 383 1489 412 Cic.
1500 391 1524 410 2.
1538 382 1572 409 de
1584 381 1688 409 Natura
1701 379 1782 408 Deor.
1798 384 1842 415 64.
1876 380 2025 410 Saturnum
2045 388 2138 411 autem
2158 382 2291 419 (inquit)
2319 392 2384 412 eum
2404 381 2458 412 esl'e
2506 399 2508 401 ·

1335 420 1502 453 voluerunt,
1523 419 1568 454 qui
1584 417 1692 447 cursum
1704 419 1728 446 &
1740 416 1950 446 conversionem
1961 418 2111 456 spatiorum
2123 429 2154 448 ac
2164 426 2323 457 temporum
2333 420 2462 449 contine-

1335 464 1391 487 ret:
1415 459 1461 495 qui
1474 458 1545 486 Deus
1557 456 1651 485 Graeee
1663 454 1781 492 idipsum
1792 464 1897 484 nomen
1908 455 2000 485 habet.
2022 459 2115 489 rendi&-
2126 458 2200 487 enim
2217 458 2338 492 dicitur,
2359 459 2406 494 qui
2420 458 2459 487 est

1334 497 1410 525 idem
1430 493 1540 533 2:53⁹&’
1563 494 1591 522 id
1610 494 1648 521 est
1662 492 1779 529 spatium
1802 494 1945 530 temporis.
1969 494 2000 523 V.
2022 494 2199 524 Macrobium
2216 495 2289 525 libro
2307 506 2330 526 r.
2348 495 2458 525 Saturn.

1334 543 1396 571 cap.
1412 539 1437 567 8.
1465 533 1497 561 Et
1507 531 1611 560 rursum
1622 540 1681 567 cap.
1694 540 1738 559 22.
1754 531 1788 559 ad
1801 531 1894 567 finem.
1992 556 1995 561 .

1296 571 1342 602 CR
1353 581 1370 599 o
1381 580 1402 599 N
1412 581 1420 598 1
1430 580 1449 598 A
1463 592 1470 604 ,
1492 579 1580 598 orum.
1603 578 1630 596 n.
1653 568 1691 604 pl.
1714 568 1842 603 [Kpbvgx]
1864 568 1938 597 Festa
1949 569 2077 604 Saturni,
2100 570 2147 606 qui
2162 579 2177 599 a
2189 570 2290 601 Graeeis
2305 570 2406 605 Κρόνῶν
2418 570 2460 600 di-

1334 610 1413 637 citur.
1451 609 1481 637 ln
1493 608 1534 636 his
1550 606 1621 635 festis
1633 605 1781 635 mittebant
1794 606 1842 634 sibi
1853 606 1973 636 invicem
1985 607 2086 641 xenia,
2107 608 2373 645 remittebanturque
2391 618 2460 645 apo-

1332 647 1449 684 phoreta
1462 667 1469 679 ,
1492 645 1693 674 utviderentur
1705 644 1822 672 Saturno
1834 645 1934 681 gratias
1952 654 2051 682 agere,
2072 646 2147 681 quod
2167 646 2278 682 fruges,
2298 646 2458 684 frustusque

1332 686 1367 713 ad
1379 685 1440 713 vitae
1454 683 1545 712 cultus
1555 681 1718 711 necessarios
1726 681 1918 719 percepiffent.
1960 682 2027 712 Haec
2035 683 2101 712 festa
2113 705 2121 717 ,
2142 682 2239 713 Latine
2250 684 2406 714 Saturnalia
2417 685 2459 714 di·

1333 730 1441 751 cuntur.
1469 721 1498 749 V.
1520 719 1646 749 Macrob.
1659 719 1708 748 lib.
1724 729 1747 748 i.
1760 720 1866 749 Saturn.
1879 729 1939 757 cap.
1953 729 1977 755 7.
1991 721 2026 749 ad
2037 721 2131 750 finem.

1295 758 1339 789 Cr<
1352 768 1456 788 osiris
1468 781 1476 793 ,
1498 759 1530 787 is.
1552 759 1571 787 f.
1593 757 1693 786 Salvia.
1716 757 1797 794 Apul.
1814 758 1848 786 de
1864 757 1950 787 Herb.
1969 767 2030 796 cap.
2049 768 2111 788 ior.
2426 788 2432 790 .

1295 799 1340 826 Ca
1352 800 1395 826 ὅτ
1408 800 1505 826 aruir
1517 817 1524 830 ,
1547 796 1563 824 i.
1587 805 1612 824 n.
1639 793 1805 831 [κςᾶπιλον]
1826 795 1864 824 est
1876 795 2094 826 instrumentum
2117 794 2195 833 quo'd
2214 806 2297 826 manu
2317 796 2457 834 pulsatur,

1330 835 1440 863 laminis
1454 833 1615 871 quibusdam
1631 842 1666 861 ex
1683 842 1735 861 aere
1755 834 1882 862 rotundis
1893 855 1902 868 ,
1922 833 2020 863 sonum
2042 844 2077 863 ex
2093 834 2235 864 collisione
2255 835 2456 865 reddentibus?

1330 874 1437 901 dictum
1449 883 1463 901 a
1475 872 1646 909 pulsatione:
1671 870 1749 903 κρόπν
1760 871 1836 900 enim
1850 871 1937 900 Graeci
1950 871 2074 909 plausum
2084 879 2203 903 vocant:
2227 873 2254 903 δε
2263 874 2348 906 „parav
2358 874 2457 903 dicunt

1328 910 1435 948 pulsare
1446 917 1488 945 atq
1494 919 1527 938 ue
1537 916 1692 946 percutere.
1732 907 1887 938 Urebantur
1898 909 1953 939 hoc
1962 910 2145 940 instrumento
2155 910 2278 949 AEgyptii
2292 910 2322 940 in
2339 910 2457 942 deorum

1331 948 1550 977 solennitatibus.
1575 947 1647 983 Virg.
1660 947 1688 975 in
1702 945 1781 983 Copa
1792 968 1799 980 ,
1818 955 1860 984 pr.

1424 985 1501 1023 Copa
1516 983 1625 1022 Syriss‘a.
1639 990 1722 1021 caput
1736 984 1815 1013 Graia
1825 985 1955 1015 redimita
1966 983 2089 1022 mitella,

1476 1023 1602 1060 Crispum
1615 1021 1663 1051 sub
1676 1021 1780 1051 crotalo
1792 1023 1873 1052 docta
1894 1033 2007 1053 movere
2018 1023 2099 1053 latus.
2183 1023 2242 1053 Cic.
2259 1024 2289 1054 in
2306 1024 2395 1055 Pison.
2407 1033 2453 1056 20.

1329 1059 1409 1098 Quos
1418 1071 1508 1098 neque
1523 1059 1636 1089 hercule
1653 1069 1723 1096 ege,
1744 1068 1836 1097 neque
1855 1061 2034 1098 supercilium
2051 1067 2131 1091 tuum
2143 1082 2151 1096 ,
2172 1071 2265 1097 neque
2282 1063 2396 1101 collegae
2413 1064 2455 1093 tui

1329 1100 1456 1137 cymbala
1465 1109 1496 1128 ac
1507 1098 1609 1128 crotala
1617 1097 1682 1134 fugi.
1707 1097 1735 1127 V.
1758 1098 1933 1129 Caeliumlib.
1949 1109 1990 1135 19.
2004 1109 2065 1138 cap.
2077 1111 2104 1136 4.
2120 1099 2246 1129 Macrob.
2259 1109 2285 1130 2.
2296 1101 2454 1131 Saturam.

1331 1140 1356 1168 ἃ
1373 1138 1499 1167 Laurent.
1513 1137 1621 1173 Pignor.
1633 1136 1668 1164 de
1677 1135 1766 1165 Servis
1782 1145 1809 1174 p.
1823 1142 1867 1172 87.

1292 1173 1337 1205 CR
1347 1178 1364 1205 ὄ
1375 1178 1417 1205 τῑὶ
1429 1186 1461 1204 Ll
1473 1185 1508 1209 A,
1529 1183 1617 1203 orum.
1639 1183 1667 1202 n.
1690 1173 1728 1211 pl.
1751 1173 1919 1211 [κροπὲλιοι]
1940 1173 2075 1213 appellari
2097 1174 2258 1212 Margaritas
2273 1175 2402 1213 quasdam
2414 1186 2455 1205 re-

1328 1213 1474 1247 sonantes,
1497 1213 1580 1241 docet
1600 1209 1728 1240 ΡῙῑΠ-Ῑῑῦ-
1743 1221 1767 1247 9·
1793 1221 1852 1250 Gap.
1868 1223 1912 1248 35.
1949 1223 2064 1251 quarum
2086 1213 2154 1242 sono
2177 1213 2337 1251 gaudebant
2357 1214 2456 1244 Graeci.

1328 1252 1456 1281 Subeunt
1476 1250 1609 1287 (inquit)
1630 1249 1746 1278 luxuriae
1756 1248 1815 1286 ejus
1829 1251 1945 1281 nomina
1958 1274 1966 1285 ,
1988 1253 2015 1282 ἃ
2033 1252 2115 1280 taedia
2133 1251 2266 1289 exquisita
2298 1252 2389 1281 erdito
2407 1262 2457 1282 ne-

1327 1296 1441 1327 potatu:
1471 1289 1604 1326 siquidem
1616 1297 1702 1323 quum
1714 1288 1742 1316 id
1755 1289 1846 1318 fecere
1859 1310 1867 1323 ,
1888 1288 2003 1319 crotalia
2013 1289 2159 1328 appellant
2170 1311 2178 1325 ,
2202 1298 2253 1318 ceu
2278 1299 2333 1318 ono
2344 1299 2456 1328 quoque
2496 1302 2500 1303 ⁷

1328 1329 1485 1365 gaudeant,
1508 1328 1534 1356 δε
1547 1325 1712 1363 collisuipso
1723 1327 1939 1363 margaritarum.
1964 1361 1967 1364 y

1290 1362 1417 1395 Chora
1429 1373 1512 1394 rizo
1524 1386 1532 1400 ,
1554 1364 1814 1399 Caoamwsso,
1836 1363 2016 1402 [κςο-ιαλίζω]
2047 1369 2078 1394 ut
2098 1363 2257 1401 Malacizo,
2285 1364 2450 1400 Malaciffo.

1325 1404 1353 1432 in
1365 1404 1479 1433 Cornuti
1491 1403 1645 1440 fragmento
1656 1402 1692 1430 de
1704 1401 1834 1440 Otthogr.
1848 1403 1923 1440 apud
1937 1402 2088 1432 Caffiodor.
2110 1413 2138 1441 p.
2152 1412 2195 1440 ¹7·
2217 1403 2254 1433 H.
2264 1403 2304 1433 St.
2337 1403 2367 1433 V.
2390 1403 2455 1433 Cas-

1326 1442 1392 1471 siod.
1403 1443 1438 1471 de
1449 1441 1579 1478 Orthogr.
1591 1449 1652 1477 cap.
1668 1449 1692 1468 r.
1705 1446 1774 1468 extr.
1814 1440 1889 1469 Hinc

1288 1476 1310 1509 C
1321 1489 1360 1508 ao
1371 1490 1391 1508 T
1401 1491 1419 1509 A
1431 1489 1483 1508 ωε
1493 1489 1512 1508 τ
1522 1489 1538 1507 a
1548 1490 1556 1507 i
1567 1489 1586 1507 A
1596 1498 1604 1511 ,
1624 1488 1655 1506 ae.
1677 1474 1697 1506 f.
1726 1477 1913 1514 [xp-maferez]
1939 1475 2056 1508 Femina
2073 1476 2178 1508 crotala
2195 1485 2344 1516 percutere
2359 1478 2451 1510 docta.

1324 1517 1578 1547 PetroniusArbiter
1587 1515 1892 1552 c.55.deCiconia,quae
1902 1525 1971 1546 voce
1982 1516 2128 1554 strepitum
2139 1517 2308 1547 crotalorum
2317 1517 2450 1547 imitatur.

1416 1556 1532 1585 Ciconia
1542 1555 1626 1584 etiam
1638 1560 1714 1591 grata
1728 1572 1737 1587 ,
1761 1555 1917 1591 peregrina,
1936 1554 2055 1592 hospita,

1417 1593 1636 1626 Pietaticultrix,
1657 1591 1821 1629 gracilipes,
1842 1592 2012 1628 crotalistria,
2030 1594 2082 1622 ἃς.
2165 1591 2211 1622 Sic
2221 1592 2452 1630 enimlegitTur-

1325 1631 1414 1662 nebus
1425 1638 1451 1667 8.
1467 1637 1509 1665 18.
1521 1638 1603 1668 atque
1613 1631 1650 1658 ita
1660 1631 1752 1658 vocari
1762 1629 1878 1659 scribita
1892 1630 2019 1666 Crotalis,
2031 1640 2150 1667 quorum
2163 1630 2306 1668 strepitum
2317 1632 2450 1666 imitatur,

1479 1685 1515 1690 —-
1524 1669 1677 1706 crepitante
1687 1668 1797 1697 ciconia
1805 1668 1890 1697 rostro
1901 1676 1909 1704 ;
1977 1674 2009 1698 ut
2020 1668 2140 1698 Ovidius
2149 1667 2272 1705 loquitur
2281 1672 2307 1698 6.
2320 1669 2390 1702 Met.
2403 1678 2449 1704 97.

1323 1707 1435 1745 Legitur
1449 1713 1541 1736 tamen
1553 1708 1581 1735 in
1595 1706 1726 1735 omnibus
1735 1706 1791 1735 fere
1802 1705 2009 1745 exemplaribus
2021 1706 2191 1743 Coralistria,
2213 1706 2261 1736 sed
2271 1706 2349 1736 nullo
2358 1705 2447 1737 sensu.

1321 1745 1454 1775 Similiter
1466 1747 1492 1774 &
1505 1745 1581 1783 apud
1597 1745 1717 1781 Propert.
1733 1755 1760 1779 4.
1770 1755 1796 1778 9·
1814 1754 1856 1774 ιι.
1878 1744 1939 1780 (Al.
1954 1750 1980 1779 8.
1993 1744 2062 1781 39.)

1400 1783 1472 1817 Nile,
1482 1790 1546 1813 tuus
1555 1783 1659 1812 tibicen
1670 1787 1738 1816 erat,
1757 1780 1905 1812 coralistria
1916 1782 2018 1820 Phyllis
2032 1789 2041 1819 ;
2123 1780 2242 1812 restituit
2255 1781 2332 1812 idem
2341 1781 2450 1813 Turne.

1323 1820 1375 1850 bus
1385 1819 1559 1850 Crotalistria.
1599 1820 1644 1850 Tu
1654 1819 1767 1857 dispice.
1791 1820 1822 1849 V.
1846 1820 1931 1850 Plaut.
1943 1821 2030 1850 Merc.
2046 1831 2072 1856 ς.
2086 1826 2112 1849 2.
2126 1830 2172 1855 99.

1287 1855 1310 1889 C
1319 1869 1332 1888 R
1343 1869 1359 1887 ο
1369 1869 1388 1887 T
1398 1870 1415 1888 A
1426 1870 1441 1887 1.
1450 1868 1468 1888 υ
1478 1869 1490 1888 s
1501 1881 1509 1894 ,
1531 1860 1547 1888 i.
1570 1866 1607 1888 m.
1630 1856 1811 1894 [mimatae]
1832 1857 1943 1888 Fluvius
1958 1858 2043 1888 Italiae
2063 1858 2132 1893 (cui
2142 1857 2247 1896 Magna
2264 1858 2370 1888 Graecia
2384 1867 2449 1897 cog-

1324 1907 1431 1926 nomen
1440 1897 1478 1926 est
1490 1899 1501 1933 )
1522 1896 1684 1932 navigabilis
1694 1918 1701 1931 ,
1721 1896 1788 1925 teste
1801 1895 1927 1926 Plin.lib.
1940 1905 1963 1931 ³.
1978 1906 2039 1934 cap·
2055 1906 2098 1925 10.

1285 1934 1331 1966 CR
1342 1937 1359 1964 ὁ
1368 1945 1386 1963 τ
1395 1945 1412 1964 o
1423 1957 1430 1969 ,
1452 1935 1506 1964 sive
1527 1935 1548 1964 C
1558 1945 1573 1964 s
1582 1939 1599 1964 ὁ
1609 1945 1627 1963 τ
1636 1937 1653 1964 ὃ
1666 1944 1696 1969 N,
1718 1934 1788 1963 onis.
1811 1934 1830 1963 f.
1853 1932 1996 1971 [Κείων]
2017 1934 2119 1964 Civitas
2131 1931 2216 1964 ltaliae
2225 1933 2255 1963 in
2266 1933 2334 1964 Sinu
2344 1933 2449 1964 Taren-

1322 1973 1382 2001 tino
1395 1994 1402 2007 ,
1423 1971 1531 2002 Milone
1540 1973 1642 2002 athleta
1653 1972 1859 2006 memorabilis,
1881 1973 1927 2008 qui
1945 1973 2105 2010 Pythagorae
2116 1972 2268 2009 discipulus
2281 1972 2343 2001 fuit.
2378 1973 2449 2001 Peri-

1322 2010 1421 2040 tissima
1437 2018 1530 2040 autem
1547 2012 1585 2040 rei
1604 2010 1710 2039 bellicae
1728 2010 1796 2039 fuit:
1819 2018 1872 2039 nec
1886 2018 1998 2048 parvam
2018 2019 2133 2047 operam
2152 2009 2316 2041 exercendis
2334 2009 2447 2040 athletis

1321 2049 1408 2077 dedit.
1450 2050 1480 2079 ln
1491 2059 1547 2078 uno
1563 2049 1637 2077 enim
1651 2048 1803 2086 Olympico
1822 2050 1975 2078 certamine
1997 2050 2115 2077 victores
2137 2057 2255 2082 omnes,
2276 2048 2448 2078 Crotoniatae

1322 2087 1443 2116 fuerunt.
1481 2086 1546 2121 Jure
1556 2088 1648 2123 itaque
1658 2087 1713 2116 dici
1725 2086 1812 2115 visum
1823 2086 1862 2115 est
1875 2109 1882 2121 ,
1904 2087 1962 2124 Qui
1982 2086 2207 2116 Crotoniatarum
2220 2085 2373 2123 postremus
2390 2087 2447 2122 est,

1321 2124 1344 2163 is
1357 2124 1525 2161 reliquorum
1540 2125 1697 2154 Graecorum
1711 2125 1815 2162 primus
1826 2125 1872 2153 est.

1321 2162 1443 2191 Crotone
1467 2162 1615 2196 salubrius,
1638 2161 1816 2191 Proverbiiim
1833 2162 1968 2196 alterum,
1990 2160 2067 2200 quod
2086 2160 2153 2191 inde
2172 2166 2263 2190 ortum
2283 2161 2337 2191 effe
2347 2161 2443 2191 aiunt:

1339 2202 1401 2236 quia
1415 2201 1493 2229 locus
1504 2200 1559 2238 ipse
1571 2200 1606 2229 ad
1621 2199 1817 2235 salubritatem,
1838 2201 1863 2230 δι
1875 2200 1962 2230 bonas
1974 2200 2099 2238 corporis
2110 2199 2290 2229 habitudines
2302 2221 2310 2234 ,
2332 2206 2446 2237 propter

1339 2237 1504 2267 athletarum
1517 2237 1726 2267 multitudinem
1741 2238 1891 2276 plurimum
1902 2239 2035 2268 conferat.
2068 2238 2203 2267 Plurimos
2212 2239 2288 2266 enim
2300 2237 2446 2275 Olympio-

1338 2276 1415 2305 nicas
1427 2276 1530 2305 habuit.
1568 2277 1607 2305 Ad
1621 2277 1680 2312 ejus
1699 2276 1815 2313 gloriam
1826 2277 1935 2306 accedit
1945 2278 2043 2314 ingens
2058 2275 2291 2314 Pythagoreorum
2300 2285 2444 2305 numerus.

1337 2314 1404 2343 Haec
1415 2324 1448 2342 eir
1461 2314 1601 2343 Strabonis
1615 2312 1663 2343 lib.
1676 2318 1701 2344 6.
1724 2314 1840 2348 Croton,
1853 2324 1929 2344 nunc
1938 2316 2022 2352 vulgo
2036 2318 2144 2342 Crotone
2155 2314 2263 2342 dicitur.
2287 2313 2374 2343 Testis
2386 2313 2446 2343 Oli-

1337 2352 1428 2381 varius
1442 2353 1471 2380 in
1485 2352 1587 2381 Melam
1600 2362 1624 2381 2.
1637 2364 1662 2385 4.
1679 2352 1728 2382 Sil.
1741 2352 1791 2382 lib.
1805 2362 1847 2381 11.
1864 2362 1907 2389 17.
2102 2366 2139 2372 —
2150 2351 2285 2390 patefecit
2297 2352 2399 2381 amicas

1400 2390 1458 2419 Alta
1472 2390 1576 2419 Croton
1590 2398 1690 2427 portas.

1318 2424 1470 2457 Crotonem
1481 2429 1565 2457 tradit
1575 2429 1658 2458 Ovid.
1670 2427 1718 2457 lib.
1734 2437 1775 2462 ις.
1791 2425 1859 2457 Met.
1873 2436 1916 2464 55.
1934 2437 1949 2458 a
1961 2424 2070 2466 Mycilo
2083 2425 2220 2456 Alemouis
2231 2426 2289 2456 filio
2299 2425 2368 2463 iussu
2376 2426 2445 2456 Her-

1335 2465 1571 2532 pulislconditam,
1587 2466 1745 2504 habereque
1759 2476 1865 2496 nomen
1879 2477 1894 2496 a
1905 2466 2028 2497 Crotone
2043 2465 2125 2504 ipsius
2138 2465 2266 2495 Herculis
2282 2465 2390 2503 hospite
2404 2465 2444 2495 ibi

1348 2514 1362 2532 e
1386 2514 1401 2532 u
1416 2511 1453 2532 to.

1317 2514 1402 2570 Cropto
1413 2564 1420 2575 ,
1443 2541 1524 2571 etiam
1534 2550 1634 2579 genere
1645 2539 1798 2571 masculino
1809 2541 1918 2572 dicitur.
1956 2541 2016 2572 Liv.
2028 2551 2073 2573 24.
2094 2549 2153 2570 nori
2171 2538 2270 2579 procul
2293 2539 2327 2570 ab
2339 2540 2421 2569 initio
2432 2562 2441 2575 ,

1334 2578 1430 2617 Itaque
1441 2580 1580 2617 optimum
1595 2579 1682 2609 visum
1700 2581 1737 2609 est
1748 2602 1756 2614 ,
1778 2581 1813 2609 ad
1828 2579 1993 2610 Annibalem
2008 2580 2080 2609 mitti
2095 2580 2218 2617 legatos:
2244 2579 2390 2615 caverique
2407 2579 2442 2608 ab

1336 2628 1371 2647 eo
1384 2639 1391 2653 ,
1417 2626 1447 2647 ut
1459 2626 1586 2656 receptus
1599 2619 1682 2647 Croto
1695 2618 1864 2648 Bruttiorum
1876 2618 1951 2648 esset.
1974 2621 1989 2655 [
2002 2619 2065 2648 Non
2078 2617 2177 2647 dubito
2187 2639 2195 2652 ,
2217 2619 2284 2654 quin
2295 2624 2361 2646 vett.
2375 2617 2442 2646 Cro-

1334 2662 1364 2684 to
1376 2678 1384 2690 ,
1406 2657 1475 2685 onis.
1498 2666 1534 2685 m,
1558 2658 1583 2685 &
1611 2656 1733 2685 Crotona
1744 2677 1752 2691 ,
1773 2667 1805 2686 ae.
1827 2657 1845 2686 f.
1868 2656 2044 2694 usurparint,
2070 2664 2100 2685 ut
2126 2655 2221 2685 Narbo
2239 2657 2266 2685 Sc
2293 2655 2421 2684 Narbona
2432 2676 2442 2690 ,

1336 2693 1418 2728 Vibo,
1435 2694 1560 2729 Vibona3
1583 2695 1690 2729 Ancon,
1704 2695 1827 2728 Ancona,
1841 2693 2052 2731 plurimaqueid
2064 2703 2160 2730 genus.
2182 2693 2335 2724 Masculina
2347 2700 2440 2722 tamen

1336 2731 1469 2762 Romanis
1481 2732 1663 2768 frequentiori
1676 2733 1704 2760 in
1716 2732 1773 2762 usu.
1796 2732 1870 2762 AEtas
1880 2731 1988 2770 sequior
1996 2732 2051 2761 sola
2061 2731 2196 2761 feminina
2205 2731 2327 2760 retinuit.

1279 2770 1302 2801 C
1312 2781 1327 2800 a
1339 2780 1355 2798 o
1364 2772 1435 2798 τόΝ
1446 2780 1452 2797 i
1462 2774 1477 2798 K
1488 2779 1507 2798 τ
1517 2780 1530 2798 a
1540 2779 1552 2798 s
1564 2790 1573 2804 ,
1594 2770 1625 2798 is.
1645 2780 1682 2799 m.
1704 2771 1914 2806 [Kpowmim]
1936 2771 1995 2800 Cic.
2008 2770 2054 2799 lib.
2068 2778 2093 2799 2.
2108 2771 2143 2798 de
2155 2769 2217 2799 Nat.
2227 2769 2310 2798 Deor.
2322 2778 2367 2803 ²7·

1316 2808 1509 2838 Crotoniatum
1520 2829 1527 2841 ,
1548 2808 1685 2844 genitivus
1697 2806 1818 2845 pluralis.
1859 2807 1973 2841 Liv.2.1..
1989 2818 2014 2843 3.
2039 2808 2104 2837 Earn
2115 2816 2174 2836 tum
2190 2816 2282 2836 arcem
2303 2805 2366 2835 satis
2380 2828 2387 2840 ‚
2408 2811 2439 2836 ut

1332 2845 1493 2879 videbatur,
1514 2852 1601 2874 tutam
1615 2845 1808 2876 Crotoniatum
1816 2847 1966 2883 optimates
1974 2845 2115 2875 tenebant.
2154 2845 2206 2874 Ubi
2219 2845 2255 2874 de
2270 2844 2402 2880 Crotone,
2413 2847 2440 2875 &

1332 2884 1500 2913 crotoniatis
1509 2882 1596 2912 multa
1605 2882 1705 2912 Livius.
2408 2916 2411 2917 .

1276 2920 1300 2951 C
1310 2932 1325 2950 a
1335 2931 1351 2950 o
1361 2931 1381 2950 T
1391 2931 1407 2949 o
1417 2930 1435 2949 N
1446 2932 1454 2949 1
1468 2931 1479 2948 iv.
1490 2931 1508 2949 N
1518 2930 1570 2949 sis
1581 2942 1589 2955 ,
1611 2931 1634 2949 e.
1658 2922 1719 2954 Adi.
1742 2920 1827 2950 ldem.
1840 2921 1947 2950 Sallust⁴
1962 2920 1989 2950 in
2004 2919 2082 2950 Catil.
2097 2929 2158 2956 cap.
2170 2930 2214 2956 44.
2226 2921 2251 2950 ἃ
2261 2920 2437 2955 Justin.20.4.

1277 2960 1300 2988 C
1310 2970 1323 2987 a
1333 2969 1348 2987 o
1358 2969 1400 2988 To
1410 2968 1440 2993 N,
1462 2959 1533 2988 onis.
1556 2968 1593 2986 m.
1618 2957 1751 2994 [κρέων]
1774 2959 1874 2988 Frutex
1888 2960 1926 2988 est
1936 2960 1970 2988 ad
1983 2959 2204 2997 magnitudinem
2216 2968 2305 2994 parvae
2319 2958 2387 2987 ficus
2400 2958 2438 2987 as-

1312 2997 1423 3034 surgens
1435 3018 1442 3030 ,
1464 2996 1532 3025 folio
1543 2996 1665 3033 platani,
1686 2996 1731 3025 sed
1744 2997 1849 3026 leviore
1860 3007 1892 3026 ac
1903 2998 2023 3034 nigriore
2035 3018 2043 3032 ,
2064 2998 2147 3026 ramis
2158 3006 2189 3025 ac
2201 2996 2317 3025 caudice
2327 2996 2438 3024 arundi-

1313 3044 1381 3064 num
1398 3035 1484 3063 niodo
1497 3034 1645 3068 concavis,
1667 3033 1771 3063 semine
1788 3045 1904 3064 uvarum
1923 3036 2035 3073 aspero,
2058 3035 2133 3072 quod
2155 3040 2301 3071 purgatum
2316 3033 2436 3071 effigiem

1312 3071 1404 3102 Ricini
1416 3072 1541 3100 animalis
1551 3072 1740 3108 repraesentat,
1763 3074 1839 3102 unde
1852 3075 1877 3102 &
1887 3083 1989 3102 nornen
2000 3073 2118 3110 accepit.
2160 3072 2230 3100 Nam
2242 3071 2371 3100 [licinum
2380 3081 2437 3101 ver-

1311 3119 1387 3139 mem
1399 3110 1582 3138 Graecietiam
1594 3110 1702 3145 κςέτωαι
1714 3111 1868 3147 appellant.
1906 3110 1969 3140 Hoc
1977 3110 2081 3139 semine
2092 3109 2257 3147 exprimitur
2267 3109 2378 3141 oleum.
2400 3110 2437 3138 ci-

1313 3147 1355 3176 bis
1369 3148 1481 3184 quidem
1494 3148 1601 3176 foedum
1613 3169 1620 3181 ,
1643 3147 1688 3176 sed
1704 3147 1824 3177 lucernis
1842 3150 1867 3178 Sc
1887 3148 2039 3185 emplastris
2059 3148 2137 3177 utile.
2177 3148 2238 3176 Alio
2258 3148 2372 3176 nomine
2389 3147 2436 3176 hic

1313 3186 1405 3214 frutex
1420 3186 1533 3214 Ricinus
1548 3184 1702 3222 appellatur
1714 3207 1722 3219 ,
1744 3187 1769 3215 ὁὶ
1784 3186 1842 3215 Cici
1854 3208 1862 3222 ,
1882 3187 1958 3215 unde
1968 3186 2051 3215 etiam
2064 3185 2157 3214 oleum
2170 3184 2397 3223 ipsum‘Cicinum
2409 3186 2436 3215 Sc

1312 3223 1473 3251 Ricininum
1485 3223 1648 3259 appellatur.
1672 3222 1739 3252 Plin.
1757 3223 1804 3252 lib.
1822 3227 1862 3253 i6.
1877 3233 1939 3261 cap.
1953 3233 1997 3258 23.
2020 3223 2052 3252 V.
2074 3233 2108 3252 ci
2122 3233 2138 3252 c
2149 3234 2167 3252 r.

1275 3259 1399 3290 0κότό
1410 3270 1421 3287 i²
1432 3271 1447 3288 u
1458 3270 1487 3295 s,
1513 3261 1531 3288 i.
1553 3270 1589 3289 m.
1612 3261 1760 3296 [κροπιπές
1770 3282 1778 3294 ,
1799 3258 1812 3288 ὃ
1830 3260 2003 3297 Κρότων-τῶν]
2023 3261 2082 3290 Rex
2096 3261 2256 3296 Argivorum
2273 3260 2334 3295 suit,
2355 3265 2433 3297 pater

1312 3298 1482 3332 Psamathes,
1504 3307 1563 3334 quae
1576 3298 1610 3326 ab
1628 3298 1754 3334 Apolline
1772 3298 1925 3336 compressa
1939 3297 2038 3328 Linum
2057 3307 2175 3336 puerum
2196 3299 2323 3336 peperit,
2347 3306 2430 3332 quem

1312 3336 1477 3372 quuminter
1489 3345 1585 3372 vepres
1601 3334 1800 3371 abscondisset,
1821 3346 1904 3365 canes
1923 3339 2078 3366 extractum
2099 3336 2290 3365 dilacerarunt.
2330 3335 2432 3365 Memi-

1312 3374 1353 3402 nit
1366 3373 1475 3403 Pausan.
1489 3373 1517 3401 in
1532 3373 1657 3402 Corinth.
1700 3373 1773 3403 Hinc

1273 3410 1319 3440 Ca
1330 3421 1346 3439 o
1357 3421 1375 3439 τ
1384 3421 1400 3438 o
1412 3420 1424 3438 υ
1436 3421 1443 3438 i
1453 3421 1468 3439 Α
1480 3420 1497 3439 ι)
1509 3421 1520 3439 a
1530 3420 1542 3440 s
1553 3433 1560 3444 ,
1582 3411 1612 3440 is.
1635 3421 1670 3440 m.
1690 3418 1846 3448 patronym.
1869 3410 1952 3441 Ovid.
1965 3412 1993 3440 in
2005 3411 2067 3442 lbin
2080 3433 2087 3445 ,
2100 3416 2164 3447 480.

1400 3449 1511 3484 Quique
1522 3448 1718 3486 Crotopiaden]
1730 3449 1869 3486 diripuere
1880 3448 1990 3479 Linum.

1272 3485 1296 3515 C
1306 3496 1320 3514 R
1330 3495 1346 3514 o
1357 3495 1376 3514 T
1385 3495 1402 3514 u
1411 3496 1439 3521 s,
1461 3486 1618 3524 Euphemes
1629 3485 1770 3516 Musarum
1781 3487 1897 3516 nutricis
1906 3487 1989 3516 filius.
2012 3486 2044 3515 V.
2067 3495 2084 3515 c
2095 3496 2110 3514 R
2119 3495 2163 3515 oe
2173 3494 2222 3515 us.

1727 3533 1755 3567 C
1844 3534 1875 3569 R
1958 3534 1988 3569 U

1272 3589 1778 3624 CRUCIARIUS,CRUC1ATUS,
1799 3590 2133 3624 extremi-isurun,
2154 3588 2427 3625 Cenomanis,

1310 3628 1545 3661 CauciriGO,
1567 3628 1732 3661 Caucio,
1754 3629 1942 3658 Caucium.
1986 3629 2016 3658 V.
2039 3636 2143 3658 caux.

1272 3664 1316 3693 Ca
1328 3667 1343 3693 ῠ
1356 3669 1414 3694 cii
1426 3675 1444 3693 vr
1457 3675 1474 3693 A
1486 3687 1493 3699 ,
1515 3675 1546 3694 ae
1569 3666 1587 3694 f.
1612 3666 1705 3695 Planta
1717 3666 1755 3695 est
1774 3667 1803 3695 in
1824 3667 1936 3697 incultis
1954 3666 2023 3696 locis
2044 3666 2181 3701 Draecipue
2197 3665 2328 3699 nascens,
2349 3664 2427 3694 caule

1308 3702 1445 3733 rotundo.
1468 3703 1641 3737 dodrantali,
1663 3713 1695 3732 ac
1707 3705 1791 3732 etiam
1806 3705 1929 3739 majore,
1951 3705 1980 3733 in
2005 3703 2151 3733 cacumine
2165 3703 2332 3737 rufescente,
2357 3704 2428 3740 pari-

1308 3739 1358 3767 bus
1375 3740 1429 3768 scre
1441 3740 1594 3769 intervallis
1611 3741 1646 3770 ab
1657 3742 1714 3769 imo
1726 3742 1759 3770 ad
1779 3741 1916 3771 summum
1936 3741 2072 3779 geniculis
2087 3740 2252 3770 interfecto:
2274 3750 2290 3769 e
2309 3750 2427 3777 quorum

1306 3777 1415 3812 singulis
1427 3778 1477 3806 alis
1486 3777 1550 3806 bina
1563 3780 1702 3815 prodeunt
1718 3779 1783 3807 solia
1793 3779 1973 3816 subpinguia,
1994 3779 2076 3815 longa
2091 3799 2099 3811 ,
2120 3777 2238 3814 vulgaris
2249 3778 2329 3807 dic‘tae
2341 3779 2428 3814 Sapo-

1307 3824 1388 3843 nannc
1411 3815 1523 3849 aemula,
1546 3818 1569 3844 ἃ
1592 3817 1734 3845 Gentianae
1757 3816 1859 3846 foliolis
1876 3818 1904 3845 in
1924 3817 2080 3846 summitate
2095 3816 2308 3853 erumpentibus
2319 3815 2426 3844 similia.

1306 3851 1399 3881 Floscs
1411 3875 1419 3886 ,
1441 3854 1486 3889 qui
1500 3863 1640 3890 purpureo
1651 3854 1746 3882 colore
1763 3855 1853 3883 nitent
1863 3855 1890 3883 in
1903 3854 2010 3883 summo
2030 3854 2136 3882 circum
2155 3853 2263 3882 caulem
2282 3854 2309 3882 in
2331 3854 2427 3882 orbem

1305 3897 1417 3919 exeunt.
1458 3891 1548 3920 Radix
1565 3891 1606 3920 illi
1623 3891 1701 3927 alba,
1721 3891 1822 3929 longa,
1843 3891 2011 3922 amarissimo
2036 3890 2134 3928 gustu,
2155 3891 2224 3920 locis
2251 3890 2375 3957 pluribus
2393 3890 2427 3919 ab

2311 3938 2327 3957 u
2343 3937 2429 3964 toque
