2600 4177
462 136 491 170 C
588 135 604 170 Ι
695 137 725 171 R

32 211 97 242 Cra
109 223 126 243 c
137 224 183 244 11111
195 236 203 250 ,
225 225 254 245 ae.
276 216 296 245 f.
318 213 465 251 [mercada]
486 216 576 245 Herba
587 217 625 245 est
636 217 764 253 strycbno
780 217 865 247 sativo
882 219 974 249 similis
989 242 996 253 ,
1019 220 1085 249 flore
1101 218 1180 255 nigro

70 252 95 293 ᾃ
112 252 209 288 pusillo
223 276 229 286 ,
251 253 353 282 semine
367 253 434 281 milii
451 253 645 288 magnitudine
657 277 663 289 ,
687 255 816 285 nascente
830 257 857 284 in
876 257 1038 292 quibusdam
1054 256 1181 286 comicu-

68 286 121 331 liS,
143 290 234 319 radice
248 290 415 327 semipedali.
439 292 537 320 Auctor
550 291 588 320 est
602 292 667 320 Plin.
689 292 734 321 lib.
749 301 791 329 27.
806 304 857 328 cap
882 300 906 325 8.

70 324 192 355 I'uerunt
203 328 247 363 qui
261 328 378 356 eandem
391 327 535 357 crederent
550 338 613 357 curn
628 330 731 358 Circa-0
745 340 750 359 :
773 332 848 367 quod
867 337 959 361 tamen
975 331 1071 360 falsum
1083 330 1136 360 esse
1147 339 1183 361 ex

90 363 228 399 utriusque
237 365 421 401 descriptione
434 364 514 394 facile
524 366 751 402 deprehenditur.

36 397 76 428 Cr
88 409 101 427 11
113 411 129 428 c
140 410 156 428 A
168 410 210 428 rsa
221 412 237 429 A
248 423 256 434 ,
281 412 309 430 ae.
333 402 350 430 f.
375 404 434 431 Avis
448 404 549 431 dicitur
567 413 627 439 quae
644 404 764 433 volando
781 406 927 434 circuitum
942 406 1016 435 facit.
1042 404 1107 434 Fest.
1148 404 1182 433 V.

75 436 136 466 Not.
153 437 269 467 Dacerii.
308 439 463 474 [Augurale
473 441 639 470 vocabulum
651 443 767 472 viderur.

4 499 5 504 .
37 472 60 504 C
70 484 79 502 1
91 483 105 502 R
117 485 132 503 0
145 485 166 507 a,
179 485 223 518 es..
241 477 370 519 [141503]
387 478 491 513 (inquit
504 479 561 507 Cic.
573 488 596 514 3.
611 479 646 507 de
660 480 721 508 Nat.
739 481 818 509 Deor.
829 481 887 514 483
899 480 970 510 Solis
982 479 1045 513 filia,
1060 489 1075 508 0
1088 478 1188 508 Persei-

73 512 108 541 de
120 512 225 555 Ocea-ni
239 513 304 543 iilia.
348 514 412 543 Haec
423 515 564 545 veneficiis
576 517 685 550 dedita,
707 518 855 546 multarum
865 518 1011 547 herbarum
1023 527 1053 545 ac
1061 517 1186 545 radicum

72 557 161 578 varias
173 559 244 579 vrres
255 572 263 585 ,
286 551 606 588 mirabilesqueinvenit:
632 555 756 591 quamvis
772 566 784 583 a
798 563 883 584 matre
897 556 970 592 prius
983 556 1009 583 in
1024 555 1054 583 iis
1070 554 1135 583 eli‘et
1149 555 1189 581 in.

73 586 179 630 structa.
220 588 314 624 ltaque
324 589 505 619 Sarmatarum
516 593 570 628 regi
583 592 725 620 connubio
738 594 832 627 juncta
844 613 851 626 ,
872 595 959 621 virum
974 602 1038 621 mox
1052 591 1188 620 veneficio

74 631 209 668 peremit,
232 625 324 662 &ipsa
337 637 423 662 regno
435 630 524 666 potita
535 651 543 663 ,
565 629 634 658 saeve
647 630 763 658 nimium
776 639 807 658 ac
822 630 970 659 crudeliter
983 630 1190 659 administrabat

74 672 223 698 imperium
234 673 246 707 τ’
263 665 444 698 quamobrem
455 677 540 703 regno
553 667 587 695 ab
600 667 700 696 incolis
712 667 786 704 pulsa
801 690 808 699 ,
830 669 857 695 in
877 667 981 696 ltaliam
997 668 1074 696 venit
1086 689 1092 701 ,
1114 668 1139 696 84
1161 667 1188 694 in

74 708 266 743 promontorio
277 701 345 731 Latii
357 703 491 737 consedit,
515 706 589 740 quod
603 715 636 733 ex
648 706 706 739 ejus
716 705 829 733 nomine
838 704 977 734 Circeium
990 712 1120 733 vocatur:
1142 704 1189 732 ubi

74 737 203 767 homines
214 738 248 767 ad
261 738 286 767 se
296 741 439 770 venientes
447 742 618 772 carminibus
630 744 654 772 ἂ
664 743 806 771 veneficiis
817 743 941 772 mutabat
950 743 977 772 in
986 743 1073 772 varias
1083 742 1190 776 bestias,

73 783 103 805 ut
116 776 223 805 testatur
236 776 304 813 Virg.
318 787 342 813 7.
356 778 417 808 AEn.
430 789 474 808 20.

166 813 244 849 Quos
254 813 401 845 hominum
413 827 445 846 ex
457 817 526 846 facie
540 816 597 845 Dea
611 816 677 846 saeva
688 816 850 854 potentibus
861 817 954 847 herbis

89 887 96 894 ο
165 849 295 880 Induerat
305 852 384 883 Circe
396 876 403 889 ,
424 856 453 883 in
469 854 561 884 vultus
573 864 605 883 ac
619 861 694 890 terga
707 855 835 883 ferarum.
912 855 1043 884 Abundat
1054 854 1110 883 lioc
1122 852 1195 883 mul·

73 893 110 917 tis
123 897 154 931 ac
164 889 246 932 variis
256 889 346 920 herbis
358 913 366 925 ,
388 893 487 930 quibus
503 893 538 920 ad
554 892 689 921 veneficia
707 893 880 922 abutebatur.
922 893 1046 930 Pingitur
1064 893 1162 922 eadem
1178 901 1194 920 a

75 933 165 998 ἓοέῑιῗ
175 926 262 956 soeios
276 927 375 967 Uiyffis
385 952 394 965 ,
415 939 497 967 quem
505 929 626 968 hospitio
638 937 803 968 exceperat,
825 930 940 960 mutasse
954 931 982 960 in
996 939 1105 969 porcos.
1119 930 1192 967 Virg.

98 985 103 992 .
140 973 154 993 c
167 984 173 991 .
183 973 227 1000 70.

169 1001 343 1032 Carminibus
354 1003 433 1033 Circe
444 1003 656 1033 sociosmutavit
664 1004 772 1042 Ulyslis.
867 1006 924 1035 Cic.
938 1005 986 1035 lib.
1002 1016 1024 1035 1.
1039 1005 1192 1040 Officiu-

75 1037 169 1074 Qiam
181 1039 267 1069 multa
276 1041 365 1078 passus
377 1042 414 1070 est
426 1041 532 1080 Ulysses
548 1044 576 1071 in
587 1042 635 1072 illo
646 1053 737 1072 errore
756 1043 890 1072 diuturno
900 1065 908 1078 ,
930 1054 1015 1080 quum
1032 1045 1059 1073 ἃ
1074 1041 1197 1073 mulieri-

76 1075 128 1105 bus
149 1076 187 1120 §sr
201 1077 281 1107 Circe
293 1080 318 1108 8<
329 1078 445 1117 Calypso
456 1080 585 1110 mulieres
596 1080 770 1123 appellandae
780 1080 862 1115 sunt)
886 1081 1036 1110 inserviret.

76 1113 268 1158 Medicamina
279 1115 382 1146 Circes.
407 1118 524 1147 Carmen
537 1118 572 1147 de
585 1118 678 1147 Pulice
693 1119 766 1148 inter
777 1119 874 1148 Ovidii
888 1129 972 1157 opera
986 1118 1146 1158 repositum.

74 1150 177 1181 Pocula
188 1152 288 1195 ¹Circes.
309 1154 376 1184 Hor.
394 1165 415 1184 r.
432 1155 514 1193 Epist.
527 1166 552 1185 2.
567 1165 612 1191 ²3-

167 1190 295 1220 Sirenum
306 1201 390 1222 voces
399 1215 407 1228 ,
429 1195 454 1223 ἃ
466 1193 559 1223 Circes
569 1193 670 1231 pocula
685 1193 771 1222 nosti:

11 1242 12 1251 .
168 1227 239 1271 Quae
255 1229 273 1257 fi
286 1238 349 1259 cum
360 1229 440 1260 sociis
452 1231 548 1261 stultus
558 1253 566 1267 ,
583 1233 636 1261 διο.
762 1230 804 1261 De
815 1230 916 1269 Ulyffe.

10 1266 12 1280 ¹
75 1264 149 1296 AEaea
160 1265 249 1296 Circe.
272 1267 355 1296 Ovid.
371 1279 396 1303 4.
411 1269 479 1298 Met.
496 1279 560 1304 205.

10 1319 12 1324 .
169 1303 228 1333 Nec
242 1311 319 1334 tenet
332 1306 411 1335 AEaeae
422 1307 543 1344 genitrix
562 1306 749 1345 pulcherrima
770 1306 872 1336 Circes.
956 1307 1058 1338 AEaeam
1068 1311 1150 1337 vocat
1163 1306 1197 1336 ab

95 1340 144 1385 AEa
154 1340 322 1371 Colchorum
334 1344 400 1372 urbe
413 1365 422 1379 ,
443 1354 501 1373 non
515 1353 546 1374 ut
565 1345 675 1375 Servius
690 1343 803 1379 scribit,
823 1354 838 1373 a
852 1344 967 1375 vocibus
987 1355 1086 1375 eorum
1098 1367 1106 1382 ‚
1128 1354 1197 1383 quos

95 1388 124 1407 in
136 1378 214 1409 bruta
225 1380 354 1410 animalia
364 1382 555 1412 convertebat.
592 1382 659 1412 Haec
669 1381 794 1419 Raphael
808 1382 920 1420 Regius.

75 1415 193 1447 Callida.
215 1417 314 1447 Claud.
333 1428 356 1448 1.
371 1420 398 1448 111
410 1419 485 1449 Ruff.
498 1429 558 1457 153.

77 1453 205 1490 Titania,
222 1455 330 1485 Titanis
342 1464 388 1486 aut
397 1457 468 1487 Solis
477 1458 542 1488 filia.
565 1457 653 1487 Valer.
669 1467 695 1495 7.
717 1458 818 1495 Argon.
831 1466 895 1495 347.

77 1490 179 1522 Vitrea.
200 1491 268 1523 Hor.
287 1504 309 1523 r.
326 1494 416 1524 Carm.
433 1505 473 1532 17.
492 1505 537 1525 20.

77 1530 157 1598 Circe
171 1530 276 1599 Piciffii,
299 1542 382 1569 quem
392 1543 527 1571 equorum
546 1532 715 1563 domitorem
725 1532 806 1564 Maro
817 1541 913 1569 vocat,
936 1534 1054 1565 mutavit
1067 1534 1097 1564 in
1107 1542 1198 1565 avem.

120 1578 169 1606 irg.
184 1579 209 1603 7.
262 1579 287 1599 n.
304 1580 366 1606 ¹9¹·

169 1606 249 1637 Picus
259 1617 360 1645 equum
372 1609 508 1639 domitor:
531 1618 614 1647 quem
624 1613 704 1647 capta
716 1609 850 1646 cupidine
862 1610 968 1646 conjux

168 1645 256 1675 Aurea
267 1646 425 1683 percussum
436 1648 510 1682 virga
521 1669 528 1681 ‚
548 1647 710 1683 versumque
719 1648 835 1677 venenis

171 1680 247 1713 Fecit
259 1693 337 1713 avem
349 1685 430 1714 Circe
441 1707 448 1719 ,
468 1685 617 1723 sparfitque
627 1684 769 1714 coloribus
777 1685 842 1715 alas.

79 1720 173 1751 Circes
183 1743 192 1758 ,
212 1722 357 1759 genitivus.
379 1722 463 1753 ovid.
477 1733 520 1760 14.
533 1719 603 1753 Met.
615 1731 678 1760 247.

271 1773 308 1780 --
319 1770 422 1790 moneo
437 1761 500 1799 fuge
510 1761 604 1790 littora
615 1760 718 1790 Circes.

15 1802 17 1810 '
43 1796 217 1829 citemus
229 1819 238 1833 ,
258 1807 291 1832 a,
309 1809 364 1829 um.
388 1799 560 1836 [κιρκαῖῶυ]
581 1799 642 1834 Adj.
666 1798 737 1836 Virg.
748 1805 776 1835 7.
789 1797 850 1828 AEn.
866 1807 909 1830 10.

16 1862 17 1865 ,
167 1835 293 1865 Proxima
305 1837 416 1867 Circaeae
429 1838 562 1867 raduntur
571 1836 664 1867 littora
674 1845 761 1866 terrae.

16 1879 17 1905 1
80 1873 142 1911 Agri
155 1873 260 1903 Circaei.
286 1874 372 1904 Valet.
383 1884 409 1913 7.
422 1877 518 1913 Argon.
533 1885 596 1911 544.

79 1912 189 1949 Campi.
211 1911 298 1942 Valer.
310 1912 359 1942 lib.
373 1924 397 1950 ς.
408 1914 506 1951 Argon.
519 1922 580 1949 327.

16 1951 18 1964 ¹
79 1949 199 1980 fraudes
210 1950 328 1981 Circaeae.
351 1962 367 1980 1.
380 1962 403 1981 e.
427 1952 529 1981 Circes.
553 1952 674 1988 Propert.
687 1948 735 1980 lib.
750 1958 773 1986 3.
786 1958 829 1979 12.
841 1956 887 1987 27.

16 1978 19 2007 1
79 1988 199 2017 Gramen
212 1989 345 2019 Circaeum
360 2011 369 2024 ‚
391 1990 480 2020 Herba
489 1996 634 2019 venenata.
655 1989 778 2027 Propert.
789 1988 838 2017 lib.
850 1997 877 2020 2.
889 1997 912 2018 1.
932 1996 976 2026 ςι-

17 2018 19 2060 l
80 2025 157 2055 Litus
171 2025 314 2056 Circaeum.
337 2027 422 2057 Ovid.
437 2038 479 2062 14.
500 2028 568 2057 Met.
581 2033 646 2061 ²48·

17 2063 19 2092 i
80 2063 205 2100 Moenia,
227 2064 336 2095 Circeii.
359 2065 425 2095 Hor.
440 2066 528 2104 Epod.
548 2076 570 2095 1.
584 2074 627 2101 30.

18 2101 20 2142 ξ
79 2101 213 2132 Poculum
223 2103 367 2133 Circaeum.
390 2104 448 2133 Cic.
466 2115 488 2134 1.
503 2104 575 2134 Verr.
590 2113 633 2141 ς7.

44 2174 70 2208 c
82 2140 186 2170 Tellus
208 2140 293 2171 Ovid.
307 2151 349 2178 15.
363 2141 431 2171 Met.
446 2148 509 2179 718.
854 2177 860 2185 ¹

19 2209 21 2245 i
45 2189 87 2246 ci
95 2188 110 2245 ἓ
119 2187 137 2246 ἓ
144 2188 296 2252 ἓ.“υ“..’,”1
305 2189 346 2247 ¹²13.
355 2179 588 2255 11εὲ323ῗῖΞὲ
600 2175 1054 2253 ἃῖἒῗῖῗὲἓὶἶωῖἷξῗὸέἑῇἶῖ’.ει
1066 2212 1151 2247 Mo...
1163 2214 1202 2247 .st

20 2254 21 2261 ¹
83 2254 241 2292 Campaniae
251 2277 258 2290 ,
279 2261 311 2285 ut
321 2257 426 2286 dierum
436 2256 474 2286 est
484 2278 491 2291 ,
513 2255 606 2286 Circes
616 2256 690 2293 regia
702 2256 876 2292 percelebris.
917 2255 948 2286 In
961 2256 1015 2285 hoc
1026 2255 1134 2284 summo
1152 2265 1204 2294 op-

81 2293 179 2331 pidum
188 2293 256 2329 fuit,
277 2295 352 2331 quod
362 2297 387 2324 ὅ(
398 2294 532 2324 Circaeum
542 2295 649 2323 dictum
662 2296 686 2323 &
697 2294 870 2330 frequentius
881 2292 990 2323 Circeii.
1012 2292 1084 2323 Nam
1095 2300 1203 2323 utrum-

82 2340 136 2368 que
151 2331 242 2360 Livius
250 2331 328 2362 dicit.
370 2333 450 2362 Circa
462 2332 538 2362 hunc
549 2334 666 2362 tractum
677 2331 837 2369 Campaniae
848 2331 991 2361 colebatur
1002 2331 1139 2369 juppiter,
1153 2332 1202 2368 qui

82 2372 223 2403 Anxurus,
245 2370 290 2399 vel
302 2372 405 2401 Axurus
415 2371 571 2405 dicebatur,
594 2370 702 2405 &Juno
717 2371 794 2407 virgo
808 2391 815 2404 ,
837 2379 898 2406 quae
912 2370 1029 2399 Feronia
1040 2370 1201 2399 vocabatur.

81 2405 153 2444 Virg.
165 2417 191 2444 7.
204 2407 266 2438 AEn.
279 2418 342 2445 799.
365 2409 467 2438 Circeii
479 2418 559 2444 vero,
581 2415 613 2438 ut
627 2408 694 2437 Plin.
711 2409 808 2438 auctor
822 2408 860 2436 est
883 2407 931 2437 lib.
944 2417 967 2444 3.
987 2417 1047 2445 cap.
1063 2418 1086 2442 ς.
1114 2418 1203 2445 quon-

82 2445 145 2474 dam
157 2445 245 2475 Insula
254 2446 391 2476 immenso
404 2447 517 2484 quidem
534 2447 601 2476 mari
613 2446 783 2475 circumdata
793 2467 801 2481 ,
823 2445 841 2474 si
855 2445 979 2475 Homero
990 2446 1112 2475 creditur
1121 2468 1129 2481 ,
1151 2446 1201 2475 ubi

81 2482 189 2513 Latium
201 2485 348 2522 antiquum
357 2485 563 2515 terminabatur.
591 2484 689 2514 Strabo
702 2484 750 2513 lib.
769 2494 792 2518 ς.
816 2483 875 2513 Post
888 2484 1002 2513 Antium
1017 2483 1154 2513 Circeium
1163 2485 1202 2514 est

81 2521 228 2559 stadiorum
238 2523 423 2553 ducentorum
439 2525 464 2553 ἃ
479 2523 630 2561 nonaginta
641 2544 648 2557 ‚
669 2531 749 2551 mons
761 2523 829 2550 mari
841 2523 866 2551 Sc
878 2520 1029 2561 paludibus
1040 2522 1120 2551 instar
1130 2522 1203 2552 insu.

80 2559 122 2589 lae.
164 2560 255 2590 Habet
264 2562 349 2591 etiam
360 2584 368 2596 ,
389 2561 531 2591 castellum
541 2583 549 2596 ,
571 2562 597 2590 &
608 2560 702 2590 Circes
712 2559 842 2589 sacellum
852 2581 859 2595 ‚
881 2562 907 2589 &
920 2560 1054 2589 Minervae
1066 2570 1149 2589 aram.

81 2597 205 2632 Circeii,
226 2608 303 2629 nunc
314 2607 449 2630 vocantur
468 2600 584 2636 Cercelli,
604 2598 672 2628 teste
695 2598 821 2628 Olivario
839 2598 868 2627 in
892 2597 1016 2633 Melam,
1037 2598 1109 2628 forte
1129 2599 1202 2636 quali

25 2645 27 2655 ¹
67 2656 72 2658 -
101 2636 194 2666 Circes
202 2635 342 2667 sacellum.

23 2672 28 2715 ξ
47 2671 198 2704 0111011111
209 2684 306 2712 usas,
327 2685 384 2705 um.
406 2685 444 2705 m.
466 2673 645 2712 [xrgnwimr]
666 2673 722 2711 Qai
732 2673 868 2703 Circeiios
876 2673 1042 2703 inhabitant.
1057 2673 1115 2704 Cic.
1131 2682 1154 2710 3.
1167 2674 1203 2705 de

23 2716 29 2750 1
83 2712 144 2742 Nat.
159 2712 240 2743 Deor.
254 2719 299 2749 48.
321 2713 421 2744 Circen
433 2723 542 2751 quoque
552 2712 646 2743 coloni
657 2712 741 2741 nostri
752 2712 923 2742 Circeienses
933 2711 1059 2750 religiose
1074 2712 1182 2743 colunt.

25 2748 282 2791 remensus,
303 2751 335 2781 V.
357 2761 541 2782 0111ου103
561 2750 623 2789 post
641 2759 801 2780 ClRCUM.

11 2808 14 2811 -
47 2787 279 2821 (1110111333,
301 2789 334 2819 V.
357 2799 496 2819 cracus
518 2789 586 2818 ibid.

46 2824 253 2863 emenus,
274 2828 291 2857 i.
313 2837 350 2857 m.
373 2827 467 2857 Navis.
504 2827 534 2856 V.
556 2835 766 2856 cracuaus.

47 2862 200 2900 cruens,
221 2865 277 2895 itis.
298 2875 336 2896 m.
358 2866 435 2896 Idem
446 2865 522 2903 quod
531 2865 628 2895 Circus
638 2863 681 2894 vel
691 2862 825 2894 Circulus.
865 2862 974 2893 Festus:
997 2863 1123 2900 circites,
1145 2864 1204 2894 Cir-

81 2902 137 2970 {uli
147 2910 182 2932 ex
191 2912 243 2933 aete
252 2903 325 2934 fasti.
361 2904 428 2934 Non
447 2910 557 2933 tantum
575 2912 640 2933 vero
657 2912 692 2932 ex
707 2911 777 2938 aere,
797 2900 845 2932 sed
864 2902 954 2939 quivis
972 2901 1081 2932 circuli.
1101 2902 1199 2933 Sidon.

105 2950 171 2970 arm.
183 2949 228 2970 22.
240 2951 305 2971 222.

159 2977 275 3009 Umbrat
285 2979 450 3009 multicavus
465 2978 583 3017 spatioso
592 2978 687 3008 circite
694 2977 796 3007 fornix.

81 3015 198 3046 Circites
206 3018 291 3047 etiarn
301 3019 372 3047 inter
386 3018 519 3048 Olearum
548 3026 638 3046 enera.
661 3015 799 3046 Columel.
816 3024 840 3051 ς.
852 3020 881 3049 8.

47 3053 255 3090 013οῑΝυ3,
276 3055 294 3085 i.
316 3066 353 3085 m.
375 3049 517 3092 [aleam
561 3055 793 3089 instrumentum,
823 3053 903 3089 cuius
923 3051 1011 3082 altero
1031 3052 1105 3091 pede
1124 3053 1201 3089 fixo,

32 3105 33 3111 ¹
57 3110 60 3116 ·
82 3091 167 3123 altero
175 3093 306 3124 converso
316 3094 436 3124 circulus
446 3115 455 3129 ‚
474 3093 520 3123 seu
531 3093 604 3122 orbis
615 3092 777 3129 designatur.
802 3090 869 3134 Prin.
887 3091 934 3119 lib.
948 3101 974 3120 2.
988 3100 1047 3130 cap.
1062 3101 1108 3125 ²5-
1131 3091 1204 3120 Om-

0 3150 2 3153 -
33 3156 35 3171 :
82 3133 130 3161 nia
148 3139 243 3162 autem
264 3132 323 3161 haec
342 3132 468 3161 constant
488 3131 596 3160 ratione
617 3131 716 3160 circini
734 3129 842 3167 semper
863 3129 1029 3165 indubitata.
1070 3129 1158 3160 Ovid.
1173 3134 1200 3164 8.

34 3195 35 3203 ,
54 3186 57 3189 *
81 3166 228 3206 11100347.
251 3171 286 3199 de
297 3171 407 3199 Perdice
420 3169 524 3198 Daedali
536 3168 672 3207 discipulo
684 3190 692 3202 ,
712 3168 810 3198 circini
820 3167 976 3198 inventore.

35 3216 36 3219 ’
161 3208 268 3238 Primus
282 3210 306 3238 ἃ
317 3218 351 3237 ex
362 3218 418 3237 uno
428 3209 484 3237 duo
498 3207 610 3237 brachia
621 3207 707 3236 ferrea
718 3206 796 3235 nodo

162 3246 272 3282 vinxit,
294 3253 339 3281 ut,
360 3246 456 3282 aequali
465 3245 552 3283 spatio
563 3245 727 3274 distantibus
742 3243 815 3278 illis,

36 3313 38 3318 ,
163 3285 251 3314 Altera
261 3294 322 3322 pars
334 3285 431 3319 staret,
452 3293 514 3321 pars
522 3283 607 3312 altera
617 3283 733 3312 duceret
743 3281 850 3311 orbem.

47 3320 212 3353 cilicino
225 3345 233 3357 ,
252 3322 366 3359 [weda]
386 3325 443 3351 are.
466 3321 583 3357 Orbem,
608 3321 655 3350 seu
666 3320 801 3350 circulum
815 3319 906 3348 facere
916 3340 924 3353 ,
946 3317 989 3347 vel
999 3316 1152 3348 rotundum
1163 3318 1202 3348 fa-

84 3371 154 3391 cere.
175 3368 223 3396 ut,
246 3360 313 3390 Plin.
329 3370 370 3396 17.
386 3369 427 3389 12.
457 3359 588 3394 Arbores,
610 3368 670 3397 quae
690 3359 718 3387 in
735 3358 833 3387 orbem
850 3365 941 3385 ramos
961 3357 1104 3386 circinant.
1131 3355 1200 3386 Plin.

84 3399 132 3465 libi
148 3403 188 3428 16.
201 3408 262 3437 cap.
274 3404 317 3436 38.
339 3398 440 3428 Cetera
450 3396 606 3428 mensarum
626 3406 726 3435 genera
741 3394 805 3425 fissis
824 3394 968 3424 arboribus
984 3394 1153 3424 circinantur
1171 3395 1202 3424 in

106 3448 122 3466 u
155 3447 206 3467 am.

85 3446 242 3543 {ilignaoe'
263 3473 416 3504 Circumire
427 3472 659 3511 etiamsignificat.
681 3477 730 3507 ut,
751 3470 891 3501 Circinare
901 3478 978 3499 auras
987 3469 1062 3508 apud
1079 3469 1162 3500 Ovid.
1173 3479 1199 3501 2.

101 3525 112 3543 i
135 3521 168 3542 et.
181 3522 244 3548 723.

162 3550 282 3581 Inclinat
290 3549 383 3580 cursus
392 3572 400 3585 ,
422 3551 448 3580 &
460 3548 568 3579 easdem
577 3548 693 3578 circinat
703 3556 790 3576 auras.
872 3545 916 3575 De
932 3544 1063 3582 Cyllenio
1080 3545 1200 3577 volante.

51 3587 112 3618 cra
123 3599 183 3618 cin
194 3592 240 3618 AT
250 3599 266 3618 υ
277 3598 288 3618 3
298 3610 306 3623 ,
327 3598 342 3617 3
354 3609 362 3620 .
383 3598 438 3617 11111.
460 3594 508 3623 ut,
529 3587 696 3617 Rotunditas
706 3585 846 3615 circinata.
866 3582 937 3614 Piin.
952 3593 995 3620 17.
1013 3592 1056 3613 12.

86 3626 162 3656 Folia
173 3628 312 3656 circinata.
336 3626 404 3655 Plin.
422 3629 462 3655 16.
477 3635 521 3661 24.

87 3664 264 3703 'I'ympanum
275 3665 449 3694 circinatum.
476 3664 556 3693 Idem
576 3667 616 3697 18-
629 3671 674 3698 34.
770 3697 776 3704 ⁵
861 3697 866 3703 ¹

53 3699 92 3731 Cr
102 3712 118 3731 a
128 3712 144 3732 c
154 3714 162 3732 r
173 3713 192 3732 N
203 3713 222 3732 A
233 3712 252 3731 τ
262 3712 295 3731 10
306 3724 314 3737 ,
335 3703 406 3732 onis.
426 3702 445 3731 f.
465 3708 497 3731 ut
509 3701 641 3731 Rotunda
651 3698 805 3728 circinatio.
833 3696 939 3727 Vitruv.
953 3705 977 3734 3.
990 3704 1014 3733 3.
1035 3695 1159 3728 Ducatur
1167 3706 1204 3729 ex

88 3750 121 3769 eo
134 3741 356 3770 centrorotunda
366 3740 520 3769 circinatio.
542 3739 560 3768 i.
582 3749 606 3768 0.
629 3736 765 3767 Circulus.

87 3778 200 3808 Ponitur
210 3779 293 3807 etiam
304 3787 354 3816 pto
368 3778 540 3808 Circuitione
557 3776 625 3815 ipsa.
664 3775 769 3818 Vitruy.
781 3783 807 3808 9.
817 3772 981 3818 6.nPropter
1002 3782 1065 3803 eam
1089 3773 1204 3804 01101113·-

46 3823 47 3852 1
105 3817 211 3846 tionem
219 3823 361 3845 morantur
380 3816 558 3852 (Mercurius
568 3816 593 3844 &
608 3813 721 3848 Venus)
741 3821 772 3841 in
783 3811 875 3850 spatiis
886 3810 1034 3849 signorum.

56 3851 77 3882 C
87 3863 190 3883 lRCIN
202 3864 221 3883 A
231 3863 247 3882 a
257 3864 267 3882 1
278 3863 296 3881 υ
306 3862 318 3882 s
328 3875 336 3887 ,
357 3854 375 3883 i.
395 3863 432 3883 111.
454 3854 510 3890 Qui
523 3853 642 3883 circinos
652 3851 727 3881 facit.

55 3889 116 3920 cin
126 3893 160 3921 αῖ
169 3902 188 3920 τ
197 3902 210 3921 a
221 3902 238 3920 11
247 3914 254 3926 ,
276 3890 388 3926 [deine
397 3913 405 3927 ,
423 3891 475 3927 ὡς]
496 3888 651 3929 Praepositio
660 3911 668 3924 ,
689 3896 750 3926 quae
761 3885 916 3917 accusativo
927 3886 998 3916 casui
1008 3886 1141 3924 jungitur.
1170 3886 1205 3917 Et

91 3930 126 3958 ad
140 3936 266 3967 tempus,
287 3929 628 3965 numerumquerefertur:
650 3926 790 3956 interdum
800 3926 835 3954 ad
854 3924 960 3955 locum.
999 3925 1143 3964 Significat
1159 3934 1205 3955 au-

88 3971 147 3997 tem
157 3968 233 3999 idern
244 3967 319 4006 quod
329 3967 371 3998 Ad
383 3989 391 4002 ,
412 3977 470 3997 non
481 3958 570 3997 multo
581 3966 659 3996 secus
670 3986 679 4002 ‚
699 3973 789 4003 prope
798 3985 807 3999 ‚
827 3962 895 3993 sere.

1587 134 1619 169 C
1714 131 1730 167 1
1828 131 1857 166 R
2324 139 2389 176 519

1269 216 1312 247 Ad
1320 222 1441 254 tenipus.
1463 216 1521 246 Cic.
1532 224 1557 245 2.
1576 216 1627 244 Att.
1640 224 1666 249 4.
1688 213 1748 243 Νο3
1759 213 1868 242 circiter
1879 212 2015 243 Calendas
2024 218 2072 241 aut
2081 212 2109 241 in
2122 211 2269 241 Formiano
2281 211 2393 246 erimus,

1290 255 1374 282 autin
1389 255 1567 290 Pompeiano.
1598 252 1663 282 Caes.
1681 263 1703 280 1.
1717 251 1784 281 Bell.
1800 251 1869 280 Gall.
1888 262 1929 286 50.
1952 250 2067 280 Circiter
2078 250 2232 279 meridiem.

1273 291 1408 320 Octavam
1423 292 1647 321 0110110111013111.
1672 290 1738 319 Hor.
1756 300 1778 318 i.
1793 289 1873 327 Epist.
1887 298 1912 324 7.
1929 298 1973 324 47.

1275 329 1315 358 Ad
1330 338 1483 358 numerum.
1524 329 1590 359 Cres.
1608 339 1629 357 1.
1646 327 1711 357 Bell.
1725 327 1795 357 Gall.
1810 337 1853 363 ις.
1877 327 1915 356 lta
1930 326 1989 356 dies
2008 326 2117 355 circiter
2131 335 2147 354 x
2159 335 2173 354 v
2191 325 2242 354 iter
2257 325 2394 353 fecerunt.

1296 365 1383 395 Plaut.
1402 367 1461 396 Mil.
1476 377 1500 395 2.
1516 376 1537 401 3.
1553 377 1596 400 70.

1369 404 1441 433 Nam
1453 404 1510 432 illic
1523 405 1612 433 noller
1622 403 1658 431 cst
1671 402 1779 432 fortasse
1792 402 1900 431 circiter
1910 401 2070 430 triennium.

1277 440 1316 469 Ad
1328 440 1430 470 locum.
1474 442 1558 470 Plaut.
1570 442 1632 470 ciii.
1645 452 1669 475 ⁴·
1682 450 1706 468 2.
1720 446 1744 473 8.
1770 440 1841 469 Loca
1853 440 1912 468 hrec
1924 440 2033 468 circiter
2045 437 2150 468 excidit
2161 437 2240 466 mihi.

1238 478 1262 508 C
1273 491 1281 505 1
1294 488 1308 506 11
1320 488 1337 506 0
1347 490 1355 506 1
1367 489 1386 506 τ
1398 489 1411 507 11
1422 489 1446 512 a,
1470 480 1534 508 Adv.
1561 480 1619 507 Cic.
1634 488 1658 506 2.
1675 480 1727 506 Art.
1739 489 1764 513 4.
1794 477 1894 507 Verum
1905 477 1965 506 haec
1977 478 2005 506 in
2019 477 2143 514 Arpinati
2155 476 2189 504 ad
2202 475 2309 504 sextum
2322 474 2400 504 circi..-

1276 522 1319 544 ter
1333 515 1395 544 [dus
1409 516 1497 546 Maias
1508 527 1566 545 non
1583 517 1743 544 defleamus.

1240 553 1262 582 C
1272 564 1281 581 1
1291 563 1306 581 a
1316 563 1331 581 c
1341 564 1349 581 1
1360 562 1379 580 i·
1391 562 1423 588 0,
1446 557 1499 583 are.
1522 553 1684 583 Circumire.
1709 553 1767 583 Vet.
1797 551 1882 583 Closs.
1910 552 2024 582 Circitat
2043 552 2069 581 &
2088 552 2174 581 circat
2186 572 2194 587 ,
2215 546 2339 579 nuncid-²¹.
2367 547 2399 580 V.

1279 600 1312 619 cr
1323 600 1336 617 a
1349 600 1400 619 cc.

1241 628 1454 662 Gracia-os,
1483 626 1514 656 V.
1537 628 1693 662 Circuitor,
1718 628 1745 656 in
1769 637 1976 657 cracumno.

1241 666 1448 699 Ciscirus,
1471 666 1509 694 tis.
1534 675 1570 694 m.
1594 667 1620 694 ὃ(
1641 666 1887 700 CracrruaA,
1909 676 1939 694 ae.
1961 665 1980 695 f.
2003 666 2031 694 in
2048 664 2106 694 Vet.
2122 663 2205 695 Gioff.
2224 662 2400 701 explicantur

1280 701 1374 732 Graece
1398 700 1514 731 ὂὲωδάιι
1527 724 1535 738 ,
1561 703 1614 732 sive
1631 699 1749 731 wbocssoe.

1242 740 1265 770 C
1275 750 1336 806 11110
1347 751 1356 768 1
1365 750 1384 768 T
1393 750 1409 768 0
1418 750 1435 768 a
1446 751 1454 768 1
1466 749 1484 768 u
1493 749 1505 769 s
1516 761 1524 775 ,
1540 749 1556 768 a
1565 763 1573 777 ,
1594 750 1651 769 um.
1669 740 1780 769 Theoti.
1790 740 1860 769 Cod.
1873 749 1899 777 7.
1912 750 1956 770 21.
1976 740 2047 770 Cum
2057 740 2196 770 circitoria
2207 739 2341 776 dignitate
2350 738 2404 768 mi-

1293 787 1369 806 itare.

1244 814 1284 845 Ci
1296 826 1310 843 a
1321 825 1338 844 c
1348 826 1355 843 1
1367 825 1385 844 u
1395 826 1433 847 M,
1449 815 1468 843 i.
1489 824 1516 843 n.
1539 814 1672 849 [ulamau]
1696 816 1749 848 (ut
1763 816 1852 852 inquit
1865 814 2061 851 Dioscorides)
2081 814 2173 844 Cauiis
2186 814 2223 844 est
2232 821 2320 848 tener.
2336 813 2405 843 duo-

1282 863 1343 882 rum
1364 852 1538 886 cubitorum,
1561 853 1700 888 triangulo
1711 852 1819 882 similis:
1841 853 1874 882 ab
1888 854 1943 882 imo
1955 853 2049 882 foliola
2063 850 2128 882 rosae
2143 852 2264 887 speciem
2285 852 2404 881 reseren-

1281 892 1336 920 tia:
1360 891 1452 926 anguli
1471 889 1588 927 spinosi:
1611 900 1661 927 per
1676 891 1817 919 intervalla
1837 891 1953 919 molles:
1976 891 2042 920 folia
2062 890 2186 927 buglosso
2207 890 2302 919 similia
2315 912 2323 925 ,
2345 889 2406 919 lon-

1283 929 1360 965 giora
1371 951 1377 960 ,
1400 928 1570 957 subcandida
1580 949 1587 961 ,
1609 928 1722 956 modice
1735 926 1837 957 hirsuta
1850 950 1858 962 ,
1884 929 2005 966 partibus
2016 929 2147 959 extremis
2161 929 2301 957 aculeata:
2325 937 2407 957 cacu-

1281 975 1347 994 men
1361 966 1446 995 caulis
1460 965 1656 999 orbiculatum,
1678 965 1819 1003 hispidum
1833 975 1839 994 :
1860 966 1951 1002 inquo
1963 966 2083 1004 capitula
2094 967 2123 996 in
2135 966 2242 995 summo
2255 976 2405 1003 purpurea,

1284 1012 1345 1041 quae
1356 1003 1499 1032 solvuntur
1514 1004 1540 1032 in
1554 1003 1707 1041 lanugines.
1732 1003 1797 1032 Haec
1809 1002 1855 1033 ille
1866 1003 1913 1032 lib.
1927 1015 1952 1038 4.
1966 1013 2025 1041 cap.
2039 1014 2099 1039 114.

1245 1040 1268 1070 C
1279 1052 1287 1069 i
1298 1051 1314 1069 a
1325 1049 1360 1070 ct
1371 1050 1388 1069 υ
1398 1050 1409 1070 3
1419 1062 1428 1076 ,
1450 1042 1468 1070 1.
1492 1050 1528 1071 m.
1552 1041 1685 1077 [Ἰᾶπυξ]
1709 1041 1812 1071 Ventus
1825 1051 1840 1071 a
1849 1041 1959 1071 turbine
1968 1051 1999 1071 ac
2010 1043 2144 1079 vertigine
2155 1040 2254 1071 dictus.
2275 1039 2307 1071 V.
2330 1051 2347 1071 c
2357 1050 2407 1071 iu-

1286 1089 1303 1108 c
1313 1090 1321 1106 1
1333 1089 1350 1107 υ
1362 1089 1382 1107 s.

1247 1117 1310 1147 Cra
1322 1125 1404 1145 crus
1417 1137 1425 1151 ,
1447 1116 1465 1145 i.
1489 1125 1525 1144 m.
1548 1115 1638 1145 insula
1651 1116 1703 1145 fuit
1718 1117 1745 1145 in
1760 1116 1845 1155 Mysia
1856 1138 1863 1151 ,
1884 1116 2102 1154 quingentorum
2113 1116 2170 1145 sere
2182 1116 2332 1146 stadiorum
2352 1126 2409 1146 am-

1285 1154 1344 1184 bitu
1355 1177 1362 1188 ,
1383 1154 1631 1188 admodumferax,
1654 1156 1678 1183 62
1688 1155 1798 1184 duobus
1812 1155 1944 1193 pontibus
1954 1155 2051 1190 juncta
2061 1155 2228 1184 continenti.
2269 1153 2340 1190 Quae
2350 1155 2410 1190 jux-

1286 1199 1314 1221 ta
1329 1200 1442 1229 pontem
1454 1192 1576 1224 eiusdem
1588 1193 1709 1221 nominis
1721 1193 1815 1222 urbem
1827 1192 1928 1222 habuit
1941 1214 1948 1226 ,
1968 1194 2097 1229 &portus
2110 1192 2180 1221 duos
2193 1191 2306 1226 clausos,
2329 1195 2354 1221 &
2364 1202 2410 1221 na-

1286 1230 1367 1259 valia.
1405 1230 1496 1265 [Haec
1507 1230 1541 1258 ad
1552 1230 1666 1259 verbum
1682 1240 1714 1259 ex
1730 1231 1899 1259 Dictionario
1912 1230 2042 1259 historico
2053 1230 2107 1259 11110
2118 1230 2254 1268 descripta
2263 1229 2334 1259 sunt.
2355 1229 2411 1260 Sed

1288 1269 1365 1305 apud
1376 1267 1554 1304 Geographos
1566 1268 1650 1296 altum
1663 1268 1698 1297 de
1710 1278 1740 1297 ea
1751 1267 1837 1297 insula
1848 1268 1988 1298 silentium
1998 1268 2044 1297 est.

1249 1305 1272 1335 C
1283 1316 1314 1334 is
1326 1315 1368 1334 co
1381 1327 1388 1340 ,
1411 1309 1464 1334 are.
1491 1307 1547 1334 Ver.
1561 1305 1642 1335 Glois.
1654 1305 1755 1342 Circat,
1776 1303 1896 1336 κυιλσίοι.
1939 1306 1969 1336 V.
1992 1305 2090 1343 Scalig.
2107 1304 2143 1334 ad
2153 1305 2272 1343 Propert.
2286 1315 2312 1341 4.
2325 1314 2351 1341 9.
2365 1314 2410 1342 35.

1289 1345 1314 1373 &
1326 1342 1454 1373 Broeckh.
1468 1343 1502 1372 ad
1515 1344 1567 1372 loc.

1249 1381 1272 1411 C
1281 1391 1313 1448 ig
1323 1391 1340 1410 c
1349 1391 1403 1447 (ff,
1425 1382 1502 1447 imin.
1525 1379 1641 1417 [αόκΘυ
1653 1382 1668 1417 ]
1694 1381 1839 1420 Accipitris
1852 1381 1994 1418 quoddam
2003 1390 2100 1419 genus,
2121 1379 2253 1411 claudum
2264 1379 2351 1410 altero
2364 1389 2413 1419 pe-

1309 1429 1331 1448 0.
1388 1429 1425 1448 ιη.
1450 1430 1456 1448 1
1481 1442 1485 1447 .
1503 1430 1538 1447 10.
1551 1429 1581 1448 ca
1606 1425 1647 1452 .8.

1287 1456 1400 1493 Circos,
1424 1456 1540 1496 Gemina
1553 1430 1626 1494 pyiiis
1638 1457 1740 1486 similis.
1763 1456 1831 1486 Plin.
1843 1457 1891 1486 lib.
1906 1465 1948 1494 37.
1966 1466 2028 1495 cap.
2043 1466 2086 1486 10.

1248 1495 1490 1530 Cracuiroa,
1515 1497 1723 1524 Crscurrio
1738 1517 1746 1530 ,
1776 1494 1910 1524 Cracur
1924 1504 2002 1524 Tus.
2043 1493 2075 1524 ln
2096 1503 2301 1525 0130111130.

1249 1533 1428 1562 CracuLA
1443 1542 1528 1567 roa,
1549 1532 1743 1565 Cruento.
1765 1532 1971 1562 Cracucus.
2011 1531 2042 1561 111
2065 1541 2210 1562 exactis.

1250 1570 1290 1600 Or
1301 1580 1343 1600 Rc
1354 1581 1371 1599 υ
1383 1581 1401 1599 Μ
1415 1593 1423 1605 ,
1447 1570 1602 1607 Praeposrtio
1615 1570 1770 1600 accusativo
1783 1570 1855 1600 casui
1867 1570 1986 1600 serviens
1995 1593 2002 1604 ,
2024 1576 2083 1600 tam
2096 1570 2125 1599 in
2138 1569 2319 1608 appolitione,
2333 1577 2416 1607 quam

1288 1609 1318 1638 in
1329 1608 1533 1646 compositione
1545 1631 1552 1642 ,
1576 1605 1629 1637 rer&
1654 1609 1778 1638 Graecam
1791 1608 2013 1646 praepositionem
2024 1608 2174 1646 significat:
2197 1615 2242 1644 ut,
2264 1608 2416 1638 Circumfe-

1288 1657 1319 1677 ro
1332 1669 1339 1683 ‚
1361 1648 1487 1681 «ωὶειφὲρω.
1510 1646 1575 1676 Ter.
1589 1647 1688 1675 Heaut.
1704 1656 1728 1675 2.
1744 1656 1766 1681 3.
1780 1657 1823 1681 50.

1383 1685 1505 1722 Capillus
1523 1684 1613 1722 pallus
1624 1706 1631 1718 ,
1654 1684 1780 1722 prolixus
1792 1707 1799 1719 ,
1824 1685 1930 1714 circum
1941 1690 2026 1718 caput

1383 1723 1511 1757 aejectus
1524 1724 1705 1759 negligenter.
1802 1722 1860 1753 Cic.
1876 1732 1925 1760 pro
1945 1723 2043 1759 Quint.
2057 1731 2102 1758 25.
2131 1721 2206 1752 Tum
2227 1719 2340 1751 Nervius
2359 1719 2418 1759 ips·

1309 1770 1390 1789 ueros
1403 1762 1508 1789 circum
1523 1762 1628 1790 amicos
1643 1761 1768 1791 dimittit.

1287 1767 1402 1865 Cirssum
1417 1798 1537 1835 aliquem
1547 1808 1679 1837 pugnare.
1720 1798 1791 1836 Virg.
1805 1801 1831 1828 6.
1848 1796 1910 1829 AEn.
1925 1802 1986 1828 166.
2007 1798 2027 1828 ἰ.
2037 1807 2061 1827 0.
2087 1797 2178 1829 Alieni
2198 1806 2300 1835 pugnae
2313 1797 2420 1828 socium

1309 1840 1334 1865 ei
1350 1848 1370 1866 e.

1290 1873 1403 1941 ciffum
1416 1874 1595 1942 ciffiamydem
1609 1884 1738 1912 purpura.
1761 1875 1779 1903 i.
1791 1884 1815 1903 e.
1837 1873 1870 1904 In
1879 1882 1956 1912 parte
1973 1879 2116 1908 extrema.
2137 1879 2169 1905 ut
2188 1873 2279 1912 inquit
2297 1872 2417 1904 Servius.

1337 1923 1357 1941 rr
1379 1936 1384 1941 .
1400 1924 1423 1946 ς.
1473 1923 1499 1942 n.
1512 1922 1577 1947 ²50·

1289 1923 1405 1981 Circsim
1416 1951 1541 1980 claustra.
1567 1950 1638 1988 Virg.
1655 1959 1678 1979 1.
1696 1949 1757 1979 AEn.
1768 1953 1813 1979 60.

1371 1989 1414 2018 Illi
1428 1990 1604 2025 indignantes
1615 1998 1718 2025 magno
1728 1996 1793 2017 cum
1806 1997 1947 2018 murmure
1958 1988 2062 2018 montis

1371 2026 1483 2056 Circum
1494 2027 1607 2056 claustra
1618 2026 1749 2056 fremunt.
1848 2025 1888 2056 De
1898 2028 1987 2056 ventis
2002 2027 2031 2055 in
2047 2026 2147 2057 AEolia.

1291 2064 1404 2094 Circum
1416 2065 1525 2094 insulas.
1565 2065 1622 2094 Liv.
1636 2074 1681 2100 4²·
1699 2076 1742 2101 45·
1757 2074 1799 2103 pr.
1821 2062 1892 2094 Inde
1903 2065 2005 2103 legatio
2017 2065 2066 2094 sub
2076 2066 2155 2095 idem
2164 2069 2278 2102 tempus
2289 2063 2320 2094 in
2334 2062 2420 2094 Afia'm

1310 2104 1416 2132 circum
1429 2103 1530 2132 insulas
1540 2102 1625 2132 missa.
1679 2112 1681 2114 ·

1291 2140 1404 2170 Circum
1416 2141 1506 2170 litora.
1529 2140 1602 2178 Virg.
1613 2150 1638 2176 3.
1651 2140 1712 2171 AEn.
1727 2149 1772 2178 75.

1290 2178 1381 2208 Maria
1395 2180 1490 2208 omnia
1500 2180 1605 2208 circum
1618 2188 1717 2208 errare.
1741 2179 1786 2207 Vir
1807 2201 1812 2206 .
1830 2187 1853 2208 r.
1866 2177 1926 2209 AEn.
1941 2182 1985 2215 36.

1292 2216 1407 2247 Circum
1419 2227 1479 2246 oras
1489 2219 1513 2246 8(
1524 2217 1629 2246 111111113.
1653 2216 1724 2254 Virg.
1739 2228 1765 2252 4.
1811 2226 1886 2254 eorg.
1901 2222 1961 2251 ¹88·

1374 2254 1529 2284 Fitsonitus
1543 2265 1549 2284 z
1573 2254 1747 2292 mussantque
1758 2265 1819 2284 oras
1833 2255 1967 2285 &limina
1977 2254 2094 2284 circum.

1290 2293 1386 2323 Turba
1395 2293 1465 2323 stans
1473 2294 1578 2323 circum
1592 2300 1627 2322 te.
1650 2294 1667 2322 i.
1681 2303 1705 2322 0.
1728 2293 1915 2323 circumstans
1926 2299 1962 2323 te.
1986 2293 2055 2323 Hor.
2069 2302 2092 2322 1.
2105 2290 2194 2323 Serm.
2206 2299 2231 2330 3.
2245 2300 2308 2330 135.

1291 2332 1406 2362 Circum
1418 2338 1546 2369 tempora
1559 2331 1648 2369 serpit.
1674 2331 1746 2369 Virg.
1760 2337 1785 2365 8.
1801 2331 1857 2360 Ecl.
1878 2341 1919 2361 12.

1487 2386 1523 2391 -—
1535 2376 1617 2407 atque
1630 2369 1703 2398 hanc
1715 2370 1770 2399 line
1782 2375 1911 2407 tempora
1919 2369 2026 2399 circum

1385 2407 1462 2437 Inter
1470 2409 1599 2437 vidtrices
1613 2407 1745 2437 hederam
1761 2408 1811 2436 tibi
1823 2406 1930 2445 serpere
1942 2407 2042 2438 lauros.
2139 2405 2310 2443 allegoricos
2331 2405 2419 2443 dicit,

1308 2445 1402 2514 ISJebet
1416 2447 1500 2475 etiarn
1518 2455 1632 2475 carmen
1647 2454 1744 2475 meum
1762 2445 1863 2475 florere
1882 2446 1955 2475 inter
1966 2453 2028 2476 tuos
2044 2444 2137 2484 plures
2146 2445 2312 2483 triumphos.
2353 2444 2421 2475 Haec

1332 2494 1432 2513 erVius.

1290 2522 1404 2552 Circum
1416 2522 1514 2551 tribus.
1557 2520 1616 2550 Cic.
1627 2530 1653 2550 2.
1665 2520 1740 2551 Verr.
1753 2530 1798 2556 τις.
1820 2520 1933 2552 Cursare
1948 2521 1996 2552 iste
2020 2519 2107 2551 homo
2132 2526 2233 2559 potens
2246 2541 2253 2556 ‚
2275 2529 2341 2550 cum
2360 2516 2419 2551 filio

1310 2559 1414 2589 blando
1426 2562 1451 2590 &
1467 2559 1585 2597 gratioso
1597 2559 1703 2589 circum
1717 2559 1812 2589 tribus.

1289 2596 1403 2628 Circum
1414 2598 1497 2636 etiam
1510 2597 1612 2627 eodem
1625 2598 1711 2626 modo
1723 2620 1730 2632 ,
1752 2607 1809 2635 quo
1819 2597 1916 2632 Circa,
1938 2597 2024 2627 utitur
2035 2618 2043 2632 ,
2064 2596 2121 2627 scil.
2134 2605 2185 2634 pro
2205 2596 2308 2626 Amicis
2330 2598 2355 2626 &
2372 2596 2421 2626 Fa-

1309 2636 1473 2666 miliaribus.
1496 2635 1553 2664 Cic.
1569 2646 1593 2670 9·
1609 2635 1662 2664 Att.
1676 2646 1701 2671 9·
1725 2635 1785 2665 Nec
1800 2635 1855 2664 fine
1867 2635 1946 2666 causa
1957 2637 1983 2666 δι
1994 2644 2043 2665 eos
2054 2656 2062 2671 ‚
2085 2635 2133 2673 qui
2143 2635 2249 2665 circum
2259 2634 2339 2665 illum
2346 2633 2420 2671 sunt,

1311 2675 1403 2703 times.
1432 2673 1462 2702 V.
1484 2674 1509 2702 &
1521 2673 1585 2702 Ter.
1600 2672 1727 2703 Eunuch.
1741 2683 1764 2711 3.
1780 2683 1804 2709 5.
1817 2682 1861 2710 33.

1254 2713 1278 2744 C
1287 2723 1297 2742 1
1308 2722 1324 2741 a
1335 2722 1352 2741 0
1361 2722 1379 2741 u
1388 2722 1409 2740 M
1420 2733 1428 2746 ,
1451 2711 1518 2740 Adv.
1545 2711 1617 2749 Virg.
1633 2722 1658 2746 4.
1675 2711 1736 2741 AEn.
1746 2715 1810 2746 416.

1337 2750 1344 2759 *
1372 2750 1450 2779 Anna
1462 2749 1541 2779 vides
1553 2756 1614 2778 toto
1626 2751 1769 2787 properari
1783 2750 1864 2779 litore
1874 2749 1992 2779 circum.

1289 2788 1388 2818 Nubes
1399 2789 1504 2818 circum
1516 2787 1650 2824 caligat&
1665 2787 1778 2817 hebetat
1792 2787 1864 2817 visus
1872 2788 1973 2817 tuenti.
1997 2786 2069 2824 Virg.
2084 2795 2111 2817 2.
2121 2783 2184 2816 AEn.
2198 2789 2262 2816 606.

1290 2826 1372 2856 Collo
1382 2827 1449 2855 dare
1467 2826 1578 2855 brachia
1589 2826 1704 2855 circum.
1728 2826 1798 2863 Virg.
1812 2834 1837 2855 2.
1852 2825 1915 2855 AEn.
1928 2835 1992 2862 79²·
2034 2825 2089 2861 [In
2102 2824 2157 2854 hoc
2169 2826 2195 2854 &
2212 2824 2265 2861 seq.
2287 2821 2419 2862 exemplo

1309 2865 1416 2932 {megs
1426 2864 1473 2900 est,
1485 2865 1559 2894 verb.
1577 2864 1758 2894 Circumdare
1767 2866 1793 2894 &
1804 2863 2028 2900 Circumtulerat‚
2039 2865 2066 2894 &
2080 2863 2110 2892 in
2120 2863 2212 2902 priore
2224 2872 2335 2900 quoque
2349 2865 2420 2894 Ana-

1336 2913 1384 2940 rop
1408 2912 1431 2931 e.

1290 2940 1404 2971 Circum
1415 2940 1479 2970 late.
1500 2939 1574 2977 Virg.
1587 2947 1612 2976 7.
1628 2939 1689 2969 ffin.
1706 2949 1767 2974 ¹04.

1370 2978 1426 3008 Sed
1437 2979 1542 3007 circum
1556 2978 1610 3007 late
1623 2977 1743 3007 volitans
1752 2978 1811 3015 jam
1822 2977 1896 3008 fama
1909 2986 1960 3015 per
1968 2976 2053 3007 urben

1371 3015 1501 3045 Ausonias
1511 3015 1622 3044 tulerat.

1289 3054 1479 3091 circumque,
1500 3053 1635 3090 infraque.
1658 3054 1725 3083 Stat.
1740 3064 1763 3084 1.
1781 3053 1878 3084 Achill.
1896 3056 1939 3088 56.

1370 3092 1565 3129 Tyrrhenique
1576 3091 1664 3129 gregis
1676 3093 1836 3130 circumque
1848 3091 1973 3129 infraque
1984 3095 2117 3120 rotantur.

1292 3129 1404 3160 Circum
1416 3129 1472 3159 sub.
1497 3129 1570 3167 Virg.
1585 3140 1611 3164 4.
1626 3130 1726 3167 Georg.
1745 3140 1804 3165 ¹93-

1373 3168 1427 3197 Sed
1439 3169 1544 3198 circum
1557 3175 1622 3197 tutae
1634 3167 1683 3197 sub
1697 3168 1839 3198 moenibus
1850 3167 1926 3196 urbis
1937 3171 2082 3204 aquantur.
2118 3186 2120 3189 .

1292 3205 1408 3235 Circum
1419 3207 1563 3244 supraque.
1585 3207 1652 3235 Stat.
1667 3216 1693 3240 9.
1707 3206 1798 3236 Theb.
1819 3215 1878 3240 ir4.

1290 3245 1379 3282 Agere
1391 3245 1514 3279 circum,
1535 3242 1746 3281 circumagere,
1768 3244 1890 3280 jactare,
1911 3241 2030 3270 volvere.
2052 3238 2126 3278 Virg.
2143 3236 2241 3270 1.AEn.
2259 3247 2321 3271 121.

1569 3298 1604 3302 -—
1618 3282 1656 3311 ast
1665 3281 1740 3311 illam
1753 3288 1794 3310 ter
1806 3281 1905 3310 fluetus
1914 3279 2020 3308 ibidem

1372 3319 1498 3354 Torquet
1506 3328 1590 3357 agens
1600 3320 1706 3349 circum
1719 3339 1728 3355 ‚
1750 3321 1775 3349 Gr
1787 3318 1898 3356 rapidus
1906 3325 1984 3347 vorat
1993 3326 2102 3354 aequcre
2113 3321 2220 3347 vortex.
2303 3315 2360 3354 [Et
2371 3315 2418 3349 1110

1311 3357 1480 3395 Anastrophe
1491 3358 1529 3387 est
1558 3358 1585 3386 V.
1612 3367 1628 3386 c
1639 3368 1648 3386 1
1660 3368 1674 3386 a
1686 3367 1703 3386 0
1713 3368 1729 3386 u
1739 3368 1759 3386 M
1770 3367 1788 3385 A
1800 3366 1817 3385 c
1827 3365 1852 3385 0.

1291 3395 1429 3434 Amplesti
1439 3397 1565 3430 circum,
1587 3394 1775 3425 Circumdare.
1798 3394 1868 3430 Virg.
1884 3400 1907 3428 3.
1921 3391 1979 3422 Ecl.
1991 3402 2036 3426 4<-

1373 3434 1407 3463 Et
1421 3433 1498 3462 molli
1512 3435 1615 3462 circum
1627 3433 1665 3462 est
1680 3432 1754 3462 ansas
1771 3431 1916 3469 amplexus
1931 3428 2060 3460 acantho.

1291 3470 1393 3501 Claudi
1403 3472 1524 3505 circum,
1547 3470 1727 3500 Circumdari.
1751 3469 1823 3506 Virg.
1836 3478 1859 3506 3.
1877 3464 1937 3498 AEn.
1949 3476 2013 3504 230.

1293 3509 1407 3539 Circum
1420 3531 1427 3544 ,
1471 3519 1500 3538 ro
1511 3509 1590 3537 Circa
1603 3530 1610 3543 ,
1633 3507 1836 3537 adverbialiter.
1859 3506 1949 3536 Tacit.
1985 3528 1990 3535 .
2005 3506 2075 3535 Ann.
2085 3512 2131 3541 74.
2153 3502 2250 3542 Itaque
2258 3514 2416 3543 quanquam

1314 3548 1423 3576 diversis
1441 3520 1522 3584 (iiper
1533 3547 1614 3575 rebus
1628 3545 1853 3579 consulerentur,
1873 3553 1947 3573 aram
1964 3517 2127 3573 Clementiae
2138 3565 2145 3578 ,
2167 3553 2242 3572 aram
2263 3545 2396 3575 Amicitiae
2407 3565 2416 3581 ,

1314 3585 1472 3622 effigiesque
1482 3585 1586 3613 circum
1596 3583 1705 3612 Caesaris
1717 3605 1724 3617 ,
1746 3593 1778 3612 ac
1789 3583 1882 3618 Seiani
1894 3581 2033 3611 censuere.
2074 3580 2154 3611 Idem
2163 3587 2258 3611 tamen
2270 3582 2351 3612 Circa
2364 3584 2419 3613 fre-

1313 3623 1445 3661 quentius
1455 3623 1483 3651 in
1495 3622 1570 3651 hunc
1581 3622 1696 3650 modum
1708 3620 1827 3657 usurpat.
1850 3619 1923 3657 Virg.
1936 3629 1961 3655 9.
1975 3618 2032 3649 Ecl.
2044 3629 2091 3656 40.

1489 3675 1527 3679 —
1538 3659 1627 3688 varios
1638 3658 1683 3687 hic
1699 3658 1814 3687 flumina
1824 3658 1931 3688 circum

1388 3696 1491 3728 Fundit
1503 3697 1603 3725 humus
1613 3696 1704 3725 flores.

1257 3736 1280 3768 C
1289 3748 1298 3766 1
1307 3747 1323 3765 a
1333 3745 1351 3765 c
1361 3746 1379 3765 u
1391 3747 1410 3764 Μ
1420 3745 1437 3764 0
1446 3745 1455 3763 1
1464 3745 1480 3763 a
1490 3744 1507 3763 c
1516 3744 1535 3764 A
1546 3756 1554 3770 ,
1575 3732 1759 3771 compositum
1773 3742 1808 3762 ex
1823 3731 1932 3762 duabus
1943 3729 2184 3770 praepofitionibus
2194 3752 2202 3768 ‚
2224 3731 2299 3771 quod
2321 3732 2418 3770 fignifi-

1296 3781 1340 3804 cat
1350 3774 1435 3808 ἀμφὶ,
1460 3769 1523 3801 agei.
1545 3772 1649 3808 Sulpic.
1672 3780 1715 3809 ap.
1756 3771 1814 3800 Cic.
1825 3782 1851 3807 4.
1866 3771 1940 3800 Fam.
1957 3782 1981 3806 ς.
2017 3771 2055 3800 Ex
2067 3771 2124 3799 Asia
2134 3771 2263 3806 rediens,
2285 3781 2371 3806 quum
2383 3771 2417 3800 ab

1296 3812 1394 3848 AEgina
1407 3811 1546 3876 Megakrjam
1557 3808 1648 3838 versus
1660 3809 1817 3846 navigarem
1826 3830 1834 3844 ,
1857 3810 1932 3846 coepi
1943 3809 2072 3846 regiones
2085 3809 2266 3839 circumcirca
2279 3809 2420 3847 prospice·

1299 3860 1338 3879 re.
1379 3849 1396 3878 i.
1415 3858 1438 3877 e.
1465 3851 1482 3876 A
1520 3848 1597 3876 omni
1629 3854 1694 3876 arte.

1261 3887 1300 3918 Cr
1312 3898 1327 3916 a
1337 3896 1354 3915 c
1365 3896 1383 3915 u
1395 3897 1415 3914 Μ
1425 3895 1442 3914 A
1453 3895 1472 3913 n
1481 3895 1499 3913 n
1510 3894 1526 3913 o
1538 3907 1545 3920 ,
1567 3857 1625 3914 ere?
1644 3884 1766 3914 Verbum
1776 3881 2014 3922 Decompolitum.
2037 3883 2106 3914 Cato
2119 3884 2186 3914 R.R.
2199 3892 2328 3922 cap.rr4.
2347 3883 2420 3912 Duas

1300 3930 1391 3962 partes
1403 3931 1480 3952 terrae
1491 3921 1705 3952 circumaddito.
1737 3922 1771 3951 al.
1795 3921 1987 3952 circumdato.

1260 3962 1285 3994 C
1293 3973 1304 3992 ι
1313 3972 1330 3992 n
1339 3971 1358 3992 c
1367 3971 1384 3991 υ
1392 3971 1415 3990 Μ
1424 3970 1444 3990 Λ
1455 3970 1474 3991 c
1484 3970 1502 3990 c
1510 3961 1528 3991 i
1538 3970 1556 3991 a
1565 3970 1581 3990 0
1593 3981 1602 3997 ,
1624 3957 1830 3997 [ὡρρνιυμι]
1852 3963 1909 3991 are.
1940 3958 1962 3998 ὃ
1975 3969 2000 3990 0.
2020 3959 2054 3990 111
2066 3957 2184 3990 circuitu
2199 3967 2336 4024 aggei-arel.
2367 3957 2421 4026 Col:

2337 4004 2400 4025 ume
