2641 4187
487 168 514 204 A
610 169 634 203 Β
731 167 753 203 S

92 251 219 286 Initium.
250 252 367 290 Quintil.
381 250 429 281 lib.
444 259 468 285 3.
485 259 545 287 cap.
560 255 586 283 8.

97 293 216 324 Lucrum
228 315 235 327 7
257 291 328 329 quali
342 298 463 332 praeceps
475 291 499 317 ἅ
511 294 607 325 pra‘tcr
618 286 693 324 spem
704 286 854 322 objefflim.
884 286 948 325 Ulp.
962 288 990 316 in
1005 288 1023 316 l.
1040 297 1061 316 1.
1077 287 1112 316 D.
1128 287 1213 323 Quar.

116 341 166 360 rer.
185 332 237 359 act.
274 329 372 363 Neque
386 336 461 355 enim
477 331 620 354 oneratum
639 324 664 353 se
679 324 734 353 hoc
752 325 864 354 nomine
882 326 973 362 potest
991 326 1067 362 queri
1084 324 1214 362 libertus,

117 369 135 397 si
150 368 256 397 lucrum
272 366 421 401 abruptum
435 373 470 391 ex
484 373 512 391 rc
526 363 633 399 patroni
649 371 707 390 non
722 362 826 390 feccrit.

97 405 204 438 Nubes.
233 404 304 439 Virg.
321 403 421 437 ffi1].3.
443 410 502 435 199.

209 441 425 475 -ingeminant
435 438 560 474 abruptis
574 436 695 465 nubibus
710 437 795 472 ignes.

97 479 236 511 Procellae.
266 479 338 515 Virg.
352 487 375 513 3.
392 477 490 511 Georg.
504 485 566 510 259.

207 525 353 552 —nempe
365 514 487 550 abruptis
499 512 608 541 turbata
623 510 752 548 procellis

174 554 254 584 Caeca
268 554 349 582 noete
365 557 441 580 natat
453 551 526 580 serus
539 550 615 578 ficta.

96 592 235 630 Querelae.
257 592 324 620 Stat.
337 589 428 619 Theb.
468 588 549 616 —lic
561 587 632 620 fata,
653 593 768 624 repente

175 629 322 663 Concidit,
343 627 521 664 abruptisque
534 624 676 654 immutuit
690 634 737 653 ore
751 624 877 660 querelis.

97 666 205 705 Quies.
225 666 272 696 Sil.
289 665 347 696 Ital.
361 664 409 694 lib.
423 674 449 701 7.

173 704 285 734 Tertius
296 703 413 740 abrupta
430 701 495 739 vigil
510 701 561 730 iret
575 700 609 729 ad
624 709 698 729 arma
711 700 813 736 quiete.

98 741 391 780 Ripaeabruptillimae.
422 739 454 768 V.
475 748 566 767 arpa,

98 781 196 810 Sermo
212 779 352 817 Abruptus
363 801 371 811 ,
399 778 452 806 live
469 776 586 813 abrupta
597 775 684 804 oratio
694 796 702 808 ,
724 784 785 810 quse
800 780 875 803 caret
889 775 1020 805 exordio:
1053 775 1146 810 quales
1158 773 1221 803 sunt

117 818 257 847 orationes
268 817 414 855 pathetica*
426 817 451 845 S<
462 815 622 844 concitatae:
645 812 679 841 de
690 812 790 849 quibus
800 812 924 841 Macrob.
937 814 1043 842 Sarum.
1058 813 1105 841 lib.
1117 825 1142 848 4.
1156 822 1216 849 cap.

122 866 145 885 1.
175 856 200 885 O
211 861 296 884 >ortet
312 855 387 883 enim
398 876 406 888 ,
427 853 536 889 inquit,
563 857 595 880 ut
606 850 694 879 oratio
713 850 852 886 pathetica
871 857 916 878 aut
932 851 965 879 ad
981 851 1219 888 indignationem,

117 899 191 923 auta
229 891 444 922 misericordiam
460 890 600 925 dirigatur.
637 888 670 917 Et
683 886 766 924 paulo
781 888 857 924 post,
882 887 913 916 Er
932 889 1037 917 necell'e
1057 889 1095 917 est
1109 888 1220 916 initium

117 931 267 974 abruptum
282 930 400 960 habeat:
435 928 567 966 quoniam
589 925 651 955 satis
674 925 884 962 indignantibus
903 925 1001 955 leniter
1020 927 1141 964 incipere
1162 934 1220 954 non

119 976 260 998 convenit.

98 1006 202 1037 Sibilus
212 1006 343 1036 testudini
356 1005 497 1041 abruptus.
528 1001 598 1031 Plin.
614 1000 661 1030 lib.
677 1011 720 1030 11.
735 1010 795 1038 cap.
809 1010 852 1037 51.

99 1045 169 1083 Spes
179 1044 295 1082 abrupta
306 1054 321 1073 e
334 1042 436 1072 medio.
465 1039 590 1083 Sit-Ital.
607 1039 655 1068 lib.
668 1044 694 1073 8.

176 1082 212 1112 Et
221 1082 282 1112 sies
292 1082 408 1118 abrupta
418 1089 433 1108 e
446 1078 540 1107 medlo
550 1099 557 1112 7
579 1079 629 1106 &Q

99 1120 199 1151 Studia
214 1130 229 1149 a
251 1126 339 1158 rupta.
370 1118 469 1154 Quint.
487 1116 516 1144 in
532 1115 679 1152 prooemio.
695 1113 743 1143 lib.
757 1123 782 1151 7.
811 1124 927 1151 querens
939 1115 974 1143 de
986 1114 1106 1144 filiorum
1122 1119 1220 1148 morte,

120 1159 192 1195 Quis
202 1159 277 1188 enim
295 1157 379 1186 dilata
393 1154 481 1184 studia
496 1154 627 1188 miretur,
657 1161 718 1189 quae
738 1152 832 1191 potius
850 1163 908 1182 non
924 1152 1041 1192 abrupta
1051 1152 1105 1182 ess'e
1123 1152 1224 1182 miran-

120 1197 190 1225 dum
206 1196 264 1225 est‘?
601 1217 603 1219 -

102 1235 184 1264 Sidus
199 1234 356 1271 abruptum.
386 1230 458 1267 Virg.
475 1229 537 1270 AEn.
553 1239 594 1258 12.
611 1238 676 1264 451.

63 1273 283 1305 Aaronom.
304 1271 331 1305 i,
352 1279 380 1297 n.
403 1267 586 1304 [ἀπῆρα-ην]
613 1267 680 1309 Stat.
694 1275 718 1303 3.
734 1265 826 1294 Theb.

169 1307 290 1352 ,Jamque
304 1308 355 1336 iter
367 1312 525 1363 extremum
536 1327 544 1339 ,
558 1303 686 1371 ,ICOEhque
697 1303 814 1341 abrupta
822 1303 944 1334 tenebat.

99 1343 558 1422 Iisralbnrizilriltriiiiinsiiibesetaftsugt-[15.y
577 1352 679 1414 ¹131}st.
699 1379 728 1407 in
738 1379 918 1417 profundum.
940 1379 1012 1417 Virg.
1025 1379 1087 1410 AEn.
1100 1388 1125 1416 3.
1137 1388 1202 1415 422.

7 1426 9 1429 ’
60 1423 252 1453 ΔΒΙωΡΤιο
261 1444 269 1457 ,
291 1420 417 1450 Verbale.
440 1413 604 1455 [ἀπίρῥηξις]
634 1418 716 1447 Actus
728 1417 784 1455 ipse
795 1417 986 1454 abrumpendi.
1010 1418 1067 1447 Cic.
1080 1418 1115 1447 de
1127 1417 1220 1447 Divin.

98 1459 148 1490 lib.
160 1470 186 1489 2.
200 1464 245 1496 64.
267 1459 396 1496 abruptio
408 1456 530 1493 corrigiae
540 1478 548 1491 ,
570 1457 596 1485 Sc
608 1456 822 1484 sternutamenta
836 1461 917 1484 erunt
933 1455 1109 1485 observanda.
1150 1455 1223 1484 Item

97 1499 213 1538 ponitur
231 1507 282 1536 pro
295 1496 385 1526 subito
400 1494 519 1524 divortio
538 1495 565 1524 Sc
583 1491 794 1531 repudianono
819 1493 876 1522 Cic.
891 1493 925 1522 ad
939 1494 991 1522 Att.
1011 1493 1059 1522 lib.
1077 1504 1118 1522 11.
1138 1493 1221 1530 Epist.

101 1546 128 1574 3.
167 1536 218 1566 Ista
233 1545 316 1573 quam
332 1533 428 1563 scribis
443 1532 582 1570 abruptio.
620 1531 749 1560 Ciceroni
768 1530 909 1568 scripserat
927 1532 1032 1560 Atticus
1047 1531 1094 1560 fibi
1110 1531 1224 1567 quidem

98 1573 206 1610 videri,
225 1573 388 1604 Terentiam
421 1580 484 1599 uam
493 1570 607 1598 irimum
624 1569 677 1598 ell'e
692 1569 909 1606 repudiandam:
932 1569 1085 1606 authorque
1095 1568 1224 1598 Ciceroni

99 1618 175 1648 erat,
196 1622 232 1642 ne
244 1610 386 1645 differret,
419 1608 482 1638 eda
503 1614 652 1645 rumperet.

60 1650 254 1685 Anssuprrss,
276 1649 344 1679 Adv.
375 1645 594 1683 [ἀπιῤῥηγμὲνως]
625 1644 745 1681 Quintil.
766 1644 815 1673 lib.
831 1654 854 1681 3.
875 1654 934 1682 cap.
947 1650 973 1678 8.
1013 1645 1074 1674 Nec
1087 1645 1164 1674 enim
1178 1643 1226 1673 ab-

100 1694 182 1726 rupte
192 1710 200 1723 ,
221 1697 274 1717 nec
284 1687 359 1717 unde
373 1685 472 1719 libuit,
493 1682 696 1721 incipiendum.
726 1682 758 1712 Id
773 1683 810 1712 est
822 1705 830 1717 ,
850 1682 907 1711 sine
922 1683 1046 1712 exordio.

99 1725 244 1764 Abrupte,
264 1735 315 1763 pro
333 1722 472 1753 Absolute.
506 1721 633 1752 Macrob.
651 1722 681 1750 in
695 1720 782 1749 somn.
799 1721 872 1757 Scip.
892 1720 940 1749 lib.
958 1731 980 1749 1.
1000 1731 1060 1758 cap.
1078 1730 1119 1756 19.
1162 1720 1225 1749 Hoc

118 1763 310 1800 adjiciendum
320 1762 358 1792 est
366 1784 375 1797 ,
392 1771 441 1790 cur
451 1760 549 1790 Cicero
560 1769 625 1788 cum
634 1764 762 1796 quartum
774 1759 809 1787 de
821 1758 936 1794 septem,
957 1758 1042 1787 solem
1052 1758 1128 1794 velit,
1147 1768 1225 1795 quar-

118 1807 163 1832 tus
181 1808 274 1831 autem
291 1801 363 1830 inter
380 1799 486 1836 septem
502 1807 559 1827 non
578 1797 634 1826 fere
653 1796 779 1832 medius,
809 1796 855 1825 sed
873 1797 988 1825 omnino
1003 1796 1111 1825 medius
1129 1797 1155 1825 ὃς
1174 1796 1223 1832 sit,

119 1841 146 1870 Sc
156 1840 305 1869 habeatur:
327 1848 385 1868 non
399 1837 516 1874 abrupte
528 1835 654 1864 medium
664 1834 750 1863 solem
759 1856 767 1870 ,
788 1834 835 1863 sed
852 1834 907 1863 fere
918 1834 1042 1863 medium
1056 1834 1165 1863 dixerit.

60 1878 149 1913 Ans,
178 1874 270 1914 [nini.
291 1874 389 1911 παρρὲ]
417 1875 448 1903 V.
469 1884 488 1902 Α
506 1875 533 1903 &
549 1884 601 1902 Aa.

97 1916 181 1954 Apud
193 1915 295 1953 priscos
308 1914 371 1943 illos
386 1913 499 1943 Latinos
510 1934 518 1947 ,
547 1917 605 1940 erat
622 1920 679 1940 una
700 1909 857 1948 praepofiffio
877 1909 931 1938 Abs
943 1932 950 1943 ,
981 1919 1042 1946 quae
1061 1909 1164 1938 deinde
1184 1919 1226 1938 re-

117 1954 201 1983 motis
213 1953 299 1982 literis
309 1951 411 1990 triplex
427 1951 499 1980 facta
509 1949 547 1979 est
558 1972 566 1985 ‚
588 1948 636 1978 abs
646 1971 654 1984 ,
675 1947 709 1977 ab
721 1970 729 1983 ,
750 1957 783 1977 a:
813 1947 882 1977 sicut
896 1947 1032 1983 nihilum,
1063 1947 1132 1976 nihil
1143 1969 1151 1982 ,
1173 1947 1222 1977 nil.

117 1991 169 2022 Ina
186 2002 251 2021 vero
266 1991 389 2027 integra,
410 1988 482 2023 Abs,
502 1986 633 2016 rarissima
646 1986 701 2020 est,
723 1986 794 2015 adeo
812 1992 841 2014 ut
855 1991 962 2014 tantum
980 1985 1009 2013 in
1026 1986 1133 2022 accepti
1147 1985 1226 2014 tabu-

116 2029 152 2059 lis
171 2036 298 2064 maneat,
319 2037 410 2065 neque
427 2033 521 2056 tamen
538 2026 567 2054 in
576 2025 716 2054 omnibus.
753 2024 821 2053 Haec
836 2024 892 2052 fere
908 2023 965 2052 Cic.
977 2023 1012 2051 de
1023 2023 1225 2053 consuetudine

116 2067 158 2097 sui
168 2067 301 2106 temporis
312 2066 351 2095 ait
360 2088 368 2101 ,
390 2066 419 2094 in
431 2064 507 2094 Orat.
525 2069 585 2099 158.
623 2062 683 2100 Ipse
693 2068 787 2090 tamen
796 2062 825 2090 in
835 2061 882 2090 lib.
897 2071 921 2090 2.
944 2061 979 2090 de
990 2061 1081 2090 Divin.
1094 2061 1145 2090 hac
1158 2071 1225 2098 prae-

116 2104 254 2144 positione
267 2104 330 2134 usus
341 2103 388 2133 est.
427 2102 480 2132 Eos
490 2124 497 2136 ,
518 2101 626 2138 inquit,
648 2100 799 2135 defendes,
821 2101 866 2137 qui
879 2099 905 2128 se
916 2098 949 2128 ab
961 2099 1092 2128 omnibus
1103 2099 1224 2129 desertos

116 2143 211 2181 potius
220 2165 228 2178 ,
249 2151 333 2180 quam
342 2141 390 2170 abs
400 2147 428 2169 te
442 2139 568 2169 defensos
579 2138 633 2168 esse
646 2137 761 2167 malunt.

95 2178 269 2219 Praeponitur
284 2185 378 2209 autem
397 2177 566 2207 dictionibus
586 2187 601 2205 a
620 2176 699 2205 litera
716 2186 733 2213 q
750 2174 795 2204 vel
813 2180 825 2203 t
843 2174 1060 2212 incipientibus:
1092 2181 1141 2210 ut,
1167 2175 1223 2205 Abs

116 2219 243 2256 Quinto,
263 2218 311 2247 abs
323 2224 360 2247 te.
388 2216 452 2246 Ter.
471 2215 550 2245 Adel.
564 2225 590 2244 2.
606 2224 630 2250 3.
646 2225 668 2243 1.
709 2214 764 2243 Abs
774 2213 862 2250 quivis
874 2213 996 2241 homine.
1022 2212 1102 2242 Idem
1111 2213 1221 2243 Phorm.

116 2268 144 2292 4.
165 2267 190 2293 3.
216 2267 258 2286 12.
300 2255 338 2285 Ut
355 2254 411 2285 abii
429 2253 478 2283 abs
495 2260 532 2282 te.
579 2253 723 2282 Invenitur
739 2252 823 2280 etiam
841 2256 905 2280 ante
924 2250 1044 2279 Literam
1063 2250 1094 2285 s,
1126 2258 1158 2280 ut
1175 2251 1223 2280 abs

116 2294 144 2324 fe
155 2295 242 2325 Plaut.
263 2294 344 2332 Capt.
357 2302 382 2330 3.
398 2303 421 2322 1.
437 2302 479 2321 10.
494 2293 545 2321 διε.
567 2291 641 2320 conf.
655 2289 806 2319 PareiLex.
825 2299 852 2326 p.
867 2299 890 2323 ς.
914 2290 940 2318 &
950 2288 1015 2317 Caes.
1029 2288 1097 2318 Bell.
1111 2289 1181 2319 Gall.
1197 2299 1221 2318 1.

116 2343 163 2369 44.
181 2333 232 2364 Ed.
244 2333 312 2363 Dav.
344 2330 400 2361 Abs
412 2329 506 2360 Suessa
516 2329 682 2358 nunciatum
694 2328 750 2363 est,
771 2327 828 2356 Liv.
843 2336 885 2362 32.
906 2337 928 2355 1.
949 2326 1070 2356 Gronov.

98 2371 154 2402 Abs
173 2370 328 2410 praepositio
339 2392 347 2405 ,
375 2379 390 2398 a
408 2368 503 2398 Graeeo
520 2367 687 2401 deducitur,
719 2364 763 2400 ἂψ
780 2375 787 2395 :
826 2363 959 2402 fignificat
975 2370 1070 2394 autem
1085 2365 1225 2395 retractio.

115 2419 183 2439 nem
196 2410 225 2438 in
239 2414 347 2447 partem
361 2406 549 2445 posteriorem.
576 2404 678 2434 festus.

98 2446 153 2477 Abs
165 2447 397 2485 compositionem
410 2444 510 2482 recipit
519 2465 528 2479 ,
548 2449 580 2472 ut
591 2441 737 2471 Abscondo
746 2463 755 2477 ,
776 2441 904 2470 Abstineo
914 2463 922 2476 ‚
944 2439 1088 2470 Abstrudo.

58 2486 240 2525 ABSARUM
257 2483 367 2514 Plinio:
409 2481 530 2517 A'xlasp'b&
566 2480 741 2510 Ptolemaeo:
778 2479 896 2509 flumen
918 2479 956 2508 est
998 2479 1110 2508 rmeniae
1134 2479 1224 2508 mino-

97 2523 153 2559 τίς,
181 2533 240 2552 non
278 2520 357 2551 rocul
374 2531 390 2550 a
403 2518 592 2557 Sebastopoli,
622 2519 652 2547 in
671 2517 791 2547 Pontum
808 2518 936 2546 influens.
1002 2526 1036 2545 oc
1054 2526 1119 2546 cum
1137 2516 1224 2546 Parie-

98 2561 155 2590 dris
174 2532 336 2596 montibus,
375 2568 411 2588 ex
428 2557 529 2596 quibus
547 2557 651 2591 oritur,
687 2556 846 2585 Armeniam
865 2556 1003 2584 minorem
1025 2553 1059 2583 ab
1081 2554 1223 2584 Adiabene

98 2599 212 2637 regione
224 2598 338 2637 separat.
370 2596 440 2626 Plin.
459 2595 507 2626 lib.
521 2598 545 2624 6.
564 2605 625 2633 cap.
638 2605 663 2630 9.

61 2636 244 2672 Assscino,
265 2635 417 2673 [ἀφίημι]
437 2634 485 2670 ffi,
505 2632 592 2668 ssum,
609 2642 664 2662 ere.
686 2631 846 2665 Recedere,
866 2629 910 2659 vel
920 2629 1078 2665 discedere,
1099 2630 1144 2659 cui
1157 2639 1224 2658 con-

99 2675 213 2705 trarium
232 2675 271 2704 est
289 2673 436 2703 Accedere.
485 2671 519 2701 Et
537 2671 648 2708 proprie
661 2670 785 2707 jungitur
805 2668 925 2697 ablativo
947 2677 1012 2696 curn
1051 2668 1224 2705 raepolitione

98 2713 122 2743 A
137 2712 182 2742 vel
197 2712 256 2743 Ab:
285 2719 333 2742 aut
346 2710 478 2740 adverbio
490 2709 599 2738 deloco
611 2731 619 2744 ,
640 2714 672 2738 ut
683 2708 749 2738 hinc
760 2729 768 2743 ,
788 2706 868 2737 illinc
878 2729 886 2743 ⁷
908 2705 982 2735 inde.
1047 2712 1102 2735 aut.
1123 2705 1180 2736 Cas.
1196 2715 1221 2743 3.

102 2761 127 2788 ς.
149 2761 173 2785 ς.
211 2750 335 2781 Abscede
346 2748 380 2778 ab
392 2748 441 2778 ista
452 2747 576 2776 obsecro.

100 2788 254 2819 Abscedere
264 2787 371 2827 procul.
394 2786 477 2816 Ovid.
489 2785 567 2816 Med.
579 2787 606 2814 6.
620 2787 683 2821 362.

99 2826 196 2857 Retro.
224 2826 272 2856 Sil.
284 2825 345 2856 Ital.
361 2824 410 2854 lib.
426 2834 468 2854 10.

100 2864 171 2896 Hac.
191 2864 278 2894 Plaut.
291 2864 362 2894 Asm.
374 2874 399 2900 9.
511 2897 515 2901 .

97 2902 141 2934 ,Ab
153 2902 188 2931 ali
209 2912 254 2932 uo.
275 2902 344 2931 Plin.
355 2911 381 2931 2.
395 2910 456 2939 cap.
471 2909 513 2938 17.

99 2940 187 2970 Absce
210 2946 232 2970 1t
242 2950 258 2970 e
269 2939 418 2977 conspectu
428 2948 502 2967 meo.
523 2936 610 2967 Plaut„
625 2936 704 2975 Capt.
717 2946 744 2974 7.

97 2977 252 3009 abscedere
262 2978 292 3007 in
303 2977 390 3007 altum
400 2976 495 3006 sivein
504 2975 690 3005 altitudinem.
713 2974 800 3004 Plaut.
815 2972 887 3003 Rud.
900 2982 926 3002 2.

97 3016 270 3052 abscedere,
291 3014 430 3054 suppresso
442 3013 572 3043 ablativo.
595 3013 653 3042 Cic.
667 3013 702 3042 de
712 3013 805 3042 Divin.
825 3011 874 3041 lib.
888 3021 913 3041 2.
935 3019 978 3048 37.
1014 3009 1078 3045 Jam
1094 3007 1224 3039 abscedet

116 3054 198 3085 fimul
207 3065 239 3084 ac
250 3053 355 3084 molam
367 3054 393 3083 ἆ
404 3053 502 3082 vinum
512 3051 678 3089 insperseris.

97 3093 230 3124 Abscedit
238 3092 286 3122 sol.
308 3091 377 3123 Plin.
389 3091 439 3121 lib.
452 3100 478 3120 2.
494 3100 527 3119 ca
549 3113 555 3118 .
571 3100 593 3118 1.

96 3131 218 3161 Somnus
229 3130 360 3160 abscessit.
382 3129 467 3159 Ovid.
478 3100 546 3159 Fasi).
562 3127 611 3156 lib.
625 3135 649 3165 3.
666 3135 728 3164 307.

96 3168 253 3199 Abscedere
264 3168 355 3198 alicui.
378 3167 462 3197 Ovid.
479 3177 502 3201 ς.
519 3165 589 3196 Met.

95 3206 251 3238 Abscedere
260 3229 268 3242 ,
286 3206 343 3236 fine
352 3204 555 3244 praepofitione,
571 3210 603 3233 ut
613 3202 910 3240 AbscedereincoeptO,
922 3200 997 3229 idem
1009 3197 1085 3236 quod
1096 3197 1171 3227 incoe
1191 3202 1222 3227 to

115 3245 251 3275 desistere.
273 3243 330 3274 Liv.
342 3248 367 3273 6.
381 3242 449 3272 Bell.
462 3242 530 3272 Pun.
568 3241 720 3271 Abscedere
731 3242 807 3270 irrito
820 3241 944 3276 incoepto
954 3261 962 3272 ,
985 3238 1010 3267 Sc
1022 3246 1133 3265 movere
1147 3246 1162 3265 a
1189 3237 1224 3264 'a-

115 3293 173 3322 pua
187 3283 281 3313 statuit
297 3282 387 3312 castra.
425 3280 515 3310 Potest
536 3285 631 3309 tamen
649 3279 694 3308 hic
712 3278 765 3308 effe
782 3278 917 3308 ablativus
931 3275 1086 3305 absolutus:
1118 3280 1149 3303 ut
1160 3296 1168 3309 ,
1190 3273 1223 3302 sit

115 3331 182 3350 cum
191 3322 300 3350 irritum
311 3319 402 3349 fiiiffet
413 3319 570 3356 incoeptum
580 3339 589 3353 ,
610 3317 704 3346 statuit
714 3317 860 3346 abscedere
870 3337 877 3350 ‚
899 3313 975 3344 idest
984 3336 992 3349 ,
1015 3312 1089 3343 abire
1098 3334 1107 3348 ,
1127 3313 1180 3342 Sec.

96 3358 252 3389 Abscedere'
258 3381 266 3395 ,
288 3359 324 3388 de
335 3357 456 3396 pecunia
466 3356 581 3385 dietum.
612 3355 698 3384 Plaut.
711 3355 779 3384 Pers.
791 3366 817 3391 4.
829 3366 855 3390 4.
876 3364 885 3381 1
895 3363 936 3388 19.

135 3396 242 3427 Decem
251 3397 388 3426 accedent
398 3395 489 3424 mirrae.
511 3404 540 3423 D.
556 3393 706 3423 abscedent
716 3394 807 3427 enim,
829 3401 887 3421 non
898 3389 1041 3420 accedent.

87 3434 252 3465 abscedere
262 3457 269 3471 ‚
288 3433 449 3463 transfertur
458 3432 493 3461 ad
503 3432 637 3461 animum.
675 3430 728 3466 Ut,
746 3430 875 3460 Abscedit
883 3427 1026 3466 aegritudO,
1043 3427 1098 3461 ira,
1115 3425 1141 3454 δι
1150 3424 1221 3454 fimi-

117 3472 162 3502 lia.
183 3473 270 3503 Plaut.
282 3472 371 3502 Merc.
381 3482 408 3508 4.
445 3469 565 3508 AEdepol
573 3476 604 3498 tu
616 3468 735 3498 calidam
746 3469 839 3506 picem
848 3467 937 3496 bibito
947 3488 954 3500 ,
976 3463 1109 3501 aegritudo
1120 3462 1222 3492 absces-

115 3510 187 3540 serit.
209 3511 273 3541 Ter.
287 3510 356 3540 Hec.
372 3520 396 3545 5.
409 3518 435 3538 2.
455 3519 498 3544 14.
536 3507 569 3537 Id
579 3507 640 3537 leve
650 3506 706 3542 est,
728 3508 784 3536 cito
795 3506 829 3535 ab
841 3515 875 3534 eo
887 3505 945 3533 haec
955 3504 994 3532 ira
1005 3501 1141 3532 abscedet.
1202 3539 1208 3544 1

97 3547 250 3578 Abscedere
262 3549 346 3578 etiam
360 3547 462 3576 dicitur
473 3569 481 3582 ,
510 3545 586 3582 quod
601 3545 654 3574 inci
678 3545 700 3574 it
714 3545 744 3574 in
755 3543 904 3573 abscelsum
921 3541 967 3570 seu
985 3540 1124 3578 apostema
1140 3544 1218 3568 vert1.

116 3585 186 3616 Cels.
199 3586 247 3616 lib.
261 3598 285 3623 ς.
303 3596 363 3623 cap.
378 3591 420 3619 18.
458 3583 598 3621 Malagma
608 3584 643 3612 ad
666 3582 883 3620 uprgjmendum
899 3588 982 3608 omne
997 3577 1072 3615 quod
1088 3576 1218 3606 abscedit.

115 3623 250 3655 Rursum:
272 3624 398 3661 Satisque
409 3622 505 3652 omnia
514 3620 690 3650 abscedentia
703 3616 803 3658 digerit
813 3627 910 3648 murex
922 3615 1090 3646 combustus.

95 3661 248 3691 Abscedere
261 3662 346 3691 etiam
355 3660 436 3690 miles
447 3660 549 3689 dicitur
559 3681 567 3695 ,
589 3669 654 3688 cum
667 3666 740 3688 retro
752 3658 804 3687 fert
815 3656 919 3696 pedem
929 3656 956 3684 Sc
967 3653 1100 3691 relinquit
1112 3651 1218 3682 locum.

114 3699 156 3729 Ita
166 3699 230 3729 usus
239 3700 335 3738 Nepos
350 3709 392 3728 11.
404 3708 430 3727 2.
446 3709 469 3734 5.
493 3699 520 3727 Sc
534 3708 575 3733 15.
593 3707 619 3732 9.
643 3707 665 3725 1.

94 3758 96 3761 .
118 3737 265 3773 bsceffem,
285 3747 336 3775 pro
347 3735 544 3766 Abscessiffem.
572 3734 619 3764 Sil.
632 3733 692 3764 Ital.
710 3733 758 3762 lib.
770 3739 796 3768 8.
816 3742 876 3768 109.

205 3785 302 3804 —nec
313 3774 462 3804 abscess'em
471 3773 594 3802 thalamo
603 3795 613 3807 ,
633 3773 662 3801 ni
677 3781 777 3809 magna
788 3771 910 3800 minatus
919 3790 927 3802 ,
947 3769 1000 3797 &a

57 3812 313 3848 AascsmTua,
345 3811 457 3879 Ιιὲρεῑίῖ
487 3810 546 3840 Liv.
560 3820 586 3848 7.
602 3809 671 3839 Bell.
688 3810 755 3838 Pun.
797 3808 852 3838 Sed
871 3807 956 3835 literae
973 3803 1101 3835 Marcelli
1118 3812 1222 3840 negan-

387 3860 402 3879 e

94 3852 130 3880 tis
151 3860 168 3880 e
186 3850 330 3888 republica
348 3860 363 3880 e
411 3872 420 3886 ‚
453 3849 598 3886 vestigium
618 3847 729 3877 abscedi
748 3846 782 3876 ab
804 3844 961 3879 Annibale,
1002 3851 1097 3872 curam
1118 3841 1222 3877 injece-

93 3889 397 3956 Azlffizglsiim&1tiianibus
409 3925 502 3961 aequis.
537 3922 662 3953 Subaudi
673 3945 680 3957 .
702 3923 749 3952 est.
779 3921 870 3951 Tacit.
885 3921 953 3949 Ann.
969 3928 992 3947 1.
1005 3921 1051 3955 63.
1087 3916 1158 3947 Inde
1171 3916 1222 3946 ho-

114 3963 199 3993 stibus
210 3970 296 3993 terror
305 3986 314 3999 ,
335 3962 438 3991 fiducia
448 3961 549 3995 militi,
571 3962 598 3990 Sc
609 3960 737 3989 manibus
750 3970 771 3989 ae
793 3960 834 3988 uis
845 3956 1005 3987 absceffum.

56 4001 119 4031 Ans
128 4005 169 4031 ci:
178 4012 196 4030 D
206 4011 248 4030 EN
257 4011 288 4036 s,
316 4000 412 4030 Partic.
443 3996 559 4035 [ἀφιςοὶς
572 4017 579 4026 ,
605 3998 752 4033 megae]
775 3970 865 4027 Kljnde
882 3994 1058 4025 abscedentia
1074 3994 1101 4024 Sc
1118 3991 1224 4031 promi-

94 4040 192 4069 nentia
200 4040 230 4070 in
240 4039 364 4078 picturis.
394 4037 500 4069 Vitruv.
512 4037 542 4068 in
550 4035 627 4076 praef.
642 4035 690 4066 lib.
704 4045 730 4073 7.

1661 180 1691 215 A
1789 183 1811 216 B
1905 185 1925 219 S
2375 202 2415 235 15

1305 257 1473 288 abscedente
1495 260 1642 290 usufructu.
1683 262 1766 295 Caius
1787 264 1815 292 in
1835 264 1852 292 l.
1895 265 1933 293 Au
1952 265 2013 294 usus
2027 266 2138 296 fructus.
2176 267 2209 296 D.
2233 269 2267 297 dc
2287 269 2415 300 usuliuct.

1325 296 1364 347 An
1378 298 1545 340 'ulushiutus
1564 300 1676 340 nominc
1697 301 1767 329 actio
1787 302 1973 337 municipibus
1992 304 2047 331 dari
2067 305 2183 338 debeat,
2213 307 2351 341 qua-litum
2371 309 2406 336 cll

1325 330 1478 362 lentulum
1488 346 1565 376 *cmm
1579 337 1632 365 elle
1644 338 1787 366 videbatur
1798 361 1804 371 ,
1827 349 1860 367 nc
1880 349 2027 376 perpetuus
2046 341 2118 370 lit-ret
2133 353 2137 370 :
2167 343 2228 377 quia
2248 353 2336 378 neque
2350 331 2418 372 mor:

1326 376 1457 413 tenntqu'e
1477 373 1555 414 ¹³9³&
1575 375 1671 414 capitis
1689 373 1880 404 deminutibne
1904 378 2038 411 perirurw.
2061 379 2105 407 cll.
2155 380 2217 410 Oua
2236 382 2340 410 ratione
2359 392 2419 419 pro-

1330 416 1428 442 prietas
1443 409 1544 453 {initulis
1559 413 1623 439 elle(
1637 413 1727 441 futura
1739 435 1745 445 Ἰ
1767 414 1871 450 {emper
1886 414 2047 443 abitt-dente
2064 416 2208 446 iunii-rictu.

1273 442 1351 470 Ass(
1371 453 1488 477 ifsst's.
1511 457 1548 488 us.
1572 449 1752 490 m3Verbalc.
1776 454 1779 479 Ι
1800 448 1940 485 artisve-c]
1971 452 2104 481 lit-telins.
2137 454 2193 482 Cic.
2210 455 2243 483 de
2258 456 2318 484 Nat.
2339 456 2418 486 Dcor.

1316 490 1337 524 ιη.
1358 490 1396 509 10.
1435 481 1803 526 l3‹‘›1uzuiqu‹1lolisabste-llll.
1846 489 1916 517 Huic
1927 490 2093 518 contrarium
2107 491 2160 525 cst,
2181 493 2306 521 Aeternis
2345 494 2420 530 quod

1311 518 1337 545 ἃ
1353 518 1494 561 appulsum
1510 520 1616 562 lo11sad
1633 533 1682 551 nos
1697 534 1806 554 vocant.
2315 515 2322 526 ³

1312 554 1450 605 Ablcellus
1463 556 1561 598 dicitur
1573 560 1653 602 etiam
1666 563 1811 603 crincursus
1824 563 1885 591 mali
1899 564 2020 592 humoris
2033 565 2058 591 in
2075 563 2193 600 aliquam
2208 573 2312 603 partem
2324 578 2422 605 corpo-

1330 601 1382 624 ns.
1404 602 1437 620 cx
1450 595 1674 645 qurgluppuratio
1687 600 1714 639 ht
1726 622 1732 631 .
1755 611 1834 635 quam
1853 602 1938 630 (ira-ci
1957 609 2058 630 vociut
2075 605 2194 638 apoltem
2206 616 2220 632 ι,
2252 604 2319 632 Cels.
2336 605 2381 634 lib.
2397 617 2422 641 5.

1276 665 1295 693 Α
1331 638 1391 666 ΕᾸΙΡ·
1410 636 1447 663 ¹8-
1490 630 1496 658 l
1510 631 1762 679 rodcstjl'npfflitum
1777 639 1888 667 minutis
1899 661 1906 672 ,
1929 638 2131 675 maioribusque
2145 640 2315 670 :ibice-[libus.

1306 676 1487 708 ascrssro,
1503 678 1572 697 ouis.
1595 672 1602 713 l
1618 679 1722 697 amaon
1741 676 1745 706 1
1768 674 1887 704 verbale.
1913 677 1987 705 ldcm
1999 677 2073 712 quod
2084 677 2224 706 abitt-(stis.
2248 679 2304 707 Cic.
2317 679 2351 707 dc
2364 680 2423 707 uni.

1313 705 1444 768 perlitare.
1464 714 1486 732 c.
1505 715 1543 746 iz.
1581 707 1705 752 cunique
1716 711 1748 737 ad
1761 722 1873 748 corpora
1889 714 2046 743 necestitate
2062 714 2176 743 accellio
2192 715 2265 744 ficret
2305 724 2362 745 tum
2378 718 2423 745 ab·

1325 741 1406 769 cellio
1417 743 1523 770 necclle
1534 752 1591 771 erat
1601 765 1608 777 ,
1631 746 1681 773 &cx
2276 738 2283 749 Ἰ

1276 777 1297 806 A
1306 781 1409 844 ιςὸξγιῐίῖὶο
1418 789 1451 844 pq,
1467 780 1532 845 tidli.2
1544 780 1640 845 ex6abs
1652 786 1676 811 ἁ
1688 784 1765 812 casdo
1775 806 1782 818 ,
1804 786 1876 814 idem
1889 788 2016 823 significat
2029 790 2103 826 quod
2115 789 2245 819 abscindo
2265 788 2424 827 [chemin-Tu]

1392 839 1397 844 .
1450 826 1464 844 e
1479 839 1484 844 .
1536 840 1541 845 .
1560 827 1569 852 3
1596 828 1620 846 2.

1336 894 1340 899 ι
1388 853 1508 882 Abscidit
1523 855 1777 900 irrgulopec‘lusque
1789 859 1986 898 humerumque
2000 865 2138 893 sinistrum.

1314 893 1359 923 Sic
1377 894 1459 923 habet
1469 894 1568 937 *Al-dina
1583 896 1711 939 etlitiop&
1723 898 1757 926 N.
1770 898 1861 928 llcins.
1902 902 1939 929 Ab
1951 902 2079 931 abscindo
2092 915 2154 933 vcro
2164 927 2171 938 ‚
2193 905 2293 934 abscidi
2306 906 2427 942 penulti-

1314 941 1387 960 mam
1406 941 1527 997 cprripit.
1560 933 1631 969 Virg.
1649 934 1710 976 slavi.
1725 944 1747 970 3.
1765 942 1827 970 4¹8·
1866 938 2024 975 Hesperium
2042 941 2133 969 Siculo
2148 941 2216 971 latus
2235 943 2347 972 abscidit
2386 955 2425 972 ar-

1315 974 1438 1006 vaque&
1452 980 1540 1015 ories.
1571 970 1672 1014 Lucan.
1693 971 1738 1000 lib.
1753 982 1776 1007 3.
1814 973 1933 1003 Abscidit
1951 976 2065 1012 impulsu
2085 987 2226 1008 ventorum
2239 982 2332 1013 :uliuta
2350 966 2425 1010 ileru-

1314 1006 1373 1036 stas.
1414 1007 1443 1050 V.
1461 1009 1581 1050 (rronoij.
1595 1009 1629 1037 ad
1644 1008 1700 1038 Liv.
1714 1021 1759 1045 44.
1781 1021 1804 1045 5.
1835 1012 1896 1040 Nic.
1918 1012 2009 1041 lleins.
2023 1015 2056 1042 ad
2076 1014 2152 1044 l'rud.
2175 1018 2273 1054 Apoth.
2296 1018 2323 1046 V.
2344 1025 2413 1048 1060

1317 1046 1343 1073 ἃ
1355 1045 1434 1073 Parati
1448 1045 1512 1074 Lex.
1525 1046 1591 1074 Crit.
1606 1056 1633 1084 p.
1651 1056 1660 1074 ι
1670 1057 1691 1075 1.
2415 1042 2423 1048 ⁸

1276 1082 1522 1126 Auscisusna,
1544 1085 1603 1112 um.
1641 1084 1678 1113 Ut
1695 1084 1784 1113 Funcs
1795 1084 1885 1114 abscili
1905 1086 1970 1116 Cas.
1984 1087 2131 1117 uulso-2111.
2146 1099 2169 1124 3.
2191 1101 2230 1126 ¹4-
2272 1093 2361 1128 Caput
2380 1093 2428 1121 ab-

1315 1119 1423 1163 sorsum..
1454 1120 1547 1164 lawa.
1565 1131 1605 1163 .¹9·
1643 1122 1745 1151 Saxum
1763 1122 1903 1152 abscisum.
1935 1124 2011 1153 ldem
2028 1134 2068 1161 32.
2083 1137 2107 1160 4.
2129 1127 2225 1164 Comp.
2248 1129 2369 1158 abstilior
2385 1131 2426 1165 Iu-

1315 1157 1471 1200 st1t1a.-1.e.
1492 1158 1612 1195 r1g1d1or.
1642 1159 1700 1188 val.
1717 1160 1790 1189 Max.
1804 1165 1829 1189 6.
1854 1172 1877 1195 ς.
1899 1172 1925 1196 4.
1946 1169 2000 1190 ext.
2032 1163 2106 1191 ldcm
2121 1173 2144 1198 3.
2158 1170 2182 1197 8.
2202 1174 2225 1200 3.
2379 1157 2384 1163 ’

1314 1194 1430 1233 sponso,
1453 1196 1506 1224 hoc
1516 1196 1553 1224 cst
1567 1197 1686 1239 praeciso.
1722 1197 1752 1227 V.
1769 1198 1907 1228 Drakenb.
1921 1199 1954 1228 ad
1967 1199 2014 1228 Sil.
2032 1210 2071 1234 ις.
2085 1210 2147 1236 473.

1277 1232 1443 1267 Ansersr,
1474 1233 1558 1276 Adv..
1573 1234 1648 1263 idem
1667 1235 1743 1272 quod
1760 1236 1885 1265 breviter.
1925 1236 1981 1265 Val.
1996 1237 2071 1266 Max.
2089 1247 2111 1272 3.
2128 1248 2153 1266 ·⁷.
2170 1246 2224 1266 ext.
2238 1243 2262 1268 6.
2303 1242 2327 1269 Si
2347 1243 2426 1271 verba

1316 1280 1462 1305 numeres,
1485 1271 1602 1314 breviter
1614 1272 1750 1313 &absciso
1762 1283 1768 1303 :
1790 1274 1807 1302 li
1819 1274 1924 1303 sensum
1935 1275 2066 1310 aestimes,
2086 1269 2195 1311 copiose
2208 1279 2233 1305 ὁὶ
2247 1277 2373 1308 valenter.

1277 1307 1485 1343 Asscrnno,
1507 1310 1564 1343 idi,
1587 1311 1753 1345 [amugfflm
1777 1308 1922 1347 ἀπονέμω,
1943 1313 2097 1347 ιἰπιτμηφω]
2124 1312 2221 1347 ἰίΓωιι,
2243 1325 2294 1343 ere.
2336 1317 2364 1345 ld
2379 1318 2427 1352 est,

1316 1353 1468 1384 amputare.
1498 1347 1580 1376 Ovid.
1597 1347 1666 1377 Met.
1682 1358 1703 1376 ι.
1718 1357 1761 1377 22.

1345 1422 1351 1427 .
1373 1422 1378 1426 ¹
1392 1384 1463 1413 Nam
1478 1384 1551 1413 coelo
1564 1392 1646 1414 terras
1656 1408 1664 1421 ,
1686 1388 1712 1414 δε
1723 1387 1800 1415 terris
1812 1385 1926 1415 abscidit
1939 1386 2036 1416 undas.

1314 1421 1425 1465 chitur
1441 1429 1532 1465 autem
1553 1424 1668 1463 proprie¹
1682 1434 1743 1460 pars
1763 1435 1777 1453 a
1788 1431 1866 1459 toto,
1896 1424 1948 1454 live
1965 1425 2056 1454 minus
2071 1434 2085 1454 a
2100 1426 2202 1461 majore
2214 1425 2350 1456 abscindi:
2383 1438 2410 1457 ut

1315 1459 1630 1503 Abscmderelmguam,
1652 1468 1752 1527 cappt,
1776 1462 1915 1499 querelas,
1938 1472 2053 1499 operas,
2074 1472 2172 1498 venas,
2194 1463 2340 1499 Seianum,
2356 1452 2428 1503 apud

1335 1496 1422 1526 Plaut.
1435 1497 1500 1527 (λεί.
1514 1498 1582 1527 Plrn.
1596 1498 1652 1527 Val.
1669 1499 1683 1528 k
1702 1510 1705 1513 ’
1718 1509 1757 1528 cc.
1772 1503 1798 1529 δι’
1810 1499 1898 1529 Tacit.

1316 1535 1351 1565 Et
1367 1542 1465 1573 praeter
1482 1535 1664 1578 accusativum
1683 1537 1954 1575 interdumjungitur
1966 1537 2084 1567 ablativo
2101 1547 2164 1567 cum
2182 1539 2373 1576 praepolitione
2384 1550 2429 1569 cx-

1335 1573 1422 1616 preffa
1433 1573 1475 1602 vel
1485 1574 1629 1613 suppressa.
1658 1574 1715 1603 Cic.
1730 1575 1804 1604 Verr.
1820 1586 1842 1610 5.
1864 1586 1883 1603 1.
1924 1575 2118 1612 Tunicamque
2130 1577 2188 1609 eius
2199 1586 2213 1604 a
2227 1580 2337 1613 pectore
2350 1578 2430 1607 absci-

1336 1612 1386 1640 dit.
1416 1612 1478 1640 Hoc
1489 1614 1543 1645 est,
1564 1611 1709 1641 laceratam
1722 1612 1824 1642 avullit„
1854 1613 1933 1643 Idem
1942 1613 2010 1642 Phil.
2026 1623 2066 1642 11.
2087 1623 2112 1643 2.
2150 1613 2209 1642 Post
2219 1624 2310 1643 autem
2322 1617 2431 1645 cervici-

2266 1167 2370 1196 Abl'tili»
2387 1179 2426 1198 re-

1336 1649 1388 1678 bus
1402 1657 1485 1686 caput
1503 1649 1624 1678 abscidit.

1315 1686 1483 1730 Abscindere
1491 1687 1538 1716 fibi
1549 1689 1675 1716 omnium
1685 1698 1775 1718 rerum
1784 1688 1946 1725 respec‘tum.
1969 1687 2026 1717 Liv.
2041 1698 2066 1724 9.
2078 1687 2110 1717 ab
2120 1688 2153 1718 U.
2167 1688 2197 1718 C.
2236 1689 2295 1718 Nos
2307 1691 2430 1721 omnium

1334 1735 1427 1768 rerum
1438 1726 1591 1763 respectum
1601 1748 1608 1761 ,
1627 1734 1807 1764 praeterquam
1819 1727 1938 1755 vic'toriae
1950 1726 2031 1755 nobis
2041 1726 2240 1755 abscindamus.

1316 1763 1483 1792 Ablcmderc
1501 1764 1655 1792 orationem
1672 1764 1709 1792 est
1727 1764 1898 1801 abrumpere.
1938 1764 1968 1793 V.
1989 1764 2110 1794 Gronov.
2124 1765 2159 1793 ad
2175 1764 2234 1794 Cic.
2252 1765 2306 1794 Att.
2318 1775 2344 1795 2.
2359 1775 2384 1803 7.
2406 1776 2429 1796 1.

1337 1801 1456 1837 Quintil.
1469 1807 1493 1834 3.
1510 1811 1535 1837 3.
1554 1811 1581 1839 p.
1596 1805 1659 1834 686.

1279 1839 1386 1868 Assscr
1396 1848 1415 1866 N
1426 1849 1441 1866 n
1452 1849 1465 1866 r.
1475 1849 1513 1868 us
1522 1861 1530 1874 ‚
1552 1839 1632 1868 entis.
1663 1838 1735 1875 Virg.
1754 1838 1852 1876 Georg.
1866 1849 1890 1868 2.
1904 1848 1948 1875 23.

1391 1876 1445 1906 Hic
1456 1876 1563 1914 plantas
1574 1884 1670 1906 tenero
1685 1876 1846 1905 abscindens
1858 1877 1892 1905 de
1904 1886 2019 1915 corpore
2030 1883 2158 1907 matrum.

1280 1927 1495 1962 Anscrssus,
1515 1926 1609 1956 Partic.

1316 1964 1432 1994 Abscissa
1443 1975 1458 1994 a
1470 1965 1626 1994 continenti
1638 1964 1732 1993 insula.
1763 1964 1833 1994 Plin.
1847 1964 1894 1993 lib.
1905 1977 1931 2001 4.
1950 1976 2009 2003 cap.
2027 1975 2050 1994 1.

1279 2003 1323 2032 AB
1333 2013 1370 2032 sc
1380 2013 1408 2032 rs
1417 2012 1428 2032 s
1438 2013 1454 2032 u
1464 2013 1476 2032 s
1486 2025 1493 2038 ,
1514 2013 1544 2048 a,
1561 2013 1618 2031 um.
1641 2002 1749 2031 Dicitur
1759 2002 1916 2040 abruptum,
1929 2009 2113 2041 praeruptum,
2133 2003 2159 2032 ἀ
2168 2002 2326 2040 praecisnm3
2348 2000 2435 2040 [ἁπέ-

1284 2066 1286 2069 ,
1316 2046 1440 2076 τμητΘυ,
1472 2040 1642 2075 ἀπομωπἹΘι]
1676 2047 1706 2069 ut
1724 2039 1856 2070 Absciffus
1875 2040 1961 2070 locus.
2003 2040 2060 2070 Liv.
2081 2040 2185 2069 Decad.
2201 2051 2224 2077 3.
2244 2040 2291 2070 lib.
2311 2052 2333 2076 ς.
2375 2042 2435 2071 Nec

1316 2079 1402 2108 ferme
1423 2080 1570 2116 quicquam
1587 2078 1648 2107 satis
1666 2079 1783 2107 arduum
1802 2086 1849 2108 aut
1870 2078 2012 2108 abscissum
2030 2084 2087 2108 emt
2102 2100 2110 2114 ,
2146 2079 2223 2116 quod
2240 2078 2309 2107 host-i
2329 2079 2434 2109 aditum

1316 2116 1491 2146 ascensumve
1506 2116 1647 2145 difficilem
1661 2116 1803 2154 praeberet.

1316 2155 1362 2184 Sic
1382 2165 1430 2193 per
1448 2154 1657 2184 translationem
1675 2163 1717 2183 res
1737 2153 1873 2190 abscissae,
1905 2155 1933 2183 ἃ
1950 2153 2011 2196 spes
2032 2152 2150 2183 abscissa.
2195 2152 2253 2183 Cic.
2272 2154 2307 2183 de
2325 2155 2432 2192 provin.

1336 2193 1441 2222 consul.
1456 2202 1498 2229 34.
1528 2191 1665 2230 lmpolitae
1674 2201 1738 2220 vero
1749 2202 1790 2221 res
1801 2194 1827 2222 ἃ
1837 2191 1940 2221 acerbae
1952 2193 1969 2220 ll
1980 2199 2061 2221 erunt
2067 2190 2170 2220 relictae
2181 2213 2188 2225 ,
2209 2201 2364 2228 quanquam
2375 2192 2436 2222 sunt

1336 2230 1453 2260 absciffae
1465 2253 1472 2265 ,
1493 2237 1587 2259 tamen
1600 2229 1717 2259 efferent
1730 2229 1756 2258 se
1771 2229 1937 2267 aliquando,
1965 2231 1992 2259 Sc
2010 2229 2045 2258 ad
2065 2229 2256 2258 renovandum
2273 2229 2376 2258 bellum
2397 2240 2436 2258 re-

1335 2268 1479 2298 virescent.
1511 2267 1569 2297 Liv.
1587 2278 1613 2303 4.
1634 2266 1702 2296 Bell.
1721 2267 1832 2297 Maced.
1872 2267 1933 2297 Nec
1947 2267 1997 2296 nili
2016 2266 2126 2297 abscissa
2141 2267 2220 2296 omni
2236 2266 2285 2304 spe
2303 2267 2437 2297 auxilium

1336 2306 1467 2335 Antiochi
1481 2306 1675 2344 imploraturos
1690 2305 1778 2335 fuilse.

1316 2344 1436 2375 Abseiffa
1455 2344 1611 2381 castigatio,
1640 2353 1691 2381 pro
1710 2343 1779 2373 dura
1796 2345 1822 2373 δι
1842 2342 1941 2381 aspera.
1976 2342 2035 2372 Val..
2057 2341 2132 2371 Max.
2151 2341 2198 2371 lib.
2217 2352 2242 2372 2.
2264 2352 2322 2380 cap.
2343 2351 2367 2372 2.
2400 2343 2437 2372 de

1335 2382 1463 2449 &siricalno
1474 2382 1621 2448 ρρᾟεζῑίοῐε
1631 2403 1639 2417 ,
1660 2380 1760 2420 Aspero
1770 2383 1845 2411 enim
1855 2382 1881 2411 ἃ
1891 2380 2001 2410 abscisso
2011 2380 2192 2418 castigationis
2202 2390 2300 2418 genere
2312 2380 2436 2409 militaris

1358 2431 1365 2449 1
1379 2430 1423 2458 cip
1436 2430 1482 2449 ma
1492 2430 1521 2448 in
1542 2426 1606 2457 lget.

1317 2458 1451 2493 Absciss'a,
1473 2458 1602 2495 Abrupta.
1636 2456 1756 2494 Quintil.
1769 2455 1817 2486 lib.
1831 2467 1856 2493 9,
1872 2466 1932 2494 cap.
1946 2466 1972 2491 4.
2013 2455 2068 2485 Cur
2085 2455 2137 2484 alia
2155 2455 2330 2492 paucioribus
2345 2455 2439 2485 verbio

1335 2496 1398 2525 satis
1407 2496 1508 2534 plena,
1528 2495 1572 2524 vel
1587 2496 1722 2531 nimium,
1743 2494 1795 2524 alia
1806 2494 1930 2532 pluribus
1942 2493 2034 2522 brevia
2046 2496 2071 2523 Sc
2085 2492 2193 2522 abscissa
2207 2493 2288 2522 sunt?

1316 2534 1427 2564 Abscilli
1439 2534 1586 2569 dicuntur,
1616 2533 1716 2570 quibus
1737 2532 1844 2562 exsecta
1858 2532 1922 2561 sunt
1938 2531 2042 2567 virilia,
2064 2541 2141 2568 aeqna
2157 2531 2214 2560 fere
2226 2531 2386 2560 conditione
2403 2541 2436 2560 ac

1335 2572 1413 2607 servi,
1432 2571 1510 2600 nullo
1520 2577 1718 2608 cognomento,
1734 2579 1782 2599 aut
1792 2571 1897 2604 ordine,
1908 2569 2034 2598 infames.
2054 2569 2138 2598 Nam<
2150 2579 2183 2598 ue
2193 2568 2435 2598 Senatusconsulto

1334 2609 1509 2649 prohibitum
1523 2616 1581 2638 erat
1597 2619 1632 2638 ne
1648 2607 1750 2637 abscilli
1760 2630 1768 2644 ,
1795 2614 1895 2646 utpote
1910 2607 2044 2641 semiviri,
2076 2614 2123 2636 aut
2137 2580 2268 2641 senones,
2296 2606 2435 2644 quaerendi

1334 2649 1401 2685 juris
1412 2670 1420 2683 ,
1442 2653 1490 2677 aut
1524 2647 1660 2676 ostulandi
1674 2645 1769 2681 causa,
1790 2645 1937 2675 tribunalia
1953 2645 2069 2674 adirent.
2108 2644 2184 2674 Alex.
2205 2644 2238 2674 ab
2256 2643 2331 2673 Alex.
2346 2644 2391 2673 lib.
2408 2655 2432 2678 ς.

1336 2696 1368 2715 ca
1390 2710 1396 2716 .
1410 2697 1436 2722 4.
1479 2686 1491 2722 [
1531 2685 1558 2714 ui
1572 2684 1662 2720 solus,
1684 2684 1759 2723 quod
1772 2683 1844 2719 scio,
1866 2684 1903 2712 ita
1914 2683 2024 2712 locutus
2036 2682 2082 2711 est.

1315 2725 1356 2754 Ab
1369 2724 1475 2759 ciffior„
1495 2733 1617 2761 compar.
1638 2729 1688 2755 ut,
1708 2721 1847 2751 Abscillior
1859 2721 1976 2757 justitia,
1996 2721 2027 2748 in
2038 2719 2136 2749 eadem
2147 2719 2350 2758 significatione.
2375 2718 2433 2748 Val.

1335 2763 1412 2792 Max.
1428 2762 1476 2791 lib.
1488 2766 1513 2791 6.
1530 2771 1590 2799 cap.
1607 2772 1630 2795 ς.
1651 2760 1818 2798 praefractior
1831 2762 1856 2789 Sc
1869 2758 2004 2788 absciffior
2017 2758 2125 2793 justitia.

1277 2800 1466 2835 Amcrssa,
1495 2799 1561 2829 Adv.
1581 2799 1628 2827 vel
1648 2800 1819 2831 Assscrsa,
1850 2808 1899 2835 pro
1911 2806 1945 2826 eo
1956 2796 2030 2833 quod
2047 2796 2084 2824 est
2102 2795 2171 2830 fixe,
2191 2795 2317 2832 praecise,
2347 2794 2433 2830 [ἀπο-

1314 2838 1490 2873 κεκρμμενως]
1518 2837 1684 2866 Callistratus
1702 2836 1732 2864 in
1751 2835 1768 2865 l.
1785 2836 1916 2873 Semper,
1939 2835 1974 2863 de
1994 2835 2050 2868 iiu‘e
2068 2834 2221 2862 imminuta.
2262 2831 2433 2861 Demonstra-

1315 2882 1361 2906 tur
1371 2876 1462 2911 varie,
1491 2885 1544 2904 nec
1557 2874 1666 2904 abscisse
1678 2896 1686 2909 ,
1713 2883 1863 2902 numerum
1880 2872 2030 2902 liberorum
2048 2871 2083 2900 ad
2101 2871 2303 2900 excusationem
2316 2869 2434 2898 munici-

1298 2914 1423 2954 ,palium
1438 2923 1586 2942 munerum
1602 2911 1728 2950 prodesse
1740 2934 1748 2947 ,
1771 2913 1821 2941 Sec.

1278 2953 1488 2987 Asscrssro,
1511 2951 1581 2980 onis.
1613 2949 1736 2980 Verbale.
1770 2943 1942 2985 [απόκςψις]
1970 2947 2049 2977 Idem
2067 2946 2142 2984 quod
2161 2944 2274 2975 scissura.
2320 2944 2376 2974 Cic.
2397 2944 2434 2975 ad

1316 2990 1439 3020 Herenn.
1454 3000 1480 3025 4.
1498 3000 1539 3025 54.
1562 2988 1601 3023 al..
1614 2987 1741 3017 Abscilio.

1278 3029 1428 3063 Aascro,
1450 3027 1504 3063 ivi,
1526 3027 1572 3055 ire.
1611 3026 1653 3055 De
1670 3025 1804 3054 memoria
1818 3024 1901 3053 exire.
1938 3022 2059 3052 Verbum
2075 3020 2239 3050 inusitatum.

1278 3068 1423 3097 Anseow
1435 3075 1495 3099 oo,
1516 3065 1543 3099 i,
1565 3063 1623 3093 sum
1641 3065 1667 3093 ἃ
1679 3065 1760 3092 itum.
1793 3061 1979 3098 [semgfflm]
2008 3060 2113 3089 Lucret.
2134 3058 2180 3086 lib.
2203 3067 2224 3086 1.
2240 3066 2308 3093 ⁴903.

1397 3103 1483 3140 Quod
1496 3102 1513 3131 li
1528 3108 1603 3131 tanta
1620 3102 1693 3130 foret
1708 3101 1788 3138 sylvis
1807 3099 1966 3129 abscondita
1982 3098 2099 3127 flamma.
2191 3131 2198 3136 ᾗ

1315 3141 1490 3171 Abscondere
1499 3163 1508 3176 ,
1529 3149 1563 3170 ex
1573 3139 1620 3169 abs
1630 3141 1656 3169 S:
1666 3139 1759 3168 condo
1770 3161 1777 3173 ,
1800 3137 1875 3175 quod
1887 3136 1975 3175 ipsum
1987 3145 2021 3164 ex
2034 3136 2069 3163 do
2082 3134 2261 3170 compolrtum
2277 3131 2323 3160 est.
2352 3131 2434 3162 Idem

1335 3179 1411 3216 quod
1431 3179 1569 3213 condere,
1591 3175 1878 3212 abdere‚'00cultare.
1912 3174 1995 3203 Plaut.
2008 3172 2069 3213 Cist5
2085 3182 2104 3199 r.
2124 3174 2167 3204 65.
2207 3169 2240 3199 In
2254 3169 2374 3200 latebras
2388 3169 2434 3199 ab-

1333 3217 1449 3246 scondas
1462 3218 1576 3254 pectore
1587 3215 1755 3253 penitissimo
1768 3222 1843 3243 tuam
1859 3211 2006 3242 stultitiam.
2038 3209 2106 3245 Virg.
2121 3208 2218 3245 Georg.
2236 3217 2258 3236 1.
2274 3217 2337 3236 221.

1390 3256 1461 3284 Ante
1480 3254 1530 3284 tibi
1550 3252 1784 3282 EdaeAtlant-ides
1801 3250 2009 3280 abscondantur.

1314 3292 1491 3324 Abscondere
1503 3292 1598 3329 sugam
1616 3291 1699 3320 furto.
1728 3290 1800 3327 Virg.
1813 3300 1840 3326 4.
1860 3287 1922 3317 ffin.
1936 3296 1996 3323 337.
2040 3283 2071 3312 ld
2089 3282 2143 3318 est,
2173 3282 2269 3312 furtim
2285 3282 2311 3313 ὗε
2327 3283 2432 3312 secreto

1332 3331 1436 3368 fugere.

1315 3368 1437 3398 Crimen.
1459 3368 1522 3398 Sen.
1533 3367 1563 3395 in
1573 3366 1630 3404 Hip
1652 3365 1688 3395 ol.
1703 3376 1727 3401 5.
1743 3374 1769 3394 2.
1836 3401 1840 3406 .
2099 3396 2104 3402 Ι
2237 3395 2242 3400 .
2401 3395 2406 3400 ¹

1313 3406 1347 3437 In
1366 3414 1475 3435 terram.
1506 3405 1616 3434 Colum.
1631 3376 1678 3433 Iib.
1699 3403 1742 3432 De
1754 3400 1894 3431 arboribus
1908 3408 1965 3435 cap.
1977 3406 2004 3434 7.
2043 3395 2174 3434 Reliquas
2185 3395 2307 3431 radices,
2329 3405 2388 3433 quae
2400 3405 2428 3424 m

1333 3449 1434 3474 terram
1443 3443 1666 3477 absconduntur,
1687 3441 1730 3470 fac
1743 3439 1862 3469 abradas.
2015 3471 2020 3476 ι
2048 3471 2054 3476 ⁴
2329 3470 2334 3475 .

1314 3482 1348 3513 In
1364 3482 1493 3512 tenebris.
1523 3480 1614 3510 Caecil.
1627 3478 1707 3509 Exul.
1745 3478 1816 3507 Nam
1826 3475 1905 3503 hicin
1916 3471 2036 3501 tenebris
2048 3470 2187 3500 intussese
2205 3469 2356 3499 abscondit.
2388 3469 2429 3499 Ex

1332 3521 1438 3550 Nonio.
1468 3519 1542 3549 Inter
1552 3525 1638 3547 nates.
1661 3516 1689 3546 L.
1704 3516 1798 3551 Pomp.
1821 3511 1944 3542 maechis
1955 3509 2089 3547 geminis:
2112 3509 2197 3543 Perii,
2212 3518 2269 3536 non
2278 3507 2370 3545 puella
2381 3507 2428 3536 est.

1332 3558 1469 3595 Nunquid
1483 3556 1646 3586 abscondisti
1659 3555 1730 3584 inter
1742 3551 1842 3581 nates‘?
1872 3549 2033 3590 lix-eodem:
2064 3585 2069 3589 ¹
2183 3584 2187 3588 Ι
2401 3582 2406 3587 .

1312 3596 1501 3630 Abscondidi,
1531 3595 1674 3630 antiquum
1691 3589 1876 3629 praeteritiim,
1905 3586 1971 3614 teste
1990 3584 2143 3626 Priscianob,
2170 3583 2216 3625 hb.
2234 3593 2274 3610 ιο.
2296 3581 2382 3625 Plaut.
2399 3591 2429 3610 m

1333 3633 1415 3664 Carb.
1465 3632 1625 3663 Secundum
1648 3629 1734 3667 ipsam
1763 3635 1836 3655 aram
1857 3633 1954 3653 nurum
1976 3622 2146 3652 abscondidi.
2187 3620 2234 3650 Sil.
2254 3619 2312 3649 Ital.
2334 3619 2381 3648 hb.
2400 3625 2424 3653 8.

1336 3682 1487 3739 191Donec
1498 3705 1610 3736 arenoso
1632 3703 1688 3739 (sic
1705 3701 1800 3736 fama)
1819 3698 1966 3728 Numicius
1983 3696 2058 3726 illam

1390 3746 1515 3784 Suscepit
1530 3743 1651 3781 gremio,
1672 3740 1818 3776 vitreisque
1833 3735 2008 3766 abscondidit
2025 3734 2116 3763 antris.

1276 3801 1299 3830 A
1306 3810 1321 3829 Β
1329 3809 1342 3829 s
1351 3808 1368 3828 c
1375 3808 1392 3827 o
1401 3808 1422 3826 N
1431 3808 1448 3826 D
1458 3799 1496 3825 ῖτ
1505 3805 1523 3823 υ
1531 3804 1551 3824 s.
1574 3792 1669 3822 Partic.
1693 3785 1891 3826 [avizevtpcssu]
1920 3786 1977 3816 Cic.
1990 3795 2014 3814 2.
2031 3783 2104 3812 Verr.
2136 3783 2203 3813 Non
2214 3781 2360 3812 obscurum
2374 3782 2432 3819 opi-

1314 3847 1366 3866 nor
1376 3858 1383 3871 ,
1403 3842 1495 3870 neque
1507 3830 1707 3861 absconditum.
1779 3865 1784 3869 η

1314 3872 1481 3904 Abscondita
1491 3870 1608 3898 flamma.
1640 3866 1748 3896 Lucret.
1767 3863 1815 3893 lib.
1831 3873 1859 3905 1..
1868 3871 1947 3904 903..
2281 3896 2286 3901 ι

1278 3914 1299 3944 A
1307 3923 1322 3941 Β
1330 3922 1342 3941 s
1351 3920 1393 3940 co
1403 3919 1422 3937 N
1431 3919 1443 3937 s
1454 3918 1469 3936 ι·
1478 3918 1491 3935 s
1501 3929 1509 3942 ,
1531 3905 1606 3935 aliud
1616 3903 1711 3933 Panic.
1733 3901 1822 3938 Julius
1832 3900 1913 3930 firm.
1930 3897 1977 3926 hb.
1993 3906 2015 3933 3.
2030 3905 2089 3933 cap.
2102 3900 2126 3929 8.
2165 3894 2320 3925 Mercurius
2328 3894 2435 3931 vesper-

1313 3951 1387 3979 tinus
1405 3946 1487 3975 faciet
1509 3943 1632 3973 aurifices
1644 3964 1652 3977 ,
1682 3949 1729 3970 aut
1748 3939 1859 3969 follores
1878 3936 1934 3965 auri
1950 3958 1957 3970 ,
1990 3942 2038 3963 aut
2053 3932 2244 3963 abscenssrum
2263 3933 2433 3969 quarundam

1314 3987 1415 4018 artium
1427 3982 1575 4022 magistros.
1615 3978 1699 4010 Paulo
1714 3977 1792 4017 post,
1814 3975 1905 4007 faciet
1922 3972 2005 4003 alieni
2016 3972 2182 4013 patrimonii
2196 3972 2327 4007 heredes,
2349 3973 2375 4000 ὅ(
2386 3970 2434 4037 qpi

2371 4018 2403 4038 ca
2417 4017 2434 4037 u

1632 1927 1784 1962 [imam-&c
1794 1928 1808 1962 ]
1830 1928 2000 1965 Am‘putatus.
