<?xml version="1.0" encoding="UTF-8"?>
<!DOCTYPE html PUBLIC "-//W3C//DTD XHTML 1.0 Transitional//EN"
    "http://www.w3.org/TR/xhtml1/DTD/xhtml1-transitional.dtd">
<html xmlns="http://www.w3.org/1999/xhtml" xml:lang="en" lang="en">
 <head>
  <title>
</title>
<meta http-equiv="Content-Type" content="text/html;charset=utf-8" />
  <meta name='ocr-system' content='tesseract 3.04.00' />
  <meta name='ocr-capabilities' content='ocr_page ocr_carea ocr_par ocr_line ocrx_word'/>
</head>
<body>
  <div class='ocr_page' id='page_1' title='image "./robertistephanil01esti/robertistephanil01esti_0562.png"; bbox 0 0 2604 4222; ppageno 0'>
   <div class='ocr_carea' id='block_1_1' title="bbox 162 118 939 180">
    <p class='ocr_par' dir='ltr' id='par_1_1' title="bbox 162 118 939 180">
     <span class='ocr_line' id='line_1_1' title="bbox 162 118 939 180; baseline -0.017 -14"><span class='ocrx_word' id='word_1_1' title='bbox 162 139 232 180; x_wconf 84' lang='lat'>488</span> <span class='ocrx_word' id='word_1_2' title='bbox 662 124 690 158; x_wconf 90' lang='lat' dir='ltr'>C</span> <span class='ocrx_word' id='word_1_3' title='bbox 788 122 813 156; x_wconf 82' lang='lat' dir='ltr'>E</span> <span class='ocrx_word' id='word_1_4' title='bbox 910 118 939 153; x_wconf 83' lang='lat' dir='ltr'>R</span> 
     </span>
    </p>
   </div>
   <div class='ocr_carea' id='block_1_2' title="bbox 203 209 1327 435">
    <p class='ocr_par' dir='ltr' id='par_1_2' title="bbox 203 209 1082 246">
     <span class='ocr_line' id='line_1_2' title="bbox 203 209 1082 246; baseline -0.018 -3"><span class='ocrx_word' id='word_1_5' title='bbox 203 213 313 243; x_wconf 81' lang='lat' dir='ltr'>Scelere</span> <span class='ocrx_word' id='word_1_6' title='bbox 323 212 409 241; x_wconf 88' lang='lat' dir='ltr'>omni.</span> <span class='ocrx_word' id='word_1_7' title='bbox 432 211 495 241; x_wconf 90' lang='lat' dir='ltr'>Sen.</span> <span class='ocrx_word' id='word_1_8' title='bbox 510 209 620 246; x_wconf 71' lang='lat' dir='ltr'>Thyest.</span> <span class='ocrx_word' id='word_1_9' title='bbox 639 216 660 235; x_wconf 85' lang='grc'>1,</span> <span class='ocrx_word' id='word_1_10' title='bbox 899 238 905 244; x_wconf 38' lang='lat'><em>⁷</em></span> <span class='ocrx_word' id='word_1_11' title='bbox 1076 233 1082 239; x_wconf 32' lang='lat'><strong><em>⁵</em></strong></span> 
     </span>
    </p>

    <p class='ocr_par' dir='ltr' id='par_1_3' title="bbox 204 231 1307 283">
     <span class='ocr_line' id='line_1_3' title="bbox 204 231 1307 283; baseline -0.024 -2"><span class='ocrx_word' id='word_1_12' title='bbox 204 251 308 281; x_wconf 84' lang='lat' dir='ltr'>Titulis</span> <span class='ocrx_word' id='word_1_13' title='bbox 322 249 447 283; x_wconf 74' lang='lat' dir='ltr'>alicuius.</span> <span class='ocrx_word' id='word_1_14' title='bbox 470 244 566 276; x_wconf 76' lang='lat' dir='ltr'>Claud.</span> <span class='ocrx_word' id='word_1_15' title='bbox 583 247 611 274; x_wconf 90' lang='lat' dir='ltr'>in</span> <span class='ocrx_word' id='word_1_16' title='bbox 626 242 707 273; x_wconf 82' lang='lat' dir='ltr'>Laud.</span> <span class='ocrx_word' id='word_1_17' title='bbox 722 241 815 271; x_wconf 84' lang='lat' dir='ltr'>Seren.</span> <span class='ocrx_word' id='word_1_18' title='bbox 833 245 876 273; x_wconf 86' lang='lat'>33.</span> <span class='ocrx_word' id='word_1_19' title='bbox 899 248 914 265; x_wconf 84' lang='lat' dir='ltr'>i.</span> <span class='ocrx_word' id='word_1_20' title='bbox 929 245 953 264; x_wconf 91' lang='lat' dir='ltr'>e.</span> <span class='ocrx_word' id='word_1_21' title='bbox 976 234 1046 263; x_wconf 86' lang='lat' dir='ltr'>Cum</span> <span class='ocrx_word' id='word_1_22' title='bbox 1063 231 1159 277; x_wconf 59' lang='lat' dir='ltr'>titulis.</span> <span class='ocrx_word' id='word_1_23' title='bbox 1196 267 1201 272; x_wconf 40' lang='grc' dir='ltr'>Ι</span> <span class='ocrx_word' id='word_1_24' title='bbox 1226 267 1230 272; x_wconf 40' lang='grc'><strong><em>,</em></strong></span> <span class='ocrx_word' id='word_1_25' title='bbox 1248 266 1262 272; x_wconf 94' lang='lat'>..</span> <span class='ocrx_word' id='word_1_26' title='bbox 1303 240 1307 247; x_wconf 52' lang='grc' dir='ltr'><strong><em>ι</em></strong></span> 
     </span>
    </p>

    <p class='ocr_par' dir='ltr' id='par_1_4' title="bbox 206 264 1323 359">
     <span class='ocr_line' id='line_1_4' title="bbox 206 264 1323 327; baseline -0.022 -8"><span class='ocrx_word' id='word_1_27' title='bbox 206 289 312 327; x_wconf 74' lang='lat' dir='ltr'>Vigiliis</span> <span class='ocrx_word' id='word_1_28' title='bbox 323 298 354 317; x_wconf 86' lang='lat' dir='ltr'>ac</span> <span class='ocrx_word' id='word_1_29' title='bbox 365 287 456 316; x_wconf 71' lang='lat' dir='ltr'>labore</span> <span class='ocrx_word' id='word_1_30' title='bbox 464 295 527 315; x_wconf 88' lang='lat' dir='ltr'>cum</span> <span class='ocrx_word' id='word_1_31' title='bbox 542 284 636 313; x_wconf 86' lang='lat' dir='ltr'>altero.</span> <span class='ocrx_word' id='word_1_32' title='bbox 676 281 732 308; x_wconf 84' lang='lat' dir='ltr'>Liv.</span> <span class='ocrx_word' id='word_1_33' title='bbox 747 287 790 313; x_wconf 85' lang='lat'>34.</span> <span class='ocrx_word' id='word_1_34' title='bbox 807 282 848 311; x_wconf 88' lang='lat'>18.</span> <span class='ocrx_word' id='word_1_35' title='bbox 865 281 933 304; x_wconf 78' lang='lat' dir='ltr'>extr.</span> <span class='ocrx_word' id='word_1_36' title='bbox 956 272 1122 302; x_wconf 84' lang='lat' dir='ltr'>Parsimonia</span> <span class='ocrx_word' id='word_1_37' title='bbox 1139 270 1164 298; x_wconf 78' lang='lat'>&amp;</span> <span class='ocrx_word' id='word_1_38' title='bbox 1176 264 1278 305; x_wconf 84' lang='lat' dir='ltr'>vlgiliis</span> <span class='ocrx_word' id='word_1_39' title='bbox 1297 266 1323 295; x_wconf 73' lang='lat' dir='ltr'>Sc</span> 
     </span>
     <span class='ocr_line' id='line_1_5' title="bbox 225 322 775 359; baseline -0.024 -3"><span class='ocrx_word' id='word_1_40' title='bbox 225 327 320 356; x_wconf 88' lang='lat' dir='ltr'>labore</span> <span class='ocrx_word' id='word_1_41' title='bbox 332 335 396 354; x_wconf 81' lang='lat' dir='ltr'>cum</span> <span class='ocrx_word' id='word_1_42' title='bbox 406 325 510 353; x_wconf 76' lang='lat' dir='ltr'>ultimis</span> <span class='ocrx_word' id='word_1_43' title='bbox 521 322 641 350; x_wconf 85' lang='lat' dir='ltr'>militum</span> <span class='ocrx_word' id='word_1_44' title='bbox 650 322 775 359; x_wconf 77' lang='lat' dir='ltr'>certaret.</span> 
     </span>
    </p>

    <p class='ocr_par' dir='ltr' id='par_1_5' title="bbox 209 354 1327 435">
     <span class='ocr_line' id='line_1_6' title="bbox 209 354 1237 401; baseline -0.023 -7"><span class='ocrx_word' id='word_1_45' title='bbox 209 364 357 401; x_wconf 77' lang='lat' dir='ltr'>virgiliana</span> <span class='ocrx_word' id='word_1_46' title='bbox 368 363 479 391; x_wconf 83' lang='lat' dir='ltr'>virtute.</span> <span class='ocrx_word' id='word_1_47' title='bbox 502 360 605 389; x_wconf 67' lang='lat' dir='ltr'>Plinii]</span> <span class='ocrx_word' id='word_1_48' title='bbox 616 356 688 394; x_wconf 71' lang='lat' dir='ltr'>praef.</span> <span class='ocrx_word' id='word_1_49' title='bbox 700 354 747 383; x_wconf 80' lang='lat' dir='ltr'>lib.</span> <span class='ocrx_word' id='word_1_50' title='bbox 759 363 785 387; x_wconf 88' lang='lat'>9.</span> <span class='ocrx_word' id='word_1_51' title='bbox 835 387 851 394; x_wconf 92' lang='lat'>..</span> <span class='ocrx_word' id='word_1_52' title='bbox 1016 385 1021 389; x_wconf 42' lang='grc' dir='ltr'>Ι</span> <span class='ocrx_word' id='word_1_53' title='bbox 1140 381 1145 387; x_wconf 46' lang='grc'><strong>,</strong></span> <span class='ocrx_word' id='word_1_54' title='bbox 1210 386 1212 388; x_wconf 52' lang='lat'>.</span> <span class='ocrx_word' id='word_1_55' title='bbox 1232 380 1237 385; x_wconf 45' lang='lat'>·</span> 
     </span>
     <span class='ocr_line' id='line_1_7' title="bbox 211 381 1327 435; baseline -0.024 -2"><span class='ocrx_word' id='word_1_56' title='bbox 211 402 321 432; x_wconf 83' lang='lat' dir='ltr'>Certare</span> <span class='ocrx_word' id='word_1_57' title='bbox 333 410 396 430; x_wconf 88' lang='lat' dir='ltr'>cum</span> <span class='ocrx_word' id='word_1_58' title='bbox 407 399 498 435; x_wconf 87' lang='lat' dir='ltr'>aliquo</span> <span class='ocrx_word' id='word_1_59' title='bbox 511 398 553 426; x_wconf 85' lang='lat' dir='ltr'>de.</span> <span class='ocrx_word' id='word_1_60' title='bbox 592 395 648 423; x_wconf 91' lang='lat' dir='ltr'>Liv.</span> <span class='ocrx_word' id='word_1_61' title='bbox 666 404 690 426; x_wconf 86' lang='grc'>4.</span> <span class='ocrx_word' id='word_1_62' title='bbox 707 401 748 426; x_wconf 82' lang='lat'>37.</span> <span class='ocrx_word' id='word_1_63' title='bbox 772 391 824 418; x_wconf 88' lang='lat' dir='ltr'>Aut</span> <span class='ocrx_word' id='word_1_64' title='bbox 834 396 876 419; x_wconf 74' lang='lat' dir='ltr'>iis.</span> <span class='ocrx_word' id='word_1_65' title='bbox 897 394 960 415; x_wconf 85' lang='lat' dir='ltr'>cum</span> <span class='ocrx_word' id='word_1_66' title='bbox 977 383 1077 421; x_wconf 91' lang='lat' dir='ltr'>quibus</span> <span class='ocrx_word' id='word_1_67' title='bbox 1093 381 1128 410; x_wconf 91' lang='lat' dir='ltr'>de</span> <span class='ocrx_word' id='word_1_68' title='bbox 1138 390 1258 418; x_wconf 88' lang='lat' dir='ltr'>imperio</span> <span class='ocrx_word' id='word_1_69' title='bbox 1269 389 1327 408; x_wconf 89' lang='lat' dir='ltr'>cer-</span> 
     </span>
    </p>
   </div>
   <div class='ocr_carea' id='block_1_3' title="bbox 230 418 1327 473">
    <p class='ocr_par' dir='ltr' id='par_1_6' title="bbox 230 418 1327 473">
     <span class='ocr_line' id='line_1_8' title="bbox 230 418 1327 473; baseline -0.024 -3"><span class='ocrx_word' id='word_1_70' title='bbox 230 445 303 469; x_wconf 83' lang='lat' dir='ltr'>tetur</span> <span class='ocrx_word' id='word_1_71' title='bbox 317 461 325 473; x_wconf 75' lang='lat'>,</span> <span class='ocrx_word' id='word_1_72' title='bbox 347 447 399 467; x_wconf 79' lang='lat' dir='ltr'>nec</span> <span class='ocrx_word' id='word_1_73' title='bbox 417 437 535 469; x_wconf 81' lang='lat' dir='ltr'>virtute,</span> <span class='ocrx_word' id='word_1_74' title='bbox 556 443 608 462; x_wconf 89' lang='lat' dir='ltr'>nec</span> <span class='ocrx_word' id='word_1_75' title='bbox 624 429 776 469; x_wconf 82' lang='lat' dir='ltr'>patientia,</span> <span class='ocrx_word' id='word_1_76' title='bbox 798 435 850 455; x_wconf 88' lang='lat' dir='ltr'>nec</span> <span class='ocrx_word' id='word_1_77' title='bbox 866 422 1014 461; x_wconf 81' lang='lat' dir='ltr'>disciplina</span> <span class='ocrx_word' id='word_1_78' title='bbox 1028 421 1065 450; x_wconf 82' lang='lat' dir='ltr'>rei</span> <span class='ocrx_word' id='word_1_79' title='bbox 1082 419 1209 449; x_wconf 87' lang='lat' dir='ltr'>militaris</span> <span class='ocrx_word' id='word_1_80' title='bbox 1226 418 1327 446; x_wconf 70' lang='lat' dir='ltr'>cedena</span> 
     </span>
    </p>
   </div>
   <div class='ocr_carea' id='block_1_4' title="bbox 212 493 1329 587">
    <p class='ocr_par' dir='ltr' id='par_1_7' title="bbox 212 493 1329 587">
     <span class='ocr_line' id='line_1_9' title="bbox 212 493 1328 548; baseline -0.022 -3"><span class='ocrx_word' id='word_1_81' title='bbox 212 515 293 545; x_wconf 86' lang='lat' dir='ltr'>Vitiis</span> <span class='ocrx_word' id='word_1_82' title='bbox 303 498 478 548; x_wconf 70' lang='lat' dir='ltr'>cum&#39;aliquo.</span> <span class='ocrx_word' id='word_1_83' title='bbox 517 509 574 537; x_wconf 85' lang='lat' dir='ltr'>Cic.</span> <span class='ocrx_word' id='word_1_84' title='bbox 588 517 629 536; x_wconf 88' lang='lat' dir='ltr'>io.</span> <span class='ocrx_word' id='word_1_85' title='bbox 642 504 761 540; x_wconf 81' lang='lat' dir='ltr'>Philipp.</span> <span class='ocrx_word' id='word_1_86' title='bbox 777 511 820 530; x_wconf 88' lang='lat'>10.</span> <span class='ocrx_word' id='word_1_87' title='bbox 845 501 908 544; x_wconf 62' lang='lat' dir='ltr'>Erat</span> <span class='ocrx_word' id='word_1_88' title='bbox 916 498 993 540; x_wconf 85' lang='lat' dir='ltr'>enim</span> <span class='ocrx_word' id='word_1_89' title='bbox 1009 498 1034 526; x_wconf 90' lang='lat' dir='ltr'>ei</span> <span class='ocrx_word' id='word_1_90' title='bbox 1048 496 1180 538; x_wconf 39' lang='lat' dir='ltr'>spes-una</span> <span class='ocrx_word' id='word_1_91' title='bbox 1190 494 1219 522; x_wconf 87' lang='lat' dir='ltr'>in</span> <span class='ocrx_word' id='word_1_92' title='bbox 1234 493 1262 522; x_wconf 91' lang='lat' dir='ltr'>C.</span> <span class='ocrx_word' id='word_1_93' title='bbox 1278 493 1328 521; x_wconf 91' lang='lat' dir='ltr'>An-</span> 
     </span>
     <span class='ocr_line' id='line_1_10' title="bbox 232 537 1329 587; baseline -0.022 -5"><span class='ocrx_word' id='word_1_94' title='bbox 232 553 322 585; x_wconf 78' lang='lat' dir='ltr'>tonio,</span> <span class='ocrx_word' id='word_1_95' title='bbox 343 551 388 587; x_wconf 90' lang='lat' dir='ltr'>qui</span> <span class='ocrx_word' id='word_1_96' title='bbox 399 550 516 578; x_wconf 86' lang='lat' dir='ltr'>duorum</span> <span class='ocrx_word' id='word_1_97' title='bbox 525 546 637 575; x_wconf 77' lang='lat' dir='ltr'>fratrum</span> <span class='ocrx_word' id='word_1_98' title='bbox 649 542 773 572; x_wconf 82' lang='lat' dir='ltr'>aetatibus</span> <span class='ocrx_word' id='word_1_99' title='bbox 785 539 894 568; x_wconf 87' lang='lat' dir='ltr'>medius</span> <span class='ocrx_word' id='word_1_100' title='bbox 902 537 1074 572; x_wconf 69' lang='lat' dir='ltr'>interjectus,</span> <span class='ocrx_word' id='word_1_101' title='bbox 1095 540 1169 563; x_wconf 84' lang='lat' dir='ltr'>vitiis</span> <span class='ocrx_word' id='word_1_102' title='bbox 1180 541 1244 562; x_wconf 91' lang='lat' dir='ltr'>cum</span> <span class='ocrx_word' id='word_1_103' title='bbox 1255 539 1329 560; x_wconf 81' lang='lat' dir='ltr'>utro-</span> 
     </span>
    </p>
   </div>
   <div class='ocr_carea' id='block_1_5' title="bbox 233 588 424 627">
    <p class='ocr_par' dir='ltr' id='par_1_8' title="bbox 233 588 424 627">
     <span class='ocr_line' id='line_1_11' title="bbox 233 588 424 627; baseline -0.026 -7"><span class='ocrx_word' id='word_1_104' title='bbox 233 600 286 627; x_wconf 86' lang='lat' dir='ltr'>que</span> <span class='ocrx_word' id='word_1_105' title='bbox 297 588 424 618; x_wconf 78' lang='lat' dir='ltr'>certabat.</span> 
     </span>
    </p>
   </div>
   <div class='ocr_carea' id='block_1_6' title="bbox 191 622 1331 697">
    <p class='ocr_par' dir='ltr' id='par_1_9' title="bbox 191 622 1331 697">
     <span class='ocr_line' id='line_1_12' title="bbox 191 622 1271 660; baseline -0.022 -3"><span class='ocrx_word' id='word_1_106' title='bbox 191 636 197 644; x_wconf 74' lang='grc'><strong>“</strong></span> <span class='ocrx_word' id='word_1_107' title='bbox 213 628 322 657; x_wconf 84' lang='lat' dir='ltr'>Secum.</span> <span class='ocrx_word' id='word_1_108' title='bbox 346 625 410 654; x_wconf 87' lang='lat' dir='ltr'>Plin.</span> <span class='ocrx_word' id='word_1_109' title='bbox 426 622 507 660; x_wconf 80' lang='lat' dir='ltr'>Epist.</span> <span class='ocrx_word' id='word_1_110' title='bbox 522 631 582 656; x_wconf 86' lang='lat'>119.</span> <span class='ocrx_word' id='word_1_111' title='bbox 919 650 924 656; x_wconf 43' lang='grc'><em>·</em></span> <span class='ocrx_word' id='word_1_112' title='bbox 1048 648 1053 653; x_wconf 19' lang='grc' dir='ltr'><strong>θ</strong></span> <span class='ocrx_word' id='word_1_113' title='bbox 1153 645 1159 651; x_wconf 39' lang='grc'><em>.</em></span> <span class='ocrx_word' id='word_1_114' title='bbox 1266 644 1271 649; x_wconf 36' lang='grc'>1</span> 
     </span>
     <span class='ocr_line' id='line_1_13' title="bbox 215 643 1331 697; baseline -0.021 -3"><span class='ocrx_word' id='word_1_115' title='bbox 215 666 285 694; x_wconf 86' lang='lat' dir='ltr'>Cum</span> <span class='ocrx_word' id='word_1_116' title='bbox 295 663 405 692; x_wconf 88' lang='lat' dir='ltr'>alterius</span> <span class='ocrx_word' id='word_1_117' title='bbox 415 659 601 697; x_wconf 80' lang='lat' dir='ltr'>improbitate.</span> <span class='ocrx_word' id='word_1_118' title='bbox 638 656 696 685; x_wconf 87' lang='lat' dir='ltr'>Cic.</span> <span class='ocrx_word' id='word_1_119' title='bbox 710 664 734 692; x_wconf 89' lang='lat'>7.</span> <span class='ocrx_word' id='word_1_120' title='bbox 746 653 823 682; x_wconf 82' lang='lat' dir='ltr'>Verr.</span> <span class='ocrx_word' id='word_1_121' title='bbox 835 661 878 686; x_wconf 88' lang='lat'>14.</span> <span class='ocrx_word' id='word_1_122' title='bbox 898 650 924 679; x_wconf 88' lang='lat' dir='ltr'>Si</span> <span class='ocrx_word' id='word_1_123' title='bbox 938 657 1002 679; x_wconf 89' lang='lat' dir='ltr'>cum</span> <span class='ocrx_word' id='word_1_124' title='bbox 1019 646 1136 677; x_wconf 86' lang='lat' dir='ltr'>aliorum</span> <span class='ocrx_word' id='word_1_125' title='bbox 1152 643 1331 682; x_wconf 75' lang='lat' dir='ltr'>improbitate</span> 
     </span>
    </p>
   </div>
   <div class='ocr_carea' id='block_1_7' title="bbox 215 689 1329 807">
    <p class='ocr_par' dir='ltr' id='par_1_10' title="bbox 215 689 1329 807">
     <span class='ocr_line' id='line_1_14' title="bbox 233 689 925 735; baseline -0.022 -4"><span class='ocrx_word' id='word_1_126' title='bbox 233 709 337 735; x_wconf 87' lang='lat' dir='ltr'>certet,</span> <span class='ocrx_word' id='word_1_127' title='bbox 359 700 442 734; x_wconf 74' lang='lat' dir='ltr'>longe</span> <span class='ocrx_word' id='word_1_128' title='bbox 455 707 570 731; x_wconf 78' lang='lat' dir='ltr'>omnes,</span> <span class='ocrx_word' id='word_1_129' title='bbox 592 695 766 729; x_wconf 87' lang='lat' dir='ltr'>multumque</span> <span class='ocrx_word' id='word_1_130' title='bbox 776 689 925 727; x_wconf 75' lang='lat' dir='ltr'>superabit.</span> 
     </span>
     <span class='ocr_line' id='line_1_15' title="bbox 215 731 997 769; baseline -0.02 0"><span class='ocrx_word' id='word_1_131' title='bbox 215 739 285 769; x_wconf 88' lang='lat' dir='ltr'>Cum</span> <span class='ocrx_word' id='word_1_132' title='bbox 295 736 462 767; x_wconf 81' lang='lat' dir='ltr'>feracissimis</span> <span class='ocrx_word' id='word_1_133' title='bbox 472 735 558 764; x_wconf 86' lang='lat' dir='ltr'>terris.</span> <span class='ocrx_word' id='word_1_134' title='bbox 598 732 665 761; x_wconf 88' lang='lat' dir='ltr'>Plin.</span> <span class='ocrx_word' id='word_1_135' title='bbox 679 732 708 759; x_wconf 92' lang='lat' dir='ltr'>in</span> <span class='ocrx_word' id='word_1_136' title='bbox 720 731 815 766; x_wconf 80' lang='lat' dir='ltr'>l&#39;aneg.</span> <span class='ocrx_word' id='word_1_137' title='bbox 826 737 886 764; x_wconf 82' lang='lat' dir='ltr'>cap.</span> <span class='ocrx_word' id='word_1_138' title='bbox 902 736 945 762; x_wconf 87' lang='lat'>30.</span> <span class='ocrx_word' id='word_1_139' title='bbox 957 735 997 763; x_wconf 88' lang='lat' dir='ltr'>pr.</span> 
     </span>
     <span class='ocr_line' id='line_1_16' title="bbox 233 760 1329 807; baseline -0.019 -1"><span class='ocrx_word' id='word_1_140' title='bbox 233 777 367 806; x_wconf 84' lang='lat' dir='ltr'>duebatur</span> <span class='ocrx_word' id='word_1_141' title='bbox 377 796 384 807; x_wconf 83' lang='lat'><em>‚</em></span> <span class='ocrx_word' id='word_1_142' title='bbox 410 781 440 802; x_wconf 87' lang='lat' dir='ltr'>ut</span> <span class='ocrx_word' id='word_1_143' title='bbox 449 782 514 802; x_wconf 85' lang='lat' dir='ltr'>cum</span> <span class='ocrx_word' id='word_1_144' title='bbox 524 769 693 801; x_wconf 76' lang='lat' dir='ltr'>feracissimis</span> <span class='ocrx_word' id='word_1_145' title='bbox 703 768 780 798; x_wconf 89' lang='lat' dir='ltr'>terris</span> <span class='ocrx_word' id='word_1_146' title='bbox 791 788 799 802; x_wconf 86' lang='lat'>‚</span> <span class='ocrx_word' id='word_1_147' title='bbox 820 764 892 803; x_wconf 79' lang='lat' dir='ltr'>quasi</span> <span class='ocrx_word' id='word_1_148' title='bbox 907 771 1049 800; x_wconf 83' lang='lat' dir='ltr'>nunquam</span> <span class='ocrx_word' id='word_1_149' title='bbox 1061 760 1165 790; x_wconf 83' lang='lat' dir='ltr'>cessura</span> <span class='ocrx_word' id='word_1_150' title='bbox 1175 781 1183 794; x_wconf 86' lang='lat'>,</span> <span class='ocrx_word' id='word_1_151' title='bbox 1204 763 1329 787; x_wconf 78' lang='lat' dir='ltr'>certaret.</span> 
     </span>
    </p>
   </div>
   <div class='ocr_carea' id='block_1_8' title="bbox 209 814 1331 1224">
    <p class='ocr_par' dir='ltr' id='par_1_11' title="bbox 209 814 1331 1224">
     <span class='ocr_line' id='line_1_17' title="bbox 232 814 1297 843; baseline -0.017 0"><span class='ocrx_word' id='word_1_152' title='bbox 232 815 267 843; x_wconf 86' lang='lat' dir='ltr'>de</span> <span class='ocrx_word' id='word_1_153' title='bbox 281 814 407 843; x_wconf 60' lang='lat' dir='ltr'>ffiowto.</span> <span class='ocrx_word' id='word_1_154' title='bbox 1292 833 1297 838; x_wconf 35' lang='lat'>⁸</span> 
     </span>
     <span class='ocr_line' id='line_1_18' title="bbox 213 823 1328 884; baseline -0.019 -3"><span class='ocrx_word' id='word_1_155' title='bbox 213 852 285 882; x_wconf 86' lang='lat' dir='ltr'>Cum</span> <span class='ocrx_word' id='word_1_156' title='bbox 295 823 378 880; x_wconf 53' lang='lat' dir='ltr'>usuris</span> <span class='ocrx_word' id='word_1_157' title='bbox 389 846 523 878; x_wconf 69' lang='lat' dir='ltr'>frut‘tibus</span> <span class='ocrx_word' id='word_1_158' title='bbox 533 845 701 884; x_wconf 70' lang='lat' dir='ltr'>praediorum</span> <span class='ocrx_word' id='word_1_159' title='bbox 712 848 815 873; x_wconf 85' lang='lat' dir='ltr'>certare</span> <span class='ocrx_word' id='word_1_160' title='bbox 825 841 956 881; x_wconf 85' lang='lat' dir='ltr'>dicuntur</span> <span class='ocrx_word' id='word_1_161' title='bbox 964 839 1010 870; x_wconf 85' lang='lat' dir='ltr'>hi.</span> <span class='ocrx_word' id='word_1_162' title='bbox 1028 845 1145 874; x_wconf 89' lang='lat' dir='ltr'>quorum</span> <span class='ocrx_word' id='word_1_163' title='bbox 1158 834 1261 878; x_wconf 77' lang='lat' dir='ltr'>reditus</span> <span class='ocrx_word' id='word_1_164' title='bbox 1272 841 1328 878; x_wconf 68' lang='lat' dir='ltr'>vix,</span> 
     </span>
     <span class='ocr_line' id='line_1_19' title="bbox 232 872 1330 924; baseline -0.018 -6"><span class='ocrx_word' id='word_1_165' title='bbox 232 896 279 918; x_wconf 88' lang='lat' dir='ltr'>aut</span> <span class='ocrx_word' id='word_1_166' title='bbox 288 898 324 917; x_wconf 87' lang='lat' dir='ltr'>ne</span> <span class='ocrx_word' id='word_1_167' title='bbox 333 889 378 916; x_wconf 85' lang='lat' dir='ltr'>vix</span> <span class='ocrx_word' id='word_1_168' title='bbox 389 886 502 924; x_wconf 90' lang='lat' dir='ltr'>quidem</span> <span class='ocrx_word' id='word_1_169' title='bbox 513 884 598 913; x_wconf 89' lang='lat' dir='ltr'>usuris</span> <span class='ocrx_word' id='word_1_170' title='bbox 611 881 797 921; x_wconf 80' lang='lat' dir='ltr'>persolvendis</span> <span class='ocrx_word' id='word_1_171' title='bbox 808 887 887 917; x_wconf 84' lang='lat' dir='ltr'>pares</span> <span class='ocrx_word' id='word_1_172' title='bbox 898 878 951 906; x_wconf 85' lang='lat' dir='ltr'>esle</span> <span class='ocrx_word' id='word_1_173' title='bbox 966 875 1086 914; x_wconf 85' lang='lat' dir='ltr'>possunt.</span> <span class='ocrx_word' id='word_1_174' title='bbox 1121 873 1178 902; x_wconf 88' lang='lat' dir='ltr'>Cic.</span> <span class='ocrx_word' id='word_1_175' title='bbox 1193 882 1219 915; x_wconf 44' lang='lat'>2..</span> <span class='ocrx_word' id='word_1_176' title='bbox 1234 881 1263 899; x_wconf 91' lang='lat' dir='ltr'>in</span> <span class='ocrx_word' id='word_1_177' title='bbox 1279 872 1330 913; x_wconf 41' lang='grc'>(73-</span> 
     </span>
     <span class='ocr_line' id='line_1_20' title="bbox 232 912 1328 958; baseline -0.017 -3"><span class='ocrx_word' id='word_1_178' title='bbox 232 927 274 955; x_wconf 82' lang='lat' dir='ltr'>til.</span> <span class='ocrx_word' id='word_1_179' title='bbox 294 931 334 958; x_wconf 76' lang='lat'>¹8·</span> <span class='ocrx_word' id='word_1_180' title='bbox 356 925 422 954; x_wconf 78' lang='lat' dir='ltr'>Meo</span> <span class='ocrx_word' id='word_1_181' title='bbox 441 922 579 952; x_wconf 81' lang='lat' dir='ltr'>beneficio</span> <span class='ocrx_word' id='word_1_182' title='bbox 595 921 696 950; x_wconf 84' lang='lat' dir='ltr'>tabulae</span> <span class='ocrx_word' id='word_1_183' title='bbox 719 926 798 948; x_wconf 79' lang='lat' dir='ltr'>novae</span> <span class='ocrx_word' id='word_1_184' title='bbox 813 917 1006 955; x_wconf 77' lang='lat' dir='ltr'>proferentur,</span> <span class='ocrx_word' id='word_1_185' title='bbox 1028 921 1124 941; x_wconf 80' lang='lat' dir='ltr'>verum</span> <span class='ocrx_word' id='word_1_186' title='bbox 1143 912 1328 951; x_wconf 58' lang='lat' dir='ltr'>aucstionarize.</span> 
     </span>
     <span class='ocr_line' id='line_1_21' title="bbox 212 945 1331 1000; baseline -0.019 -6"><span class='ocrx_word' id='word_1_187' title='bbox 212 993 219 999; x_wconf 81' lang='grc'>,</span> <span class='ocrx_word' id='word_1_188' title='bbox 230 965 329 1000; x_wconf 81' lang='lat' dir='ltr'>Neque</span> <span class='ocrx_word' id='word_1_189' title='bbox 345 963 419 992; x_wconf 92' lang='lat' dir='ltr'>enim</span> <span class='ocrx_word' id='word_1_190' title='bbox 431 962 471 990; x_wconf 90' lang='lat' dir='ltr'>isti</span> <span class='ocrx_word' id='word_1_191' title='bbox 482 961 527 997; x_wconf 89' lang='lat' dir='ltr'>qui</span> <span class='ocrx_word' id='word_1_192' title='bbox 541 958 719 997; x_wconf 74' lang='lat' dir='ltr'>possessiones</span> <span class='ocrx_word' id='word_1_193' title='bbox 730 955 851 989; x_wconf 83' lang='lat' dir='ltr'>habent,</span> <span class='ocrx_word' id='word_1_194' title='bbox 872 953 925 983; x_wconf 88' lang='lat' dir='ltr'>alia</span> <span class='ocrx_word' id='word_1_195' title='bbox 938 952 1044 981; x_wconf 86' lang='lat' dir='ltr'>ratione</span> <span class='ocrx_word' id='word_1_196' title='bbox 1056 949 1112 979; x_wconf 87' lang='lat' dir='ltr'>ulla</span> <span class='ocrx_word' id='word_1_197' title='bbox 1123 948 1185 978; x_wconf 87' lang='lat' dir='ltr'>salvi</span> <span class='ocrx_word' id='word_1_198' title='bbox 1201 948 1255 991; x_wconf 76' lang='lat' dir='ltr'>elle</span> <span class='ocrx_word' id='word_1_199' title='bbox 1272 945 1331 984; x_wconf 88' lang='lat' dir='ltr'>pos-</span> 
     </span>
     <span class='ocr_line' id='line_1_22' title="bbox 230 986 1330 1037; baseline -0.016 -7"><span class='ocrx_word' id='word_1_200' title='bbox 230 1001 300 1030; x_wconf 85' lang='lat' dir='ltr'>sunt.</span> <span class='ocrx_word' id='word_1_201' title='bbox 323 1001 397 1037; x_wconf 90' lang='lat' dir='ltr'>quod</span> <span class='ocrx_word' id='word_1_202' title='bbox 410 999 426 1028; x_wconf 86' lang='lat' dir='ltr'>si</span> <span class='ocrx_word' id='word_1_203' title='bbox 438 999 571 1027; x_wconf 80' lang='lat' dir='ltr'>maturius</span> <span class='ocrx_word' id='word_1_204' title='bbox 582 998 674 1026; x_wconf 82' lang='lat' dir='ltr'>facere</span> <span class='ocrx_word' id='word_1_205' title='bbox 692 993 839 1024; x_wconf 74' lang='lat' dir='ltr'>voluissent</span> <span class='ocrx_word' id='word_1_206' title='bbox 853 1014 860 1027; x_wconf 83' lang='lat'><strong>‚</strong></span> <span class='ocrx_word' id='word_1_207' title='bbox 882 1000 973 1028; x_wconf 88' lang='lat' dir='ltr'>neque</span> <span class='ocrx_word' id='word_1_208' title='bbox 994 988 1041 1023; x_wconf 73' lang='lat' dir='ltr'>(id</span> <span class='ocrx_word' id='word_1_209' title='bbox 1056 988 1131 1024; x_wconf 84' lang='lat' dir='ltr'>quod</span> <span class='ocrx_word' id='word_1_210' title='bbox 1144 986 1330 1027; x_wconf 76' lang='lat' dir='ltr'>stultisiimuni</span> 
     </span>
     <span class='ocr_line' id='line_1_23' title="bbox 231 1023 1330 1072; baseline -0.017 -4"><span class='ocrx_word' id='word_1_211' title='bbox 231 1039 290 1072; x_wconf 81' lang='lat' dir='ltr'>est)</span> <span class='ocrx_word' id='word_1_212' title='bbox 311 1045 413 1068; x_wconf 86' lang='lat' dir='ltr'>certare</span> <span class='ocrx_word' id='word_1_213' title='bbox 425 1047 488 1066; x_wconf 81' lang='lat' dir='ltr'>cum</span> <span class='ocrx_word' id='word_1_214' title='bbox 498 1035 582 1065; x_wconf 85' lang='lat' dir='ltr'>usuris</span> <span class='ocrx_word' id='word_1_215' title='bbox 591 1034 725 1064; x_wconf 71' lang='lat' dir='ltr'>fructibus</span> <span class='ocrx_word' id='word_1_216' title='bbox 738 1032 925 1070; x_wconf 74' lang='lat' dir='ltr'>praedicrum:</span> <span class='ocrx_word' id='word_1_217' title='bbox 949 1023 1215 1063; x_wconf 77' lang='lat' dir='ltr'>&amp;locupletioribus</span> <span class='ocrx_word' id='word_1_218' title='bbox 1232 1024 1284 1057; x_wconf 82' lang='lat' dir='ltr'>his,</span> <span class='ocrx_word' id='word_1_219' title='bbox 1304 1023 1330 1050; x_wconf 74' lang='lat' dir='ltr'>Sc</span> 
     </span>
     <span class='ocr_line' id='line_1_24' title="bbox 230 1075 666 1106; baseline -0.014 0"><span class='ocrx_word' id='word_1_220' title='bbox 230 1076 390 1106; x_wconf 85' lang='lat' dir='ltr'>melioribus</span> <span class='ocrx_word' id='word_1_221' title='bbox 401 1075 508 1104; x_wconf 89' lang='lat' dir='ltr'>civibus</span> <span class='ocrx_word' id='word_1_222' title='bbox 516 1080 666 1102; x_wconf 82' lang='lat' dir='ltr'>uteremur.</span> 
     </span>
     <span class='ocr_line' id='line_1_25' title="bbox 211 1097 1329 1152; baseline -0.017 -8"><span class='ocrx_word' id='word_1_223' title='bbox 211 1114 366 1152; x_wconf 86' lang='lat' dir='ltr'>Imparibus</span> <span class='ocrx_word' id='word_1_224' title='bbox 376 1118 479 1142; x_wconf 85' lang='lat' dir='ltr'>certare</span> <span class='ocrx_word' id='word_1_225' title='bbox 489 1134 497 1147; x_wconf 84' lang='lat'><em>‚</em></span> <span class='ocrx_word' id='word_1_226' title='bbox 520 1111 538 1140; x_wconf 92' lang='lat' dir='ltr'>i.</span> <span class='ocrx_word' id='word_1_227' title='bbox 551 1121 574 1140; x_wconf 90' lang='lat' dir='ltr'>e.</span> <span class='ocrx_word' id='word_1_228' title='bbox 598 1110 701 1139; x_wconf 77' lang='lat' dir='ltr'>Contra</span> <span class='ocrx_word' id='word_1_229' title='bbox 712 1106 754 1137; x_wconf 86' lang='lat' dir='ltr'>vel</span> <span class='ocrx_word' id='word_1_230' title='bbox 766 1106 883 1142; x_wconf 87' lang='lat' dir='ltr'>majores</span> <span class='ocrx_word' id='word_1_231' title='bbox 893 1104 919 1133; x_wconf 91' lang='lat' dir='ltr'>se</span> <span class='ocrx_word' id='word_1_232' title='bbox 930 1102 975 1132; x_wconf 90' lang='lat' dir='ltr'>vel</span> <span class='ocrx_word' id='word_1_233' title='bbox 986 1102 1117 1131; x_wconf 84' lang='lat' dir='ltr'>minores.</span> <span class='ocrx_word' id='word_1_234' title='bbox 1158 1099 1226 1128; x_wconf 86' lang='lat' dir='ltr'>Hor.</span> <span class='ocrx_word' id='word_1_235' title='bbox 1240 1097 1329 1136; x_wconf 81' lang='lat' dir='ltr'>Epod.</span> 
     </span>
     <span class='ocr_line' id='line_1_26' title="bbox 234 1148 715 1188; baseline -0.015 -7"><span class='ocrx_word' id='word_1_236' title='bbox 234 1163 275 1181; x_wconf 89' lang='lat'>11.</span> <span class='ocrx_word' id='word_1_237' title='bbox 288 1161 332 1188; x_wconf 88' lang='lat'>27.</span> <span class='ocrx_word' id='word_1_238' title='bbox 358 1151 387 1181; x_wconf 90' lang='lat' dir='ltr'>V.</span> <span class='ocrx_word' id='word_1_239' title='bbox 410 1151 520 1180; x_wconf 83' lang='lat' dir='ltr'>Certare</span> <span class='ocrx_word' id='word_1_240' title='bbox 530 1158 595 1178; x_wconf 89' lang='lat' dir='ltr'>curn</span> <span class='ocrx_word' id='word_1_241' title='bbox 608 1148 715 1176; x_wconf 82' lang='lat' dir='ltr'>Dativo.</span> 
     </span>
     <span class='ocr_line' id='line_1_27' title="bbox 209 1183 766 1224; baseline -0.013 -5"><span class='ocrx_word' id='word_1_242' title='bbox 209 1190 309 1220; x_wconf 85' lang='lat' dir='ltr'>Forma</span> <span class='ocrx_word' id='word_1_243' title='bbox 327 1197 430 1218; x_wconf 91' lang='lat' dir='ltr'>certare</span> <span class='ocrx_word' id='word_1_244' title='bbox 446 1188 505 1217; x_wconf 91' lang='lat' dir='ltr'>deis</span> <span class='ocrx_word' id='word_1_245' title='bbox 516 1209 523 1222; x_wconf 86' lang='lat'>,</span> <span class='ocrx_word' id='word_1_246' title='bbox 544 1196 593 1224; x_wconf 83' lang='lat' dir='ltr'>pro</span> <span class='ocrx_word' id='word_1_247' title='bbox 606 1186 676 1214; x_wconf 92' lang='lat' dir='ltr'>Cum</span> <span class='ocrx_word' id='word_1_248' title='bbox 687 1183 746 1213; x_wconf 89' lang='lat' dir='ltr'>deis</span> <span class='ocrx_word' id='word_1_249' title='bbox 758 1204 766 1217; x_wconf 83' lang='lat'><strong>‚</strong></span> 
     </span>
    </p>
   </div>
   <div class='ocr_carea' id='block_1_9' title="bbox 208 1226 1328 1300">
    <p class='ocr_par' dir='ltr' id='par_1_12' title="bbox 208 1226 1328 1300">
     <span class='ocr_line' id='line_1_28' title="bbox 229 1226 956 1259; baseline -0.011 -3"><span class='ocrx_word' id='word_1_250' title='bbox 229 1228 287 1257; x_wconf 86' lang='lat' dir='ltr'>sum</span> <span class='ocrx_word' id='word_1_251' title='bbox 298 1227 360 1256; x_wconf 77' lang='lat' dir='ltr'>effe.</span> <span class='ocrx_word' id='word_1_252' title='bbox 381 1227 428 1256; x_wconf 92' lang='lat' dir='ltr'>Sil.</span> <span class='ocrx_word' id='word_1_253' title='bbox 442 1226 489 1255; x_wconf 91' lang='lat' dir='ltr'>lib.</span> <span class='ocrx_word' id='word_1_254' title='bbox 506 1236 529 1259; x_wconf 80' lang='grc' dir='ltr'>ς.</span> <span class='ocrx_word' id='word_1_255' title='bbox 551 1228 592 1253; x_wconf 93' lang='grc'>16.</span> <span class='ocrx_word' id='word_1_256' title='bbox 906 1254 911 1258; x_wconf 67' lang='lat'>.</span> <span class='ocrx_word' id='word_1_257' title='bbox 951 1254 956 1259; x_wconf 94' lang='lat'>.</span> 
     </span>
     <span class='ocr_line' id='line_1_29' title="bbox 208 1251 1328 1300; baseline -0.016 -5"><span class='ocrx_word' id='word_1_258' title='bbox 208 1262 376 1295; x_wconf 76' lang='lat' dir='ltr'>Melioribus</span> <span class='ocrx_word' id='word_1_259' title='bbox 387 1286 394 1300; x_wconf 93' lang='lat'>,</span> <span class='ocrx_word' id='word_1_260' title='bbox 415 1265 433 1293; x_wconf 89' lang='lat' dir='ltr'>i.</span> <span class='ocrx_word' id='word_1_261' title='bbox 446 1274 471 1293; x_wconf 89' lang='lat' dir='ltr'>e.</span> <span class='ocrx_word' id='word_1_262' title='bbox 494 1262 564 1291; x_wconf 87' lang='lat' dir='ltr'>Cum</span> <span class='ocrx_word' id='word_1_263' title='bbox 573 1259 757 1290; x_wconf 89' lang='lat' dir='ltr'>nobilioribus</span> <span class='ocrx_word' id='word_1_264' title='bbox 769 1259 794 1287; x_wconf 70' lang='lat'>3&lt;</span> <span class='ocrx_word' id='word_1_265' title='bbox 804 1253 1021 1293; x_wconf 85' lang='lat' dir='ltr'>potentioribus.</span> <span class='ocrx_word' id='word_1_266' title='bbox 1042 1251 1110 1281; x_wconf 91' lang='lat' dir='ltr'>Hor.</span> <span class='ocrx_word' id='word_1_267' title='bbox 1120 1257 1145 1280; x_wconf 67' lang='lat'>2¹.</span> <span class='ocrx_word' id='word_1_268' title='bbox 1161 1251 1328 1283; x_wconf 81' lang='lat' dir='ltr'>Serm.&lt;.19.</span> 
     </span>
    </p>
   </div>
   <div class='ocr_carea' id='block_1_10' title="bbox 199 1287 1331 1945">
    <p class='ocr_par' dir='ltr' id='par_1_13' title="bbox 209 1287 1331 1416">
     <span class='ocr_line' id='line_1_30' title="bbox 209 1287 1331 1336; baseline -0.016 -3"><span class='ocrx_word' id='word_1_269' title='bbox 209 1303 321 1333; x_wconf 88' lang='lat' dir='ltr'>Certare</span> <span class='ocrx_word' id='word_1_270' title='bbox 332 1300 376 1331; x_wconf 77' lang='lat' dir='ltr'>de.</span> <span class='ocrx_word' id='word_1_271' title='bbox 400 1308 447 1336; x_wconf 76' lang='lat' dir='ltr'>ut,</span> <span class='ocrx_word' id='word_1_272' title='bbox 469 1301 525 1330; x_wconf 89' lang='lat' dir='ltr'>Cic.</span> <span class='ocrx_word' id='word_1_273' title='bbox 544 1309 569 1329; x_wconf 90' lang='lat'>2.</span> <span class='ocrx_word' id='word_1_274' title='bbox 584 1300 619 1328; x_wconf 94' lang='lat' dir='ltr'>de</span> <span class='ocrx_word' id='word_1_275' title='bbox 634 1299 710 1328; x_wconf 83' lang='lat' dir='ltr'>Orat.</span> <span class='ocrx_word' id='word_1_276' title='bbox 724 1300 767 1332; x_wconf 89' lang='lat'>76.</span> <span class='ocrx_word' id='word_1_277' title='bbox 795 1293 871 1331; x_wconf 90' lang='lat' dir='ltr'>Quid</span> <span class='ocrx_word' id='word_1_278' title='bbox 883 1293 959 1321; x_wconf 88' lang='lat' dir='ltr'>enim</span> <span class='ocrx_word' id='word_1_279' title='bbox 970 1298 1017 1319; x_wconf 87' lang='lat' dir='ltr'>aut</span> <span class='ocrx_word' id='word_1_280' title='bbox 1025 1289 1280 1333; x_wconf 44' lang='lat' dir='ltr'>arrogantius,·aut</span> <span class='ocrx_word' id='word_1_281' title='bbox 1290 1287 1331 1315; x_wconf 94' lang='lat' dir='ltr'>lo-</span> 
     </span>
     <span class='ocr_line' id='line_1_31' title="bbox 227 1329 1330 1378; baseline -0.016 -7"><span class='ocrx_word' id='word_1_282' title='bbox 227 1341 344 1378; x_wconf 86' lang='lat' dir='ltr'>quacius</span> <span class='ocrx_word' id='word_1_283' title='bbox 356 1339 534 1378; x_wconf 84' lang='lat' dir='ltr'>fieripotuit‚</span> <span class='ocrx_word' id='word_1_284' title='bbox 556 1346 637 1374; x_wconf 86' lang='lat' dir='ltr'>quam</span> <span class='ocrx_word' id='word_1_285' title='bbox 650 1332 817 1368; x_wconf 76' lang='lat' dir='ltr'>Hannibali,</span> <span class='ocrx_word' id='word_1_286' title='bbox 839 1331 886 1368; x_wconf 91' lang='lat' dir='ltr'>qui</span> <span class='ocrx_word' id='word_1_287' title='bbox 903 1336 944 1359; x_wconf 92' lang='lat' dir='ltr'>tot</span> <span class='ocrx_word' id='word_1_288' title='bbox 963 1337 1051 1358; x_wconf 81' lang='lat' dir='ltr'>annos</span> <span class='ocrx_word' id='word_1_289' title='bbox 1071 1329 1107 1357; x_wconf 89' lang='lat' dir='ltr'>de</span> <span class='ocrx_word' id='word_1_290' title='bbox 1126 1335 1246 1364; x_wconf 87' lang='lat' dir='ltr'>imperio</span> <span class='ocrx_word' id='word_1_291' title='bbox 1263 1333 1330 1355; x_wconf 85' lang='lat' dir='ltr'>cum</span> 
     </span>
     <span class='ocr_line' id='line_1_32' title="bbox 227 1376 1250 1416; baseline -0.015 -8"><span class='ocrx_word' id='word_1_292' title='bbox 227 1388 291 1416; x_wconf 87' lang='lat' dir='ltr'>pop.</span> <span class='ocrx_word' id='word_1_293' title='bbox 306 1378 385 1407; x_wconf 81' lang='lat' dir='ltr'>Rom.</span> <span class='ocrx_word' id='word_1_294' title='bbox 400 1376 540 1411; x_wconf 74' lang='lat' dir='ltr'>certasset,</span> <span class='ocrx_word' id='word_1_295' title='bbox 554 1378 605 1404; x_wconf 61' lang='lat' dir='ltr'>&amp;a</span> <span class='ocrx_word' id='word_1_296' title='bbox 830 1407 835 1414; x_wconf 45' lang='lat'><strong>·</strong></span> <span class='ocrx_word' id='word_1_297' title='bbox 902 1406 908 1412; x_wconf 31' lang='grc' dir='ltr'><strong>θ</strong></span> <span class='ocrx_word' id='word_1_298' title='bbox 934 1405 940 1411; x_wconf 20' lang='grc' dir='ltr'>ὁ</span> <span class='ocrx_word' id='word_1_299' title='bbox 975 1404 980 1410; x_wconf 43' lang='grc'><em>·</em></span> <span class='ocrx_word' id='word_1_300' title='bbox 1179 1402 1185 1408; x_wconf 49' lang='grc'><em>.</em></span> <span class='ocrx_word' id='word_1_301' title='bbox 1245 1401 1250 1408; x_wconf 30' lang='grc' dir='ltr'>η</span> 
     </span>
    </p>

    <p class='ocr_par' dir='ltr' id='par_1_14' title="bbox 206 1403 1330 1566">
     <span class='ocr_line' id='line_1_33' title="bbox 206 1403 1330 1452; baseline -0.017 -5"><span class='ocrx_word' id='word_1_302' title='bbox 206 1416 248 1446; x_wconf 88' lang='lat' dir='ltr'>De</span> <span class='ocrx_word' id='word_1_303' title='bbox 258 1427 286 1446; x_wconf 91' lang='lat' dir='ltr'>re</span> <span class='ocrx_word' id='word_1_304' title='bbox 295 1414 394 1452; x_wconf 86' lang='lat' dir='ltr'>aliqua.</span> <span class='ocrx_word' id='word_1_305' title='bbox 436 1415 494 1444; x_wconf 90' lang='lat' dir='ltr'>Cic.</span> <span class='ocrx_word' id='word_1_306' title='bbox 507 1426 533 1448; x_wconf 87' lang='lat'>4.</span> <span class='ocrx_word' id='word_1_307' title='bbox 551 1412 632 1442; x_wconf 83' lang='lat' dir='ltr'>Acad.</span> <span class='ocrx_word' id='word_1_308' title='bbox 648 1415 692 1446; x_wconf 72' lang='lat'>65.</span> <span class='ocrx_word' id='word_1_309' title='bbox 716 1409 787 1438; x_wconf 88' lang='lat' dir='ltr'>Nam</span> <span class='ocrx_word' id='word_1_310' title='bbox 801 1407 818 1436; x_wconf 90' lang='lat' dir='ltr'>si</span> <span class='ocrx_word' id='word_1_311' title='bbox 829 1417 858 1436; x_wconf 91' lang='lat' dir='ltr'>in</span> <span class='ocrx_word' id='word_1_312' title='bbox 871 1414 996 1435; x_wconf 84' lang='lat' dir='ltr'>minimis</span> <span class='ocrx_word' id='word_1_313' title='bbox 1014 1403 1094 1446; x_wconf 81' lang='lat' dir='ltr'>rebus</span> <span class='ocrx_word' id='word_1_314' title='bbox 1114 1408 1274 1443; x_wconf 21' lang='lat' dir='ltr'>pertinacia*</span> <span class='ocrx_word' id='word_1_315' title='bbox 1288 1410 1330 1443; x_wconf 81' lang='lat' dir='ltr'>re-</span> 
     </span>
     <span class='ocr_line' id='line_1_34' title="bbox 224 1437 1330 1492; baseline -0.016 -8"><span class='ocrx_word' id='word_1_316' title='bbox 224 1455 423 1492; x_wconf 71' lang='lat' dir='ltr'>prehenditur,</span> <span class='ocrx_word' id='word_1_317' title='bbox 445 1451 583 1481; x_wconf 84' lang='lat' dir='ltr'>calumnia</span> <span class='ocrx_word' id='word_1_318' title='bbox 597 1450 682 1478; x_wconf 86' lang='lat' dir='ltr'>etiarn</span> <span class='ocrx_word' id='word_1_319' title='bbox 696 1453 852 1477; x_wconf 84' lang='lat' dir='ltr'>coercetur:</span> <span class='ocrx_word' id='word_1_320' title='bbox 877 1453 943 1480; x_wconf 85' lang='lat' dir='ltr'>ergo</span> <span class='ocrx_word' id='word_1_321' title='bbox 964 1443 1000 1471; x_wconf 91' lang='lat' dir='ltr'>de</span> <span class='ocrx_word' id='word_1_322' title='bbox 1017 1450 1094 1470; x_wconf 86' lang='lat' dir='ltr'>omni</span> <span class='ocrx_word' id='word_1_323' title='bbox 1114 1441 1185 1469; x_wconf 85' lang='lat' dir='ltr'>statu</span> <span class='ocrx_word' id='word_1_324' title='bbox 1203 1437 1330 1469; x_wconf 87' lang='lat' dir='ltr'>consilio-</span> 
     </span>
     <span class='ocr_line' id='line_1_35' title="bbox 224 1477 1329 1528; baseline -0.016 -6"><span class='ocrx_word' id='word_1_325' title='bbox 224 1502 278 1528; x_wconf 86' lang='lat' dir='ltr'>que</span> <span class='ocrx_word' id='word_1_326' title='bbox 294 1492 379 1521; x_wconf 90' lang='lat' dir='ltr'>totius</span> <span class='ocrx_word' id='word_1_327' title='bbox 388 1491 450 1519; x_wconf 66' lang='lat' dir='ltr'>vitre</span> <span class='ocrx_word' id='word_1_328' title='bbox 462 1496 508 1519; x_wconf 86' lang='lat' dir='ltr'>aut</span> <span class='ocrx_word' id='word_1_329' title='bbox 517 1497 622 1518; x_wconf 89' lang='lat' dir='ltr'>certare</span> <span class='ocrx_word' id='word_1_330' title='bbox 633 1496 697 1517; x_wconf 89' lang='lat' dir='ltr'>cum</span> <span class='ocrx_word' id='word_1_331' title='bbox 706 1485 765 1514; x_wconf 76' lang='lat' dir='ltr'>aliis</span> <span class='ocrx_word' id='word_1_332' title='bbox 779 1482 957 1522; x_wconf 83' lang='lat' dir='ltr'>pugnaciter,</span> <span class='ocrx_word' id='word_1_333' title='bbox 983 1489 1031 1509; x_wconf 87' lang='lat' dir='ltr'>aut</span> <span class='ocrx_word' id='word_1_334' title='bbox 1042 1478 1161 1509; x_wconf 87' lang='lat' dir='ltr'>frustrari</span> <span class='ocrx_word' id='word_1_335' title='bbox 1172 1487 1237 1507; x_wconf 91' lang='lat' dir='ltr'>cum</span> <span class='ocrx_word' id='word_1_336' title='bbox 1249 1477 1329 1512; x_wconf 87' lang='lat' dir='ltr'>alios,</span> 
     </span>
     <span class='ocr_line' id='line_1_36' title="bbox 222 1527 1231 1566; baseline -0.013 -7"><span class='ocrx_word' id='word_1_337' title='bbox 222 1537 282 1559; x_wconf 89' lang='lat' dir='ltr'>tum</span> <span class='ocrx_word' id='word_1_338' title='bbox 295 1529 429 1566; x_wconf 90' lang='lat' dir='ltr'>meipsum</span> <span class='ocrx_word' id='word_1_339' title='bbox 444 1527 525 1557; x_wconf 91' lang='lat' dir='ltr'>velim</span> <span class='ocrx_word' id='word_1_340' title='bbox 537 1528 550 1555; x_wconf 69' lang='lat' dir='ltr'>e?</span> <span class='ocrx_word' id='word_1_341' title='bbox 1009 1556 1015 1561; x_wconf 36' lang='lat'>⁵</span> <span class='ocrx_word' id='word_1_342' title='bbox 1073 1555 1078 1560; x_wconf 94' lang='lat'>.</span> <span class='ocrx_word' id='word_1_343' title='bbox 1226 1553 1231 1558; x_wconf 33' lang='grc' dir='ltr'>ι</span> 
     </span>
    </p>

    <p class='ocr_par' dir='ltr' id='par_1_15' title="bbox 204 1553 1329 1634">
     <span class='ocr_line' id='line_1_37' title="bbox 204 1553 1329 1598; baseline -0.016 0"><span class='ocrx_word' id='word_1_344' title='bbox 204 1567 237 1597; x_wconf 89' lang='lat' dir='ltr'>ln</span> <span class='ocrx_word' id='word_1_345' title='bbox 247 1577 331 1597; x_wconf 90' lang='lat' dir='ltr'>omne</span> <span class='ocrx_word' id='word_1_346' title='bbox 342 1567 448 1596; x_wconf 83' lang='lat' dir='ltr'>facinus</span> <span class='ocrx_word' id='word_1_347' title='bbox 457 1572 560 1595; x_wconf 84' lang='lat' dir='ltr'>certare</span> <span class='ocrx_word' id='word_1_348' title='bbox 570 1586 579 1598; x_wconf 75' lang='grc'>,</span> <span class='ocrx_word' id='word_1_349' title='bbox 599 1563 617 1592; x_wconf 93' lang='lat' dir='ltr'>i.</span> <span class='ocrx_word' id='word_1_350' title='bbox 631 1572 655 1591; x_wconf 89' lang='lat' dir='ltr'>e.</span> <span class='ocrx_word' id='word_1_351' title='bbox 677 1561 767 1591; x_wconf 90' lang='lat' dir='ltr'>Ruere</span> <span class='ocrx_word' id='word_1_352' title='bbox 778 1559 807 1588; x_wconf 89' lang='lat' dir='ltr'>in</span> <span class='ocrx_word' id='word_1_353' title='bbox 817 1566 932 1588; x_wconf 85' lang='lat' dir='ltr'>onmem</span> <span class='ocrx_word' id='word_1_354' title='bbox 942 1554 1157 1594; x_wconf 85' lang='lat' dir='ltr'>turpitudinem,</span> <span class='ocrx_word' id='word_1_355' title='bbox 1170 1553 1329 1592; x_wconf 68' lang='lat' dir='ltr'>projedtum</span> 
     </span>
     <span class='ocr_line' id='line_1_38' title="bbox 224 1599 755 1634; baseline -0.015 1"><span class='ocrx_word' id='word_1_356' title='bbox 224 1605 278 1634; x_wconf 82' lang='lat' dir='ltr'>effe</span> <span class='ocrx_word' id='word_1_357' title='bbox 293 1606 328 1634; x_wconf 88' lang='lat' dir='ltr'>ad</span> <span class='ocrx_word' id='word_1_358' title='bbox 343 1614 427 1634; x_wconf 91' lang='lat' dir='ltr'>omne</span> <span class='ocrx_word' id='word_1_359' title='bbox 438 1603 530 1632; x_wconf 88' lang='lat' dir='ltr'>scelus.</span> <span class='ocrx_word' id='word_1_360' title='bbox 555 1599 720 1631; x_wconf 89' lang='lat' dir='ltr'>Sen.Theb.</span> <span class='ocrx_word' id='word_1_361' title='bbox 732 1609 755 1628; x_wconf 89' lang='lat'>1.</span> 
     </span>
    </p>

    <p class='ocr_par' dir='ltr' id='par_1_16' title="bbox 203 1639 881 1677">
     <span class='ocr_line' id='line_1_39' title="bbox 203 1639 881 1677; baseline -0.015 -4"><span class='ocrx_word' id='word_1_362' title='bbox 203 1643 275 1672; x_wconf 86' lang='lat' dir='ltr'>Foro</span> <span class='ocrx_word' id='word_1_363' title='bbox 286 1665 294 1677; x_wconf 80' lang='lat'>‚</span> <span class='ocrx_word' id='word_1_364' title='bbox 316 1643 334 1672; x_wconf 92' lang='lat' dir='ltr'>i.</span> <span class='ocrx_word' id='word_1_365' title='bbox 348 1653 372 1672; x_wconf 91' lang='lat' dir='ltr'>e.</span> <span class='ocrx_word' id='word_1_366' title='bbox 395 1642 425 1671; x_wconf 91' lang='lat' dir='ltr'>ln</span> <span class='ocrx_word' id='word_1_367' title='bbox 437 1642 505 1670; x_wconf 89' lang='lat' dir='ltr'>foro.</span> <span class='ocrx_word' id='word_1_368' title='bbox 529 1640 597 1669; x_wconf 91' lang='lat' dir='ltr'>Hor.</span> <span class='ocrx_word' id='word_1_369' title='bbox 613 1648 639 1667; x_wconf 93' lang='lat'>2.</span> <span class='ocrx_word' id='word_1_370' title='bbox 655 1639 741 1667; x_wconf 90' lang='lat' dir='ltr'>Serm.</span> <span class='ocrx_word' id='word_1_371' title='bbox 757 1647 780 1670; x_wconf 83' lang='grc' dir='ltr'>ς.</span> <span class='ocrx_word' id='word_1_372' title='bbox 795 1643 840 1671; x_wconf 92' lang='lat'>27.</span> <span class='ocrx_word' id='word_1_373' title='bbox 875 1670 881 1676; x_wconf 43' lang='grc'><em>.</em></span> 
     </span>
    </p>

    <p class='ocr_par' dir='ltr' id='par_1_17' title="bbox 199 1670 1328 1945">
     <span class='ocr_line' id='line_1_40' title="bbox 284 1670 1278 1718; baseline -0.019 -7"><span class='ocrx_word' id='word_1_374' title='bbox 284 1681 384 1718; x_wconf 75' lang='lat' dir='ltr'>Magna</span> <span class='ocrx_word' id='word_1_375' title='bbox 395 1680 520 1709; x_wconf 90' lang='lat' dir='ltr'>minorve</span> <span class='ocrx_word' id='word_1_376' title='bbox 531 1678 591 1707; x_wconf 89' lang='lat' dir='ltr'>foro</span> <span class='ocrx_word' id='word_1_377' title='bbox 604 1677 621 1705; x_wconf 89' lang='lat' dir='ltr'>si</span> <span class='ocrx_word' id='word_1_378' title='bbox 633 1685 674 1705; x_wconf 87' lang='lat' dir='ltr'>res</span> <span class='ocrx_word' id='word_1_379' title='bbox 683 1673 833 1704; x_wconf 72' lang='lat' dir='ltr'>certabitur</span> <span class='ocrx_word' id='word_1_380' title='bbox 845 1670 912 1700; x_wconf 88' lang='lat' dir='ltr'>olim</span> <span class='ocrx_word' id='word_1_381' title='bbox 922 1692 930 1705; x_wconf 73' lang='lat'>‚</span> <span class='ocrx_word' id='word_1_382' title='bbox 949 1671 1002 1699; x_wconf 64' lang='lat' dir='ltr'>Sec.</span> <span class='ocrx_word' id='word_1_383' title='bbox 1189 1705 1196 1711; x_wconf 50' lang='grc'><em>·</em></span> <span class='ocrx_word' id='word_1_384' title='bbox 1273 1704 1278 1710; x_wconf 44' lang='grc'><em>·</em></span> 
     </span>
     <span class='ocr_line' id='line_1_41' title="bbox 201 1703 1328 1755; baseline -0.015 -6"><span class='ocrx_word' id='word_1_385' title='bbox 201 1718 267 1755; x_wconf 74' lang='lat' dir='ltr'>jure</span> <span class='ocrx_word' id='word_1_386' title='bbox 277 1727 382 1748; x_wconf 89' lang='lat' dir='ltr'>certare</span> <span class='ocrx_word' id='word_1_387' title='bbox 392 1719 463 1747; x_wconf 87' lang='lat' dir='ltr'>inter</span> <span class='ocrx_word' id='word_1_388' title='bbox 472 1717 507 1746; x_wconf 93' lang='lat' dir='ltr'>se.</span> <span class='ocrx_word' id='word_1_389' title='bbox 549 1716 608 1745; x_wconf 89' lang='lat' dir='ltr'>Cic.</span> <span class='ocrx_word' id='word_1_390' title='bbox 619 1725 645 1750; x_wconf 86' lang='grc'>4.</span> <span class='ocrx_word' id='word_1_391' title='bbox 661 1713 736 1742; x_wconf 88' lang='lat' dir='ltr'>Verr.</span> <span class='ocrx_word' id='word_1_392' title='bbox 749 1721 792 1747; x_wconf 86' lang='lat'>39.</span> <span class='ocrx_word' id='word_1_393' title='bbox 823 1709 920 1746; x_wconf 88' lang='lat' dir='ltr'>Quum</span> <span class='ocrx_word' id='word_1_394' title='bbox 935 1708 964 1737; x_wconf 88' lang='lat' dir='ltr'>id</span> <span class='ocrx_word' id='word_1_395' title='bbox 983 1706 1057 1745; x_wconf 90' lang='lat' dir='ltr'>quod</span> <span class='ocrx_word' id='word_1_396' title='bbox 1075 1714 1173 1735; x_wconf 90' lang='lat' dir='ltr'>omnes</span> <span class='ocrx_word' id='word_1_397' title='bbox 1187 1703 1328 1748; x_wconf 70' lang='lat' dir='ltr'>intellige-</span> 
     </span>
     <span class='ocr_line' id='line_1_42' title="bbox 222 1743 1327 1791; baseline -0.014 -5"><span class='ocrx_word' id='word_1_398' title='bbox 222 1757 305 1791; x_wconf 80' lang='lat' dir='ltr'>bant,</span> <span class='ocrx_word' id='word_1_399' title='bbox 328 1757 431 1785; x_wconf 86' lang='lat' dir='ltr'>diceret</span> <span class='ocrx_word' id='word_1_400' title='bbox 446 1753 587 1784; x_wconf 81' lang='lat' dir='ltr'>Heraclius</span> <span class='ocrx_word' id='word_1_401' title='bbox 598 1775 605 1787; x_wconf 84' lang='lat'>,</span> <span class='ocrx_word' id='word_1_402' title='bbox 629 1753 673 1788; x_wconf 88' lang='lat' dir='ltr'>jus</span> <span class='ocrx_word' id='word_1_403' title='bbox 683 1750 737 1780; x_wconf 75' lang='lat' dir='ltr'>esse</span> <span class='ocrx_word' id='word_1_404' title='bbox 746 1754 854 1780; x_wconf 89' lang='lat' dir='ltr'>certum</span> <span class='ocrx_word' id='word_1_405' title='bbox 864 1746 965 1777; x_wconf 88' lang='lat' dir='ltr'>Siculis</span> <span class='ocrx_word' id='word_1_406' title='bbox 977 1768 984 1781; x_wconf 83' lang='lat'>‚</span> <span class='ocrx_word' id='word_1_407' title='bbox 1005 1746 1078 1774; x_wconf 83' lang='lat' dir='ltr'>inter</span> <span class='ocrx_word' id='word_1_408' title='bbox 1087 1743 1114 1773; x_wconf 90' lang='lat' dir='ltr'>se</span> <span class='ocrx_word' id='word_1_409' title='bbox 1129 1753 1184 1781; x_wconf 87' lang='lat' dir='ltr'>quo</span> <span class='ocrx_word' id='word_1_410' title='bbox 1199 1752 1258 1780; x_wconf 82' lang='lat' dir='ltr'>Jure</span> <span class='ocrx_word' id='word_1_411' title='bbox 1270 1746 1327 1772; x_wconf 72' lang='lat' dir='ltr'>cet-</span> 
     </span>
     <span class='ocr_line' id='line_1_43' title="bbox 219 1791 726 1831; baseline -0.012 -7"><span class='ocrx_word' id='word_1_412' title='bbox 219 1801 327 1824; x_wconf 85' lang='lat' dir='ltr'>tarent:</span> <span class='ocrx_word' id='word_1_413' title='bbox 350 1794 440 1831; x_wconf 76' lang='lat' dir='ltr'>legem</span> <span class='ocrx_word' id='word_1_414' title='bbox 450 1793 503 1821; x_wconf 82' lang='lat' dir='ltr'>esle</span> <span class='ocrx_word' id='word_1_415' title='bbox 519 1791 660 1829; x_wconf 81' lang='lat' dir='ltr'>Rupiliam</span> <span class='ocrx_word' id='word_1_416' title='bbox 675 1791 726 1819; x_wconf 63' lang='lat' dir='ltr'>Sec.</span> 
     </span>
     <span class='ocr_line' id='line_1_44' title="bbox 200 1823 1046 1870; baseline -0.013 -8"><span class='ocrx_word' id='word_1_417' title='bbox 200 1832 312 1862; x_wconf 85' lang='lat' dir='ltr'>Certare</span> <span class='ocrx_word' id='word_1_418' title='bbox 322 1833 358 1861; x_wconf 91' lang='lat' dir='ltr'>ob</span> <span class='ocrx_word' id='word_1_419' title='bbox 370 1832 513 1870; x_wconf 64' lang='lat' dir='ltr'>praemium</span> <span class='ocrx_word' id='word_1_420' title='bbox 525 1828 646 1866; x_wconf 81' lang='lat' dir='ltr'>aliquod.</span> <span class='ocrx_word' id='word_1_421' title='bbox 673 1828 740 1857; x_wconf 87' lang='lat' dir='ltr'>Hor.</span> <span class='ocrx_word' id='word_1_422' title='bbox 754 1826 783 1854; x_wconf 89' lang='lat' dir='ltr'>in</span> <span class='ocrx_word' id='word_1_423' title='bbox 796 1825 858 1853; x_wconf 90' lang='lat' dir='ltr'>Arte</span> <span class='ocrx_word' id='word_1_424' title='bbox 869 1823 945 1867; x_wconf 78' lang='lat' dir='ltr'>Poet.</span> <span class='ocrx_word' id='word_1_425' title='bbox 957 1830 1022 1851; x_wconf 73' lang='lat'>220.</span> <span class='ocrx_word' id='word_1_426' title='bbox 1045 1840 1046 1843; x_wconf 62' lang='lat'><em>=</em></span> 
     </span>
     <span class='ocr_line' id='line_1_45' title="bbox 294 1861 985 1906; baseline -0.016 -7"><span class='ocrx_word' id='word_1_427' title='bbox 294 1870 424 1899; x_wconf 83' lang='lat' dir='ltr'>Carmine</span> <span class='ocrx_word' id='word_1_428' title='bbox 437 1869 482 1906; x_wconf 89' lang='lat' dir='ltr'>qui</span> <span class='ocrx_word' id='word_1_429' title='bbox 493 1868 597 1905; x_wconf 84' lang='lat' dir='ltr'>tragico</span> <span class='ocrx_word' id='word_1_430' title='bbox 610 1866 692 1895; x_wconf 90' lang='lat' dir='ltr'>vilem</span> <span class='ocrx_word' id='word_1_431' title='bbox 702 1863 815 1894; x_wconf 88' lang='lat' dir='ltr'>certavit</span> <span class='ocrx_word' id='word_1_432' title='bbox 823 1862 859 1891; x_wconf 92' lang='lat' dir='ltr'>ob</span> <span class='ocrx_word' id='word_1_433' title='bbox 868 1861 985 1889; x_wconf 84' lang='lat' dir='ltr'>hircum.</span> 
     </span>
     <span class='ocr_line' id='line_1_46' title="bbox 199 1892 1327 1945; baseline -0.013 -7"><span class='ocrx_word' id='word_1_434' title='bbox 199 1908 257 1938; x_wconf 90' lang='lat' dir='ltr'>Sub</span> <span class='ocrx_word' id='word_1_435' title='bbox 268 1907 329 1945; x_wconf 86' lang='lat' dir='ltr'>lege</span> <span class='ocrx_word' id='word_1_436' title='bbox 338 1907 430 1945; x_wconf 85' lang='lat' dir='ltr'>aliqua</span> <span class='ocrx_word' id='word_1_437' title='bbox 439 1913 561 1941; x_wconf 88' lang='lat' dir='ltr'>certare,</span> <span class='ocrx_word' id='word_1_438' title='bbox 582 1905 600 1934; x_wconf 90' lang='lat' dir='ltr'>i.</span> <span class='ocrx_word' id='word_1_439' title='bbox 617 1914 642 1934; x_wconf 89' lang='lat' dir='ltr'>e.</span> <span class='ocrx_word' id='word_1_440' title='bbox 665 1901 804 1940; x_wconf 88' lang='lat' dir='ltr'>Proposita</span> <span class='ocrx_word' id='word_1_441' title='bbox 813 1900 987 1930; x_wconf 85' lang='lat' dir='ltr'>conditione.</span> <span class='ocrx_word' id='word_1_442' title='bbox 1008 1895 1107 1926; x_wconf 81' lang='lat' dir='ltr'>Claud.</span> <span class='ocrx_word' id='word_1_443' title='bbox 1123 1895 1158 1925; x_wconf 89' lang='lat' dir='ltr'>de</span> <span class='ocrx_word' id='word_1_444' title='bbox 1169 1894 1254 1925; x_wconf 84' lang='lat' dir='ltr'>Laud.</span> <span class='ocrx_word' id='word_1_445' title='bbox 1277 1892 1327 1925; x_wconf 83' lang='lat' dir='ltr'>Se.</span> 
     </span>
    </p>
   </div>
   <div class='ocr_carea' id='block_1_11' title="bbox 198 1950 1118 2018">
    <p class='ocr_par' dir='ltr' id='par_1_18' title="bbox 198 1950 1118 2018">
     <span class='ocr_line' id='line_1_47' title="bbox 198 1950 1118 2018; baseline -0.017 -3"><span class='ocrx_word' id='word_1_446' title='bbox 198 1950 422 2018; x_wconf 37' lang='lat' dir='ltr'>cffipdrfffinoer</span> <span class='ocrx_word' id='word_1_447' title='bbox 431 1982 456 2011; x_wconf 92' lang='lat' dir='ltr'>se</span> <span class='ocrx_word' id='word_1_448' title='bbox 466 1981 571 2011; x_wconf 79' lang='lat' dir='ltr'>sumnia</span> <span class='ocrx_word' id='word_1_449' title='bbox 584 1990 648 2010; x_wconf 88' lang='lat' dir='ltr'>cura</span> <span class='ocrx_word' id='word_1_450' title='bbox 660 1978 822 2008; x_wconf 88' lang='lat' dir='ltr'>deliberare.</span> <span class='ocrx_word' id='word_1_451' title='bbox 845 1975 919 2012; x_wconf 81' lang='lat' dir='ltr'>Virg.</span> <span class='ocrx_word' id='word_1_452' title='bbox 934 1977 960 2003; x_wconf 91' lang='lat'>6.</span> <span class='ocrx_word' id='word_1_453' title='bbox 979 1972 1040 2002; x_wconf 81' lang='lat' dir='ltr'>AEn.</span> <span class='ocrx_word' id='word_1_454' title='bbox 1057 1977 1118 2008; x_wconf 87' lang='lat'>¹78·</span> 
     </span>
    </p>
   </div>
   <div class='ocr_carea' id='block_1_12' title="bbox 194 2010 1324 2436">
    <p class='ocr_par' dir='ltr' id='par_1_19' title="bbox 216 2010 1323 2132">
     <span class='ocr_line' id='line_1_48' title="bbox 292 2010 1076 2055; baseline -0.017 -4"><span class='ocrx_word' id='word_1_455' title='bbox 292 2022 373 2051; x_wconf 84' lang='lat' dir='ltr'>Haud</span> <span class='ocrx_word' id='word_1_456' title='bbox 387 2030 481 2055; x_wconf 88' lang='lat' dir='ltr'>mora,</span> <span class='ocrx_word' id='word_1_457' title='bbox 502 2020 632 2049; x_wconf 84' lang='lat' dir='ltr'>festinant</span> <span class='ocrx_word' id='word_1_458' title='bbox 649 2018 748 2046; x_wconf 84' lang='lat' dir='ltr'>flentes</span> <span class='ocrx_word' id='word_1_459' title='bbox 764 2038 772 2051; x_wconf 80' lang='lat'><em>‚</em></span> <span class='ocrx_word' id='word_1_460' title='bbox 794 2022 923 2049; x_wconf 85' lang='lat' dir='ltr'>aramque</span> <span class='ocrx_word' id='word_1_461' title='bbox 936 2010 1076 2049; x_wconf 82' lang='lat' dir='ltr'>sepulchri</span> 
     </span>
     <span class='ocr_line' id='line_1_49' title="bbox 290 2054 1029 2097; baseline -0.016 -8"><span class='ocrx_word' id='word_1_462' title='bbox 290 2060 447 2097; x_wconf 87' lang='lat' dir='ltr'>Congerere</span> <span class='ocrx_word' id='word_1_463' title='bbox 458 2057 601 2087; x_wconf 86' lang='lat' dir='ltr'>arboribus</span> <span class='ocrx_word' id='word_1_464' title='bbox 613 2078 621 2092; x_wconf 90' lang='lat'>,</span> <span class='ocrx_word' id='word_1_465' title='bbox 643 2055 767 2091; x_wconf 75' lang='lat' dir='ltr'>caeloque</span> <span class='ocrx_word' id='word_1_466' title='bbox 779 2054 899 2083; x_wconf 89' lang='lat' dir='ltr'>educere</span> <span class='ocrx_word' id='word_1_467' title='bbox 913 2055 1029 2079; x_wconf 87' lang='lat' dir='ltr'>certant.</span> 
     </span>
     <span class='ocr_line' id='line_1_50' title="bbox 216 2083 1323 2132; baseline -0.014 -4"><span class='ocrx_word' id='word_1_468' title='bbox 216 2098 296 2132; x_wconf 87' lang='lat' dir='ltr'>vius)</span> <span class='ocrx_word' id='word_1_469' title='bbox 317 2098 353 2127; x_wconf 86' lang='lat' dir='ltr'>Ut</span> <span class='ocrx_word' id='word_1_470' title='bbox 363 2098 417 2126; x_wconf 89' lang='lat' dir='ltr'>hoc</span> <span class='ocrx_word' id='word_1_471' title='bbox 428 2096 540 2129; x_wconf 79' lang='lat' dir='ltr'>faciant,</span> <span class='ocrx_word' id='word_1_472' title='bbox 550 2104 644 2124; x_wconf 90' lang='lat' dir='ltr'>mente</span> <span class='ocrx_word' id='word_1_473' title='bbox 655 2093 821 2130; x_wconf 72' lang='lat' dir='ltr'>pertractant</span> <span class='ocrx_word' id='word_1_474' title='bbox 832 2101 838 2119; x_wconf 71' lang='grc' dir='ltr'><em>ι</em></span> <span class='ocrx_word' id='word_1_475' title='bbox 862 2098 927 2118; x_wconf 84' lang='lat' dir='ltr'>nam</span> <span class='ocrx_word' id='word_1_476' title='bbox 939 2088 1033 2117; x_wconf 90' lang='lat' dir='ltr'>adhuc</span> <span class='ocrx_word' id='word_1_477' title='bbox 1044 2086 1108 2116; x_wconf 90' lang='lat' dir='ltr'>ituri</span> <span class='ocrx_word' id='word_1_478' title='bbox 1119 2084 1225 2114; x_wconf 84' lang='lat' dir='ltr'>suntad</span> <span class='ocrx_word' id='word_1_479' title='bbox 1236 2083 1323 2114; x_wconf 74' lang='lat' dir='ltr'>silvas.</span> 
     </span>
    </p>

    <p class='ocr_par' dir='ltr' id='par_1_20' title="bbox 197 2123 1243 2206">
     <span class='ocr_line' id='line_1_51' title="bbox 197 2123 1243 2174; baseline -0.014 -8"><span class='ocrx_word' id='word_1_480' title='bbox 197 2136 284 2174; x_wconf 88' lang='lat' dir='ltr'>Agere</span> <span class='ocrx_word' id='word_1_481' title='bbox 295 2141 370 2164; x_wconf 89' lang='lat' dir='ltr'>certo</span> <span class='ocrx_word' id='word_1_482' title='bbox 381 2134 525 2171; x_wconf 85' lang='lat' dir='ltr'>quidpiam</span> <span class='ocrx_word' id='word_1_483' title='bbox 536 2155 544 2168; x_wconf 88' lang='lat'>‚</span> <span class='ocrx_word' id='word_1_484' title='bbox 565 2133 603 2161; x_wconf 88' lang='lat' dir='ltr'>est</span> <span class='ocrx_word' id='word_1_485' title='bbox 613 2131 743 2161; x_wconf 81' lang='lat' dir='ltr'>Certatim</span> <span class='ocrx_word' id='word_1_486' title='bbox 755 2128 861 2165; x_wconf 85' lang='lat' dir='ltr'>aliquid</span> <span class='ocrx_word' id='word_1_487' title='bbox 872 2136 968 2156; x_wconf 89' lang='lat' dir='ltr'>conor.</span> <span class='ocrx_word' id='word_1_488' title='bbox 992 2125 1065 2163; x_wconf 89' lang='lat' dir='ltr'>Virg.</span> <span class='ocrx_word' id='word_1_489' title='bbox 1081 2134 1106 2154; x_wconf 94' lang='lat'>2.</span> <span class='ocrx_word' id='word_1_490' title='bbox 1121 2123 1183 2154; x_wconf 83' lang='lat' dir='ltr'>IEn.</span> <span class='ocrx_word' id='word_1_491' title='bbox 1198 2126 1243 2158; x_wconf 78' lang='lat'>64.</span> 
     </span>
     <span class='ocr_line' id='line_1_52' title="bbox 291 2168 957 2206; baseline -0.017 -3"><span class='ocrx_word' id='word_1_492' title='bbox 291 2172 462 2202; x_wconf 81' lang='lat' dir='ltr'>Circumfusa</span> <span class='ocrx_word' id='word_1_493' title='bbox 471 2172 525 2200; x_wconf 91' lang='lat' dir='ltr'>ruit</span> <span class='ocrx_word' id='word_1_494' title='bbox 534 2192 542 2206; x_wconf 88' lang='lat'><strong>‚</strong></span> <span class='ocrx_word' id='word_1_495' title='bbox 564 2175 726 2205; x_wconf 78' lang='lat' dir='ltr'>certantque</span> <span class='ocrx_word' id='word_1_496' title='bbox 736 2168 853 2196; x_wconf 87' lang='lat' dir='ltr'>illudere</span> <span class='ocrx_word' id='word_1_497' title='bbox 864 2171 957 2202; x_wconf 87' lang='lat' dir='ltr'>capto.</span> 
     </span>
    </p>

    <p class='ocr_par' dir='ltr' id='par_1_21' title="bbox 195 2200 1045 2285">
     <span class='ocr_line' id='line_1_53' title="bbox 195 2200 1045 2250; baseline -0.016 -8"><span class='ocrx_word' id='word_1_498' title='bbox 195 2211 331 2250; x_wconf 87' lang='lat' dir='ltr'>Superare</span> <span class='ocrx_word' id='word_1_499' title='bbox 344 2216 419 2240; x_wconf 85' lang='lat' dir='ltr'>certo</span> <span class='ocrx_word' id='word_1_500' title='bbox 432 2232 440 2244; x_wconf 75' lang='grc'>.</span> <span class='ocrx_word' id='word_1_501' title='bbox 463 2210 481 2239; x_wconf 91' lang='lat' dir='ltr'>i.</span> <span class='ocrx_word' id='word_1_502' title='bbox 496 2219 520 2238; x_wconf 92' lang='lat' dir='ltr'>e.</span> <span class='ocrx_word' id='word_1_503' title='bbox 543 2208 648 2237; x_wconf 91' lang='lat' dir='ltr'>Studeo</span> <span class='ocrx_word' id='word_1_504' title='bbox 660 2208 686 2236; x_wconf 84' lang='lat'>&amp;</span> <span class='ocrx_word' id='word_1_505' title='bbox 699 2215 795 2235; x_wconf 88' lang='lat' dir='ltr'>conor.</span> <span class='ocrx_word' id='word_1_506' title='bbox 820 2204 892 2240; x_wconf 86' lang='lat' dir='ltr'>Virg.</span> <span class='ocrx_word' id='word_1_507' title='bbox 909 2213 933 2236; x_wconf 85' lang='grc' dir='ltr'>ς.</span> <span class='ocrx_word' id='word_1_508' title='bbox 946 2200 1003 2230; x_wconf 90' lang='lat' dir='ltr'>Ecl.</span> <span class='ocrx_word' id='word_1_509' title='bbox 1018 2210 1045 2235; x_wconf 83' lang='grc'>9.</span> 
     </span>
     <span class='ocr_line' id='line_1_54' title="bbox 291 2238 1041 2285; baseline -0.016 -7"><span class='ocrx_word' id='word_1_510' title='bbox 291 2249 369 2285; x_wconf 85' lang='lat' dir='ltr'>Quid</span> <span class='ocrx_word' id='word_1_511' title='bbox 380 2248 397 2277; x_wconf 87' lang='lat' dir='ltr'>si</span> <span class='ocrx_word' id='word_1_512' title='bbox 409 2248 485 2276; x_wconf 86' lang='lat' dir='ltr'>idem</span> <span class='ocrx_word' id='word_1_513' title='bbox 496 2252 583 2275; x_wconf 91' lang='lat' dir='ltr'>certet</span> <span class='ocrx_word' id='word_1_514' title='bbox 597 2245 733 2274; x_wconf 84' lang='lat' dir='ltr'>Phoebum</span> <span class='ocrx_word' id='word_1_515' title='bbox 746 2243 874 2281; x_wconf 88' lang='lat' dir='ltr'>superare</span> <span class='ocrx_word' id='word_1_516' title='bbox 888 2238 1017 2270; x_wconf 87' lang='lat' dir='ltr'>canendo</span> <span class='ocrx_word' id='word_1_517' title='bbox 1027 2239 1041 2267; x_wconf 77' lang='lat'>‘2</span> 
     </span>
    </p>

    <p class='ocr_par' dir='ltr' id='par_1_22' title="bbox 196 2284 690 2322">
     <span class='ocr_line' id='line_1_55' title="bbox 196 2284 690 2322; baseline -0.01 -6"><span class='ocrx_word' id='word_1_518' title='bbox 196 2287 314 2316; x_wconf 91' lang='lat' dir='ltr'>Vincere</span> <span class='ocrx_word' id='word_1_519' title='bbox 324 2292 409 2316; x_wconf 88' lang='lat' dir='ltr'>certo.</span> <span class='ocrx_word' id='word_1_520' title='bbox 434 2285 503 2322; x_wconf 85' lang='lat' dir='ltr'>Virg.</span> <span class='ocrx_word' id='word_1_521' title='bbox 515 2295 539 2319; x_wconf 83' lang='lat'>5.</span> <span class='ocrx_word' id='word_1_522' title='bbox 553 2284 613 2314; x_wconf 78' lang='lat' dir='ltr'>IEn.</span> <span class='ocrx_word' id='word_1_523' title='bbox 631 2293 690 2316; x_wconf 82' lang='grc'>194.</span> 
     </span>
    </p>

    <p class='ocr_par' dir='ltr' id='par_1_23' title="bbox 196 2320 742 2355">
     <span class='ocr_line' id='line_1_56' title="bbox 196 2320 742 2355; baseline -0.013 0"><span class='ocrx_word' id='word_1_524' title='bbox 196 2325 339 2355; x_wconf 88' lang='lat' dir='ltr'>Honorem</span> <span class='ocrx_word' id='word_1_525' title='bbox 349 2330 461 2353; x_wconf 90' lang='lat' dir='ltr'>certare.</span> <span class='ocrx_word' id='word_1_526' title='bbox 482 2323 550 2351; x_wconf 86' lang='lat' dir='ltr'>Stat.</span> <span class='ocrx_word' id='word_1_527' title='bbox 565 2325 590 2350; x_wconf 86' lang='lat'>6.</span> <span class='ocrx_word' id='word_1_528' title='bbox 610 2320 700 2350; x_wconf 83' lang='lat' dir='ltr'>Theb.</span> <span class='ocrx_word' id='word_1_529' title='bbox 716 2323 742 2349; x_wconf 92' lang='lat'>6.</span> 
     </span>
    </p>

    <p class='ocr_par' dir='ltr' id='par_1_24' title="bbox 196 2350 1138 2397">
     <span class='ocr_line' id='line_1_57' title="bbox 196 2350 1138 2397; baseline -0.013 -5"><span class='ocrx_word' id='word_1_530' title='bbox 196 2363 308 2392; x_wconf 85' lang='lat' dir='ltr'>Certare</span> <span class='ocrx_word' id='word_1_531' title='bbox 319 2361 434 2397; x_wconf 87' lang='lat' dir='ltr'>aliquid.</span> <span class='ocrx_word' id='word_1_532' title='bbox 459 2361 476 2389; x_wconf 93' lang='lat' dir='ltr'>i.</span> <span class='ocrx_word' id='word_1_533' title='bbox 491 2370 516 2390; x_wconf 90' lang='lat' dir='ltr'>e.</span> <span class='ocrx_word' id='word_1_534' title='bbox 539 2358 679 2389; x_wconf 88' lang='lat' dir='ltr'>Certando</span> <span class='ocrx_word' id='word_1_535' title='bbox 689 2356 792 2387; x_wconf 89' lang='lat' dir='ltr'>conari.</span> <span class='ocrx_word' id='word_1_536' title='bbox 813 2350 881 2385; x_wconf 82' lang='lat' dir='ltr'>Hor.</span> <span class='ocrx_word' id='word_1_537' title='bbox 893 2364 918 2384; x_wconf 93' lang='lat'>2.</span> <span class='ocrx_word' id='word_1_538' title='bbox 931 2353 1018 2383; x_wconf 85' lang='lat' dir='ltr'>Serm.</span> <span class='ocrx_word' id='word_1_539' title='bbox 1036 2360 1060 2387; x_wconf 90' lang='lat'>3.</span> <span class='ocrx_word' id='word_1_540' title='bbox 1074 2355 1138 2388; x_wconf 81' lang='lat'>313.</span> 
     </span>
    </p>

    <p class='ocr_par' dir='ltr' id='par_1_25' title="bbox 194 2388 1324 2436">
     <span class='ocr_line' id='line_1_58' title="bbox 194 2388 1324 2436; baseline -0.012 -6"><span class='ocrx_word' id='word_1_541' title='bbox 194 2400 337 2430; x_wconf 80' lang='lat' dir='ltr'>Laudibus</span> <span class='ocrx_word' id='word_1_542' title='bbox 347 2399 464 2436; x_wconf 87' lang='lat' dir='ltr'>alicujus</span> <span class='ocrx_word' id='word_1_543' title='bbox 474 2403 587 2428; x_wconf 87' lang='lat' dir='ltr'>certare.</span> <span class='ocrx_word' id='word_1_544' title='bbox 611 2396 682 2433; x_wconf 84' lang='lat' dir='ltr'>Virg.</span> <span class='ocrx_word' id='word_1_545' title='bbox 697 2406 723 2426; x_wconf 85' lang='lat'>2.</span> <span class='ocrx_word' id='word_1_546' title='bbox 740 2396 840 2433; x_wconf 86' lang='lat' dir='ltr'>Georg.</span> <span class='ocrx_word' id='word_1_547' title='bbox 856 2398 916 2430; x_wconf 82' lang='lat'>138.</span> <span class='ocrx_word' id='word_1_548' title='bbox 939 2391 1014 2421; x_wconf 85' lang='lat' dir='ltr'>conf.</span> <span class='ocrx_word' id='word_1_549' title='bbox 1037 2390 1118 2428; x_wconf 88' lang='lat' dir='ltr'>supra</span> <span class='ocrx_word' id='word_1_550' title='bbox 1133 2388 1246 2421; x_wconf 84' lang='lat' dir='ltr'>Certare</span> <span class='ocrx_word' id='word_1_551' title='bbox 1258 2395 1324 2417; x_wconf 87' lang='lat' dir='ltr'>cum</span> 
     </span>
    </p>
   </div>
   <div class='ocr_carea' id='block_1_13' title="bbox 194 2439 1322 2509">
    <p class='ocr_par' dir='ltr' id='par_1_26' title="bbox 194 2439 1322 2509">
     <span class='ocr_line' id='line_1_59' title="bbox 216 2439 318 2467; baseline 0 0"><span class='ocrx_word' id='word_1_552' title='bbox 216 2439 318 2467; x_wconf 88' lang='lat' dir='ltr'>dativo.</span> 
     </span>
     <span class='ocr_line' id='line_1_60' title="bbox 194 2463 1322 2509; baseline -0.013 -3"><span class='ocrx_word' id='word_1_553' title='bbox 194 2476 317 2506; x_wconf 83' lang='lat' dir='ltr'>Donaria</span> <span class='ocrx_word' id='word_1_554' title='bbox 330 2475 384 2504; x_wconf 89' lang='lat' dir='ltr'>deo</span> <span class='ocrx_word' id='word_1_555' title='bbox 392 2474 471 2504; x_wconf 88' lang='lat' dir='ltr'>terris</span> <span class='ocrx_word' id='word_1_556' title='bbox 482 2478 599 2509; x_wconf 88' lang='lat' dir='ltr'>certant,</span> <span class='ocrx_word' id='word_1_557' title='bbox 620 2472 638 2502; x_wconf 82' lang='lat' dir='ltr'>i.</span> <span class='ocrx_word' id='word_1_558' title='bbox 655 2481 680 2501; x_wconf 89' lang='lat' dir='ltr'>e.</span> <span class='ocrx_word' id='word_1_559' title='bbox 702 2471 784 2501; x_wconf 86' lang='lat' dir='ltr'>Dona</span> <span class='ocrx_word' id='word_1_560' title='bbox 793 2468 922 2499; x_wconf 82' lang='lat' dir='ltr'>certatim</span> <span class='ocrx_word' id='word_1_561' title='bbox 938 2466 1103 2496; x_wconf 83' lang='lat' dir='ltr'>offeruntur.</span> <span class='ocrx_word' id='word_1_562' title='bbox 1127 2463 1216 2494; x_wconf 87' lang='lat' dir='ltr'>Valet.</span> <span class='ocrx_word' id='word_1_563' title='bbox 1231 2463 1322 2493; x_wconf 87' lang='lat' dir='ltr'>Flacc.</span> 
     </span>
    </p>
   </div>
   <div class='ocr_carea' id='block_1_14' title="bbox 162 2515 1325 4013">
    <p class='ocr_par' dir='ltr' id='par_1_27' title="bbox 162 2515 1325 3075">
     <span class='ocr_line' id='line_1_61' title="bbox 215 2515 377 2549; baseline -0.006 -6"><span class='ocrx_word' id='word_1_564' title='bbox 215 2515 263 2543; x_wconf 75' lang='lat' dir='ltr'>liu.</span> <span class='ocrx_word' id='word_1_565' title='bbox 278 2524 301 2549; x_wconf 84' lang='lat'>5.</span> <span class='ocrx_word' id='word_1_566' title='bbox 314 2517 377 2549; x_wconf 88' lang='lat'>644.</span> 
     </span>
     <span class='ocr_line' id='line_1_62' title="bbox 197 2541 1107 2588; baseline -0.014 -6"><span class='ocrx_word' id='word_1_567' title='bbox 197 2552 324 2582; x_wconf 76' lang='lat' dir='ltr'>Certatur</span> <span class='ocrx_word' id='word_1_568' title='bbox 336 2573 343 2585; x_wconf 86' lang='lat'>,</span> <span class='ocrx_word' id='word_1_569' title='bbox 364 2560 414 2588; x_wconf 84' lang='lat' dir='ltr'>pro</span> <span class='ocrx_word' id='word_1_570' title='bbox 426 2550 536 2583; x_wconf 83' lang='lat' dir='ltr'>Certat,</span> <span class='ocrx_word' id='word_1_571' title='bbox 557 2548 669 2578; x_wconf 88' lang='lat' dir='ltr'>Nonius</span> <span class='ocrx_word' id='word_1_572' title='bbox 681 2556 715 2576; x_wconf 90' lang='lat' dir='ltr'>ex</span> <span class='ocrx_word' id='word_1_573' title='bbox 737 2545 847 2576; x_wconf 88' lang='lat' dir='ltr'>Pacuvii</span> <span class='ocrx_word' id='word_1_574' title='bbox 864 2544 1007 2573; x_wconf 88' lang='lat' dir='ltr'>Armorum</span> <span class='ocrx_word' id='word_1_575' title='bbox 1020 2541 1107 2577; x_wconf 84' lang='lat' dir='ltr'>judic.</span> 
     </span>
     <span class='ocr_line' id='line_1_63' title="bbox 277 2580 1088 2625; baseline -0.015 -6"><span class='ocrx_word' id='word_1_576' title='bbox 277 2591 317 2618; x_wconf 88' lang='lat' dir='ltr'>An</span> <span class='ocrx_word' id='word_1_577' title='bbox 326 2589 386 2625; x_wconf 89' lang='lat' dir='ltr'>quis</span> <span class='ocrx_word' id='word_1_578' title='bbox 396 2588 442 2622; x_wconf 81' lang='lat' dir='ltr'>est,</span> <span class='ocrx_word' id='word_1_579' title='bbox 453 2588 500 2624; x_wconf 89' lang='lat' dir='ltr'>qui</span> <span class='ocrx_word' id='word_1_580' title='bbox 511 2594 538 2616; x_wconf 92' lang='lat' dir='ltr'>te</span> <span class='ocrx_word' id='word_1_581' title='bbox 549 2586 602 2616; x_wconf 80' lang='lat' dir='ltr'>esse</span> <span class='ocrx_word' id='word_1_582' title='bbox 613 2586 729 2622; x_wconf 72' lang='lat' dir='ltr'>dignum</span> <span class='ocrx_word' id='word_1_583' title='bbox 737 2584 850 2621; x_wconf 91' lang='lat' dir='ltr'>quicum</span> <span class='ocrx_word' id='word_1_584' title='bbox 861 2588 979 2611; x_wconf 85' lang='lat' dir='ltr'>certetur</span> <span class='ocrx_word' id='word_1_585' title='bbox 988 2580 1088 2617; x_wconf 70' lang='lat' dir='ltr'>putet?</span> 
     </span>
     <span class='ocr_line' id='line_1_64' title="bbox 216 2624 725 2663; baseline -0.01 -7"><span class='ocrx_word' id='word_1_586' title='bbox 216 2628 303 2656; x_wconf 61' lang='lat' dir='ltr'>sivum</span> <span class='ocrx_word' id='word_1_587' title='bbox 319 2625 584 2663; x_wconf 86' lang='lat' dir='ltr'>estimpersonaliter</span> <span class='ocrx_word' id='word_1_588' title='bbox 598 2624 725 2661; x_wconf 79' lang='lat' dir='ltr'>politum.</span> 
     </span>
     <span class='ocr_line' id='line_1_65' title="bbox 197 2653 1209 2700; baseline -0.014 -5"><span class='ocrx_word' id='word_1_589' title='bbox 197 2667 325 2696; x_wconf 82' lang='lat' dir='ltr'>Certatur</span> <span class='ocrx_word' id='word_1_590' title='bbox 337 2687 344 2699; x_wconf 81' lang='lat'>,</span> <span class='ocrx_word' id='word_1_591' title='bbox 366 2662 559 2700; x_wconf 85' lang='lat' dir='ltr'>lmpersonale.</span> <span class='ocrx_word' id='word_1_592' title='bbox 600 2661 658 2691; x_wconf 88' lang='lat' dir='ltr'>Liv.</span> <span class='ocrx_word' id='word_1_593' title='bbox 677 2671 699 2689; x_wconf 91' lang='lat'>1.</span> <span class='ocrx_word' id='word_1_594' title='bbox 718 2668 758 2697; x_wconf 82' lang='lat'>¹7-</span> <span class='ocrx_word' id='word_1_595' title='bbox 773 2668 815 2697; x_wconf 90' lang='lat' dir='ltr'>pr.</span> <span class='ocrx_word' id='word_1_596' title='bbox 835 2657 911 2687; x_wconf 86' lang='lat' dir='ltr'>Inter</span> <span class='ocrx_word' id='word_1_597' title='bbox 922 2656 1034 2685; x_wconf 87' lang='lat' dir='ltr'>ordines</span> <span class='ocrx_word' id='word_1_598' title='bbox 1043 2653 1209 2683; x_wconf 87' lang='lat' dir='ltr'>certabatur.</span> 
     </span>
     <span class='ocr_line' id='line_1_66' title="bbox 197 2699 699 2734; baseline -0.016 0"><span class='ocrx_word' id='word_1_599' title='bbox 197 2705 337 2734; x_wconf 80' lang='lat' dir='ltr'>Certatum</span> <span class='ocrx_word' id='word_1_600' title='bbox 349 2702 394 2731; x_wconf 91' lang='lat' dir='ltr'>est.</span> <span class='ocrx_word' id='word_1_601' title='bbox 418 2700 519 2730; x_wconf 91' lang='lat' dir='ltr'>Lucan.</span> <span class='ocrx_word' id='word_1_602' title='bbox 535 2699 582 2729; x_wconf 91' lang='lat' dir='ltr'>lib.</span> <span class='ocrx_word' id='word_1_603' title='bbox 593 2709 619 2728; x_wconf 87' lang='lat'>2.</span> <span class='ocrx_word' id='word_1_604' title='bbox 639 2708 699 2734; x_wconf 84' lang='lat'>150.</span> 
     </span>
     <span class='ocr_line' id='line_1_67' title="bbox 197 2726 1324 2774; baseline -0.014 -3"><span class='ocrx_word' id='word_1_605' title='bbox 197 2743 340 2772; x_wconf 83' lang='lat' dir='ltr'>Certatum</span> <span class='ocrx_word' id='word_1_606' title='bbox 354 2740 429 2768; x_wconf 84' lang='lat' dir='ltr'>estin</span> <span class='ocrx_word' id='word_1_607' title='bbox 440 2738 556 2774; x_wconf 88' lang='lat' dir='ltr'>judicio.</span> <span class='ocrx_word' id='word_1_608' title='bbox 598 2736 656 2766; x_wconf 89' lang='lat' dir='ltr'>Cic.</span> <span class='ocrx_word' id='word_1_609' title='bbox 673 2746 696 2765; x_wconf 88' lang='lat'>1.</span> <span class='ocrx_word' id='word_1_610' title='bbox 711 2732 746 2764; x_wconf 87' lang='lat' dir='ltr'>de</span> <span class='ocrx_word' id='word_1_611' title='bbox 755 2733 832 2763; x_wconf 86' lang='lat' dir='ltr'>Orat.</span> <span class='ocrx_word' id='word_1_612' title='bbox 848 2741 909 2770; x_wconf 75' lang='lat'>172.</span> <span class='ocrx_word' id='word_1_613' title='bbox 942 2730 1023 2768; x_wconf 85' lang='lat' dir='ltr'>Quid</span> <span class='ocrx_word' id='word_1_614' title='bbox 1038 2729 1115 2768; x_wconf 89' lang='lat' dir='ltr'>quod</span> <span class='ocrx_word' id='word_1_615' title='bbox 1127 2730 1193 2758; x_wconf 90' lang='lat' dir='ltr'>item</span> <span class='ocrx_word' id='word_1_616' title='bbox 1204 2728 1234 2757; x_wconf 88' lang='lat' dir='ltr'>in</span> <span class='ocrx_word' id='word_1_617' title='bbox 1252 2726 1324 2757; x_wconf 81' lang='lat' dir='ltr'>Cen.</span> 
     </span>
     <span class='ocr_line' id='line_1_68' title="bbox 218 2771 835 2813; baseline -0.015 -4"><span class='ocrx_word' id='word_1_618' title='bbox 218 2778 309 2809; x_wconf 90' lang='lat' dir='ltr'>turiali</span> <span class='ocrx_word' id='word_1_619' title='bbox 322 2778 428 2813; x_wconf 84' lang='lat' dir='ltr'>judicio</span> <span class='ocrx_word' id='word_1_620' title='bbox 441 2782 576 2806; x_wconf 84' lang='lat' dir='ltr'>certaturn</span> <span class='ocrx_word' id='word_1_621' title='bbox 590 2774 643 2803; x_wconf 76' lang='lat' dir='ltr'>esse</span> <span class='ocrx_word' id='word_1_622' title='bbox 653 2771 835 2810; x_wconf 76' lang='lat' dir='ltr'>accepimus?</span> 
     </span>
     <span class='ocr_line' id='line_1_69' title="bbox 162 2803 1322 2851; baseline -0.014 -3"><span class='ocrx_word' id='word_1_623' title='bbox 162 2819 184 2848; x_wconf 92' lang='lat' dir='ltr'>C</span> <span class='ocrx_word' id='word_1_624' title='bbox 194 2829 208 2847; x_wconf 80' lang='grc'>11</span> <span class='ocrx_word' id='word_1_625' title='bbox 216 2828 232 2846; x_wconf 79' lang='lat' dir='ltr'>a</span> <span class='ocrx_word' id='word_1_626' title='bbox 241 2827 261 2845; x_wconf 77' lang='lat' dir='ltr'>T</span> <span class='ocrx_word' id='word_1_627' title='bbox 271 2826 288 2845; x_wconf 78' lang='lat' dir='ltr'>A</span> <span class='ocrx_word' id='word_1_628' title='bbox 299 2826 318 2844; x_wconf 77' lang='lat' dir='ltr'>N</span> <span class='ocrx_word' id='word_1_629' title='bbox 326 2825 338 2845; x_wconf 86' lang='lat' dir='ltr'>s</span> <span class='ocrx_word' id='word_1_630' title='bbox 347 2837 354 2849; x_wconf 76' lang='lat'>,</span> <span class='ocrx_word' id='word_1_631' title='bbox 377 2810 601 2851; x_wconf 49' lang='lat' dir='ltr'>[dymnigo&#39;ussstssbe]</span> <span class='ocrx_word' id='word_1_632' title='bbox 622 2811 716 2841; x_wconf 87' lang='lat' dir='ltr'>Partic.</span> <span class='ocrx_word' id='word_1_633' title='bbox 740 2816 771 2839; x_wconf 89' lang='lat' dir='ltr'>ut</span> <span class='ocrx_word' id='word_1_634' title='bbox 781 2831 789 2843; x_wconf 87' lang='lat'>‚</span> <span class='ocrx_word' id='word_1_635' title='bbox 810 2808 907 2837; x_wconf 87' lang='lat' dir='ltr'>Crines</span> <span class='ocrx_word' id='word_1_636' title='bbox 922 2814 988 2835; x_wconf 87' lang='lat' dir='ltr'>auro</span> <span class='ocrx_word' id='word_1_637' title='bbox 1000 2810 1139 2834; x_wconf 84' lang='lat' dir='ltr'>certantes</span> <span class='ocrx_word' id='word_1_638' title='bbox 1150 2826 1158 2839; x_wconf 80' lang='grc'>,</span> <span class='ocrx_word' id='word_1_639' title='bbox 1181 2804 1198 2832; x_wconf 89' lang='lat' dir='ltr'>i.</span> <span class='ocrx_word' id='word_1_640' title='bbox 1214 2813 1238 2833; x_wconf 91' lang='lat' dir='ltr'>e.</span> <span class='ocrx_word' id='word_1_641' title='bbox 1262 2803 1322 2834; x_wconf 84' lang='lat' dir='ltr'>Fla.</span> 
     </span>
     <span class='ocr_line' id='line_1_70' title="bbox 198 2843 1218 2890; baseline -0.015 -5"><span class='ocrx_word' id='word_1_642' title='bbox 198 2866 233 2886; x_wconf 91' lang='lat' dir='ltr'>vo</span> <span class='ocrx_word' id='word_1_643' title='bbox 244 2854 339 2885; x_wconf 91' lang='lat' dir='ltr'>colore</span> <span class='ocrx_word' id='word_1_644' title='bbox 352 2854 377 2883; x_wconf 85' lang='lat'>&amp;</span> <span class='ocrx_word' id='word_1_645' title='bbox 388 2851 598 2890; x_wconf 88' lang='lat' dir='ltr'>pulchritudine</span> <span class='ocrx_word' id='word_1_646' title='bbox 608 2848 812 2878; x_wconf 86' lang='lat' dir='ltr'>contendentes</span> <span class='ocrx_word' id='word_1_647' title='bbox 823 2855 888 2874; x_wconf 90' lang='lat' dir='ltr'>cum</span> <span class='ocrx_word' id='word_1_648' title='bbox 901 2854 974 2887; x_wconf 81' lang='lat' dir='ltr'>auro.</span> <span class='ocrx_word' id='word_1_649' title='bbox 998 2843 1044 2873; x_wconf 89' lang='lat' dir='ltr'>Sil.</span> <span class='ocrx_word' id='word_1_650' title='bbox 1059 2843 1106 2872; x_wconf 92' lang='lat' dir='ltr'>lib.</span> <span class='ocrx_word' id='word_1_651' title='bbox 1116 2853 1143 2879; x_wconf 91' lang='lat'>4.</span> <span class='ocrx_word' id='word_1_652' title='bbox 1155 2851 1218 2871; x_wconf 86' lang='lat'>201.</span> 
     </span>
     <span class='ocr_line' id='line_1_71' title="bbox 279 2883 987 2923; baseline -0.017 -2"><span class='ocrx_word' id='word_1_653' title='bbox 279 2890 434 2921; x_wconf 88' lang='lat' dir='ltr'>Occumbit</span> <span class='ocrx_word' id='word_1_654' title='bbox 443 2891 571 2919; x_wconf 87' lang='lat' dir='ltr'>Sarmens</span> <span class='ocrx_word' id='word_1_655' title='bbox 582 2910 590 2923; x_wconf 70' lang='lat'><strong>⁷</strong></span> <span class='ocrx_word' id='word_1_656' title='bbox 610 2888 709 2916; x_wconf 80' lang='lat' dir='ltr'>flavam</span> <span class='ocrx_word' id='word_1_657' title='bbox 719 2886 765 2921; x_wconf 91' lang='lat' dir='ltr'>qui</span> <span class='ocrx_word' id='word_1_658' title='bbox 780 2893 884 2921; x_wconf 90' lang='lat' dir='ltr'>ponere</span> <span class='ocrx_word' id='word_1_659' title='bbox 897 2883 987 2911; x_wconf 67' lang='lat' dir='ltr'>Victor</span> 
     </span>
     <span class='ocr_line' id='line_1_72' title="bbox 279 2919 985 2963; baseline -0.017 -4"><span class='ocrx_word' id='word_1_660' title='bbox 279 2928 442 2962; x_wconf 73' lang='lat' dir='ltr'>Caesariem.</span> <span class='ocrx_word' id='word_1_661' title='bbox 464 2927 625 2963; x_wconf 88' lang='lat' dir='ltr'>crinemque</span> <span class='ocrx_word' id='word_1_662' title='bbox 636 2925 697 2959; x_wconf 78' lang='lat' dir='ltr'>tibi,</span> <span class='ocrx_word' id='word_1_663' title='bbox 719 2923 847 2955; x_wconf 80' lang='lat' dir='ltr'>Gradive,</span> <span class='ocrx_word' id='word_1_664' title='bbox 866 2919 985 2949; x_wconf 89' lang='lat' dir='ltr'>vovebat</span> 
     </span>
     <span class='ocr_line' id='line_1_73' title="bbox 279 2957 1014 2997; baseline -0.015 -1"><span class='ocrx_word' id='word_1_665' title='bbox 279 2968 352 2997; x_wconf 89' lang='lat' dir='ltr'>Auro</span> <span class='ocrx_word' id='word_1_666' title='bbox 363 2971 518 2996; x_wconf 82' lang='lat' dir='ltr'>certantem</span> <span class='ocrx_word' id='word_1_667' title='bbox 533 2985 540 2995; x_wconf 82' lang='lat'>.</span> <span class='ocrx_word' id='word_1_668' title='bbox 563 2967 588 2993; x_wconf 86' lang='lat'>&amp;</span> <span class='ocrx_word' id='word_1_669' title='bbox 599 2962 713 2992; x_wconf 87' lang='lat' dir='ltr'>rutilum</span> <span class='ocrx_word' id='word_1_670' title='bbox 726 2960 774 2989; x_wconf 90' lang='lat' dir='ltr'>sub</span> <span class='ocrx_word' id='word_1_671' title='bbox 783 2959 887 2989; x_wconf 89' lang='lat' dir='ltr'>vertice</span> <span class='ocrx_word' id='word_1_672' title='bbox 899 2957 1014 2986; x_wconf 89' lang='lat' dir='ltr'>nodum.</span> 
     </span>
     <span class='ocr_line' id='line_1_74' title="bbox 199 2991 1325 3038; baseline -0.013 -3"><span class='ocrx_word' id='word_1_673' title='bbox 199 3007 326 3036; x_wconf 80' lang='lat' dir='ltr'>Animam</span> <span class='ocrx_word' id='word_1_674' title='bbox 338 3012 490 3033; x_wconf 81' lang='lat' dir='ltr'>certantem</span> <span class='ocrx_word' id='word_1_675' title='bbox 500 3003 529 3031; x_wconf 89' lang='lat' dir='ltr'>in</span> <span class='ocrx_word' id='word_1_676' title='bbox 543 3001 627 3030; x_wconf 88' lang='lat' dir='ltr'>hostis</span> <span class='ocrx_word' id='word_1_677' title='bbox 635 3009 740 3038; x_wconf 82' lang='lat' dir='ltr'>ponere</span> <span class='ocrx_word' id='word_1_678' title='bbox 754 2998 860 3027; x_wconf 75' lang='lat' dir='ltr'>dextra.</span> <span class='ocrx_word' id='word_1_679' title='bbox 882 2995 919 3025; x_wconf 90' lang='lat' dir='ltr'>est</span> <span class='ocrx_word' id='word_1_680' title='bbox 933 2995 972 3024; x_wconf 91' lang='lat' dir='ltr'>Ab</span> <span class='ocrx_word' id='word_1_681' title='bbox 992 2993 1076 3023; x_wconf 90' lang='lat' dir='ltr'>hostis</span> <span class='ocrx_word' id='word_1_682' title='bbox 1096 2993 1160 3023; x_wconf 89' lang='lat' dir='ltr'>forti</span> <span class='ocrx_word' id='word_1_683' title='bbox 1177 2992 1273 3022; x_wconf 86' lang='lat' dir='ltr'>dextra</span> <span class='ocrx_word' id='word_1_684' title='bbox 1284 2991 1325 3021; x_wconf 86' lang='lat' dir='ltr'>in-</span> 
     </span>
     <span class='ocr_line' id='line_1_75' title="bbox 218 3032 1097 3075; baseline -0.016 -2"><span class='ocrx_word' id='word_1_685' title='bbox 218 3043 315 3074; x_wconf 86' lang='lat' dir='ltr'>terfici.</span> <span class='ocrx_word' id='word_1_686' title='bbox 336 3042 383 3072; x_wconf 91' lang='lat' dir='ltr'>Sil.</span> <span class='ocrx_word' id='word_1_687' title='bbox 397 3041 445 3070; x_wconf 91' lang='lat' dir='ltr'>lib.</span> <span class='ocrx_word' id='word_1_688' title='bbox 463 3050 504 3070; x_wconf 89' lang='lat'>10.</span> <span class='ocrx_word' id='word_1_689' title='bbox 520 3049 581 3075; x_wconf 85' lang='lat'>303.</span> <span class='ocrx_word' id='word_1_690' title='bbox 598 3038 635 3068; x_wconf 87' lang='lat' dir='ltr'>de</span> <span class='ocrx_word' id='word_1_691' title='bbox 645 3036 728 3067; x_wconf 84' lang='lat' dir='ltr'>Paulo</span> <span class='ocrx_word' id='word_1_692' title='bbox 739 3032 866 3072; x_wconf 85' lang='lat' dir='ltr'>loquens.</span> <span class='ocrx_word' id='word_1_693' title='bbox 988 3069 994 3075; x_wconf 43' lang='grc'>·</span> <span class='ocrx_word' id='word_1_694' title='bbox 1092 3069 1097 3074; x_wconf 91' lang='lat'>.</span> 
     </span>
    </p>

    <p class='ocr_par' dir='ltr' id='par_1_28' title="bbox 200 3067 1324 3192">
     <span class='ocr_line' id='line_1_76' title="bbox 200 3067 1323 3113; baseline -0.015 -2"><span class='ocrx_word' id='word_1_695' title='bbox 200 3081 306 3111; x_wconf 78' lang='lat' dir='ltr'>Animis</span> <span class='ocrx_word' id='word_1_696' title='bbox 318 3079 499 3113; x_wconf 75' lang='lat' dir='ltr'>certantibus,</span> <span class='ocrx_word' id='word_1_697' title='bbox 511 3078 528 3107; x_wconf 93' lang='lat' dir='ltr'>i.</span> <span class='ocrx_word' id='word_1_698' title='bbox 542 3087 566 3107; x_wconf 91' lang='lat' dir='ltr'>e.</span> <span class='ocrx_word' id='word_1_699' title='bbox 578 3077 693 3106; x_wconf 90' lang='lat' dir='ltr'>Summa</span> <span class='ocrx_word' id='word_1_700' title='bbox 702 3075 861 3104; x_wconf 87' lang='lat' dir='ltr'>animorum</span> <span class='ocrx_word' id='word_1_701' title='bbox 869 3067 1323 3113; x_wconf 59' lang='lat' dir='ltr'>contentioneyirg.12.iEn.574.</span> 
     </span>
     <span class='ocr_line' id='line_1_77' title="bbox 201 3106 1324 3153; baseline -0.015 -4"><span class='ocrx_word' id='word_1_702' title='bbox 201 3119 295 3149; x_wconf 87' lang='lat' dir='ltr'>Remis</span> <span class='ocrx_word' id='word_1_703' title='bbox 305 3117 474 3147; x_wconf 78' lang='lat' dir='ltr'>certantibus</span> <span class='ocrx_word' id='word_1_704' title='bbox 482 3124 594 3153; x_wconf 70' lang='lat' dir='ltr'>aequora</span> <span class='ocrx_word' id='word_1_705' title='bbox 601 3122 707 3144; x_wconf 90' lang='lat' dir='ltr'>vertere</span> <span class='ocrx_word' id='word_1_706' title='bbox 716 3134 724 3148; x_wconf 85' lang='lat'>‚</span> <span class='ocrx_word' id='word_1_707' title='bbox 746 3111 878 3141; x_wconf 84' lang='lat' dir='ltr'>Certatim</span> <span class='ocrx_word' id='word_1_708' title='bbox 897 3110 1003 3146; x_wconf 83' lang='lat' dir='ltr'>agitatis</span> <span class='ocrx_word' id='word_1_709' title='bbox 1014 3116 1096 3136; x_wconf 85' lang='lat' dir='ltr'>remis</span> <span class='ocrx_word' id='word_1_710' title='bbox 1107 3115 1207 3135; x_wconf 89' lang='lat' dir='ltr'>navem</span> <span class='ocrx_word' id='word_1_711' title='bbox 1224 3106 1324 3144; x_wconf 83' lang='lat' dir='ltr'>impel-</span> 
     </span>
     <span class='ocr_line' id='line_1_78' title="bbox 221 3154 950 3192; baseline -0.014 -5"><span class='ocrx_word' id='word_1_712' title='bbox 221 3157 285 3188; x_wconf 85' lang='lat' dir='ltr'>lere.</span> <span class='ocrx_word' id='word_1_713' title='bbox 307 3156 379 3192; x_wconf 79' lang='lat' dir='ltr'>Virg.</span> <span class='ocrx_word' id='word_1_714' title='bbox 394 3164 418 3190; x_wconf 87' lang='lat'>3.</span> <span class='ocrx_word' id='word_1_715' title='bbox 433 3154 495 3184; x_wconf 83' lang='lat' dir='ltr'>AEn.</span> <span class='ocrx_word' id='word_1_716' title='bbox 508 3158 572 3186; x_wconf 88' lang='lat'>668.</span> <span class='ocrx_word' id='word_1_717' title='bbox 945 3184 950 3188; x_wconf 31' lang='grc' dir='ltr'>ι</span> 
     </span>
    </p>

    <p class='ocr_par' dir='ltr' id='par_1_29' title="bbox 167 3187 1325 3453">
     <span class='ocr_line' id='line_1_79' title="bbox 293 3187 976 3229; baseline -0.016 -6"><span class='ocrx_word' id='word_1_718' title='bbox 293 3193 433 3223; x_wconf 88' lang='lat' dir='ltr'>Verrimus</span> <span class='ocrx_word' id='word_1_719' title='bbox 444 3194 469 3222; x_wconf 76' lang='grc'>8(</span> <span class='ocrx_word' id='word_1_720' title='bbox 480 3191 561 3229; x_wconf 88' lang='lat' dir='ltr'>proni</span> <span class='ocrx_word' id='word_1_721' title='bbox 572 3187 744 3219; x_wconf 87' lang='lat' dir='ltr'>certantibus</span> <span class='ocrx_word' id='word_1_722' title='bbox 758 3195 868 3224; x_wconf 74' lang='lat' dir='ltr'>aequora</span> <span class='ocrx_word' id='word_1_723' title='bbox 883 3192 976 3213; x_wconf 83' lang='lat' dir='ltr'>remis.</span> 
     </span>
     <span class='ocr_line' id='line_1_80' title="bbox 167 3225 941 3267; baseline -0.014 -6"><span class='ocrx_word' id='word_1_724' title='bbox 167 3231 189 3261; x_wconf 90' lang='lat' dir='ltr'>C</span> <span class='ocrx_word' id='word_1_725' title='bbox 201 3235 317 3261; x_wconf 65' lang='lat' dir='ltr'>En&#39;rr‘r&#39;r</span> <span class='ocrx_word' id='word_1_726' title='bbox 328 3241 345 3260; x_wconf 88' lang='lat' dir='ltr'>u</span> <span class='ocrx_word' id='word_1_727' title='bbox 355 3240 368 3260; x_wconf 91' lang='lat' dir='ltr'>s</span> <span class='ocrx_word' id='word_1_728' title='bbox 378 3253 386 3266; x_wconf 82' lang='lat'>,</span> <span class='ocrx_word' id='word_1_729' title='bbox 410 3231 505 3259; x_wconf 83' lang='lat' dir='ltr'>Partic.</span> <span class='ocrx_word' id='word_1_730' title='bbox 527 3228 671 3267; x_wconf 70' lang='lat' dir='ltr'>passivum.</span> <span class='ocrx_word' id='word_1_731' title='bbox 693 3225 740 3255; x_wconf 87' lang='lat' dir='ltr'>Sil.</span> <span class='ocrx_word' id='word_1_732' title='bbox 755 3225 803 3254; x_wconf 88' lang='lat' dir='ltr'>lib.</span> <span class='ocrx_word' id='word_1_733' title='bbox 819 3233 860 3267; x_wconf 67' lang='lat'>173</span> <span class='ocrx_word' id='word_1_734' title='bbox 873 3231 941 3265; x_wconf 45' lang='lat'>342..</span> 
     </span>
     <span class='ocr_line' id='line_1_81' title="bbox 284 3259 966 3299; baseline -0.015 -1"><span class='ocrx_word' id='word_1_735' title='bbox 284 3268 408 3298; x_wconf 83' lang='lat' dir='ltr'>Certatus</span> <span class='ocrx_word' id='word_1_736' title='bbox 418 3268 498 3297; x_wconf 90' lang='lat' dir='ltr'>nobis</span> <span class='ocrx_word' id='word_1_737' title='bbox 510 3267 596 3296; x_wconf 85' lang='lat' dir='ltr'>hodie</span> <span class='ocrx_word' id='word_1_738' title='bbox 608 3265 756 3294; x_wconf 90' lang='lat' dir='ltr'>dominum</span> <span class='ocrx_word' id='word_1_739' title='bbox 769 3267 873 3299; x_wconf 84' lang='lat' dir='ltr'>accipit</span> <span class='ocrx_word' id='word_1_740' title='bbox 883 3259 966 3289; x_wconf 86' lang='lat' dir='ltr'>orbis.</span> 
     </span>
     <span class='ocr_line' id='line_1_82' title="bbox 205 3300 1223 3343; baseline -0.013 -8"><span class='ocrx_word' id='word_1_741' title='bbox 205 3306 304 3335; x_wconf 87' lang='lat' dir='ltr'>nibalis</span> <span class='ocrx_word' id='word_1_742' title='bbox 319 3307 354 3335; x_wconf 88' lang='lat' dir='ltr'>ad</span> <span class='ocrx_word' id='word_1_743' title='bbox 364 3307 536 3343; x_wconf 84' lang='lat' dir='ltr'>Scipionem.</span> <span class='ocrx_word' id='word_1_744' title='bbox 561 3305 587 3333; x_wconf 89' lang='lat' dir='ltr'>h.</span> <span class='ocrx_word' id='word_1_745' title='bbox 598 3313 622 3332; x_wconf 92' lang='lat' dir='ltr'>e.</span> <span class='ocrx_word' id='word_1_746' title='bbox 646 3303 696 3331; x_wconf 91' lang='lat' dir='ltr'>Pro</span> <span class='ocrx_word' id='word_1_747' title='bbox 710 3311 764 3339; x_wconf 93' lang='lat' dir='ltr'>quo</span> <span class='ocrx_word' id='word_1_748' title='bbox 780 3300 957 3329; x_wconf 87' lang='lat' dir='ltr'>certavimus.</span> <span class='ocrx_word' id='word_1_749' title='bbox 1218 3331 1223 3336; x_wconf 35' lang='lat'>¹</span> 
     </span>
     <span class='ocr_line' id='line_1_83' title="bbox 206 3330 1323 3380; baseline -0.013 -8"><span class='ocrx_word' id='word_1_750' title='bbox 206 3343 236 3372; x_wconf 90' lang='lat' dir='ltr'>ln</span> <span class='ocrx_word' id='word_1_751' title='bbox 246 3344 332 3372; x_wconf 87' lang='lat' dir='ltr'>amnis</span> <span class='ocrx_word' id='word_1_752' title='bbox 345 3343 502 3380; x_wconf 77' lang='lat' dir='ltr'>transgressu</span> <span class='ocrx_word' id='word_1_753' title='bbox 514 3339 633 3371; x_wconf 86' lang='lat' dir='ltr'>multum</span> <span class='ocrx_word' id='word_1_754' title='bbox 644 3345 758 3369; x_wconf 87' lang='lat' dir='ltr'>certato.</span> <span class='ocrx_word' id='word_1_755' title='bbox 784 3337 875 3367; x_wconf 79' lang='lat' dir='ltr'>Tacit.</span> <span class='ocrx_word' id='word_1_756' title='bbox 893 3346 933 3364; x_wconf 87' lang='grc'>11.</span> <span class='ocrx_word' id='word_1_757' title='bbox 951 3335 1020 3363; x_wconf 86' lang='lat' dir='ltr'>Ann.</span> <span class='ocrx_word' id='word_1_758' title='bbox 1040 3341 1082 3374; x_wconf 75' lang='lat'>19.</span> <span class='ocrx_word' id='word_1_759' title='bbox 1105 3330 1180 3360; x_wconf 77' lang='lat' dir='ltr'>conf.</span> <span class='ocrx_word' id='word_1_760' title='bbox 1199 3331 1323 3374; x_wconf 69' lang='lat' dir='ltr'>eiusdem</span> 
     </span>
     <span class='ocr_line' id='line_1_84' title="bbox 225 3368 1325 3416; baseline -0.013 -7"><span class='ocrx_word' id='word_1_761' title='bbox 225 3391 252 3414; x_wconf 82' lang='grc'>4.</span> <span class='ocrx_word' id='word_1_762' title='bbox 266 3381 331 3410; x_wconf 86' lang='lat' dir='ltr'>Hist.</span> <span class='ocrx_word' id='word_1_763' title='bbox 345 3385 385 3410; x_wconf 89' lang='lat'>16.</span> <span class='ocrx_word' id='word_1_764' title='bbox 426 3380 505 3416; x_wconf 84' lang='lat' dir='ltr'>[Nili</span> <span class='ocrx_word' id='word_1_765' title='bbox 517 3380 652 3409; x_wconf 83' lang='lat' dir='ltr'>ablativus</span> <span class='ocrx_word' id='word_1_766' title='bbox 663 3378 701 3407; x_wconf 87' lang='lat' dir='ltr'>est</span> <span class='ocrx_word' id='word_1_767' title='bbox 714 3375 853 3415; x_wconf 89' lang='lat' dir='ltr'>participii</span> <span class='ocrx_word' id='word_1_768' title='bbox 868 3372 1026 3406; x_wconf 85' lang='lat' dir='ltr'>absolutus,</span> <span class='ocrx_word' id='word_1_769' title='bbox 1048 3368 1125 3398; x_wconf 83' lang='lat' dir='ltr'>{ensu</span> <span class='ocrx_word' id='word_1_770' title='bbox 1137 3368 1213 3397; x_wconf 85' lang='lat' dir='ltr'>verbi</span> <span class='ocrx_word' id='word_1_771' title='bbox 1226 3377 1325 3406; x_wconf 79' lang='lat' dir='ltr'>imper-</span> 
     </span>
     <span class='ocr_line' id='line_1_85' title="bbox 225 3416 805 3453; baseline -0.005 -7"><span class='ocrx_word' id='word_1_772' title='bbox 225 3418 333 3447; x_wconf 87' lang='lat' dir='ltr'>sonalis.</span> <span class='ocrx_word' id='word_1_773' title='bbox 374 3417 404 3447; x_wconf 90' lang='lat' dir='ltr'>V.</span> <span class='ocrx_word' id='word_1_774' title='bbox 427 3417 496 3447; x_wconf 83' lang='lat' dir='ltr'>Voss.</span> <span class='ocrx_word' id='word_1_775' title='bbox 514 3418 550 3446; x_wconf 91' lang='lat' dir='ltr'>de</span> <span class='ocrx_word' id='word_1_776' title='bbox 562 3416 668 3446; x_wconf 87' lang='lat' dir='ltr'>Constr.</span> <span class='ocrx_word' id='word_1_777' title='bbox 682 3425 742 3453; x_wconf 88' lang='lat' dir='ltr'>cap.</span> <span class='ocrx_word' id='word_1_778' title='bbox 759 3424 805 3450; x_wconf 81' lang='grc'>49.</span> 
     </span>
    </p>

    <p class='ocr_par' dir='ltr' id='par_1_30' title="bbox 171 3452 1323 3565">
     <span class='ocr_line' id='line_1_86' title="bbox 171 3452 1261 3491; baseline -0.007 -7"><span class='ocrx_word' id='word_1_779' title='bbox 171 3455 471 3490; x_wconf 62' lang='lat' dir='ltr'>Cnmmumnus,</span> <span class='ocrx_word' id='word_1_780' title='bbox 493 3455 552 3490; x_wconf 89' lang='lat' dir='ltr'>Adj.</span> <span class='ocrx_word' id='word_1_781' title='bbox 576 3453 655 3491; x_wconf 91' lang='lat' dir='ltr'>Apul.</span> <span class='ocrx_word' id='word_1_782' title='bbox 672 3452 790 3490; x_wconf 87' lang='lat' dir='ltr'>Apol.p.</span> <span class='ocrx_word' id='word_1_783' title='bbox 805 3455 869 3484; x_wconf 89' lang='lat'>288.</span> <span class='ocrx_word' id='word_1_784' title='bbox 1041 3482 1047 3488; x_wconf 41' lang='grc' dir='ltr'>ι</span> <span class='ocrx_word' id='word_1_785' title='bbox 1257 3482 1261 3487; x_wconf 40' lang='lat'>¹</span> 
     </span>
     <span class='ocr_line' id='line_1_87' title="bbox 171 3486 1323 3528; baseline -0.009 -7"><span class='ocrx_word' id='word_1_786' title='bbox 171 3492 389 3527; x_wconf 62' lang='grc' dir='ltr'>(ἱεετλτιο,</span> <span class='ocrx_word' id='word_1_787' title='bbox 409 3492 480 3525; x_wconf 72' lang='lat' dir='ltr'>onis.</span> <span class='ocrx_word' id='word_1_788' title='bbox 502 3493 520 3522; x_wconf 89' lang='lat' dir='ltr'>f.</span> <span class='ocrx_word' id='word_1_789' title='bbox 542 3491 692 3527; x_wconf 59' lang='grc' dir='ltr'>[ἀγάμοις]</span> <span class='ocrx_word' id='word_1_790' title='bbox 718 3490 778 3528; x_wconf 85' lang='lat' dir='ltr'>lpse</span> <span class='ocrx_word' id='word_1_791' title='bbox 797 3491 890 3521; x_wconf 77' lang='lat' dir='ltr'>actus,</span> <span class='ocrx_word' id='word_1_792' title='bbox 922 3488 1123 3518; x_wconf 80' lang='lat' dir='ltr'>contentioque</span> <span class='ocrx_word' id='word_1_793' title='bbox 1147 3486 1323 3511; x_wconf 84' lang='lat' dir='ltr'>certantium.</span> 
     </span>
     <span class='ocr_line' id='line_1_88' title="bbox 209 3520 1264 3565; baseline -0.011 -7"><span class='ocrx_word' id='word_1_794' title='bbox 209 3529 267 3558; x_wconf 86' lang='lat' dir='ltr'>Cic.</span> <span class='ocrx_word' id='word_1_795' title='bbox 280 3539 304 3564; x_wconf 87' lang='lat'>3.</span> <span class='ocrx_word' id='word_1_796' title='bbox 317 3529 351 3558; x_wconf 88' lang='lat' dir='ltr'>de</span> <span class='ocrx_word' id='word_1_797' title='bbox 362 3530 423 3559; x_wconf 86' lang='lat' dir='ltr'>Nat.</span> <span class='ocrx_word' id='word_1_798' title='bbox 442 3530 523 3559; x_wconf 89' lang='lat' dir='ltr'>Deor.</span> <span class='ocrx_word' id='word_1_799' title='bbox 545 3530 600 3558; x_wconf 89' lang='lat' dir='ltr'>Sed</span> <span class='ocrx_word' id='word_1_800' title='bbox 614 3537 788 3565; x_wconf 84' lang='lat' dir='ltr'>nequaquam</span> <span class='ocrx_word' id='word_1_801' title='bbox 802 3527 869 3555; x_wconf 87' lang='lat' dir='ltr'>istuc</span> <span class='ocrx_word' id='word_1_802' title='bbox 886 3523 953 3552; x_wconf 88' lang='lat' dir='ltr'>ibit:</span> <span class='ocrx_word' id='word_1_803' title='bbox 976 3529 1075 3557; x_wconf 79' lang='lat' dir='ltr'>magna</span> <span class='ocrx_word' id='word_1_804' title='bbox 1092 3520 1130 3548; x_wconf 84' lang='lat' dir='ltr'>est</span> <span class='ocrx_word' id='word_1_805' title='bbox 1139 3520 1264 3562; x_wconf 77' lang='lat' dir='ltr'>certatio.</span> 
     </span>
    </p>

    <p class='ocr_par' dir='ltr' id='par_1_31' title="bbox 208 3557 1325 3645">
     <span class='ocr_line' id='line_1_89' title="bbox 208 3557 1325 3604; baseline -0.012 -8"><span class='ocrx_word' id='word_1_806' title='bbox 208 3567 362 3604; x_wconf 86' lang='lat' dir='ltr'>Corporum</span> <span class='ocrx_word' id='word_1_807' title='bbox 372 3569 493 3596; x_wconf 83' lang='lat' dir='ltr'>certatio.</span> <span class='ocrx_word' id='word_1_808' title='bbox 516 3567 575 3596; x_wconf 90' lang='lat' dir='ltr'>Cic.</span> <span class='ocrx_word' id='word_1_809' title='bbox 587 3577 613 3595; x_wconf 62' lang='grc' dir='ltr'>ι.</span> <span class='ocrx_word' id='word_1_810' title='bbox 629 3567 663 3595; x_wconf 86' lang='lat' dir='ltr'>de</span> <span class='ocrx_word' id='word_1_811' title='bbox 678 3566 770 3603; x_wconf 79' lang='lat' dir='ltr'>Legib.</span> <span class='ocrx_word' id='word_1_812' title='bbox 783 3574 827 3594; x_wconf 90' lang='lat'>22.</span> <span class='ocrx_word' id='word_1_813' title='bbox 850 3562 934 3592; x_wconf 82' lang='lat' dir='ltr'>Ludis</span> <span class='ocrx_word' id='word_1_814' title='bbox 951 3559 1089 3598; x_wconf 80' lang='lat' dir='ltr'>publicis.</span> <span class='ocrx_word' id='word_1_815' title='bbox 1110 3557 1185 3594; x_wconf 93' lang='lat' dir='ltr'>quod</span> <span class='ocrx_word' id='word_1_816' title='bbox 1197 3558 1252 3585; x_wconf 84' lang='lat' dir='ltr'>sine</span> <span class='ocrx_word' id='word_1_817' title='bbox 1264 3565 1325 3585; x_wconf 83' lang='lat' dir='ltr'>cur.</span> 
     </span>
     <span class='ocr_line' id='line_1_90' title="bbox 227 3595 1323 3645; baseline -0.01 -13"><span class='ocrx_word' id='word_1_818' title='bbox 227 3604 315 3645; x_wconf 82' lang='lat' dir='ltr'>riculo</span> <span class='ocrx_word' id='word_1_819' title='bbox 327 3625 335 3636; x_wconf 74' lang='grc'>.</span> <span class='ocrx_word' id='word_1_820' title='bbox 358 3606 382 3632; x_wconf 71' lang='grc' dir='ltr'>ὁὶ</span> <span class='ocrx_word' id='word_1_821' title='bbox 393 3604 446 3633; x_wconf 84' lang='lat' dir='ltr'>sine</span> <span class='ocrx_word' id='word_1_822' title='bbox 453 3605 605 3634; x_wconf 79' lang='lat' dir='ltr'>certatione</span> <span class='ocrx_word' id='word_1_823' title='bbox 612 3613 759 3641; x_wconf 90' lang='lat' dir='ltr'>corporum</span> <span class='ocrx_word' id='word_1_824' title='bbox 769 3602 832 3638; x_wconf 84' lang='lat' dir='ltr'>fiat,</span> <span class='ocrx_word' id='word_1_825' title='bbox 853 3599 1021 3639; x_wconf 85' lang='lat' dir='ltr'>popularem</span> <span class='ocrx_word' id='word_1_826' title='bbox 1038 3596 1163 3625; x_wconf 84' lang='lat' dir='ltr'>laetitiam</span> <span class='ocrx_word' id='word_1_827' title='bbox 1179 3595 1208 3623; x_wconf 87' lang='lat' dir='ltr'>in</span> <span class='ocrx_word' id='word_1_828' title='bbox 1221 3601 1304 3623; x_wconf 88' lang='lat' dir='ltr'>cantu</span> <span class='ocrx_word' id='word_1_829' title='bbox 1314 3616 1323 3630; x_wconf 83' lang='lat'><em>‚</em></span> 
     </span>
    </p>

    <p class='ocr_par' dir='ltr' id='par_1_32' title="bbox 226 3640 666 3671">
     <span class='ocr_line' id='line_1_91' title="bbox 226 3640 666 3671; baseline -0.005 0"><span class='ocrx_word' id='word_1_830' title='bbox 226 3643 252 3671; x_wconf 72' lang='grc' dir='ltr'><strong>ἃ</strong></span> <span class='ocrx_word' id='word_1_831' title='bbox 262 3640 362 3669; x_wconf 85' lang='lat' dir='ltr'>hdibus</span> <span class='ocrx_word' id='word_1_832' title='bbox 375 3642 481 3671; x_wconf 82' lang='lat' dir='ltr'>&amp;tibiis</span> <span class='ocrx_word' id='word_1_833' title='bbox 494 3643 666 3670; x_wconf 85' lang='lat' dir='ltr'>moderanto.</span> 
     </span>
    </p>

    <p class='ocr_par' dir='ltr' id='par_1_33' title="bbox 208 3668 1324 3753">
     <span class='ocr_line' id='line_1_92' title="bbox 208 3668 1324 3713; baseline -0.011 -5"><span class='ocrx_word' id='word_1_834' title='bbox 208 3677 314 3708; x_wconf 64' lang='lat' dir='ltr'>Multa:</span> <span class='ocrx_word' id='word_1_835' title='bbox 337 3678 392 3706; x_wconf 86' lang='lat' dir='ltr'>Liv.</span> <span class='ocrx_word' id='word_1_836' title='bbox 407 3688 451 3713; x_wconf 83' lang='lat'>25.</span> <span class='ocrx_word' id='word_1_837' title='bbox 463 3691 488 3713; x_wconf 84' lang='grc'>4.</span> <span class='ocrx_word' id='word_1_838' title='bbox 511 3679 662 3708; x_wconf 87' lang='lat' dir='ltr'>Confestim</span> <span class='ocrx_word' id='word_1_839' title='bbox 672 3677 785 3707; x_wconf 83' lang='lat' dir='ltr'>Carvilii</span> <span class='ocrx_word' id='word_1_840' title='bbox 796 3675 915 3706; x_wconf 85' lang='lat' dir='ltr'>Tribuni</span> <span class='ocrx_word' id='word_1_841' title='bbox 930 3673 1019 3712; x_wconf 85' lang='lat' dir='ltr'>plebis</span> <span class='ocrx_word' id='word_1_842' title='bbox 1031 3694 1039 3707; x_wconf 76' lang='grc'>,</span> <span class='ocrx_word' id='word_1_843' title='bbox 1061 3669 1157 3700; x_wconf 80' lang='lat' dir='ltr'>omissa</span> <span class='ocrx_word' id='word_1_844' title='bbox 1165 3668 1257 3698; x_wconf 81' lang='lat' dir='ltr'>multae</span> <span class='ocrx_word' id='word_1_845' title='bbox 1267 3677 1324 3697; x_wconf 74' lang='lat' dir='ltr'>cer-</span> 
     </span>
     <span class='ocr_line' id='line_1_93' title="bbox 226 3708 1320 3753; baseline -0.01 -8"><span class='ocrx_word' id='word_1_846' title='bbox 226 3716 342 3750; x_wconf 87' lang='lat' dir='ltr'>tatione,</span> <span class='ocrx_word' id='word_1_847' title='bbox 356 3715 392 3743; x_wconf 81' lang='lat' dir='ltr'>rei</span> <span class='ocrx_word' id='word_1_848' title='bbox 405 3716 530 3753; x_wconf 84' lang='lat' dir='ltr'>capitalis</span> <span class='ocrx_word' id='word_1_849' title='bbox 538 3717 612 3745; x_wconf 87' lang='lat' dir='ltr'>diem</span> <span class='ocrx_word' id='word_1_850' title='bbox 622 3717 778 3745; x_wconf 81' lang='lat' dir='ltr'>Posthumio</span> <span class='ocrx_word' id='word_1_851' title='bbox 787 3711 1085 3743; x_wconf 81' lang='lat' dir='ltr'>dixerunt.V.Multam</span> <span class='ocrx_word' id='word_1_852' title='bbox 1094 3708 1229 3741; x_wconf 83' lang='lat' dir='ltr'>dicere‚in</span> <span class='ocrx_word' id='word_1_853' title='bbox 1240 3717 1320 3735; x_wconf 83' lang='lat' dir='ltr'>nico.</span> 
     </span>
    </p>

    <p class='ocr_par' dir='ltr' id='par_1_34' title="bbox 207 3744 1323 3827">
     <span class='ocr_line' id='line_1_94' title="bbox 207 3744 1323 3790; baseline -0.008 -8"><span class='ocrx_word' id='word_1_854' title='bbox 207 3751 308 3782; x_wconf 78' lang='lat' dir='ltr'>Poenae.</span> <span class='ocrx_word' id='word_1_855' title='bbox 350 3752 407 3780; x_wconf 88' lang='lat' dir='ltr'>Cic.</span> <span class='ocrx_word' id='word_1_856' title='bbox 422 3762 444 3787; x_wconf 79' lang='lat'>3.</span> <span class='ocrx_word' id='word_1_857' title='bbox 456 3754 490 3781; x_wconf 86' lang='lat' dir='ltr'>de</span> <span class='ocrx_word' id='word_1_858' title='bbox 503 3753 592 3790; x_wconf 76' lang='lat' dir='ltr'>Leglb.</span> <span class='ocrx_word' id='word_1_859' title='bbox 606 3758 631 3782; x_wconf 87' lang='lat'>6.</span> <span class='ocrx_word' id='word_1_860' title='bbox 663 3754 758 3789; x_wconf 80' lang='lat' dir='ltr'>Quum</span> <span class='ocrx_word' id='word_1_861' title='bbox 771 3752 938 3787; x_wconf 64' lang='lat' dir='ltr'>magistratus</span> <span class='ocrx_word' id='word_1_862' title='bbox 948 3748 1086 3785; x_wconf 81' lang='lat' dir='ltr'>judicallit</span> <span class='ocrx_word' id='word_1_863' title='bbox 1097 3768 1105 3782; x_wconf 78' lang='grc'><em>,</em></span> <span class='ocrx_word' id='word_1_864' title='bbox 1128 3744 1323 3782; x_wconf 86' lang='lat' dir='ltr'>interrogassit-</span> 
     </span>
     <span class='ocr_line' id='line_1_95' title="bbox 226 3789 907 3827; baseline -0.006 -7"><span class='ocrx_word' id='word_1_865' title='bbox 226 3800 260 3820; x_wconf 90' lang='lat' dir='ltr'>ve</span> <span class='ocrx_word' id='word_1_866' title='bbox 271 3812 280 3825; x_wconf 89' lang='lat'>‚</span> <span class='ocrx_word' id='word_1_867' title='bbox 302 3799 351 3826; x_wconf 87' lang='lat' dir='ltr'>per</span> <span class='ocrx_word' id='word_1_868' title='bbox 362 3789 497 3826; x_wconf 77' lang='lat' dir='ltr'>populum</span> <span class='ocrx_word' id='word_1_869' title='bbox 507 3791 598 3819; x_wconf 84' lang='lat' dir='ltr'>multae</span> <span class='ocrx_word' id='word_1_870' title='bbox 614 3800 703 3827; x_wconf 70' lang='lat' dir='ltr'>poena:</span> <span class='ocrx_word' id='word_1_871' title='bbox 715 3791 830 3820; x_wconf 83' lang='lat' dir='ltr'>certatio</span> <span class='ocrx_word' id='word_1_872' title='bbox 841 3789 907 3818; x_wconf 81' lang='lat' dir='ltr'>esto.</span> 
     </span>
    </p>

    <p class='ocr_par' dir='ltr' id='par_1_35' title="bbox 208 3827 903 3863">
     <span class='ocr_line' id='line_1_96' title="bbox 208 3827 903 3863; baseline -0.004 -6"><span class='ocrx_word' id='word_1_873' title='bbox 208 3828 329 3857; x_wconf 87' lang='lat' dir='ltr'>Certatio</span> <span class='ocrx_word' id='word_1_874' title='bbox 344 3827 436 3862; x_wconf 84' lang='lat' dir='ltr'>inique</span> <span class='ocrx_word' id='word_1_875' title='bbox 449 3836 613 3863; x_wconf 83' lang='lat' dir='ltr'>comparata.</span> <span class='ocrx_word' id='word_1_876' title='bbox 634 3827 696 3856; x_wconf 87' lang='lat' dir='ltr'>Ter.</span> <span class='ocrx_word' id='word_1_877' title='bbox 710 3828 786 3856; x_wconf 87' lang='lat' dir='ltr'>Adel.</span> <span class='ocrx_word' id='word_1_878' title='bbox 803 3837 828 3856; x_wconf 92' lang='lat'>2.</span> <span class='ocrx_word' id='word_1_879' title='bbox 839 3837 866 3855; x_wconf 83' lang='lat'>².</span> <span class='ocrx_word' id='word_1_880' title='bbox 877 3838 903 3860; x_wconf 80' lang='lat'>4.</span> 
     </span>
    </p>

    <p class='ocr_par' dir='ltr' id='par_1_36' title="bbox 206 3857 1322 3938">
     <span class='ocr_line' id='line_1_97' title="bbox 206 3857 1322 3902; baseline -0.008 -7"><span class='ocrx_word' id='word_1_881' title='bbox 206 3866 314 3902; x_wconf 85' lang='lat' dir='ltr'>Iniqua.</span> <span class='ocrx_word' id='word_1_882' title='bbox 355 3864 412 3892; x_wconf 89' lang='lat' dir='ltr'>Cic.</span> <span class='ocrx_word' id='word_1_883' title='bbox 431 3873 480 3900; x_wconf 79' lang='lat' dir='ltr'>pro</span> <span class='ocrx_word' id='word_1_884' title='bbox 491 3864 588 3900; x_wconf 81' lang='lat' dir='ltr'>Quint.</span> <span class='ocrx_word' id='word_1_885' title='bbox 602 3870 646 3897; x_wconf 78' lang='lat'>68.</span> <span class='ocrx_word' id='word_1_886' title='bbox 676 3866 740 3894; x_wconf 60' lang='lat' dir='ltr'>llaec</span> <span class='ocrx_word' id='word_1_887' title='bbox 751 3866 788 3894; x_wconf 82' lang='lat' dir='ltr'>est</span> <span class='ocrx_word' id='word_1_888' title='bbox 805 3865 897 3900; x_wconf 84' lang='lat' dir='ltr'>iniqua</span> <span class='ocrx_word' id='word_1_889' title='bbox 910 3862 1043 3892; x_wconf 87' lang='lat' dir='ltr'>certatio:</span> <span class='ocrx_word' id='word_1_890' title='bbox 1065 3869 1124 3889; x_wconf 89' lang='lat' dir='ltr'>non</span> <span class='ocrx_word' id='word_1_891' title='bbox 1138 3857 1195 3894; x_wconf 85' lang='lat' dir='ltr'>illa⁷</span> <span class='ocrx_word' id='word_1_892' title='bbox 1217 3865 1272 3895; x_wconf 85' lang='lat' dir='ltr'>qna</span> <span class='ocrx_word' id='word_1_893' title='bbox 1289 3861 1322 3887; x_wconf 86' lang='lat' dir='ltr'>tu</span> 
     </span>
     <span class='ocr_line' id='line_1_98' title="bbox 226 3900 666 3938; baseline -0.007 -6"><span class='ocrx_word' id='word_1_894' title='bbox 226 3909 323 3932; x_wconf 90' lang='lat' dir='ltr'>contra</span> <span class='ocrx_word' id='word_1_895' title='bbox 336 3901 493 3938; x_wconf 88' lang='lat' dir='ltr'>Alphenum</span> <span class='ocrx_word' id='word_1_896' title='bbox 504 3900 666 3929; x_wconf 77' lang='lat' dir='ltr'>velitabaris.</span> 
     </span>
    </p>

    <p class='ocr_par' dir='ltr' id='par_1_37' title="bbox 207 3932 1323 4013">
     <span class='ocr_line' id='line_1_99' title="bbox 207 3932 1323 3974; baseline -0.011 -4"><span class='ocrx_word' id='word_1_897' title='bbox 207 3939 330 3970; x_wconf 87' lang='lat' dir='ltr'>Certatio</span> <span class='ocrx_word' id='word_1_898' title='bbox 342 3948 414 3967; x_wconf 88' lang='lat' dir='ltr'>cum.</span> <span class='ocrx_word' id='word_1_899' title='bbox 455 3938 511 3966; x_wconf 90' lang='lat' dir='ltr'>Cic.</span> <span class='ocrx_word' id='word_1_900' title='bbox 522 3948 547 3966; x_wconf 93' lang='lat'>2.</span> <span class='ocrx_word' id='word_1_901' title='bbox 560 3938 594 3966; x_wconf 85' lang='lat' dir='ltr'>de</span> <span class='ocrx_word' id='word_1_902' title='bbox 605 3938 691 3967; x_wconf 85' lang='lat' dir='ltr'>Finib.</span> <span class='ocrx_word' id='word_1_903' title='bbox 703 3949 748 3974; x_wconf 85' lang='lat'>44.</span> <span class='ocrx_word' id='word_1_904' title='bbox 781 3938 846 3968; x_wconf 86' lang='lat' dir='ltr'>Non</span> <span class='ocrx_word' id='word_1_905' title='bbox 860 3937 929 3966; x_wconf 79' lang='lat' dir='ltr'>mibi</span> <span class='ocrx_word' id='word_1_906' title='bbox 947 3945 1012 3965; x_wconf 80' lang='lat' dir='ltr'>cum</span> <span class='ocrx_word' id='word_1_907' title='bbox 1027 3935 1171 3971; x_wconf 81' lang='lat' dir='ltr'>Torquato</span> <span class='ocrx_word' id='word_1_908' title='bbox 1183 3955 1191 3969; x_wconf 83' lang='lat'><em>‚</em></span> <span class='ocrx_word' id='word_1_909' title='bbox 1213 3932 1260 3961; x_wconf 86' lang='lat' dir='ltr'>sed</span> <span class='ocrx_word' id='word_1_910' title='bbox 1271 3932 1323 3962; x_wconf 74' lang='lat' dir='ltr'>vir.</span> 
     </span>
     <span class='ocr_line' id='line_1_100' title="bbox 223 3974 645 4013; baseline -0.009 -6"><span class='ocrx_word' id='word_1_911' title='bbox 223 3978 275 4008; x_wconf 81' lang='lat' dir='ltr'>tuti</span> <span class='ocrx_word' id='word_1_912' title='bbox 287 3985 351 4007; x_wconf 85' lang='lat' dir='ltr'>cum</span> <span class='ocrx_word' id='word_1_913' title='bbox 364 3974 506 4013; x_wconf 83' lang='lat' dir='ltr'>voluptate</span> <span class='ocrx_word' id='word_1_914' title='bbox 523 3976 645 4004; x_wconf 81' lang='lat' dir='ltr'>certatio.</span> 
     </span>
    </p>
   </div>
   <div class='ocr_carea' id='block_1_15' title="bbox 797 1174 1332 1215">
    <p class='ocr_par' dir='ltr' id='par_1_38' title="bbox 797 1174 1332 1215">
     <span class='ocr_line' id='line_1_101' title="bbox 797 1174 1332 1215; baseline -0.017 -6"><span class='ocrx_word' id='word_1_915' title='bbox 797 1182 814 1211; x_wconf 91' lang='lat' dir='ltr'>i.</span> <span class='ocrx_word' id='word_1_916' title='bbox 828 1191 853 1210; x_wconf 89' lang='lat' dir='ltr'>e.</span> <span class='ocrx_word' id='word_1_917' title='bbox 875 1179 940 1208; x_wconf 87' lang='lat' dir='ltr'>Non</span> <span class='ocrx_word' id='word_1_918' title='bbox 949 1179 1041 1208; x_wconf 85' lang='lat' dir='ltr'>minus</span> <span class='ocrx_word' id='word_1_919' title='bbox 1053 1186 1136 1215; x_wconf 88' lang='lat' dir='ltr'>quam</span> <span class='ocrx_word' id='word_1_920' title='bbox 1150 1175 1217 1204; x_wconf 90' lang='lat' dir='ltr'>deos</span> <span class='ocrx_word' id='word_1_921' title='bbox 1228 1174 1332 1203; x_wconf 85' lang='lat' dir='ltr'>formo-</span> 
     </span>
    </p>
   </div>
   <div class='ocr_carea' id='block_1_16' title="bbox 1114 2045 1326 2082">
    <p class='ocr_par' dir='ltr' id='par_1_39' title="bbox 1114 2045 1326 2082">
     <span class='ocr_line' id='line_1_102' title="bbox 1114 2045 1326 2082; baseline -0.005 -6"><span class='ocrx_word' id='word_1_922' title='bbox 1114 2047 1131 2076; x_wconf 91' lang='lat' dir='ltr'>i.</span> <span class='ocrx_word' id='word_1_923' title='bbox 1145 2056 1169 2076; x_wconf 92' lang='lat' dir='ltr'>e.</span> <span class='ocrx_word' id='word_1_924' title='bbox 1193 2045 1326 2082; x_wconf 82' lang='lat' dir='ltr'>(aitSer-</span> 
     </span>
    </p>
   </div>
   <div class='ocr_carea' id='block_1_17' title="bbox 1173 2575 1325 2614">
    <p class='ocr_par' dir='ltr' id='par_1_40' title="bbox 1173 2575 1325 2614">
     <span class='ocr_line' id='line_1_103' title="bbox 1173 2575 1325 2614; baseline 0.007 -8"><span class='ocrx_word' id='word_1_925' title='bbox 1173 2576 1254 2614; x_wconf 80' lang='lat' dir='ltr'>[Nili</span> <span class='ocrx_word' id='word_1_926' title='bbox 1265 2575 1325 2607; x_wconf 71' lang='lat' dir='ltr'>Pass</span> 
     </span>
    </p>
   </div>
   <div class='ocr_carea' id='block_1_18' title="bbox 1061 3254 1326 3285">
    <p class='ocr_par' dir='ltr' id='par_1_41' title="bbox 1061 3254 1326 3285">
     <span class='ocr_line' id='line_1_104' title="bbox 1061 3254 1326 3285; baseline -0.004 0"><span class='ocrx_word' id='word_1_927' title='bbox 1061 3255 1150 3285; x_wconf 89' lang='lat' dir='ltr'>Verba</span> <span class='ocrx_word' id='word_1_928' title='bbox 1169 3254 1231 3285; x_wconf 84' lang='lat' dir='ltr'>sunt</span> <span class='ocrx_word' id='word_1_929' title='bbox 1248 3255 1326 3285; x_wconf 85' lang='lat' dir='ltr'>Han-</span> 
     </span>
    </p>
   </div>
   <div class='ocr_carea' id='block_1_19' title="bbox 1031 719 1333 758">
    <p class='ocr_par' dir='ltr' id='par_1_42' title="bbox 1031 719 1333 758">
     <span class='ocr_line' id='line_1_105' title="bbox 1031 719 1333 758; baseline -0.02 -6"><span class='ocrx_word' id='word_1_930' title='bbox 1031 723 1131 752; x_wconf 86' lang='lat' dir='ltr'>Tantis</span> <span class='ocrx_word' id='word_1_931' title='bbox 1141 720 1278 758; x_wconf 83' lang='lat' dir='ltr'>segetibus</span> <span class='ocrx_word' id='word_1_932' title='bbox 1289 719 1333 747; x_wconf 87' lang='lat' dir='ltr'>in-</span> 
     </span>
    </p>
   </div>
   <div class='ocr_carea' id='block_1_20' title="bbox 1384 1509 2553 1550">
    <p class='ocr_par' dir='ltr' id='par_1_43' title="bbox 1384 1500 2598 1550">
     <span class='ocr_line' id='line_1_106' title="bbox 1384 1509 2553 1550; baseline -0.002 -7"><span class='ocrx_word' id='word_1_933' title='bbox 1384 1512 1610 1543; x_wconf 60' lang='lat' dir='ltr'>Cumanas.</span> <span class='ocrx_word' id='word_1_934' title='bbox 1631 1513 1696 1541; x_wconf 70' lang='lat' dir='ltr'>inis.</span> <span class='ocrx_word' id='word_1_935' title='bbox 1719 1521 1747 1541; x_wconf 84' lang='lat' dir='ltr'>n.</span> <span class='ocrx_word' id='word_1_936' title='bbox 1770 1509 1870 1548; x_wconf 53' lang='lat' dir='ltr'>[abab.</span> <span class='ocrx_word' id='word_1_937' title='bbox 1886 1510 1999 1548; x_wconf 61' lang='grc' dir='ltr'>ἆθλΘ-ι,</span> <span class='ocrx_word' id='word_1_938' title='bbox 2024 1512 2139 1548; x_wconf 59' lang='grc' dir='ltr'>ἅμιλλαι,</span> <span class='ocrx_word' id='word_1_939' title='bbox 2161 1512 2318 1547; x_wconf 35' lang='lat' dir='ltr'>aninumr]</span> <span class='ocrx_word' id='word_1_940' title='bbox 2338 1511 2399 1550; x_wconf 79' lang='lat' dir='ltr'>ipsa</span> <span class='ocrx_word' id='word_1_941' title='bbox 2411 1510 2553 1542; x_wconf 42' lang='lat' dir='ltr'>estcertaae</span> 
     </span>
    </p>
   </div>
   <div class='ocr_carea' id='block_1_21' title="bbox 1869 104 2147 142">
    <p class='ocr_par' dir='ltr' id='par_1_44' title="bbox 1869 104 2147 142">
     <span class='ocr_line' id='line_1_107' title="bbox 1869 104 2147 142; baseline -0.011 2"><span class='ocrx_word' id='word_1_942' title='bbox 1869 104 1898 138; x_wconf 90' lang='lat' dir='ltr'>C</span> <span class='ocrx_word' id='word_1_943' title='bbox 1992 107 2020 142; x_wconf 86' lang='lat' dir='ltr'>E</span> <span class='ocrx_word' id='word_1_944' title='bbox 2117 106 2147 141; x_wconf 92' lang='lat' dir='ltr'>R</span> 
     </span>
    </p>
   </div>
   <div class='ocr_carea' id='block_1_22' title="bbox 1416 178 2599 336">
    <p class='ocr_par' dir='ltr' id='par_1_45' title="bbox 1416 178 2599 336">
     <span class='ocr_line' id='line_1_108' title="bbox 1416 178 2599 229; baseline 0.004 -12"><span class='ocrx_word' id='word_1_945' title='bbox 1416 186 1511 217; x_wconf 82' lang='lat' dir='ltr'>Parem</span> <span class='ocrx_word' id='word_1_946' title='bbox 1522 184 1707 229; x_wconf 76' lang='lat' dir='ltr'>certationem</span> <span class='ocrx_word' id='word_1_947' title='bbox 1716 194 1781 215; x_wconf 82' lang='lat' dir='ltr'>cum</span> <span class='ocrx_word' id='word_1_948' title='bbox 1794 178 1887 228; x_wconf 84' lang='lat' dir='ltr'>aliquo</span> <span class='ocrx_word' id='word_1_949' title='bbox 1897 185 1960 216; x_wconf 77' lang='lat' dir='ltr'>esse.</span> <span class='ocrx_word' id='word_1_950' title='bbox 1983 187 2039 216; x_wconf 79' lang='lat' dir='ltr'>Cic.</span> <span class='ocrx_word' id='word_1_951' title='bbox 2050 197 2101 225; x_wconf 82' lang='lat' dir='ltr'>pro</span> <span class='ocrx_word' id='word_1_952' title='bbox 2113 187 2211 224; x_wconf 85' lang='lat' dir='ltr'>Quint.</span> <span class='ocrx_word' id='word_1_953' title='bbox 2229 192 2274 222; x_wconf 81' lang='lat'>68.</span> <span class='ocrx_word' id='word_1_954' title='bbox 2287 190 2325 218; x_wconf 92' lang='lat' dir='ltr'>An</span> <span class='ocrx_word' id='word_1_955' title='bbox 2338 195 2413 220; x_wconf 78' lang='lat' dir='ltr'>vero.</span> <span class='ocrx_word' id='word_1_956' title='bbox 2424 191 2450 220; x_wconf 88' lang='lat' dir='ltr'>id</span> <span class='ocrx_word' id='word_1_957' title='bbox 2463 186 2535 228; x_wconf 84' lang='lat' dir='ltr'>quod</span> <span class='ocrx_word' id='word_1_958' title='bbox 2597 185 2599 195; x_wconf 70' lang='lat'><strong>¹</strong></span> 
     </span>
     <span class='ocr_line' id='line_1_109' title="bbox 1436 221 2515 269; baseline 0.005 -15"><span class='ocrx_word' id='word_1_959' title='bbox 1436 225 1630 269; x_wconf 57' lang='lat' dir='ltr'>ldorrensium,</span> <span class='ocrx_word' id='word_1_960' title='bbox 1646 225 1701 267; x_wconf 28' lang='lat'>&amp;⁸03</span> <span class='ocrx_word' id='word_1_961' title='bbox 1720 233 1777 252; x_wconf 89' lang='lat' dir='ltr'>non</span> <span class='ocrx_word' id='word_1_962' title='bbox 1791 222 1869 267; x_wconf 70' lang='lat' dir='ltr'>fuisse</span> <span class='ocrx_word' id='word_1_963' title='bbox 1883 225 1976 253; x_wconf 65' lang='lat' dir='ltr'>Naevio</span> <span class='ocrx_word' id='word_1_964' title='bbox 1996 235 2091 263; x_wconf 83' lang='lat' dir='ltr'>parem</span> <span class='ocrx_word' id='word_1_965' title='bbox 2112 226 2295 256; x_wconf 78' lang='lat' dir='ltr'>certationem</span> <span class='ocrx_word' id='word_1_966' title='bbox 2307 237 2371 257; x_wconf 82' lang='lat' dir='ltr'>cum</span> <span class='ocrx_word' id='word_1_967' title='bbox 2393 221 2515 266; x_wconf 38' lang='lat' dir='ltr'>A‘lpheno</span> 
     </span>
     <span class='ocr_line' id='line_1_110' title="bbox 1437 253 2534 299; baseline -0.001 -8"><span class='ocrx_word' id='word_1_968' title='bbox 1437 261 1486 291; x_wconf 86' lang='lat' dir='ltr'>illo</span> <span class='ocrx_word' id='word_1_969' title='bbox 1496 270 1622 299; x_wconf 84' lang='lat' dir='ltr'>tempore</span> <span class='ocrx_word' id='word_1_970' title='bbox 1632 283 1639 295; x_wconf 75' lang='lat'>.</span> <span class='ocrx_word' id='word_1_971' title='bbox 1662 261 1716 290; x_wconf 85' lang='lat' dir='ltr'>illis</span> <span class='ocrx_word' id='word_1_972' title='bbox 1727 261 1960 291; x_wconf 76' lang='lat' dir='ltr'>dominantibus?</span> <span class='ocrx_word' id='word_1_973' title='bbox 2525 253 2534 266; x_wconf 78' lang='lat'>&#39;</span> 
     </span>
     <span class='ocr_line' id='line_1_111' title="bbox 1418 298 2534 336; baseline 0.004 -6"><span class='ocrx_word' id='word_1_974' title='bbox 1418 300 1539 330; x_wconf 88' lang='lat' dir='ltr'>Certatio</span> <span class='ocrx_word' id='word_1_975' title='bbox 1550 301 1630 328; x_wconf 86' lang='lat' dir='ltr'>inter.</span> <span class='ocrx_word' id='word_1_976' title='bbox 1649 298 1706 328; x_wconf 81' lang='lat' dir='ltr'>Cic.</span> <span class='ocrx_word' id='word_1_977' title='bbox 1716 299 1752 328; x_wconf 88' lang='lat' dir='ltr'>de</span> <span class='ocrx_word' id='word_1_978' title='bbox 1765 299 1875 329; x_wconf 85' lang='lat' dir='ltr'>Amicit.</span> <span class='ocrx_word' id='word_1_979' title='bbox 1883 310 1924 336; x_wconf 84' lang='lat'>32.</span> <span class='ocrx_word' id='word_1_980' title='bbox 1942 301 2030 336; x_wconf 81' lang='lat' dir='ltr'>Atque</span> <span class='ocrx_word' id='word_1_981' title='bbox 2040 300 2099 329; x_wconf 78' lang='lat' dir='ltr'>haec</span> <span class='ocrx_word' id='word_1_982' title='bbox 2110 301 2181 330; x_wconf 90' lang='lat' dir='ltr'>inter</span> <span class='ocrx_word' id='word_1_983' title='bbox 2191 311 2238 331; x_wconf 88' lang='lat' dir='ltr'>eos</span> <span class='ocrx_word' id='word_1_984' title='bbox 2250 302 2281 330; x_wconf 81' lang='lat' dir='ltr'>fit</span> <span class='ocrx_word' id='word_1_985' title='bbox 2290 302 2404 331; x_wconf 88' lang='lat' dir='ltr'>honesta</span> <span class='ocrx_word' id='word_1_986' title='bbox 2413 305 2534 335; x_wconf 73' lang='lat' dir='ltr'>certatio.</span> 
     </span>
    </p>
   </div>
   <div class='ocr_carea' id='block_1_23' title="bbox 1382 333 2534 377">
    <p class='ocr_par' dir='ltr' id='par_1_46' title="bbox 1382 333 2534 377">
     <span class='ocr_line' id='line_1_112' title="bbox 1382 333 2534 377; baseline -0.01 1"><span class='ocrx_word' id='word_1_987' title='bbox 1382 338 1404 368; x_wconf 78' lang='lat' dir='ltr'>C</span> <span class='ocrx_word' id='word_1_988' title='bbox 1414 349 1428 367; x_wconf 66' lang='lat' dir='ltr'>E</span> <span class='ocrx_word' id='word_1_989' title='bbox 1440 349 1453 366; x_wconf 70' lang='lat' dir='ltr'>R</span> <span class='ocrx_word' id='word_1_990' title='bbox 1466 343 1508 367; x_wconf 75' lang='grc' dir='ltr'>ΤᾸ</span> <span class='ocrx_word' id='word_1_991' title='bbox 1519 348 1538 366; x_wconf 75' lang='lat' dir='ltr'>T</span> <span class='ocrx_word' id='word_1_992' title='bbox 1548 348 1565 366; x_wconf 78' lang='lat' dir='ltr'>U</span> <span class='ocrx_word' id='word_1_993' title='bbox 1577 347 1589 366; x_wconf 78' lang='grc'>3</span> <span class='ocrx_word' id='word_1_994' title='bbox 1602 358 1610 371; x_wconf 65' lang='lat' dir='ltr'>a</span> <span class='ocrx_word' id='word_1_995' title='bbox 1633 340 1673 365; x_wconf 64' lang='lat'>[³3-</span> <span class='ocrx_word' id='word_1_996' title='bbox 1693 346 1730 366; x_wconf 80' lang='lat' dir='ltr'>m·</span> <span class='ocrx_word' id='word_1_997' title='bbox 1752 333 1920 372; x_wconf 42' lang='lat' dir='ltr'>[daemona]</span> <span class='ocrx_word' id='word_1_998' title='bbox 1942 337 2021 367; x_wconf 77' lang='lat' dir='ltr'>Idem</span> <span class='ocrx_word' id='word_1_999' title='bbox 2032 338 2108 375; x_wconf 90' lang='lat' dir='ltr'>quod</span> <span class='ocrx_word' id='word_1_1000' title='bbox 2125 339 2282 369; x_wconf 83' lang='lat' dir='ltr'>Certamen.</span> <span class='ocrx_word' id='word_1_1001' title='bbox 2304 340 2370 369; x_wconf 85' lang='lat' dir='ltr'>Stat.</span> <span class='ocrx_word' id='word_1_1002' title='bbox 2388 349 2413 377; x_wconf 82' lang='lat'>3.</span> <span class='ocrx_word' id='word_1_1003' title='bbox 2432 341 2496 372; x_wconf 80' lang='lat' dir='ltr'>Silv,</span> <span class='ocrx_word' id='word_1_1004' title='bbox 2511 353 2534 372; x_wconf 75' lang='lat' dir='ltr'>r.</span> 
     </span>
    </p>
   </div>
   <div class='ocr_carea' id='block_1_24' title="bbox 1385 373 2604 901">
    <p class='ocr_par' dir='ltr' id='par_1_47' title="bbox 1385 373 2604 901">
     <span class='ocr_line' id='line_1_113' title="bbox 1680 373 1986 413; baseline 0.003 -10"><span class='ocrx_word' id='word_1_1005' title='bbox 1680 390 1717 394; x_wconf 83' lang='lat'><strong>—</strong></span> <span class='ocrx_word' id='word_1_1006' title='bbox 1726 373 1854 410; x_wconf 83' lang='lat' dir='ltr'>ridetque</span> <span class='ocrx_word' id='word_1_1007' title='bbox 1864 376 1986 413; x_wconf 85' lang='lat' dir='ltr'>benigna</span> 
     </span>
     <span class='ocr_line' id='line_1_114' title="bbox 1502 411 2233 451; baseline 0.003 -9"><span class='ocrx_word' id='word_1_1008' title='bbox 1502 412 1675 449; x_wconf 83' lang='lat' dir='ltr'>Parthenope</span> <span class='ocrx_word' id='word_1_1009' title='bbox 1688 412 1798 441; x_wconf 85' lang='lat' dir='ltr'>Gentile</span> <span class='ocrx_word' id='word_1_1010' title='bbox 1808 413 1912 442; x_wconf 76' lang='lat' dir='ltr'>sacrum</span> <span class='ocrx_word' id='word_1_1011' title='bbox 1930 436 1937 446; x_wconf 77' lang='lat'>.</span> <span class='ocrx_word' id='word_1_1012' title='bbox 1959 411 2233 451; x_wconf 87' lang='lat' dir='ltr'>nudosquevirorum</span> 
     </span>
     <span class='ocr_line' id='line_1_115' title="bbox 1501 450 2134 493; baseline 0.002 -14"><span class='ocrx_word' id='word_1_1013' title='bbox 1501 451 1629 480; x_wconf 82' lang='lat' dir='ltr'>Certatus</span> <span class='ocrx_word' id='word_1_1014' title='bbox 1641 472 1647 482; x_wconf 76' lang='lat'>.</span> <span class='ocrx_word' id='word_1_1015' title='bbox 1668 452 1696 493; x_wconf 34' lang='lat' dir='ltr'>’Gt</span> <span class='ocrx_word' id='word_1_1016' title='bbox 1706 460 1789 488; x_wconf 85' lang='lat' dir='ltr'>parva</span> <span class='ocrx_word' id='word_1_1017' title='bbox 1800 450 1852 480; x_wconf 78' lang='lat' dir='ltr'>suae</span> <span class='ocrx_word' id='word_1_1018' title='bbox 1863 451 2004 480; x_wconf 75' lang='lat' dir='ltr'>simulacra</span> <span class='ocrx_word' id='word_1_1019' title='bbox 2015 461 2134 481; x_wconf 88' lang='lat' dir='ltr'>coronae.</span> 
     </span>
     <span class='ocr_line' id='line_1_116' title="bbox 1385 488 2458 535; baseline 0.002 -18"><span class='ocrx_word' id='word_1_1020' title='bbox 1385 488 1432 535; x_wconf 71' lang='lat' dir='ltr'>Ca</span> <span class='ocrx_word' id='word_1_1021' title='bbox 1442 498 1458 518; x_wconf 70' lang='lat' dir='ltr'>a</span> <span class='ocrx_word' id='word_1_1022' title='bbox 1467 492 1512 533; x_wconf 54' lang='lat' dir='ltr'>T}</span> <span class='ocrx_word' id='word_1_1023' title='bbox 1523 498 1542 516; x_wconf 89' lang='lat' dir='ltr'>T</span> <span class='ocrx_word' id='word_1_1024' title='bbox 1551 499 1566 516; x_wconf 90' lang='lat' dir='ltr'>o</span> <span class='ocrx_word' id='word_1_1025' title='bbox 1577 498 1591 515; x_wconf 69' lang='lat' dir='ltr'>a</span> <span class='ocrx_word' id='word_1_1026' title='bbox 1603 509 1611 521; x_wconf 79' lang='lat'>.</span> <span class='ocrx_word' id='word_1_1027' title='bbox 1634 491 1697 517; x_wconf 61' lang='lat' dir='ltr'>bris.</span> <span class='ocrx_word' id='word_1_1028' title='bbox 1720 497 1755 516; x_wconf 93' lang='lat' dir='ltr'>m.</span> <span class='ocrx_word' id='word_1_1029' title='bbox 1779 489 1900 526; x_wconf 82' lang='lat' dir='ltr'>Agrestes</span> <span class='ocrx_word' id='word_1_1030' title='bbox 1912 489 2080 518; x_wconf 79' lang='lat' dir='ltr'>&amp;indomiti</span> <span class='ocrx_word' id='word_1_1031' title='bbox 2093 495 2252 519; x_wconf 89' lang='lat' dir='ltr'>certatores.</span> <span class='ocrx_word' id='word_1_1032' title='bbox 2275 489 2346 520; x_wconf 91' lang='lat' dir='ltr'>Gell.</span> <span class='ocrx_word' id='word_1_1033' title='bbox 2361 498 2404 519; x_wconf 90' lang='lat'>12.</span> <span class='ocrx_word' id='word_1_1034' title='bbox 2415 499 2458 520; x_wconf 87' lang='grc' dir='ltr'>1ο.</span> 
     </span>
     <span class='ocr_line' id='line_1_117' title="bbox 1385 526 2602 570; baseline 0.003 -16"><span class='ocrx_word' id='word_1_1035' title='bbox 1385 527 1584 570; x_wconf 27' lang='grc'>0111191111</span> <span class='ocrx_word' id='word_1_1036' title='bbox 1597 547 1604 559; x_wconf 83' lang='grc'><em>,</em></span> <span class='ocrx_word' id='word_1_1037' title='bbox 1629 526 1694 569; x_wconf 82' lang='lat' dir='ltr'>Adv.</span> <span class='ocrx_word' id='word_1_1038' title='bbox 1716 527 1896 561; x_wconf 52' lang='lat' dir='ltr'>[dam-smmis]</span> <span class='ocrx_word' id='word_1_1039' title='bbox 1917 527 1989 555; x_wconf 82' lang='lat' dir='ltr'>Cum</span> <span class='ocrx_word' id='word_1_1040' title='bbox 2007 528 2207 556; x_wconf 86' lang='lat' dir='ltr'>contentione:</span> <span class='ocrx_word' id='word_1_1041' title='bbox 2230 528 2344 564; x_wconf 89' lang='lat' dir='ltr'>quando</span> <span class='ocrx_word' id='word_1_1042' title='bbox 2366 527 2435 557; x_wconf 81' lang='lat' dir='ltr'>alius</span> <span class='ocrx_word' id='word_1_1043' title='bbox 2454 527 2538 560; x_wconf 72' lang='lat' dir='ltr'>alium</span> <span class='ocrx_word' id='word_1_1044' title='bbox 2598 553 2602 560; x_wconf 91' lang='lat'>.</span> 
     </span>
     <span class='ocr_line' id='line_1_118' title="bbox 1422 562 2604 608; baseline 0.002 -15"><span class='ocrx_word' id='word_1_1045' title='bbox 1422 573 1521 603; x_wconf 52' lang='lat' dir='ltr'>praeire</span> <span class='ocrx_word' id='word_1_1046' title='bbox 1533 569 1650 592; x_wconf 84' lang='lat' dir='ltr'>conatur</span> <span class='ocrx_word' id='word_1_1047' title='bbox 1661 572 1689 592; x_wconf 88' lang='lat' dir='ltr'>in</span> <span class='ocrx_word' id='word_1_1048' title='bbox 1699 574 1728 593; x_wconf 89' lang='lat' dir='ltr'>re</span> <span class='ocrx_word' id='word_1_1049' title='bbox 1739 564 1837 601; x_wconf 89' lang='lat' dir='ltr'>aliqua.</span> <span class='ocrx_word' id='word_1_1050' title='bbox 1879 564 1946 594; x_wconf 88' lang='lat' dir='ltr'>Piin.</span> <span class='ocrx_word' id='word_1_1051' title='bbox 1961 564 2007 593; x_wconf 91' lang='lat' dir='ltr'>lib.</span> <span class='ocrx_word' id='word_1_1052' title='bbox 2021 575 2047 594; x_wconf 86' lang='lat'>2.</span> <span class='ocrx_word' id='word_1_1053' title='bbox 2064 564 2146 602; x_wconf 87' lang='lat' dir='ltr'>Epist.</span> <span class='ocrx_word' id='word_1_1054' title='bbox 2164 576 2189 600; x_wconf 86' lang='lat'>9.</span> <span class='ocrx_word' id='word_1_1055' title='bbox 2213 566 2320 598; x_wconf 89' lang='lat' dir='ltr'>Omnes</span> <span class='ocrx_word' id='word_1_1056' title='bbox 2335 575 2379 594; x_wconf 88' lang='lat' dir='ltr'>me</span> <span class='ocrx_word' id='word_1_1057' title='bbox 2395 567 2519 596; x_wconf 82' lang='lat' dir='ltr'>certatim</span> <span class='ocrx_word' id='word_1_1058' title='bbox 2534 584 2537 586; x_wconf 99' lang='lat'>-</span> <span class='ocrx_word' id='word_1_1059' title='bbox 2590 562 2604 608; x_wconf 49' lang='lat' dir='ltr'>..j</span> 
     </span>
     <span class='ocr_line' id='line_1_119' title="bbox 1422 589 2595 645; baseline 0.002 -13"><span class='ocrx_word' id='word_1_1060' title='bbox 1422 603 1552 632; x_wconf 75' lang='lat' dir='ltr'>&amp;tamen</span> <span class='ocrx_word' id='word_1_1061' title='bbox 1565 602 1813 645; x_wconf 70' lang='lat' dir='ltr'>acqualiteramant.</span> <span class='ocrx_word' id='word_1_1062' title='bbox 1855 602 1911 631; x_wconf 88' lang='lat' dir='ltr'>Liv.</span> <span class='ocrx_word' id='word_1_1063' title='bbox 1925 605 1969 631; x_wconf 86' lang='lat'>26.</span> <span class='ocrx_word' id='word_1_1064' title='bbox 1982 612 2026 637; x_wconf 84' lang='lat'>44.</span> <span class='ocrx_word' id='word_1_1065' title='bbox 2044 609 2114 631; x_wconf 87' lang='lat' dir='ltr'>extr.</span> <span class='ocrx_word' id='word_1_1066' title='bbox 2141 603 2235 640; x_wconf 89' lang='lat' dir='ltr'>Itaque</span> <span class='ocrx_word' id='word_1_1067' title='bbox 2254 603 2283 631; x_wconf 92' lang='lat' dir='ltr'>in</span> <span class='ocrx_word' id='word_1_1068' title='bbox 2303 603 2419 632; x_wconf 90' lang='lat' dir='ltr'>vulnera</span> <span class='ocrx_word' id='word_1_1069' title='bbox 2434 613 2466 633; x_wconf 88' lang='lat' dir='ltr'>ac</span> <span class='ocrx_word' id='word_1_1070' title='bbox 2485 589 2539 635; x_wconf 50' lang='lat' dir='ltr'>tel}</span> <span class='ocrx_word' id='word_1_1071' title='bbox 2590 591 2595 613; x_wconf 69' lang='lat' dir='ltr'>l</span> 
     </span>
     <span class='ocr_line' id='line_1_120' title="bbox 1422 623 2604 682; baseline 0.003 -13"><span class='ocrx_word' id='word_1_1072' title='bbox 1422 646 1523 682; x_wconf 42' lang='lat' dir='ltr'>ruunt..</span> <span class='ocrx_word' id='word_1_1073' title='bbox 1545 639 1706 676; x_wconf 86' lang='lat' dir='ltr'>nequeillos</span> <span class='ocrx_word' id='word_1_1074' title='bbox 1717 640 1806 676; x_wconf 87' lang='lat' dir='ltr'>muri,</span> <span class='ocrx_word' id='word_1_1075' title='bbox 1826 650 1918 678; x_wconf 88' lang='lat' dir='ltr'>neque</span> <span class='ocrx_word' id='word_1_1076' title='bbox 1931 639 2113 678; x_wconf 82' lang='lat' dir='ltr'>superstantes</span> <span class='ocrx_word' id='word_1_1077' title='bbox 2125 641 2221 671; x_wconf 87' lang='lat' dir='ltr'>armati</span> <span class='ocrx_word' id='word_1_1078' title='bbox 2231 650 2323 671; x_wconf 78' lang='lat' dir='ltr'>arcere</span> <span class='ocrx_word' id='word_1_1079' title='bbox 2334 645 2456 678; x_wconf 78' lang='lat' dir='ltr'>queunt,</span> <span class='ocrx_word' id='word_1_1080' title='bbox 2474 643 2540 679; x_wconf 85' lang='lat' dir='ltr'>quin</span> <span class='ocrx_word' id='word_1_1081' title='bbox 2590 623 2604 672; x_wconf 70' lang='lat' dir='ltr'>ii</span> 
     </span>
     <span class='ocr_line' id='line_1_121' title="bbox 1421 671 2604 707; baseline 0.003 -1"><span class='ocrx_word' id='word_1_1082' title='bbox 1421 685 1546 707; x_wconf 76' lang='lat' dir='ltr'>certatim</span> <span class='ocrx_word' id='word_1_1083' title='bbox 1560 677 1717 707; x_wconf 79' lang='lat' dir='ltr'>ascendant.</span> <span class='ocrx_word' id='word_1_1084' title='bbox 2589 671 2604 701; x_wconf 64' lang='lat'>=³</span> 
     </span>
     <span class='ocr_line' id='line_1_122' title="bbox 1422 713 2604 751; baseline 0.001 -7"><span class='ocrx_word' id='word_1_1085' title='bbox 1422 716 1541 744; x_wconf 87' lang='lat' dir='ltr'>Cantare</span> <span class='ocrx_word' id='word_1_1086' title='bbox 1553 716 1687 744; x_wconf 76' lang='lat' dir='ltr'>certatim.</span> <span class='ocrx_word' id='word_1_1087' title='bbox 1711 715 1777 746; x_wconf 91' lang='lat' dir='ltr'>Hor.</span> <span class='ocrx_word' id='word_1_1088' title='bbox 1791 725 1813 745; x_wconf 88' lang='lat'>1.</span> <span class='ocrx_word' id='word_1_1089' title='bbox 1827 715 1914 744; x_wconf 85' lang='lat' dir='ltr'>Serm.</span> <span class='ocrx_word' id='word_1_1090' title='bbox 1935 726 1958 751; x_wconf 83' lang='lat'>5.</span> <span class='ocrx_word' id='word_1_1091' title='bbox 1976 724 2019 751; x_wconf 88' lang='grc'>17.</span> <span class='ocrx_word' id='word_1_1092' title='bbox 2588 713 2604 746; x_wconf 60' lang='lat'>²..</span> 
     </span>
     <span class='ocr_line' id='line_1_123' title="bbox 2586 733 2593 871; baseline 0 0"><span class='ocrx_word' id='word_1_1093' title='bbox 2586 733 2593 871; x_wconf 77' lang='lat' dir='ltr'>i</span> 
     </span>
     <span class='ocr_line' id='line_1_124' title="bbox 2584 873 2592 901; baseline 0 0"><span class='ocrx_word' id='word_1_1094' title='bbox 2584 873 2592 901; x_wconf 68' lang='lat' dir='ltr'>l</span> 
     </span>
    </p>
   </div>
   <div class='ocr_carea' id='block_1_25' title="bbox 1422 385 1484 413">
    <p class='ocr_par' dir='ltr' id='par_1_48' title="bbox 1422 385 1484 413">
     <span class='ocr_line' id='line_1_125' title="bbox 1422 385 1484 413; baseline 0 -8"><span class='ocrx_word' id='word_1_1095' title='bbox 1422 385 1484 413; x_wconf 83' lang='lat'>153.</span> 
     </span>
    </p>
   </div>
   <div class='ocr_carea' id='block_1_26' title="bbox 1421 753 2585 1512">
    <p class='ocr_par' dir='ltr' id='par_1_49' title="bbox 1423 753 2099 791">
     <span class='ocr_line' id='line_1_126' title="bbox 1423 753 2099 791; baseline 0 -9"><span class='ocrx_word' id='word_1_1096' title='bbox 1423 753 1605 784; x_wconf 83' lang='lat' dir='ltr'>Circumstare</span> <span class='ocrx_word' id='word_1_1097' title='bbox 1617 754 1752 783; x_wconf 85' lang='lat' dir='ltr'>certatim.</span> <span class='ocrx_word' id='word_1_1098' title='bbox 1777 753 1887 791; x_wconf 84' lang='lat' dir='ltr'>Virg.7.</span> <span class='ocrx_word' id='word_1_1099' title='bbox 1905 753 1965 783; x_wconf 86' lang='lat' dir='ltr'>AEn.</span> <span class='ocrx_word' id='word_1_1100' title='bbox 1980 759 2042 789; x_wconf 70' lang='lat'>585·</span> <span class='ocrx_word' id='word_1_1101' title='bbox 2097 785 2099 789; x_wconf 22' lang='lat' dir='ltr'>y</span> 
     </span>
    </p>

    <p class='ocr_par' dir='ltr' id='par_1_50' title="bbox 1423 790 2112 834">
     <span class='ocr_line' id='line_1_127' title="bbox 1423 790 2112 834; baseline 0.001 -15"><span class='ocrx_word' id='word_1_1102' title='bbox 1423 827 1426 830; x_wconf 13' lang='grc' dir='ltr'><strong><em>ἦ</em></strong></span> <span class='ocrx_word' id='word_1_1103' title='bbox 1516 791 1648 834; x_wconf 75' lang='lat' dir='ltr'>Certatim</span> <span class='ocrx_word' id='word_1_1104' title='bbox 1661 792 1731 828; x_wconf 80' lang='lat' dir='ltr'>regis</span> <span class='ocrx_word' id='word_1_1105' title='bbox 1741 792 1918 821; x_wconf 85' lang='lat' dir='ltr'>circumstant</span> <span class='ocrx_word' id='word_1_1106' title='bbox 1929 793 2000 820; x_wconf 71' lang='lat' dir='ltr'>tetfta</span> <span class='ocrx_word' id='word_1_1107' title='bbox 2012 790 2112 820; x_wconf 88' lang='lat' dir='ltr'>Latini.</span> 
     </span>
    </p>

    <p class='ocr_par' dir='ltr' id='par_1_51' title="bbox 1423 827 2542 941">
     <span class='ocr_line' id='line_1_128' title="bbox 1423 827 2542 866; baseline 0.003 -8"><span class='ocrx_word' id='word_1_1108' title='bbox 1423 828 1556 858; x_wconf 83' lang='lat' dir='ltr'>Constant</span> <span class='ocrx_word' id='word_1_1109' title='bbox 1568 833 1701 858; x_wconf 77' lang='lat' dir='ltr'>internos</span> <span class='ocrx_word' id='word_1_1110' title='bbox 1712 830 1838 859; x_wconf 87' lang='lat' dir='ltr'>certatim</span> <span class='ocrx_word' id='word_1_1111' title='bbox 1847 829 1952 858; x_wconf 85' lang='lat' dir='ltr'>summa</span> <span class='ocrx_word' id='word_1_1112' title='bbox 1969 829 2063 858; x_wconf 85' lang='lat' dir='ltr'>studia.</span> <span class='ocrx_word' id='word_1_1113' title='bbox 2106 828 2164 858; x_wconf 90' lang='lat' dir='ltr'>Cic.</span> <span class='ocrx_word' id='word_1_1114' title='bbox 2181 838 2222 858; x_wconf 85' lang='lat'>10.</span> <span class='ocrx_word' id='word_1_1115' title='bbox 2235 827 2309 859; x_wconf 86' lang='lat' dir='ltr'>Fam.</span> <span class='ocrx_word' id='word_1_1116' title='bbox 2323 838 2368 866; x_wconf 70' lang='grc' dir='ltr'>ας.</span> <span class='ocrx_word' id='word_1_1117' title='bbox 2395 829 2450 859; x_wconf 85' lang='lat' dir='ltr'>Etsi</span> <span class='ocrx_word' id='word_1_1118' title='bbox 2464 827 2542 861; x_wconf 75' lang='lat' dir='ltr'>omni</span> 
     </span>
     <span class='ocr_line' id='line_1_129' title="bbox 1440 865 2540 934; baseline 0.004 -40"><span class='ocrx_word' id='word_1_1119' title='bbox 1440 872 1570 933; x_wconf 43' lang='lat' dir='ltr'>tempohe</span> <span class='ocrx_word' id='word_1_1120' title='bbox 1582 865 1687 934; x_wconf 48' lang='lat' dir='ltr'>sungcma</span> <span class='ocrx_word' id='word_1_1121' title='bbox 1695 867 1783 897; x_wconf 85' lang='lat' dir='ltr'>studia</span> <span class='ocrx_word' id='word_1_1122' title='bbox 1801 867 1888 897; x_wconf 87' lang='lat' dir='ltr'>officii</span> <span class='ocrx_word' id='word_1_1123' title='bbox 1909 873 2009 896; x_wconf 90' lang='lat' dir='ltr'>mutuo</span> <span class='ocrx_word' id='word_1_1124' title='bbox 2027 868 2099 896; x_wconf 90' lang='lat' dir='ltr'>inter</span> <span class='ocrx_word' id='word_1_1125' title='bbox 2117 876 2169 896; x_wconf 90' lang='lat' dir='ltr'>nos</span> <span class='ocrx_word' id='word_1_1126' title='bbox 2190 868 2320 897; x_wconf 86' lang='lat' dir='ltr'>certatim</span> <span class='ocrx_word' id='word_1_1127' title='bbox 2339 869 2540 905; x_wconf 72' lang='lat' dir='ltr'>constiterunt,</span> 
     </span>
     <span class='ocr_line' id='line_1_130' title="bbox 1442 913 1676 941; baseline 0.013 -10"><span class='ocrx_word' id='word_1_1128' title='bbox 1442 914 1493 941; x_wconf 90' lang='lat' dir='ltr'>pro</span> <span class='ocrx_word' id='word_1_1129' title='bbox 1503 914 1539 932; x_wconf 89' lang='lat' dir='ltr'>no</span> <span class='ocrx_word' id='word_1_1130' title='bbox 1565 913 1592 933; x_wconf 86' lang='lat' dir='ltr'>ra</span> <span class='ocrx_word' id='word_1_1131' title='bbox 1603 926 1610 938; x_wconf 82' lang='lat'>,</span> <span class='ocrx_word' id='word_1_1132' title='bbox 1652 914 1676 934; x_wconf 91' lang='lat' dir='ltr'>c.</span> 
     </span>
    </p>

    <p class='ocr_par' dir='ltr' id='par_1_52' title="bbox 1422 942 2541 1016">
     <span class='ocr_line' id='line_1_131' title="bbox 1422 942 2541 979; baseline 0.004 -9"><span class='ocrx_word' id='word_1_1133' title='bbox 1422 942 1543 971; x_wconf 86' lang='lat' dir='ltr'>Credere</span> <span class='ocrx_word' id='word_1_1134' title='bbox 1554 943 1691 971; x_wconf 84' lang='lat' dir='ltr'>certatim.</span> <span class='ocrx_word' id='word_1_1135' title='bbox 1730 942 1790 972; x_wconf 87' lang='lat' dir='ltr'>Liv.</span> <span class='ocrx_word' id='word_1_1136' title='bbox 1808 952 1830 972; x_wconf 92' lang='lat'>1.</span> <span class='ocrx_word' id='word_1_1137' title='bbox 1851 953 1895 978; x_wconf 84' lang='lat'>54.</span> <span class='ocrx_word' id='word_1_1138' title='bbox 1917 943 2053 973; x_wconf 86' lang='lat' dir='ltr'>Certatim</span> <span class='ocrx_word' id='word_1_1139' title='bbox 2071 943 2190 978; x_wconf 83' lang='lat' dir='ltr'>summi,</span> <span class='ocrx_word' id='word_1_1140' title='bbox 2211 943 2355 979; x_wconf 86' lang='lat' dir='ltr'>infimique</span> <span class='ocrx_word' id='word_1_1141' title='bbox 2373 942 2541 974; x_wconf 81' lang='lat' dir='ltr'>Gabinorum</span> 
     </span>
     <span class='ocr_line' id='line_1_132' title="bbox 1440 980 2362 1016; baseline 0.001 -7"><span class='ocrx_word' id='word_1_1142' title='bbox 1440 980 1556 1009; x_wconf 84' lang='lat' dir='ltr'>Sextum</span> <span class='ocrx_word' id='word_1_1143' title='bbox 1568 980 1752 1016; x_wconf 88' lang='lat' dir='ltr'>Tarquinium</span> <span class='ocrx_word' id='word_1_1144' title='bbox 1764 981 1840 1010; x_wconf 91' lang='lat' dir='ltr'>dono</span> <span class='ocrx_word' id='word_1_1145' title='bbox 1852 981 1936 1010; x_wconf 89' lang='lat' dir='ltr'>deum</span> <span class='ocrx_word' id='word_1_1146' title='bbox 1947 980 1993 1010; x_wconf 87' lang='lat' dir='ltr'>sibi</span> <span class='ocrx_word' id='word_1_1147' title='bbox 2005 981 2115 1011; x_wconf 72' lang='lat' dir='ltr'>missum</span> <span class='ocrx_word' id='word_1_1148' title='bbox 2130 981 2231 1011; x_wconf 79' lang='lat' dir='ltr'>ducem</span> <span class='ocrx_word' id='word_1_1149' title='bbox 2241 981 2362 1010; x_wconf 89' lang='lat' dir='ltr'>credere.</span> 
     </span>
    </p>

    <p class='ocr_par' dir='ltr' id='par_1_53' title="bbox 1422 1017 2540 1099">
     <span class='ocr_line' id='line_1_133' title="bbox 1422 1017 2540 1057; baseline 0.002 -11"><span class='ocrx_word' id='word_1_1150' title='bbox 1422 1017 1541 1047; x_wconf 87' lang='lat' dir='ltr'>Currere</span> <span class='ocrx_word' id='word_1_1151' title='bbox 1552 1019 1677 1047; x_wconf 82' lang='lat' dir='ltr'>certatim</span> <span class='ocrx_word' id='word_1_1152' title='bbox 1686 1019 1720 1047; x_wconf 89' lang='lat' dir='ltr'>ad</span> <span class='ocrx_word' id='word_1_1153' title='bbox 1730 1028 1809 1056; x_wconf 90' lang='lat' dir='ltr'>opus.</span> <span class='ocrx_word' id='word_1_1154' title='bbox 1850 1019 1908 1049; x_wconf 89' lang='lat' dir='ltr'>Cic.</span> <span class='ocrx_word' id='word_1_1155' title='bbox 1923 1029 1949 1048; x_wconf 90' lang='lat'>2.</span> <span class='ocrx_word' id='word_1_1156' title='bbox 1963 1019 2083 1057; x_wconf 88' lang='lat' dir='ltr'>Philipp.</span> <span class='ocrx_word' id='word_1_1157' title='bbox 2104 1025 2165 1053; x_wconf 88' lang='lat'>118.</span> <span class='ocrx_word' id='word_1_1158' title='bbox 2187 1020 2320 1048; x_wconf 80' lang='lat' dir='ltr'>Certatim</span> <span class='ocrx_word' id='word_1_1159' title='bbox 2328 1018 2456 1056; x_wconf 86' lang='lat' dir='ltr'>posthac,</span> <span class='ocrx_word' id='word_1_1160' title='bbox 2473 1019 2540 1049; x_wconf 74' lang='lat' dir='ltr'>mihi</span> 
     </span>
     <span class='ocr_line' id='line_1_134' title="bbox 1441 1056 2372 1099; baseline 0.001 -15"><span class='ocrx_word' id='word_1_1161' title='bbox 1441 1056 1525 1099; x_wconf 76' lang='lat' dir='ltr'>crede</span> <span class='ocrx_word' id='word_1_1162' title='bbox 1535 1077 1543 1090; x_wconf 77' lang='grc'><em>,</em></span> <span class='ocrx_word' id='word_1_1163' title='bbox 1564 1056 1600 1085; x_wconf 90' lang='lat' dir='ltr'>ad</span> <span class='ocrx_word' id='word_1_1164' title='bbox 1616 1056 1669 1085; x_wconf 92' lang='lat' dir='ltr'>hoc</span> <span class='ocrx_word' id='word_1_1165' title='bbox 1681 1067 1752 1094; x_wconf 89' lang='lat' dir='ltr'>opus</span> <span class='ocrx_word' id='word_1_1166' title='bbox 1761 1062 1895 1086; x_wconf 90' lang='lat' dir='ltr'>curretur.</span> <span class='ocrx_word' id='word_1_1167' title='bbox 1931 1057 1959 1086; x_wconf 92' lang='lat' dir='ltr'>h.</span> <span class='ocrx_word' id='word_1_1168' title='bbox 1975 1068 2000 1086; x_wconf 91' lang='lat' dir='ltr'>e.</span> <span class='ocrx_word' id='word_1_1169' title='bbox 2021 1058 2135 1087; x_wconf 83' lang='lat' dir='ltr'>Summa</span> <span class='ocrx_word' id='word_1_1170' title='bbox 2145 1067 2209 1086; x_wconf 89' lang='lat' dir='ltr'>cum</span> <span class='ocrx_word' id='word_1_1171' title='bbox 2219 1057 2372 1093; x_wconf 84' lang='lat' dir='ltr'>diligentia.</span> 
     </span>
    </p>

    <p class='ocr_par' dir='ltr' id='par_1_54' title="bbox 1422 1090 2585 1175">
     <span class='ocr_line' id='line_1_135' title="bbox 1422 1090 2585 1138; baseline 0.001 -14"><span class='ocrx_word' id='word_1_1172' title='bbox 1422 1093 1524 1137; x_wconf 71' lang='lat' dir='ltr'>Dicere</span> <span class='ocrx_word' id='word_1_1173' title='bbox 1531 1095 1657 1137; x_wconf 80' lang='lat' dir='ltr'>certatim</span> <span class='ocrx_word' id='word_1_1174' title='bbox 1669 1095 1705 1138; x_wconf 81' lang='lat' dir='ltr'>de</span> <span class='ocrx_word' id='word_1_1175' title='bbox 1716 1094 1802 1124; x_wconf 91' lang='lat' dir='ltr'>salute</span> <span class='ocrx_word' id='word_1_1176' title='bbox 1811 1094 1937 1128; x_wconf 82' lang='lat' dir='ltr'>alicujus.</span> <span class='ocrx_word' id='word_1_1177' title='bbox 1960 1095 2019 1124; x_wconf 91' lang='lat' dir='ltr'>Cic.</span> <span class='ocrx_word' id='word_1_1178' title='bbox 2032 1105 2084 1133; x_wconf 89' lang='lat' dir='ltr'>pro</span> <span class='ocrx_word' id='word_1_1179' title='bbox 2094 1096 2169 1124; x_wconf 86' lang='lat' dir='ltr'>Sext.</span> <span class='ocrx_word' id='word_1_1180' title='bbox 2180 1104 2224 1132; x_wconf 80' lang='grc'>74.</span> <span class='ocrx_word' id='word_1_1181' title='bbox 2248 1095 2344 1131; x_wconf 85' lang='lat' dir='ltr'>Quum</span> <span class='ocrx_word' id='word_1_1182' title='bbox 2353 1103 2450 1123; x_wconf 90' lang='lat' dir='ltr'>omnes</span> <span class='ocrx_word' id='word_1_1183' title='bbox 2458 1099 2540 1125; x_wconf 58' lang='lat' dir='ltr'>certa*</span> <span class='ocrx_word' id='word_1_1184' title='bbox 2584 1090 2585 1094; x_wconf 33' lang='lat'>¹</span> 
     </span>
     <span class='ocr_line' id='line_1_136' title="bbox 1441 1130 2489 1175; baseline 0.002 -15"><span class='ocrx_word' id='word_1_1185' title='bbox 1441 1139 1493 1175; x_wconf 81' lang='lat' dir='ltr'>tim</span> <span class='ocrx_word' id='word_1_1186' title='bbox 1502 1153 1510 1166; x_wconf 84' lang='lat'>.‚</span> <span class='ocrx_word' id='word_1_1187' title='bbox 1531 1131 1653 1175; x_wconf 80' lang='lat' dir='ltr'>aliusque</span> <span class='ocrx_word' id='word_1_1188' title='bbox 1662 1130 1717 1161; x_wconf 90' lang='lat' dir='ltr'>alio</span> <span class='ocrx_word' id='word_1_1189' title='bbox 1729 1133 1835 1169; x_wconf 84' lang='lat' dir='ltr'>gravius</span> <span class='ocrx_word' id='word_1_1190' title='bbox 1845 1140 1927 1169; x_wconf 88' lang='lat' dir='ltr'>atque</span> <span class='ocrx_word' id='word_1_1191' title='bbox 1938 1133 2061 1162; x_wconf 87' lang='lat' dir='ltr'>ornatius</span> <span class='ocrx_word' id='word_1_1192' title='bbox 2075 1133 2109 1162; x_wconf 91' lang='lat' dir='ltr'>de</span> <span class='ocrx_word' id='word_1_1193' title='bbox 2119 1143 2181 1162; x_wconf 84' lang='lat' dir='ltr'>mea</span> <span class='ocrx_word' id='word_1_1194' title='bbox 2197 1132 2282 1162; x_wconf 87' lang='lat' dir='ltr'>salute</span> <span class='ocrx_word' id='word_1_1195' title='bbox 2293 1131 2421 1167; x_wconf 73' lang='lat' dir='ltr'>dixisset,</span> <span class='ocrx_word' id='word_1_1196' title='bbox 2436 1133 2489 1162; x_wconf 73' lang='grc' dir='ltr'>διε.</span> 
     </span>
    </p>

    <p class='ocr_par' dir='ltr' id='par_1_55' title="bbox 1421 1168 2440 1209">
     <span class='ocr_line' id='line_1_137' title="bbox 1421 1168 2440 1209; baseline 0.002 -11"><span class='ocrx_word' id='word_1_1197' title='bbox 1421 1168 1536 1199; x_wconf 89' lang='lat' dir='ltr'>Feriunt</span> <span class='ocrx_word' id='word_1_1198' title='bbox 1549 1175 1677 1198; x_wconf 82' lang='lat' dir='ltr'>certatim</span> <span class='ocrx_word' id='word_1_1199' title='bbox 1687 1170 1753 1199; x_wconf 90' lang='lat' dir='ltr'>socii</span> <span class='ocrx_word' id='word_1_1200' title='bbox 1762 1180 1838 1200; x_wconf 89' lang='lat' dir='ltr'>mare</span> <span class='ocrx_word' id='word_1_1201' title='bbox 1850 1193 1858 1206; x_wconf 84' lang='lat'>,</span> <span class='ocrx_word' id='word_1_1202' title='bbox 1876 1172 1902 1200; x_wconf 65' lang='grc' dir='ltr'><strong>ἃ</strong></span> <span class='ocrx_word' id='word_1_1203' title='bbox 1912 1181 2023 1207; x_wconf 72' lang='lat' dir='ltr'>aequora</span> <span class='ocrx_word' id='word_1_1204' title='bbox 2033 1176 2153 1201; x_wconf 90' lang='lat' dir='ltr'>verrunt.</span> <span class='ocrx_word' id='word_1_1205' title='bbox 2176 1169 2249 1209; x_wconf 85' lang='lat' dir='ltr'>Virg.</span> <span class='ocrx_word' id='word_1_1206' title='bbox 2261 1180 2286 1208; x_wconf 86' lang='lat'>3.</span> <span class='ocrx_word' id='word_1_1207' title='bbox 2299 1171 2362 1203; x_wconf 59' lang='grc' dir='ltr'>ΖΕΗ,</span> <span class='ocrx_word' id='word_1_1208' title='bbox 2375 1179 2440 1206; x_wconf 86' lang='lat'>290.</span> 
     </span>
    </p>

    <p class='ocr_par' dir='ltr' id='par_1_56' title="bbox 1422 1207 2186 1246">
     <span class='ocr_line' id='line_1_138' title="bbox 1422 1207 2186 1246; baseline 0.005 -11"><span class='ocrx_word' id='word_1_1209' title='bbox 1422 1207 1577 1236; x_wconf 84' lang='lat' dir='ltr'>Instaurant</span> <span class='ocrx_word' id='word_1_1210' title='bbox 1587 1208 1713 1237; x_wconf 85' lang='lat' dir='ltr'>certatim</span> <span class='ocrx_word' id='word_1_1211' title='bbox 1723 1208 1820 1245; x_wconf 90' lang='lat' dir='ltr'>epulas</span> <span class='ocrx_word' id='word_1_1212' title='bbox 1829 1231 1836 1243; x_wconf 76' lang='grc'>,</span> <span class='ocrx_word' id='word_1_1213' title='bbox 1850 1210 1902 1238; x_wconf 71' lang='grc' dir='ltr'>διο.</span> <span class='ocrx_word' id='word_1_1214' title='bbox 1924 1209 1996 1246; x_wconf 88' lang='lat' dir='ltr'>Virg.</span> <span class='ocrx_word' id='word_1_1215' title='bbox 2007 1218 2032 1246; x_wconf 92' lang='lat'>7.</span> <span class='ocrx_word' id='word_1_1216' title='bbox 2047 1209 2109 1239; x_wconf 82' lang='lat' dir='ltr'>AEn.</span> <span class='ocrx_word' id='word_1_1217' title='bbox 2123 1212 2186 1246; x_wconf 92' lang='grc'>146.</span> 
     </span>
    </p>

    <p class='ocr_par' dir='ltr' id='par_1_57' title="bbox 1422 1245 1981 1283">
     <span class='ocr_line' id='line_1_139' title="bbox 1422 1245 1981 1283; baseline 0.004 -9"><span class='ocrx_word' id='word_1_1218' title='bbox 1422 1245 1528 1275; x_wconf 89' lang='lat' dir='ltr'>Linunt</span> <span class='ocrx_word' id='word_1_1219' title='bbox 1536 1246 1673 1276; x_wconf 89' lang='lat' dir='ltr'>certatim.</span> <span class='ocrx_word' id='word_1_1220' title='bbox 1696 1245 1766 1283; x_wconf 88' lang='lat' dir='ltr'>Virg.</span> <span class='ocrx_word' id='word_1_1221' title='bbox 1779 1258 1806 1282; x_wconf 87' lang='lat'>4.</span> <span class='ocrx_word' id='word_1_1222' title='bbox 1823 1246 1923 1283; x_wconf 84' lang='lat' dir='ltr'>Georg.</span> <span class='ocrx_word' id='word_1_1223' title='bbox 1938 1253 1981 1283; x_wconf 88' lang='lat'>38.</span> 
     </span>
    </p>

    <p class='ocr_par' dir='ltr' id='par_1_58' title="bbox 1515 1284 2162 1359">
     <span class='ocr_line' id='line_1_140' title="bbox 1516 1284 2162 1320; baseline 0.003 -8"><span class='ocrx_word' id='word_1_1224' title='bbox 1516 1284 1709 1320; x_wconf 89' lang='lat' dir='ltr'>Nequicquam</span> <span class='ocrx_word' id='word_1_1225' title='bbox 1721 1285 1749 1312; x_wconf 92' lang='lat' dir='ltr'>in</span> <span class='ocrx_word' id='word_1_1226' title='bbox 1764 1285 1843 1314; x_wconf 68' lang='lat' dir='ltr'>tectis</span> <span class='ocrx_word' id='word_1_1227' title='bbox 1855 1286 1982 1314; x_wconf 87' lang='lat' dir='ltr'>certatim</span> <span class='ocrx_word' id='word_1_1228' title='bbox 1992 1284 2087 1315; x_wconf 76' lang='lat' dir='ltr'>tenuia</span> <span class='ocrx_word' id='word_1_1229' title='bbox 2098 1294 2162 1314; x_wconf 80' lang='lat' dir='ltr'>cera</span> 
     </span>
     <span class='ocr_line' id='line_1_141' title="bbox 1515 1321 1807 1359; baseline 0.007 -10"><span class='ocrx_word' id='word_1_1230' title='bbox 1515 1321 1690 1359; x_wconf 81' lang='lat' dir='ltr'>Spiramenta</span> <span class='ocrx_word' id='word_1_1231' title='bbox 1705 1321 1807 1351; x_wconf 91' lang='lat' dir='ltr'>linunt.</span> 
     </span>
    </p>

    <p class='ocr_par' dir='ltr' id='par_1_59' title="bbox 1421 1358 1984 1396">
     <span class='ocr_line' id='line_1_142' title="bbox 1421 1358 1984 1396; baseline 0.004 -8"><span class='ocrx_word' id='word_1_1232' title='bbox 1421 1358 1511 1396; x_wconf 90' lang='lat' dir='ltr'>Loqui</span> <span class='ocrx_word' id='word_1_1233' title='bbox 1522 1359 1658 1388; x_wconf 87' lang='lat' dir='ltr'>certatim.</span> <span class='ocrx_word' id='word_1_1234' title='bbox 1681 1359 1765 1389; x_wconf 90' lang='lat' dir='ltr'>Ovid.</span> <span class='ocrx_word' id='word_1_1235' title='bbox 1782 1370 1824 1390; x_wconf 87' lang='lat'>12.</span> <span class='ocrx_word' id='word_1_1236' title='bbox 1836 1359 1906 1390; x_wconf 84' lang='lat' dir='ltr'>Met.</span> <span class='ocrx_word' id='word_1_1237' title='bbox 1920 1370 1984 1396; x_wconf 86' lang='lat'>241.</span> 
     </span>
    </p>

    <p class='ocr_par' dir='ltr' id='par_1_60' title="bbox 1422 1397 2158 1435">
     <span class='ocr_line' id='line_1_143' title="bbox 1422 1397 2158 1435; baseline 0.003 -9"><span class='ocrx_word' id='word_1_1238' title='bbox 1422 1398 1591 1435; x_wconf 84' lang='lat' dir='ltr'>Obstrepere</span> <span class='ocrx_word' id='word_1_1239' title='bbox 1602 1398 1728 1427; x_wconf 78' lang='lat' dir='ltr'>certatim</span> <span class='ocrx_word' id='word_1_1240' title='bbox 1739 1397 1808 1428; x_wconf 88' lang='lat' dir='ltr'>alter</span> <span class='ocrx_word' id='word_1_1241' title='bbox 1816 1398 1904 1428; x_wconf 87' lang='lat' dir='ltr'>alteri.</span> <span class='ocrx_word' id='word_1_1242' title='bbox 1924 1399 1983 1428; x_wconf 90' lang='lat' dir='ltr'>Liv.</span> <span class='ocrx_word' id='word_1_1243' title='bbox 1996 1408 2019 1428; x_wconf 91' lang='lat'>1.</span> <span class='ocrx_word' id='word_1_1244' title='bbox 2030 1409 2076 1434; x_wconf 86' lang='lat'>40.</span> <span class='ocrx_word' id='word_1_1245' title='bbox 2088 1405 2158 1429; x_wconf 83' lang='lat' dir='ltr'>extr.</span> 
     </span>
    </p>

    <p class='ocr_par' dir='ltr' id='par_1_61' title="bbox 1421 1435 2373 1478">
     <span class='ocr_line' id='line_1_144' title="bbox 1421 1435 2373 1478; baseline 0.004 -13"><span class='ocrx_word' id='word_1_1246' title='bbox 1421 1435 1552 1478; x_wconf 71' lang='lat' dir='ltr'>Tradunt</span> <span class='ocrx_word' id='word_1_1247' title='bbox 1563 1436 1689 1464; x_wconf 86' lang='lat' dir='ltr'>certatim</span> <span class='ocrx_word' id='word_1_1248' title='bbox 1700 1436 1736 1465; x_wconf 89' lang='lat' dir='ltr'>de</span> <span class='ocrx_word' id='word_1_1249' title='bbox 1748 1436 1791 1465; x_wconf 90' lang='lat' dir='ltr'>his</span> <span class='ocrx_word' id='word_1_1250' title='bbox 1804 1439 1940 1466; x_wconf 73' lang='lat' dir='ltr'>auctores.</span> <span class='ocrx_word' id='word_1_1251' title='bbox 1963 1436 2032 1465; x_wconf 90' lang='lat' dir='ltr'>Plin.</span> <span class='ocrx_word' id='word_1_1252' title='bbox 2040 1436 2089 1466; x_wconf 91' lang='lat' dir='ltr'>lib.</span> <span class='ocrx_word' id='word_1_1253' title='bbox 2101 1446 2145 1471; x_wconf 92' lang='lat'>32.</span> <span class='ocrx_word' id='word_1_1254' title='bbox 2159 1446 2221 1474; x_wconf 88' lang='lat' dir='ltr'>cap.</span> <span class='ocrx_word' id='word_1_1255' title='bbox 2238 1447 2263 1471; x_wconf 75' lang='grc' dir='ltr'>ς.</span> <span class='ocrx_word' id='word_1_1256' title='bbox 2368 1467 2373 1469; x_wconf 69' lang='grc'><strong>,</strong></span> 
     </span>
    </p>

    <p class='ocr_par' dir='ltr' id='par_1_62' title="bbox 1421 1473 2421 1512">
     <span class='ocr_line' id='line_1_145' title="bbox 1421 1473 2421 1512; baseline 0.002 -10"><span class='ocrx_word' id='word_1_1257' title='bbox 1421 1473 1465 1503; x_wconf 80' lang='lat' dir='ltr'>Uli</span> <span class='ocrx_word' id='word_1_1258' title='bbox 1477 1473 1538 1502; x_wconf 89' lang='lat' dir='ltr'>sunt</span> <span class='ocrx_word' id='word_1_1259' title='bbox 1553 1474 1607 1502; x_wconf 90' lang='lat' dir='ltr'>hoc</span> <span class='ocrx_word' id='word_1_1260' title='bbox 1614 1474 1740 1503; x_wconf 84' lang='lat' dir='ltr'>certatim</span> <span class='ocrx_word' id='word_1_1261' title='bbox 1751 1474 1850 1503; x_wconf 87' lang='lat' dir='ltr'>Cicero</span> <span class='ocrx_word' id='word_1_1262' title='bbox 1861 1481 1944 1509; x_wconf 85' lang='lat' dir='ltr'>atque</span> <span class='ocrx_word' id='word_1_1263' title='bbox 1958 1475 2071 1504; x_wconf 86' lang='lat' dir='ltr'>Asinius.</span> <span class='ocrx_word' id='word_1_1264' title='bbox 2094 1475 2214 1511; x_wconf 88' lang='lat' dir='ltr'>Quintil.</span> <span class='ocrx_word' id='word_1_1265' title='bbox 2227 1474 2274 1504; x_wconf 84' lang='lat' dir='ltr'>lib.</span> <span class='ocrx_word' id='word_1_1266' title='bbox 2285 1476 2311 1504; x_wconf 92' lang='lat'>6.</span> <span class='ocrx_word' id='word_1_1267' title='bbox 2322 1483 2382 1512; x_wconf 88' lang='lat' dir='ltr'>cap.</span> <span class='ocrx_word' id='word_1_1268' title='bbox 2396 1483 2421 1504; x_wconf 85' lang='lat'>1.</span> 
     </span>
    </p>
   </div>
   <div class='ocr_carea' id='block_1_27' title="bbox 2536 899 2604 3793">
    <p class='ocr_par' dir='ltr' id='par_1_63' title="bbox 2536 899 2604 3793">
     <span class='ocr_line' id='line_1_146' title="bbox 2572 899 2604 1162; baseline 0 0"><span class='ocrx_word' id='word_1_1269' title='bbox 2572 899 2604 1162; x_wconf 95' lang='lat' dir='ltr'>    </span> 
     </span>
     <span class='ocr_line' id='line_1_147' title="bbox 2564 1162 2604 1645; baseline 0 0"><span class='ocrx_word' id='word_1_1270' title='bbox 2564 1162 2604 1645; x_wconf 95' lang='lat' dir='ltr'>    </span> 
     </span>
     <span class='ocr_line' id='line_1_148' title="bbox 2561 1645 2604 1732; baseline 0 2490"><span class='ocrx_word' id='word_1_1271' title='bbox 2561 1645 2604 1732; x_wconf 95' lang='lat' dir='ltr'> </span> 
     </span>
     <span class='ocr_line' id='line_1_149' title="bbox 2558 1732 2604 2244; baseline 0 -123"><span class='ocrx_word' id='word_1_1272' title='bbox 2558 1732 2604 2244; x_wconf 95' lang='lat' dir='ltr'>   </span> 
     </span>
     <span class='ocr_line' id='line_1_150' title="bbox 2542 2244 2603 2367; baseline 0 -26"><span class='ocrx_word' id='word_1_1273' title='bbox 2542 2244 2603 2367; x_wconf 95' lang='lat' dir='ltr'>  </span> 
     </span>
     <span class='ocr_line' id='line_1_151' title="bbox 2542 2367 2601 2516; baseline 0 0"><span class='ocrx_word' id='word_1_1274' title='bbox 2542 2367 2601 2516; x_wconf 95' lang='lat' dir='ltr'>  </span> 
     </span>
     <span class='ocr_line' id='line_1_152' title="bbox 2542 2516 2601 2830; baseline 0 -177"><span class='ocrx_word' id='word_1_1275' title='bbox 2542 2516 2601 2830; x_wconf 95' lang='lat' dir='ltr'>    </span> 
     </span>
     <span class='ocr_line' id='line_1_153' title="bbox 2542 2830 2601 3014; baseline 0 -132"><span class='ocrx_word' id='word_1_1276' title='bbox 2542 2830 2601 3014; x_wconf 95' lang='lat' dir='ltr'>     </span> 
     </span>
     <span class='ocr_line' id='line_1_154' title="bbox 2536 3014 2604 3431; baseline 0 -343"><span class='ocrx_word' id='word_1_1277' title='bbox 2536 3014 2604 3431; x_wconf 95' lang='lat' dir='ltr'>  </span> 
     </span>
     <span class='ocr_line' id='line_1_155' title="bbox 2559 3431 2589 3605; baseline 0 -46"><span class='ocrx_word' id='word_1_1278' title='bbox 2559 3431 2589 3605; x_wconf 95' lang='lat' dir='ltr'>  </span> 
     </span>
     <span class='ocr_line' id='line_1_156' title="bbox 2548 3605 2581 3684; baseline 0 0"><span class='ocrx_word' id='word_1_1279' title='bbox 2548 3605 2581 3684; x_wconf 95' lang='lat' dir='ltr'>  </span> 
     </span>
     <span class='ocr_line' id='line_1_157' title="bbox 2547 3684 2580 3793; baseline 0 429"><span class='ocrx_word' id='word_1_1280' title='bbox 2547 3684 2580 3793; x_wconf 95' lang='lat' dir='ltr'> </span> 
     </span>
    </p>
   </div>
   <div class='ocr_carea' id='block_1_28' title="bbox 1418 1549 2604 3688">
    <p class='ocr_par' dir='ltr' id='par_1_64' title="bbox 1421 1549 2538 1588">
     <span class='ocr_line' id='line_1_158' title="bbox 1421 1549 2538 1588; baseline 0 -9"><span class='ocrx_word' id='word_1_1281' title='bbox 1421 1551 1461 1579; x_wconf 86' lang='lat' dir='ltr'>tio</span> <span class='ocrx_word' id='word_1_1282' title='bbox 1473 1550 1502 1578; x_wconf 93' lang='lat' dir='ltr'>in</span> <span class='ocrx_word' id='word_1_1283' title='bbox 1514 1549 1593 1578; x_wconf 85' lang='lat' dir='ltr'>sensu</span> <span class='ocrx_word' id='word_1_1284' title='bbox 1602 1550 1745 1586; x_wconf 77' lang='lat' dir='ltr'>primario.</span> <span class='ocrx_word' id='word_1_1285' title='bbox 1786 1550 2000 1586; x_wconf 86' lang='lat' dir='ltr'>Nonnunquam</span> <span class='ocrx_word' id='word_1_1286' title='bbox 2019 1560 2083 1579; x_wconf 88' lang='lat' dir='ltr'>vero</span> <span class='ocrx_word' id='word_1_1287' title='bbox 2104 1551 2142 1580; x_wconf 89' lang='lat' dir='ltr'>est</span> <span class='ocrx_word' id='word_1_1288' title='bbox 2158 1550 2213 1580; x_wconf 91' lang='lat' dir='ltr'>Res</span> <span class='ocrx_word' id='word_1_1289' title='bbox 2225 1550 2282 1588; x_wconf 86' lang='lat' dir='ltr'>ipsa</span> <span class='ocrx_word' id='word_1_1290' title='bbox 2297 1551 2332 1579; x_wconf 92' lang='lat' dir='ltr'>de</span> <span class='ocrx_word' id='word_1_1291' title='bbox 2343 1559 2396 1587; x_wconf 87' lang='lat' dir='ltr'>qua</span> <span class='ocrx_word' id='word_1_1292' title='bbox 2405 1555 2538 1586; x_wconf 65' lang='lat' dir='ltr'>certatur,</span> 
     </span>
    </p>

    <p class='ocr_par' dir='ltr' id='par_1_65' title="bbox 1419 1587 2592 1662">
     <span class='ocr_line' id='line_1_159' title="bbox 1419 1587 2592 1656; baseline 0.003 -41"><span class='ocrx_word' id='word_1_1293' title='bbox 1419 1594 1481 1656; x_wconf 46' lang='lat' dir='ltr'>&amp;ter</span> <span class='ocrx_word' id='word_1_1294' title='bbox 1491 1587 1652 1617; x_wconf 89' lang='lat' dir='ltr'>columbam</span> <span class='ocrx_word' id='word_1_1295' title='bbox 1663 1587 1759 1625; x_wconf 86' lang='lat' dir='ltr'>sagitta</span> <span class='ocrx_word' id='word_1_1296' title='bbox 1767 1587 1847 1618; x_wconf 89' lang='lat' dir='ltr'>feriat</span> <span class='ocrx_word' id='word_1_1297' title='bbox 1858 1610 1867 1624; x_wconf 91' lang='lat'>,</span> <span class='ocrx_word' id='word_1_1298' title='bbox 1889 1595 1951 1618; x_wconf 90' lang='lat' dir='ltr'>uter</span> <span class='ocrx_word' id='word_1_1299' title='bbox 1962 1589 2037 1626; x_wconf 87' lang='lat' dir='ltr'>prior</span> <span class='ocrx_word' id='word_1_1300' title='bbox 2045 1589 2175 1618; x_wconf 91' lang='lat' dir='ltr'>decurrat</span> <span class='ocrx_word' id='word_1_1301' title='bbox 2185 1589 2220 1618; x_wconf 88' lang='lat' dir='ltr'>ad</span> <span class='ocrx_word' id='word_1_1302' title='bbox 2229 1596 2325 1618; x_wconf 88' lang='lat' dir='ltr'>metas.</span> <span class='ocrx_word' id='word_1_1303' title='bbox 2347 1587 2428 1617; x_wconf 88' lang='lat' dir='ltr'>Unde</span> <span class='ocrx_word' id='word_1_1304' title='bbox 2438 1587 2538 1625; x_wconf 60' lang='lat' dir='ltr'>Virgas</span> <span class='ocrx_word' id='word_1_1305' title='bbox 2587 1588 2592 1596; x_wconf 84' lang='grc'><em>“</em></span> 
     </span>
     <span class='ocr_line' id='line_1_160' title="bbox 1447 1635 1598 1662; baseline 0 -8"><span class='ocrx_word' id='word_1_1306' title='bbox 1447 1635 1520 1662; x_wconf 83' lang='lat' dir='ltr'>eorg.</span> <span class='ocrx_word' id='word_1_1307' title='bbox 1537 1635 1598 1660; x_wconf 80' lang='lat'>530.</span> 
     </span>
    </p>

    <p class='ocr_par' dir='ltr' id='par_1_66' title="bbox 1420 1660 2132 1739">
     <span class='ocr_line' id='line_1_161' title="bbox 1513 1660 2132 1702; baseline 0.003 -10"><span class='ocrx_word' id='word_1_1308' title='bbox 1513 1663 1623 1692; x_wconf 89' lang='lat' dir='ltr'>Velocis</span> <span class='ocrx_word' id='word_1_1309' title='bbox 1635 1660 1719 1699; x_wconf 87' lang='lat' dir='ltr'>jaculi</span> <span class='ocrx_word' id='word_1_1310' title='bbox 1730 1664 1883 1693; x_wconf 87' lang='lat' dir='ltr'>certamina</span> <span class='ocrx_word' id='word_1_1311' title='bbox 1902 1664 1984 1702; x_wconf 89' lang='lat' dir='ltr'>ponit</span> <span class='ocrx_word' id='word_1_1312' title='bbox 1996 1664 2025 1693; x_wconf 86' lang='lat' dir='ltr'>in</span> <span class='ocrx_word' id='word_1_1313' title='bbox 2044 1663 2132 1695; x_wconf 90' lang='lat' dir='ltr'>ulmo.</span> 
     </span>
     <span class='ocr_line' id='line_1_162' title="bbox 1420 1700 1839 1739; baseline 0 -8"><span class='ocrx_word' id='word_1_1314' title='bbox 1420 1700 1565 1739; x_wconf 86' lang='lat' dir='ltr'>Adelphos</span> <span class='ocrx_word' id='word_1_1315' title='bbox 1577 1701 1713 1730; x_wconf 90' lang='lat' dir='ltr'>Terentii.</span> <span class='ocrx_word' id='word_1_1316' title='bbox 1735 1711 1762 1731; x_wconf 88' lang='lat'>2.</span> <span class='ocrx_word' id='word_1_1317' title='bbox 1773 1711 1800 1731; x_wconf 91' lang='lat'>2.</span> <span class='ocrx_word' id='word_1_1318' title='bbox 1812 1713 1839 1738; x_wconf 85' lang='lat'>4.</span> 
     </span>
    </p>

    <p class='ocr_par' dir='ltr' id='par_1_67' title="bbox 1419 1739 1982 1777">
     <span class='ocr_line' id='line_1_163' title="bbox 1419 1739 1982 1777; baseline 0.002 -9"><span class='ocrx_word' id='word_1_1319' title='bbox 1419 1739 1493 1768; x_wconf 87' lang='lat' dir='ltr'>Disci</span> <span class='ocrx_word' id='word_1_1320' title='bbox 1504 1746 1656 1769; x_wconf 86' lang='lat' dir='ltr'>certamen.</span> <span class='ocrx_word' id='word_1_1321' title='bbox 1680 1739 1821 1769; x_wconf 79' lang='lat' dir='ltr'>Ovid.10.</span> <span class='ocrx_word' id='word_1_1322' title='bbox 1833 1740 1902 1770; x_wconf 86' lang='lat' dir='ltr'>Met.</span> <span class='ocrx_word' id='word_1_1323' title='bbox 1919 1748 1982 1777; x_wconf 90' lang='grc'>177.</span> 
     </span>
    </p>

    <p class='ocr_par' dir='ltr' id='par_1_68' title="bbox 1419 1777 2191 1814">
     <span class='ocr_line' id='line_1_164' title="bbox 1419 1777 2191 1814; baseline -0.001 -7"><span class='ocrx_word' id='word_1_1324' title='bbox 1419 1777 1476 1807; x_wconf 86' lang='lat' dir='ltr'>Lex</span> <span class='ocrx_word' id='word_1_1325' title='bbox 1488 1778 1658 1807; x_wconf 90' lang='lat' dir='ltr'>certaminis.</span> <span class='ocrx_word' id='word_1_1326' title='bbox 1680 1777 1765 1807; x_wconf 87' lang='lat' dir='ltr'>Ovid.</span> <span class='ocrx_word' id='word_1_1327' title='bbox 1781 1788 1823 1807; x_wconf 91' lang='lat'>10.</span> <span class='ocrx_word' id='word_1_1328' title='bbox 1842 1778 1911 1808; x_wconf 82' lang='lat' dir='ltr'>Met.</span> <span class='ocrx_word' id='word_1_1329' title='bbox 1925 1788 1987 1814; x_wconf 77' lang='lat'>572.</span> <span class='ocrx_word' id='word_1_1330' title='bbox 2000 1777 2035 1807; x_wconf 91' lang='lat' dir='ltr'>de</span> <span class='ocrx_word' id='word_1_1331' title='bbox 2047 1777 2191 1813; x_wconf 77' lang='lat' dir='ltr'>Atalanta,</span> 
     </span>
    </p>

    <p class='ocr_par' dir='ltr' id='par_1_69' title="bbox 1513 1815 2222 1859">
     <span class='ocr_line' id='line_1_165' title="bbox 1513 1815 2222 1859; baseline 0.001 -15"><span class='ocrx_word' id='word_1_1332' title='bbox 1513 1815 1626 1844; x_wconf 70' lang='lat' dir='ltr'>Praemia</span> <span class='ocrx_word' id='word_1_1333' title='bbox 1637 1815 1726 1859; x_wconf 79' lang='lat' dir='ltr'>veloci</span> <span class='ocrx_word' id='word_1_1334' title='bbox 1738 1816 1844 1852; x_wconf 77' lang='lat' dir='ltr'>conjux</span> <span class='ocrx_word' id='word_1_1335' title='bbox 1854 1838 1862 1852; x_wconf 90' lang='lat'><strong>‚</strong></span> <span class='ocrx_word' id='word_1_1336' title='bbox 1884 1815 2055 1853; x_wconf 85' lang='lat' dir='ltr'>thalamique</span> <span class='ocrx_word' id='word_1_1337' title='bbox 2065 1816 2222 1851; x_wconf 88' lang='lat' dir='ltr'>dabuntur,</span> 
     </span>
    </p>

    <p class='ocr_par' dir='ltr' id='par_1_70' title="bbox 1418 1853 2207 1927">
     <span class='ocr_line' id='line_1_166' title="bbox 1512 1853 2207 1891; baseline 0.003 -9"><span class='ocrx_word' id='word_1_1338' title='bbox 1512 1853 1590 1883; x_wconf 84' lang='lat' dir='ltr'>Mors</span> <span class='ocrx_word' id='word_1_1339' title='bbox 1602 1860 1722 1891; x_wconf 90' lang='lat' dir='ltr'>pretium</span> <span class='ocrx_word' id='word_1_1340' title='bbox 1732 1855 1819 1884; x_wconf 84' lang='lat' dir='ltr'>tardis</span> <span class='ocrx_word' id='word_1_1341' title='bbox 1831 1876 1840 1890; x_wconf 90' lang='lat'>,</span> <span class='ocrx_word' id='word_1_1342' title='bbox 1861 1864 1894 1884; x_wconf 90' lang='lat' dir='ltr'>ea</span> <span class='ocrx_word' id='word_1_1343' title='bbox 1907 1854 1953 1883; x_wconf 87' lang='lat' dir='ltr'>lex</span> <span class='ocrx_word' id='word_1_1344' title='bbox 1966 1854 2128 1884; x_wconf 87' lang='lat' dir='ltr'>certaminis</span> <span class='ocrx_word' id='word_1_1345' title='bbox 2141 1854 2207 1884; x_wconf 77' lang='lat' dir='ltr'>esto-</span> 
     </span>
     <span class='ocr_line' id='line_1_167' title="bbox 1418 1890 2049 1927; baseline 0.002 -7"><span class='ocrx_word' id='word_1_1346' title='bbox 1418 1890 1562 1921; x_wconf 87' lang='lat' dir='ltr'>Ludorum</span> <span class='ocrx_word' id='word_1_1347' title='bbox 1576 1892 1736 1920; x_wconf 88' lang='lat' dir='ltr'>certamina.</span> <span class='ocrx_word' id='word_1_1348' title='bbox 1759 1892 1844 1921; x_wconf 87' lang='lat' dir='ltr'>Ovid.</span> <span class='ocrx_word' id='word_1_1349' title='bbox 1861 1902 1883 1921; x_wconf 90' lang='lat'>1.</span> <span class='ocrx_word' id='word_1_1350' title='bbox 1899 1892 1968 1922; x_wconf 84' lang='lat' dir='ltr'>Met.</span> <span class='ocrx_word' id='word_1_1351' title='bbox 1984 1895 2049 1927; x_wconf 86' lang='lat'>446.</span> 
     </span>
    </p>

    <p class='ocr_par' dir='ltr' id='par_1_71' title="bbox 1419 1929 2189 2082">
     <span class='ocr_line' id='line_1_168' title="bbox 1513 1929 2112 1959; baseline 0.002 -1"><span class='ocrx_word' id='word_1_1352' title='bbox 1513 1929 1633 1959; x_wconf 81' lang='lat' dir='ltr'>Instituit</span> <span class='ocrx_word' id='word_1_1353' title='bbox 1643 1929 1731 1959; x_wconf 89' lang='lat' dir='ltr'>sacros</span> <span class='ocrx_word' id='word_1_1354' title='bbox 1741 1929 1843 1959; x_wconf 87' lang='lat' dir='ltr'>celebri</span> <span class='ocrx_word' id='word_1_1355' title='bbox 1856 1930 2009 1959; x_wconf 87' lang='lat' dir='ltr'>certamine</span> <span class='ocrx_word' id='word_1_1356' title='bbox 2020 1929 2112 1959; x_wconf 87' lang='lat' dir='ltr'>ludos.</span> 
     </span>
     <span class='ocr_line' id='line_1_169' title="bbox 1419 1968 2124 2005; baseline 0.001 -8"><span class='ocrx_word' id='word_1_1357' title='bbox 1419 1968 1540 1998; x_wconf 89' lang='lat' dir='ltr'>Pretium</span> <span class='ocrx_word' id='word_1_1358' title='bbox 1556 1968 1715 1997; x_wconf 89' lang='lat' dir='ltr'>certaminis</span> <span class='ocrx_word' id='word_1_1359' title='bbox 1728 1968 1809 1998; x_wconf 88' lang='lat' dir='ltr'>ferre.</span> <span class='ocrx_word' id='word_1_1360' title='bbox 1835 1969 1920 1998; x_wconf 88' lang='lat' dir='ltr'>Ovid.</span> <span class='ocrx_word' id='word_1_1361' title='bbox 1938 1978 1979 2005; x_wconf 88' lang='lat'>13.</span> <span class='ocrx_word' id='word_1_1362' title='bbox 1991 1968 2062 1998; x_wconf 84' lang='lat' dir='ltr'>Met.</span> <span class='ocrx_word' id='word_1_1363' title='bbox 2080 1978 2124 2002; x_wconf 91' lang='lat'>19.</span> 
     </span>
     <span class='ocr_line' id='line_1_170' title="bbox 1419 2005 2180 2042; baseline 0 -8"><span class='ocrx_word' id='word_1_1364' title='bbox 1419 2006 1534 2034; x_wconf 88' lang='lat' dir='ltr'>Veneris</span> <span class='ocrx_word' id='word_1_1365' title='bbox 1545 2005 1697 2034; x_wconf 84' lang='lat' dir='ltr'>certamina</span> <span class='ocrx_word' id='word_1_1366' title='bbox 1707 2013 1813 2035; x_wconf 89' lang='lat' dir='ltr'>mutua.</span> <span class='ocrx_word' id='word_1_1367' title='bbox 1836 2006 1922 2036; x_wconf 89' lang='lat' dir='ltr'>Ovid.</span> <span class='ocrx_word' id='word_1_1368' title='bbox 1935 2016 1961 2035; x_wconf 92' lang='lat'>2.</span> <span class='ocrx_word' id='word_1_1369' title='bbox 1975 2007 2065 2035; x_wconf 87' lang='lat' dir='ltr'>Amor.</span> <span class='ocrx_word' id='word_1_1370' title='bbox 2081 2015 2123 2035; x_wconf 91' lang='lat'>10.</span> <span class='ocrx_word' id='word_1_1371' title='bbox 2134 2014 2180 2042; x_wconf 85' lang='lat'>29.</span> 
     </span>
     <span class='ocr_line' id='line_1_171' title="bbox 1419 2043 2189 2082; baseline 0 -9"><span class='ocrx_word' id='word_1_1372' title='bbox 1419 2043 1484 2073; x_wconf 88' lang='lat' dir='ltr'>Vini</span> <span class='ocrx_word' id='word_1_1373' title='bbox 1498 2052 1658 2079; x_wconf 81' lang='lat' dir='ltr'>certamen,</span> <span class='ocrx_word' id='word_1_1374' title='bbox 1679 2043 1868 2082; x_wconf 87' lang='lat' dir='ltr'>Compotatio.</span> <span class='ocrx_word' id='word_1_1375' title='bbox 1892 2043 1987 2073; x_wconf 93' lang='lat' dir='ltr'>Tibul.</span> <span class='ocrx_word' id='word_1_1376' title='bbox 2001 2043 2049 2072; x_wconf 90' lang='lat' dir='ltr'>lib.</span> <span class='ocrx_word' id='word_1_1377' title='bbox 2064 2053 2088 2079; x_wconf 87' lang='lat'>3.</span> <span class='ocrx_word' id='word_1_1378' title='bbox 2103 2047 2130 2073; x_wconf 91' lang='lat'>6.</span> <span class='ocrx_word' id='word_1_1379' title='bbox 2146 2053 2189 2074; x_wconf 88' lang='lat'>11.</span> 
     </span>
    </p>

    <p class='ocr_par' dir='ltr' id='par_1_72' title="bbox 1499 2081 2546 2158">
     <span class='ocr_line' id='line_1_172' title="bbox 1499 2081 2081 2118; baseline 0.002 -8"><span class='ocrx_word' id='word_1_1380' title='bbox 1499 2083 1553 2111; x_wconf 89' lang='lat' dir='ltr'>Aut</span> <span class='ocrx_word' id='word_1_1381' title='bbox 1561 2082 1641 2118; x_wconf 87' lang='lat' dir='ltr'>siquis</span> <span class='ocrx_word' id='word_1_1382' title='bbox 1649 2082 1706 2110; x_wconf 92' lang='lat' dir='ltr'>vini</span> <span class='ocrx_word' id='word_1_1383' title='bbox 1724 2088 1866 2111; x_wconf 90' lang='lat' dir='ltr'>certamen</span> <span class='ocrx_word' id='word_1_1384' title='bbox 1877 2083 1944 2111; x_wconf 88' lang='lat' dir='ltr'>mite</span> <span class='ocrx_word' id='word_1_1385' title='bbox 1954 2081 2081 2118; x_wconf 81' lang='lat' dir='ltr'>recuset,</span> 
     </span>
     <span class='ocr_line' id='line_1_173' title="bbox 1537 2119 2546 2158; baseline -0.001 -10"><span class='ocrx_word' id='word_1_1386' title='bbox 1537 2119 1624 2149; x_wconf 89' lang='lat' dir='ltr'>Fallat</span> <span class='ocrx_word' id='word_1_1387' title='bbox 1638 2129 1703 2149; x_wconf 87' lang='lat' dir='ltr'>eum</span> <span class='ocrx_word' id='word_1_1388' title='bbox 1716 2121 1790 2150; x_wconf 76' lang='lat' dir='ltr'>tec&#39;to</span> <span class='ocrx_word' id='word_1_1389' title='bbox 1805 2130 1866 2149; x_wconf 88' lang='lat' dir='ltr'>cara</span> <span class='ocrx_word' id='word_1_1390' title='bbox 1879 2119 1973 2158; x_wconf 89' lang='lat' dir='ltr'>puella</span> <span class='ocrx_word' id='word_1_1391' title='bbox 1983 2120 2059 2148; x_wconf 91' lang='lat' dir='ltr'>dolo.</span> <span class='ocrx_word' id='word_1_1392' title='bbox 2434 2148 2435 2151; x_wconf 61' lang='grc'>,</span> <span class='ocrx_word' id='word_1_1393' title='bbox 2544 2145 2546 2147; x_wconf 87' lang='grc'><em>,</em></span> 
     </span>
    </p>

    <p class='ocr_par' dir='ltr' id='par_1_73' title="bbox 1419 2152 2567 2226">
     <span class='ocr_line' id='line_1_174' title="bbox 1419 2152 2567 2226; baseline -0.002 -39"><span class='ocrx_word' id='word_1_1394' title='bbox 1419 2157 1566 2226; x_wconf 52' lang='grc' dir='ltr'>ΰέεδιέιῐε</span> <span class='ocrx_word' id='word_1_1395' title='bbox 1581 2159 1752 2194; x_wconf 81' lang='lat' dir='ltr'>certamina,</span> <span class='ocrx_word' id='word_1_1396' title='bbox 1780 2158 1797 2187; x_wconf 91' lang='lat' dir='ltr'>i.</span> <span class='ocrx_word' id='word_1_1397' title='bbox 1812 2169 1837 2188; x_wconf 92' lang='lat' dir='ltr'>e.</span> <span class='ocrx_word' id='word_1_1398' title='bbox 1858 2157 1953 2188; x_wconf 85' lang='lat' dir='ltr'>Ludos</span> <span class='ocrx_word' id='word_1_1399' title='bbox 1973 2156 2134 2187; x_wconf 85' lang='lat' dir='ltr'>certaminis</span> <span class='ocrx_word' id='word_1_1400' title='bbox 2156 2154 2237 2186; x_wconf 85' lang='lat' dir='ltr'>causa</span> <span class='ocrx_word' id='word_1_1401' title='bbox 2258 2155 2407 2186; x_wconf 85' lang='lat' dir='ltr'>institutos.</span> <span class='ocrx_word' id='word_1_1402' title='bbox 2429 2152 2501 2194; x_wconf 80' lang='lat' dir='ltr'>Virg&#39;.</span> <span class='ocrx_word' id='word_1_1403' title='bbox 2514 2157 2541 2193; x_wconf 64' lang='lat'>51</span> <span class='ocrx_word' id='word_1_1404' title='bbox 2566 2174 2567 2186; x_wconf 62' lang='lat' dir='ltr'>l</span> 
     </span>
    </p>

    <p class='ocr_par' dir='ltr' id='par_1_74' title="bbox 1474 2205 1577 2231">
     <span class='ocr_line' id='line_1_175' title="bbox 1474 2205 1577 2231; baseline 0.01 -7"><span class='ocrx_word' id='word_1_1405' title='bbox 1474 2205 1500 2225; x_wconf 90' lang='lat' dir='ltr'>n.</span> <span class='ocrx_word' id='word_1_1406' title='bbox 1533 2205 1577 2231; x_wconf 84' lang='lat'>03.</span> 
     </span>
    </p>

    <p class='ocr_par' dir='ltr' id='par_1_75' title="bbox 1513 2231 2581 2270">
     <span class='ocr_line' id='line_1_176' title="bbox 1513 2231 2581 2270; baseline -0.005 -8"><span class='ocrx_word' id='word_1_1407' title='bbox 1513 2233 1573 2262; x_wconf 87' lang='lat' dir='ltr'>Hac</span> <span class='ocrx_word' id='word_1_1408' title='bbox 1586 2233 1724 2263; x_wconf 85' lang='lat' dir='ltr'>celebrata</span> <span class='ocrx_word' id='word_1_1409' title='bbox 1734 2237 1816 2263; x_wconf 88' lang='lat' dir='ltr'>tenus</span> <span class='ocrx_word' id='word_1_1410' title='bbox 1829 2256 1837 2268; x_wconf 84' lang='lat'>‚</span> <span class='ocrx_word' id='word_1_1411' title='bbox 1858 2233 1952 2263; x_wconf 68' lang='lat' dir='ltr'>sancto</span> <span class='ocrx_word' id='word_1_1412' title='bbox 1961 2232 2115 2263; x_wconf 88' lang='lat' dir='ltr'>certamina</span> <span class='ocrx_word' id='word_1_1413' title='bbox 2131 2231 2211 2270; x_wconf 88' lang='lat' dir='ltr'>patri.</span> <span class='ocrx_word' id='word_1_1414' title='bbox 2580 2254 2581 2257; x_wconf 73' lang='grc'>,</span> 
     </span>
    </p>

    <p class='ocr_par' dir='ltr' id='par_1_76' title="bbox 1418 2268 2584 2376">
     <span class='ocr_line' id='line_1_177' title="bbox 1418 2268 2565 2317; baseline -0.004 -15"><span class='ocrx_word' id='word_1_1415' title='bbox 1418 2270 1595 2302; x_wconf 85' lang='lat' dir='ltr'>Descendere</span> <span class='ocrx_word' id='word_1_1416' title='bbox 1607 2272 1636 2300; x_wconf 89' lang='lat' dir='ltr'>in</span> <span class='ocrx_word' id='word_1_1417' title='bbox 1645 2279 1796 2300; x_wconf 87' lang='lat' dir='ltr'>certamen.</span> <span class='ocrx_word' id='word_1_1418' title='bbox 1826 2272 1884 2301; x_wconf 92' lang='lat' dir='ltr'>Cic.</span> <span class='ocrx_word' id='word_1_1419' title='bbox 1895 2282 1920 2301; x_wconf 89' lang='lat'>2.</span> <span class='ocrx_word' id='word_1_1420' title='bbox 1932 2271 2015 2301; x_wconf 83' lang='lat' dir='ltr'>Tusc.</span> <span class='ocrx_word' id='word_1_1421' title='bbox 2030 2275 2074 2300; x_wconf 89' lang='lat'>62.</span> <span class='ocrx_word' id='word_1_1422' title='bbox 2098 2270 2269 2299; x_wconf 89' lang='lat' dir='ltr'>Videmusne</span> <span class='ocrx_word' id='word_1_1423' title='bbox 2281 2268 2356 2306; x_wconf 83' lang='lat' dir='ltr'>apud</span> <span class='ocrx_word' id='word_1_1424' title='bbox 2369 2278 2437 2306; x_wconf 89' lang='lat' dir='ltr'>quos</span> <span class='ocrx_word' id='word_1_1425' title='bbox 2446 2275 2539 2297; x_wconf 83' lang='lat' dir='ltr'>eorum</span> <span class='ocrx_word' id='word_1_1426' title='bbox 2556 2281 2565 2317; x_wconf 54' lang='grc' dir='ltr'>ι</span> 
     </span>
     <span class='ocr_line' id='line_1_178' title="bbox 1436 2305 2539 2376; baseline -0.003 -38"><span class='ocrx_word' id='word_1_1427' title='bbox 1436 2309 1594 2376; x_wconf 48' lang='grc' dir='ltr'>1ὲ11110111111ῆ.</span> <span class='ocrx_word' id='word_1_1428' title='bbox 1616 2312 1668 2339; x_wconf 71' lang='grc' dir='ltr'>ἃς.</span> <span class='ocrx_word' id='word_1_1429' title='bbox 1691 2309 1801 2339; x_wconf 89' lang='lat' dir='ltr'>nullum</span> <span class='ocrx_word' id='word_1_1430' title='bbox 1814 2310 1849 2339; x_wconf 89' lang='lat' dir='ltr'>ab</span> <span class='ocrx_word' id='word_1_1431' title='bbox 1858 2310 1900 2340; x_wconf 87' lang='lat' dir='ltr'>his</span> <span class='ocrx_word' id='word_1_1432' title='bbox 1912 2311 1959 2347; x_wconf 88' lang='lat' dir='ltr'>qui</span> <span class='ocrx_word' id='word_1_1433' title='bbox 1975 2311 2005 2339; x_wconf 94' lang='lat' dir='ltr'>in</span> <span class='ocrx_word' id='word_1_1434' title='bbox 2017 2309 2048 2338; x_wconf 90' lang='lat' dir='ltr'>id</span> <span class='ocrx_word' id='word_1_1435' title='bbox 2066 2317 2209 2338; x_wconf 86' lang='lat' dir='ltr'>certamen</span> <span class='ocrx_word' id='word_1_1436' title='bbox 2220 2306 2408 2343; x_wconf 87' lang='lat' dir='ltr'>descendant,</span> <span class='ocrx_word' id='word_1_1437' title='bbox 2428 2305 2539 2337; x_wconf 70' lang='lat' dir='ltr'>devitari</span> 
     </span>
     <span class='ocr_line' id='line_1_179' title="bbox 1462 2346 2564 2376; baseline 0 0"><span class='ocrx_word' id='word_1_1438' title='bbox 1462 2358 1478 2376; x_wconf 92' lang='lat' dir='ltr'>o</span> <span class='ocrx_word' id='word_1_1439' title='bbox 1492 2358 1570 2376; x_wconf 88' lang='lat' dir='ltr'>orem</span> <span class='ocrx_word' id='word_1_1440' title='bbox 1583 2371 1588 2376; x_wconf 96' lang='lat'>.</span> <span class='ocrx_word' id='word_1_1441' title='bbox 2562 2346 2564 2364; x_wconf 67' lang='grc'><em>”</em></span> 
     </span>
    </p>

    <p class='ocr_par' dir='ltr' id='par_1_77' title="bbox 1419 2384 2057 2428">
     <span class='ocr_line' id='line_1_180' title="bbox 1419 2384 2057 2428; baseline -0.002 -14"><span class='ocrx_word' id='word_1_1442' title='bbox 1419 2385 1493 2428; x_wconf 78' lang='lat' dir='ltr'>Inire</span> <span class='ocrx_word' id='word_1_1443' title='bbox 1505 2385 1656 2414; x_wconf 86' lang='lat' dir='ltr'>certamina</span> <span class='ocrx_word' id='word_1_1444' title='bbox 1668 2385 1765 2423; x_wconf 87' lang='lat' dir='ltr'>prima.</span> <span class='ocrx_word' id='word_1_1445' title='bbox 1793 2384 1864 2422; x_wconf 83' lang='lat' dir='ltr'>Virg.</span> <span class='ocrx_word' id='word_1_1446' title='bbox 1880 2395 1904 2419; x_wconf 81' lang='grc' dir='ltr'>ς.</span> <span class='ocrx_word' id='word_1_1447' title='bbox 1919 2385 1981 2415; x_wconf 77' lang='grc' dir='ltr'>ῘΕη.</span> <span class='ocrx_word' id='word_1_1448' title='bbox 1995 2395 2057 2419; x_wconf 84' lang='lat'>114.</span> 
     </span>
    </p>

    <p class='ocr_par' dir='ltr' id='par_1_78' title="bbox 1418 2420 2562 2459">
     <span class='ocr_line' id='line_1_181' title="bbox 1418 2420 2562 2459; baseline -0.003 -7"><span class='ocrx_word' id='word_1_1449' title='bbox 1418 2423 1533 2453; x_wconf 73' lang='lat' dir='ltr'>Milium</span> <span class='ocrx_word' id='word_1_1450' title='bbox 1545 2430 1700 2458; x_wconf 72' lang='lat' dir='ltr'>certamen,</span> <span class='ocrx_word' id='word_1_1451' title='bbox 1722 2423 1740 2453; x_wconf 93' lang='lat' dir='ltr'>i.</span> <span class='ocrx_word' id='word_1_1452' title='bbox 1754 2433 1778 2452; x_wconf 91' lang='lat' dir='ltr'>e.</span> <span class='ocrx_word' id='word_1_1453' title='bbox 1801 2423 1945 2452; x_wconf 72' lang='lat' dir='ltr'>Perac&#39;tuin</span> <span class='ocrx_word' id='word_1_1454' title='bbox 1956 2425 1981 2453; x_wconf 72' lang='lat' dir='ltr'>Sc</span> <span class='ocrx_word' id='word_1_1455' title='bbox 1996 2423 2115 2452; x_wconf 85' lang='lat' dir='ltr'>finitum.</span> <span class='ocrx_word' id='word_1_1456' title='bbox 2138 2420 2210 2459; x_wconf 85' lang='lat' dir='ltr'>Virg.</span> <span class='ocrx_word' id='word_1_1457' title='bbox 2223 2432 2247 2457; x_wconf 84' lang='grc' dir='ltr'>ς.</span> <span class='ocrx_word' id='word_1_1458' title='bbox 2260 2422 2322 2453; x_wconf 78' lang='lat' dir='ltr'>IEn.</span> <span class='ocrx_word' id='word_1_1459' title='bbox 2336 2429 2399 2456; x_wconf 63' lang='lat'>5452</span> <span class='ocrx_word' id='word_1_1460' title='bbox 2559 2422 2562 2433; x_wconf 88' lang='lat'><em>‘</em></span> 
     </span>
    </p>

    <p class='ocr_par' dir='ltr' id='par_1_79' title="bbox 1419 2456 2561 2612">
     <span class='ocr_line' id='line_1_182' title="bbox 1514 2456 2561 2499; baseline -0.001 -10"><span class='ocrx_word' id='word_1_1461' title='bbox 1514 2462 1547 2490; x_wconf 84' lang='lat' dir='ltr'>At</span> <span class='ocrx_word' id='word_1_1462' title='bbox 1559 2462 1620 2499; x_wconf 88' lang='lat' dir='ltr'>pius</span> <span class='ocrx_word' id='word_1_1463' title='bbox 1632 2461 1749 2496; x_wconf 82' lang='lat' dir='ltr'>AEneas,</span> <span class='ocrx_word' id='word_1_1464' title='bbox 1767 2462 1896 2490; x_wconf 89' lang='lat' dir='ltr'>nondum</span> <span class='ocrx_word' id='word_1_1465' title='bbox 1908 2461 2060 2490; x_wconf 86' lang='lat' dir='ltr'>certamine</span> <span class='ocrx_word' id='word_1_1466' title='bbox 2072 2459 2161 2495; x_wconf 72' lang='lat' dir='ltr'>misso,</span> <span class='ocrx_word' id='word_1_1467' title='bbox 2174 2460 2227 2490; x_wconf 85' lang='lat' dir='ltr'>&amp;c.</span> <span class='ocrx_word' id='word_1_1468' title='bbox 2302 2456 2443 2496; x_wconf 88' lang='lat' dir='ltr'>Epytiden</span> <span class='ocrx_word' id='word_1_1469' title='bbox 2453 2458 2536 2490; x_wconf 54' lang='lat' dir='ltr'>voca&amp;-</span> <span class='ocrx_word' id='word_1_1470' title='bbox 2560 2482 2561 2488; x_wconf 71' lang='lat'>.</span> 
     </span>
     <span class='ocr_line' id='line_1_183' title="bbox 1419 2498 2560 2537; baseline -0.002 -9"><span class='ocrx_word' id='word_1_1471' title='bbox 1419 2499 1540 2528; x_wconf 83' lang='lat' dir='ltr'>Movent</span> <span class='ocrx_word' id='word_1_1472' title='bbox 1551 2507 1692 2529; x_wconf 86' lang='lat' dir='ltr'>certamen</span> <span class='ocrx_word' id='word_1_1473' title='bbox 1703 2500 1824 2537; x_wconf 67' lang='lat' dir='ltr'>praemia.</span> <span class='ocrx_word' id='word_1_1474' title='bbox 1845 2499 1927 2529; x_wconf 90' lang='lat' dir='ltr'>Ovid.</span> <span class='ocrx_word' id='word_1_1475' title='bbox 1943 2503 1985 2528; x_wconf 83' lang='lat'>16.</span> <span class='ocrx_word' id='word_1_1476' title='bbox 1998 2498 2081 2537; x_wconf 83' lang='lat' dir='ltr'>Epist.</span> <span class='ocrx_word' id='word_1_1477' title='bbox 2093 2508 2155 2535; x_wconf 86' lang='lat'>372.</span> <span class='ocrx_word' id='word_1_1478' title='bbox 2558 2517 2560 2521; x_wconf 88' lang='lat'><em>-</em></span> 
     </span>
     <span class='ocr_line' id='line_1_184' title="bbox 1419 2533 2432 2574; baseline -0.002 -9"><span class='ocrx_word' id='word_1_1479' title='bbox 1419 2537 1534 2566; x_wconf 88' lang='lat' dir='ltr'>Referre</span> <span class='ocrx_word' id='word_1_1480' title='bbox 1544 2539 1711 2572; x_wconf 79' lang='lat' dir='ltr'>certamin-a,</span> <span class='ocrx_word' id='word_1_1481' title='bbox 1732 2538 1750 2566; x_wconf 86' lang='lat' dir='ltr'>i.</span> <span class='ocrx_word' id='word_1_1482' title='bbox 1765 2547 1789 2566; x_wconf 94' lang='lat' dir='ltr'>e.</span> <span class='ocrx_word' id='word_1_1483' title='bbox 1809 2537 1957 2566; x_wconf 79' lang='lat' dir='ltr'>innovare.</span> <span class='ocrx_word' id='word_1_1484' title='bbox 1980 2537 2052 2574; x_wconf 86' lang='lat' dir='ltr'>Virg.</span> <span class='ocrx_word' id='word_1_1485' title='bbox 2065 2547 2087 2572; x_wconf 87' lang='grc' dir='ltr'>ς.</span> <span class='ocrx_word' id='word_1_1486' title='bbox 2101 2535 2164 2566; x_wconf 82' lang='lat' dir='ltr'>AEn.</span> <span class='ocrx_word' id='word_1_1487' title='bbox 2179 2537 2241 2571; x_wconf 79' lang='lat'>596.</span> <span class='ocrx_word' id='word_1_1488' title='bbox 2264 2534 2299 2564; x_wconf 92' lang='lat' dir='ltr'>de</span> <span class='ocrx_word' id='word_1_1489' title='bbox 2308 2533 2432 2564; x_wconf 83' lang='lat' dir='ltr'>Ascanio.</span> 
     </span>
     <span class='ocr_line' id='line_1_185' title="bbox 1420 2575 2082 2612; baseline -0.002 -9"><span class='ocrx_word' id='word_1_1490' title='bbox 1420 2575 1537 2604; x_wconf 89' lang='lat' dir='ltr'>Tollere</span> <span class='ocrx_word' id='word_1_1491' title='bbox 1551 2576 1796 2604; x_wconf 85' lang='lat' dir='ltr'>donacertamine.</span> <span class='ocrx_word' id='word_1_1492' title='bbox 1818 2575 1891 2612; x_wconf 82' lang='lat' dir='ltr'>virg.</span> <span class='ocrx_word' id='word_1_1493' title='bbox 1907 2586 1930 2610; x_wconf 80' lang='grc' dir='ltr'>ς.</span> <span class='ocrx_word' id='word_1_1494' title='bbox 1944 2575 2005 2605; x_wconf 83' lang='lat' dir='ltr'>AEn.</span> <span class='ocrx_word' id='word_1_1495' title='bbox 2021 2585 2082 2611; x_wconf 86' lang='lat'>390.</span> 
     </span>
    </p>

    <p class='ocr_par' dir='ltr' id='par_1_80' title="bbox 1420 2610 2313 2651">
     <span class='ocr_line' id='line_1_186' title="bbox 1420 2610 2313 2651; baseline -0.001 -10"><span class='ocrx_word' id='word_1_1496' title='bbox 1420 2613 1569 2642; x_wconf 87' lang='lat' dir='ltr'>Certamen</span> <span class='ocrx_word' id='word_1_1497' title='bbox 1584 2636 1591 2647; x_wconf 80' lang='lat'>‚</span> <span class='ocrx_word' id='word_1_1498' title='bbox 1613 2624 1663 2651; x_wconf 85' lang='lat' dir='ltr'>pro</span> <span class='ocrx_word' id='word_1_1499' title='bbox 1677 2612 1814 2642; x_wconf 85' lang='lat' dir='ltr'>Tumultu</span> <span class='ocrx_word' id='word_1_1500' title='bbox 1829 2613 1880 2642; x_wconf 82' lang='lat' dir='ltr'>live</span> <span class='ocrx_word' id='word_1_1501' title='bbox 1890 2614 2022 2650; x_wconf 82' lang='lat' dir='ltr'>Strepitu.</span> <span class='ocrx_word' id='word_1_1502' title='bbox 2046 2612 2119 2649; x_wconf 81' lang='lat' dir='ltr'>Virg.</span> <span class='ocrx_word' id='word_1_1503' title='bbox 2132 2620 2157 2647; x_wconf 84' lang='lat'>3.</span> <span class='ocrx_word' id='word_1_1504' title='bbox 2178 2610 2236 2640; x_wconf 75' lang='lat' dir='ltr'>AEn.</span> <span class='ocrx_word' id='word_1_1505' title='bbox 2251 2615 2313 2645; x_wconf 89' lang='lat'>128.</span> 
     </span>
    </p>

    <p class='ocr_par' dir='ltr' id='par_1_81' title="bbox 1515 2650 2167 2680">
     <span class='ocr_line' id='line_1_187' title="bbox 1515 2650 2167 2680; baseline -0.003 0"><span class='ocrx_word' id='word_1_1506' title='bbox 1515 2651 1649 2680; x_wconf 88' lang='lat' dir='ltr'>Nauticus</span> <span class='ocrx_word' id='word_1_1507' title='bbox 1661 2652 1787 2680; x_wconf 76' lang='lat' dir='ltr'>exoritur</span> <span class='ocrx_word' id='word_1_1508' title='bbox 1798 2651 1873 2680; x_wconf 83' lang='lat' dir='ltr'>vario</span> <span class='ocrx_word' id='word_1_1509' title='bbox 1891 2652 2044 2680; x_wconf 83' lang='lat' dir='ltr'>certamine</span> <span class='ocrx_word' id='word_1_1510' title='bbox 2053 2650 2167 2679; x_wconf 80' lang='lat' dir='ltr'>clamor.</span> 
     </span>
    </p>

    <p class='ocr_par' dir='ltr' id='par_1_82' title="bbox 1421 2677 2577 2840">
     <span class='ocr_line' id='line_1_188' title="bbox 1421 2677 2577 2726; baseline -0.003 -9"><span class='ocrx_word' id='word_1_1511' title='bbox 1421 2688 1584 2724; x_wconf 69' lang='lat' dir='ltr'>Certamen.</span> <span class='ocrx_word' id='word_1_1512' title='bbox 1608 2690 1828 2718; x_wconf 79' lang='lat' dir='ltr'>Contentionem</span> <span class='ocrx_word' id='word_1_1513' title='bbox 1849 2688 2093 2726; x_wconf 76' lang='lat' dir='ltr'>etiam&#39;siguificat.</span> <span class='ocrx_word' id='word_1_1514' title='bbox 2136 2685 2243 2716; x_wconf 86' lang='lat' dir='ltr'>Sallust.</span> <span class='ocrx_word' id='word_1_1515' title='bbox 2265 2684 2346 2714; x_wconf 86' lang='lat' dir='ltr'>Catil.</span> <span class='ocrx_word' id='word_1_1516' title='bbox 2363 2694 2423 2723; x_wconf 89' lang='lat' dir='ltr'>cap.</span> <span class='ocrx_word' id='word_1_1517' title='bbox 2436 2693 2459 2714; x_wconf 76' lang='grc' dir='ltr'>Ι.</span> <span class='ocrx_word' id='word_1_1518' title='bbox 2484 2677 2538 2714; x_wconf 62' lang='lat' dir='ltr'>Diu</span> <span class='ocrx_word' id='word_1_1519' title='bbox 2556 2679 2577 2722; x_wconf 29' lang='lat' dir='ltr'>J]</span> 
     </span>
     <span class='ocr_line' id='line_1_189' title="bbox 1440 2720 2574 2764; baseline -0.004 -8"><span class='ocrx_word' id='word_1_1520' title='bbox 1440 2736 1573 2764; x_wconf 78' lang='lat' dir='ltr'>magnum</span> <span class='ocrx_word' id='word_1_1521' title='bbox 1583 2728 1656 2756; x_wconf 82' lang='lat' dir='ltr'>inter</span> <span class='ocrx_word' id='word_1_1522' title='bbox 1666 2726 1797 2756; x_wconf 84' lang='lat' dir='ltr'>mortales</span> <span class='ocrx_word' id='word_1_1523' title='bbox 1805 2734 1945 2756; x_wconf 86' lang='lat' dir='ltr'>certamen</span> <span class='ocrx_word' id='word_1_1524' title='bbox 1956 2727 2010 2756; x_wconf 82' lang='lat' dir='ltr'>suit</span> <span class='ocrx_word' id='word_1_1525' title='bbox 2019 2749 2026 2761; x_wconf 82' lang='lat'><strong><em>‚</em></strong></span> <span class='ocrx_word' id='word_1_1526' title='bbox 2047 2727 2074 2755; x_wconf 86' lang='lat' dir='ltr'>vi</span> <span class='ocrx_word' id='word_1_1527' title='bbox 2086 2735 2121 2754; x_wconf 88' lang='lat' dir='ltr'>ne</span> <span class='ocrx_word' id='word_1_1528' title='bbox 2131 2724 2255 2762; x_wconf 85' lang='lat' dir='ltr'>corporis</span> <span class='ocrx_word' id='word_1_1529' title='bbox 2266 2745 2273 2758; x_wconf 86' lang='lat'><em>‚</em></span> <span class='ocrx_word' id='word_1_1530' title='bbox 2295 2733 2329 2752; x_wconf 89' lang='lat' dir='ltr'>an</span> <span class='ocrx_word' id='word_1_1531' title='bbox 2341 2723 2440 2752; x_wconf 86' lang='lat' dir='ltr'>virtute</span> <span class='ocrx_word' id='word_1_1532' title='bbox 2458 2720 2537 2752; x_wconf 81' lang='lat' dir='ltr'>animi</span> <span class='ocrx_word' id='word_1_1533' title='bbox 2556 2721 2557 2730; x_wconf 64' lang='lat'>¹</span> <span class='ocrx_word' id='word_1_1534' title='bbox 2571 2739 2574 2743; x_wconf 87' lang='lat'>.</span> 
     </span>
     <span class='ocr_line' id='line_1_190' title="bbox 1440 2760 2561 2807; baseline -0.003 -15"><span class='ocrx_word' id='word_1_1535' title='bbox 1440 2774 1482 2807; x_wconf 80' lang='lat' dir='ltr'>res</span> <span class='ocrx_word' id='word_1_1536' title='bbox 1494 2765 1618 2794; x_wconf 84' lang='lat' dir='ltr'>militaris</span> <span class='ocrx_word' id='word_1_1537' title='bbox 1630 2766 1716 2802; x_wconf 76' lang='lat' dir='ltr'>magis</span> <span class='ocrx_word' id='word_1_1538' title='bbox 1727 2766 1901 2803; x_wconf 85' lang='lat' dir='ltr'>procederet.</span> <span class='ocrx_word' id='word_1_1539' title='bbox 1934 2765 1992 2794; x_wconf 87' lang='lat' dir='ltr'>Cic.</span> <span class='ocrx_word' id='word_1_1540' title='bbox 2005 2774 2054 2802; x_wconf 92' lang='lat' dir='ltr'>pro</span> <span class='ocrx_word' id='word_1_1541' title='bbox 2065 2762 2143 2793; x_wconf 79' lang='lat' dir='ltr'>Rosc.</span> <span class='ocrx_word' id='word_1_1542' title='bbox 2157 2763 2247 2791; x_wconf 81' lang='lat' dir='ltr'>Amet.</span> <span class='ocrx_word' id='word_1_1543' title='bbox 2261 2765 2321 2798; x_wconf 88' lang='lat'>136.</span> <span class='ocrx_word' id='word_1_1544' title='bbox 2345 2760 2447 2798; x_wconf 78' lang='lat' dir='ltr'>Quoin</span> <span class='ocrx_word' id='word_1_1545' title='bbox 2456 2766 2537 2790; x_wconf 88' lang='lat' dir='ltr'>certa-</span> <span class='ocrx_word' id='word_1_1546' title='bbox 2553 2770 2561 2786; x_wconf 53' lang='grc' dir='ltr'><strong><em>ν</em></strong></span> 
     </span>
     <span class='ocr_line' id='line_1_191' title="bbox 1441 2802 2228 2840; baseline -0.004 -9"><span class='ocrx_word' id='word_1_1547' title='bbox 1441 2809 1518 2831; x_wconf 79' lang='lat' dir='ltr'>nune</span> <span class='ocrx_word' id='word_1_1548' title='bbox 1531 2804 1633 2840; x_wconf 85' lang='lat' dir='ltr'>perditi</span> <span class='ocrx_word' id='word_1_1549' title='bbox 1648 2805 1714 2833; x_wconf 88' lang='lat' dir='ltr'>civis</span> <span class='ocrx_word' id='word_1_1550' title='bbox 1727 2811 1801 2837; x_wconf 67' lang='lat' dir='ltr'>erat.</span> <span class='ocrx_word' id='word_1_1551' title='bbox 1823 2813 1880 2831; x_wconf 92' lang='lat' dir='ltr'>non</span> <span class='ocrx_word' id='word_1_1552' title='bbox 1889 2802 1915 2832; x_wconf 91' lang='lat' dir='ltr'>se</span> <span class='ocrx_word' id='word_1_1553' title='bbox 1925 2803 1959 2832; x_wconf 88' lang='lat' dir='ltr'>ad</span> <span class='ocrx_word' id='word_1_1554' title='bbox 1973 2812 2020 2831; x_wconf 88' lang='lat' dir='ltr'>eos</span> <span class='ocrx_word' id='word_1_1555' title='bbox 2030 2803 2163 2838; x_wconf 81' lang='lat' dir='ltr'>jungere,</span> <span class='ocrx_word' id='word_1_1556' title='bbox 2175 2802 2228 2829; x_wconf 71' lang='grc' dir='ltr'>διο.</span> 
     </span>
    </p>

    <p class='ocr_par' dir='ltr' id='par_1_83' title="bbox 1421 2837 2317 2876">
     <span class='ocr_line' id='line_1_192' title="bbox 1421 2837 2317 2876; baseline -0.003 -7"><span class='ocrx_word' id='word_1_1557' title='bbox 1421 2840 1568 2869; x_wconf 85' lang='lat' dir='ltr'>Summum</span> <span class='ocrx_word' id='word_1_1558' title='bbox 1583 2849 1723 2870; x_wconf 82' lang='lat' dir='ltr'>certamen</span> <span class='ocrx_word' id='word_1_1559' title='bbox 1734 2863 1741 2876; x_wconf 84' lang='lat'><em>‚</em></span> <span class='ocrx_word' id='word_1_1560' title='bbox 1763 2842 1895 2870; x_wconf 89' lang='lat' dir='ltr'>Summus</span> <span class='ocrx_word' id='word_1_1561' title='bbox 1905 2847 2030 2870; x_wconf 82' lang='lat' dir='ltr'>conatus.</span> <span class='ocrx_word' id='word_1_1562' title='bbox 2052 2839 2125 2876; x_wconf 85' lang='lat' dir='ltr'>Virg.</span> <span class='ocrx_word' id='word_1_1563' title='bbox 2144 2849 2167 2874; x_wconf 76' lang='grc' dir='ltr'>ς.</span> <span class='ocrx_word' id='word_1_1564' title='bbox 2180 2837 2241 2868; x_wconf 80' lang='lat' dir='ltr'>AEn.</span> <span class='ocrx_word' id='word_1_1565' title='bbox 2255 2845 2317 2874; x_wconf 88' lang='lat'>197.</span> 
     </span>
    </p>

    <p class='ocr_par' dir='ltr' id='par_1_84' title="bbox 1423 2876 2566 2914">
     <span class='ocr_line' id='line_1_193' title="bbox 1423 2876 2566 2914; baseline -0.001 -8"><span class='ocrx_word' id='word_1_1566' title='bbox 1423 2879 1576 2907; x_wconf 87' lang='lat' dir='ltr'>Contentio</span> <span class='ocrx_word' id='word_1_1567' title='bbox 1593 2881 1617 2908; x_wconf 66' lang='grc' dir='ltr'><strong>ἃ</strong></span> <span class='ocrx_word' id='word_1_1568' title='bbox 1634 2889 1783 2908; x_wconf 86' lang='lat' dir='ltr'>certamen.</span> <span class='ocrx_word' id='word_1_1569' title='bbox 1803 2878 1869 2907; x_wconf 82' lang='lat' dir='ltr'>Caes.</span> <span class='ocrx_word' id='word_1_1570' title='bbox 1883 2890 1905 2914; x_wconf 82' lang='grc' dir='ltr'>ς.</span> <span class='ocrx_word' id='word_1_1571' title='bbox 1920 2878 1986 2907; x_wconf 84' lang='lat' dir='ltr'>Bell.</span> <span class='ocrx_word' id='word_1_1572' title='bbox 2000 2876 2070 2906; x_wconf 81' lang='lat' dir='ltr'>Gall.</span> <span class='ocrx_word' id='word_1_1573' title='bbox 2083 2887 2129 2913; x_wconf 82' lang='lat'>43.</span> <span class='ocrx_word' id='word_1_1574' title='bbox 2552 2895 2566 2905; x_wconf 91' lang='grc'>-</span> 
     </span>
    </p>

    <p class='ocr_par' dir='ltr' id='par_1_85' title="bbox 1422 2906 2604 3030">
     <span class='ocr_line' id='line_1_194' title="bbox 1422 2906 2573 2954; baseline -0.005 -10"><span class='ocrx_word' id='word_1_1575' title='bbox 1422 2916 1576 2945; x_wconf 80' lang='lat' dir='ltr'>Honestum</span> <span class='ocrx_word' id='word_1_1576' title='bbox 1586 2925 1729 2946; x_wconf 78' lang='lat' dir='ltr'>certamen</span> <span class='ocrx_word' id='word_1_1577' title='bbox 1741 2939 1749 2951; x_wconf 87' lang='lat'>‚</span> <span class='ocrx_word' id='word_1_1578' title='bbox 1769 2916 1955 2954; x_wconf 82' lang='lat' dir='ltr'>&amp;disputatio</span> <span class='ocrx_word' id='word_1_1579' title='bbox 1967 2915 2121 2953; x_wconf 85' lang='lat' dir='ltr'>splendida.</span> <span class='ocrx_word' id='word_1_1580' title='bbox 2164 2912 2223 2942; x_wconf 87' lang='lat' dir='ltr'>Cic.</span> <span class='ocrx_word' id='word_1_1581' title='bbox 2234 2921 2259 2941; x_wconf 84' lang='lat'>2.</span> <span class='ocrx_word' id='word_1_1582' title='bbox 2277 2911 2312 2940; x_wconf 86' lang='lat' dir='ltr'>de</span> <span class='ocrx_word' id='word_1_1583' title='bbox 2323 2909 2464 2945; x_wconf 84' lang='lat' dir='ltr'>Finib.68.</span> <span class='ocrx_word' id='word_1_1584' title='bbox 2490 2906 2536 2945; x_wconf 69' lang='lat' dir='ltr'>Pu*</span> <span class='ocrx_word' id='word_1_1585' title='bbox 2570 2939 2573 2946; x_wconf 69' lang='lat'>.</span> 
     </span>
     <span class='ocr_line' id='line_1_195' title="bbox 1441 2945 2604 2996; baseline -0.004 -14"><span class='ocrx_word' id='word_1_1586' title='bbox 1441 2962 1529 2996; x_wconf 78' lang='lat' dir='ltr'>gnant</span> <span class='ocrx_word' id='word_1_1587' title='bbox 1539 2956 1626 2984; x_wconf 88' lang='lat' dir='ltr'>Stoici</span> <span class='ocrx_word' id='word_1_1588' title='bbox 1640 2965 1704 2984; x_wconf 87' lang='lat' dir='ltr'>cum</span> <span class='ocrx_word' id='word_1_1589' title='bbox 1718 2955 1909 2992; x_wconf 86' lang='lat' dir='ltr'>Peripateticis</span> <span class='ocrx_word' id='word_1_1590' title='bbox 1921 2976 1929 2990; x_wconf 88' lang='lat'><em>‚</em></span> <span class='ocrx_word' id='word_1_1591' title='bbox 1949 2955 2000 2983; x_wconf 66' lang='grc' dir='ltr'>ἃς.</span> <span class='ocrx_word' id='word_1_1592' title='bbox 2023 2956 2049 2983; x_wconf 71' lang='grc' dir='ltr'>ὁὶ</span> <span class='ocrx_word' id='word_1_1593' title='bbox 2072 2957 2215 2982; x_wconf 82' lang='lat' dir='ltr'>certamen</span> <span class='ocrx_word' id='word_1_1594' title='bbox 2226 2950 2371 2979; x_wconf 85' lang='lat' dir='ltr'>honestum</span> <span class='ocrx_word' id='word_1_1595' title='bbox 2383 2950 2409 2979; x_wconf 72' lang='grc' dir='ltr'>ἂ</span> <span class='ocrx_word' id='word_1_1596' title='bbox 2426 2947 2551 2986; x_wconf 47' lang='grc' dir='ltr'>ιίἰῗριιὶῖὶιι</span> <span class='ocrx_word' id='word_1_1597' title='bbox 2603 2945 2604 2953; x_wconf 69' lang='grc'>’</span> 
     </span>
     <span class='ocr_line' id='line_1_196' title="bbox 1441 2985 2565 3030; baseline -0.005 -10"><span class='ocrx_word' id='word_1_1598' title='bbox 1441 2993 1481 3020; x_wconf 84' lang='lat' dir='ltr'>&#39;tio</span> <span class='ocrx_word' id='word_1_1599' title='bbox 1495 2992 1648 3030; x_wconf 78' lang='lat' dir='ltr'>splendida.</span> <span class='ocrx_word' id='word_1_1600' title='bbox 1672 2994 1765 3021; x_wconf 86' lang='lat' dir='ltr'>omnis</span> <span class='ocrx_word' id='word_1_1601' title='bbox 1775 2993 1813 3021; x_wconf 86' lang='lat' dir='ltr'>est</span> <span class='ocrx_word' id='word_1_1602' title='bbox 1824 2993 1902 3021; x_wconf 90' lang='lat' dir='ltr'>enim</span> <span class='ocrx_word' id='word_1_1603' title='bbox 1920 2992 1955 3020; x_wconf 91' lang='lat' dir='ltr'>de</span> <span class='ocrx_word' id='word_1_1604' title='bbox 1971 2991 2082 3020; x_wconf 88' lang='lat' dir='ltr'>virtutis</span> <span class='ocrx_word' id='word_1_1605' title='bbox 2094 2990 2227 3026; x_wconf 75' lang='lat' dir='ltr'>dignitate</span> <span class='ocrx_word' id='word_1_1606' title='bbox 2240 2988 2393 3017; x_wconf 81' lang='lat' dir='ltr'>contentio.</span> <span class='ocrx_word' id='word_1_1607' title='bbox 2550 2985 2565 3005; x_wconf 66' lang='lat'>=&#39;</span> 
     </span>
    </p>

    <p class='ocr_par' dir='ltr' id='par_1_86' title="bbox 1420 3022 2550 3097">
     <span class='ocr_line' id='line_1_197' title="bbox 1420 3022 2550 3097; baseline -0.006 -38"><span class='ocrx_word' id='word_1_1608' title='bbox 1420 3029 1587 3097; x_wconf 57' lang='lat' dir='ltr'>DAVi&#39;tiiffum</span> <span class='ocrx_word' id='word_1_1609' title='bbox 1607 3031 1774 3066; x_wconf 87' lang='lat' dir='ltr'>certamina,</span> <span class='ocrx_word' id='word_1_1610' title='bbox 1808 3031 1826 3059; x_wconf 89' lang='lat' dir='ltr'>i.</span> <span class='ocrx_word' id='word_1_1611' title='bbox 1841 3040 1864 3060; x_wconf 91' lang='lat' dir='ltr'>e.</span> <span class='ocrx_word' id='word_1_1612' title='bbox 1887 3029 2007 3060; x_wconf 89' lang='lat' dir='ltr'>Labores</span> <span class='ocrx_word' id='word_1_1613' title='bbox 2030 3029 2060 3057; x_wconf 90' lang='lat' dir='ltr'>in</span> <span class='ocrx_word' id='word_1_1614' title='bbox 2082 3026 2261 3058; x_wconf 86' lang='lat' dir='ltr'>cumulandis</span> <span class='ocrx_word' id='word_1_1615' title='bbox 2288 3025 2398 3064; x_wconf 82' lang='lat' dir='ltr'>opibus.</span> <span class='ocrx_word' id='word_1_1616' title='bbox 2427 3022 2491 3054; x_wconf 76' lang='lat' dir='ltr'>Hor.</span> <span class='ocrx_word' id='word_1_1617' title='bbox 2511 3030 2534 3051; x_wconf 75' lang='lat'>1·</span> <span class='ocrx_word' id='word_1_1618' title='bbox 2549 3030 2550 3052; x_wconf 61' lang='grc'>1</span> 
     </span>
    </p>

    <p class='ocr_par' dir='ltr' id='par_1_87' title="bbox 1465 3074 1597 3105">
     <span class='ocr_line' id='line_1_198' title="bbox 1465 3074 1597 3105; baseline 0.008 -9"><span class='ocrx_word' id='word_1_1619' title='bbox 1465 3078 1491 3105; x_wconf 79' lang='lat' dir='ltr'>pl</span> <span class='ocrx_word' id='word_1_1620' title='bbox 1519 3091 1524 3096; x_wconf 97' lang='lat'>.</span> <span class='ocrx_word' id='word_1_1621' title='bbox 1540 3080 1561 3103; x_wconf 79' lang='grc' dir='ltr'>ς.</span> <span class='ocrx_word' id='word_1_1622' title='bbox 1573 3074 1597 3102; x_wconf 74' lang='grc'>8.</span> 
     </span>
    </p>

    <p class='ocr_par' dir='ltr' id='par_1_88' title="bbox 1421 3103 2229 3143">
     <span class='ocr_line' id='line_1_199' title="bbox 1421 3103 2229 3143; baseline -0.004 -8"><span class='ocrx_word' id='word_1_1623' title='bbox 1421 3106 1512 3143; x_wconf 73' lang='lat' dir='ltr'>Aiquo</span> <span class='ocrx_word' id='word_1_1624' title='bbox 1524 3107 1675 3135; x_wconf 87' lang='lat' dir='ltr'>certamine</span> <span class='ocrx_word' id='word_1_1625' title='bbox 1687 3105 1794 3135; x_wconf 85' lang='lat' dir='ltr'>bellum</span> <span class='ocrx_word' id='word_1_1626' title='bbox 1805 3105 1918 3143; x_wconf 88' lang='lat' dir='ltr'>geritur.</span> <span class='ocrx_word' id='word_1_1627' title='bbox 1940 3104 2048 3134; x_wconf 88' lang='lat' dir='ltr'>Lucret.</span> <span class='ocrx_word' id='word_1_1628' title='bbox 2063 3103 2113 3133; x_wconf 86' lang='lat' dir='ltr'>lib.</span> <span class='ocrx_word' id='word_1_1629' title='bbox 2125 3112 2152 3133; x_wconf 85' lang='lat'>2.</span> <span class='ocrx_word' id='word_1_1630' title='bbox 2166 3107 2229 3139; x_wconf 53' lang='lat'>573.</span> 
     </span>
    </p>

    <p class='ocr_par' dir='ltr' id='par_1_89' title="bbox 1422 3144 1778 3179">
     <span class='ocr_line' id='line_1_200' title="bbox 1422 3144 1778 3179; baseline 0.003 -7"><span class='ocrx_word' id='word_1_1631' title='bbox 1422 3144 1526 3173; x_wconf 85' lang='lat' dir='ltr'>Alacre.</span> <span class='ocrx_word' id='word_1_1632' title='bbox 1550 3144 1598 3173; x_wconf 91' lang='lat' dir='ltr'>Sil.</span> <span class='ocrx_word' id='word_1_1633' title='bbox 1611 3144 1658 3173; x_wconf 91' lang='lat' dir='ltr'>lib.</span> <span class='ocrx_word' id='word_1_1634' title='bbox 1678 3155 1699 3174; x_wconf 93' lang='lat'>1.</span> <span class='ocrx_word' id='word_1_1635' title='bbox 1717 3149 1778 3179; x_wconf 84' lang='lat'>184.</span> 
     </span>
    </p>

    <p class='ocr_par' dir='ltr' id='par_1_90' title="bbox 1421 3181 1814 3216">
     <span class='ocr_line' id='line_1_201' title="bbox 1421 3181 1814 3216; baseline 0 -6"><span class='ocrx_word' id='word_1_1636' title='bbox 1421 3181 1571 3211; x_wconf 86' lang='lat' dir='ltr'>Anhelum.</span> <span class='ocrx_word' id='word_1_1637' title='bbox 1594 3182 1640 3211; x_wconf 83' lang='lat' dir='ltr'>Sil.</span> <span class='ocrx_word' id='word_1_1638' title='bbox 1654 3182 1701 3211; x_wconf 88' lang='lat' dir='ltr'>lib.</span> <span class='ocrx_word' id='word_1_1639' title='bbox 1713 3192 1739 3211; x_wconf 86' lang='lat'>2.</span> <span class='ocrx_word' id='word_1_1640' title='bbox 1749 3189 1814 3216; x_wconf 76' lang='lat'>430.</span> 
     </span>
    </p>

    <p class='ocr_par' dir='ltr' id='par_1_91' title="bbox 1422 3219 1894 3256">
     <span class='ocr_line' id='line_1_202' title="bbox 1422 3219 1894 3256; baseline 0.002 -9"><span class='ocrx_word' id='word_1_1641' title='bbox 1422 3219 1563 3256; x_wconf 80' lang='lat' dir='ltr'>Asperum.</span> <span class='ocrx_word' id='word_1_1642' title='bbox 1587 3221 1670 3249; x_wconf 87' lang='lat' dir='ltr'>Ovid.</span> <span class='ocrx_word' id='word_1_1643' title='bbox 1681 3231 1706 3255; x_wconf 82' lang='lat'>4.</span> <span class='ocrx_word' id='word_1_1644' title='bbox 1718 3219 1799 3248; x_wconf 89' lang='lat' dir='ltr'>Trist.</span> <span class='ocrx_word' id='word_1_1645' title='bbox 1815 3228 1837 3248; x_wconf 87' lang='lat'>1.</span> <span class='ocrx_word' id='word_1_1646' title='bbox 1849 3226 1894 3255; x_wconf 88' lang='lat'>71.</span> 
     </span>
    </p>

    <p class='ocr_par' dir='ltr' id='par_1_92' title="bbox 1423 3257 2443 3292">
     <span class='ocr_line' id='line_1_203' title="bbox 1423 3257 2443 3292; baseline 0 -7"><span class='ocrx_word' id='word_1_1647' title='bbox 1423 3257 1551 3286; x_wconf 89' lang='lat' dir='ltr'>Avidum.</span> <span class='ocrx_word' id='word_1_1648' title='bbox 1573 3257 1620 3287; x_wconf 91' lang='lat' dir='ltr'>Sil.</span> <span class='ocrx_word' id='word_1_1649' title='bbox 1634 3257 1682 3287; x_wconf 91' lang='lat' dir='ltr'>lib.</span> <span class='ocrx_word' id='word_1_1650' title='bbox 1698 3267 1738 3286; x_wconf 90' lang='lat'>12.</span> <span class='ocrx_word' id='word_1_1651' title='bbox 1751 3266 1815 3292; x_wconf 81' lang='lat'>457-</span> <span class='ocrx_word' id='word_1_1652' title='bbox 2441 3280 2443 3282; x_wconf 87' lang='lat'>.</span> 
     </span>
    </p>

    <p class='ocr_par' dir='ltr' id='par_1_93' title="bbox 1422 3281 2545 3368">
     <span class='ocr_line' id='line_1_204' title="bbox 1422 3281 2545 3363; baseline -0.007 -39"><span class='ocrx_word' id='word_1_1653' title='bbox 1422 3294 1553 3363; x_wconf 46' lang='lat' dir='ltr'>Bffiigum</span> <span class='ocrx_word' id='word_1_1654' title='bbox 1561 3304 1714 3331; x_wconf 84' lang='lat' dir='ltr'>certamen,</span> <span class='ocrx_word' id='word_1_1655' title='bbox 1726 3294 1842 3325; x_wconf 88' lang='lat' dir='ltr'>Cursum</span> <span class='ocrx_word' id='word_1_1656' title='bbox 1853 3293 1926 3322; x_wconf 89' lang='lat' dir='ltr'>inter</span> <span class='ocrx_word' id='word_1_1657' title='bbox 1936 3291 1961 3322; x_wconf 86' lang='lat' dir='ltr'>se</span> <span class='ocrx_word' id='word_1_1658' title='bbox 1973 3291 2140 3322; x_wconf 81' lang='lat' dir='ltr'>certantium</span> <span class='ocrx_word' id='word_1_1659' title='bbox 2152 3289 2277 3327; x_wconf 85' lang='lat' dir='ltr'>bigarum</span> <span class='ocrx_word' id='word_1_1660' title='bbox 2289 3281 2545 3329; x_wconf 51' lang='lat' dir='ltr'>significr=1t.Virg&#39;.5·¹</span> 
     </span>
     <span class='ocr_line' id='line_1_205' title="bbox 1444 3343 1580 3368; baseline 0.007 -7"><span class='ocrx_word' id='word_1_1661' title='bbox 1444 3351 1446 3353; x_wconf 32' lang='grc' dir='ltr'>ψ</span> <span class='ocrx_word' id='word_1_1662' title='bbox 1479 3343 1505 3362; x_wconf 82' lang='grc'>11.</span> <span class='ocrx_word' id='word_1_1663' title='bbox 1520 3343 1580 3368; x_wconf 69' lang='grc'>144.</span> 
     </span>
    </p>

    <p class='ocr_par' dir='ltr' id='par_1_94' title="bbox 1423 3366 2604 3688">
     <span class='ocr_line' id='line_1_206' title="bbox 1517 3366 2275 3407; baseline -0.009 -7"><span class='ocrx_word' id='word_1_1664' title='bbox 1517 3371 1581 3399; x_wconf 91' lang='lat' dir='ltr'>Non</span> <span class='ocrx_word' id='word_1_1665' title='bbox 1597 3376 1654 3400; x_wconf 87' lang='lat' dir='ltr'>tam</span> <span class='ocrx_word' id='word_1_1666' title='bbox 1670 3370 1826 3407; x_wconf 81' lang='lat' dir='ltr'>praecipites</span> <span class='ocrx_word' id='word_1_1667' title='bbox 1842 3390 1850 3404; x_wconf 86' lang='lat'>‚</span> <span class='ocrx_word' id='word_1_1668' title='bbox 1872 3366 1968 3404; x_wconf 81' lang='lat' dir='ltr'>biiugo</span> <span class='ocrx_word' id='word_1_1669' title='bbox 1977 3366 2130 3396; x_wconf 82' lang='lat' dir='ltr'>certamine</span> <span class='ocrx_word' id='word_1_1670' title='bbox 2140 3374 2275 3403; x_wconf 88' lang='lat' dir='ltr'>campum</span> 
     </span>
     <span class='ocr_line' id='line_1_207' title="bbox 1516 3405 2184 3446; baseline -0.007 -9"><span class='ocrx_word' id='word_1_1671' title='bbox 1516 3409 1680 3446; x_wconf 83' lang='lat' dir='ltr'>Corripuere</span> <span class='ocrx_word' id='word_1_1672' title='bbox 1692 3430 1699 3442; x_wconf 78' lang='grc'>,</span> <span class='ocrx_word' id='word_1_1673' title='bbox 1721 3414 1860 3445; x_wconf 87' lang='lat' dir='ltr'>ruuntque</span> <span class='ocrx_word' id='word_1_1674' title='bbox 1871 3405 1948 3434; x_wconf 66' lang='lat' dir='ltr'>effusi</span> <span class='ocrx_word' id='word_1_1675' title='bbox 1958 3414 2068 3434; x_wconf 88' lang='lat' dir='ltr'>carcere</span> <span class='ocrx_word' id='word_1_1676' title='bbox 2079 3413 2184 3433; x_wconf 86' lang='lat' dir='ltr'>currus.</span> 
     </span>
     <span class='ocr_line' id='line_1_208' title="bbox 1423 3443 2545 3477; baseline 0.001 -4"><span class='ocrx_word' id='word_1_1677' title='bbox 1423 3445 1541 3475; x_wconf 86' lang='lat' dir='ltr'>Celebre</span> <span class='ocrx_word' id='word_1_1678' title='bbox 1552 3455 1705 3475; x_wconf 86' lang='lat' dir='ltr'>certamen.</span> <span class='ocrx_word' id='word_1_1679' title='bbox 1727 3445 1814 3475; x_wconf 91' lang='lat' dir='ltr'>Ovid.</span> <span class='ocrx_word' id='word_1_1680' title='bbox 1831 3456 1852 3474; x_wconf 87' lang='lat' dir='ltr'>i.</span> <span class='ocrx_word' id='word_1_1681' title='bbox 1869 3443 1939 3473; x_wconf 83' lang='lat' dir='ltr'>Met.</span> <span class='ocrx_word' id='word_1_1682' title='bbox 1952 3446 2016 3477; x_wconf 82' lang='grc'>446.</span> <span class='ocrx_word' id='word_1_1683' title='bbox 2542 3464 2545 3474; x_wconf 61' lang='lat' dir='ltr'>i</span> 
     </span>
     <span class='ocr_line' id='line_1_209' title="bbox 1424 3463 2572 3521; baseline -0.009 -9"><span class='ocrx_word' id='word_1_1684' title='bbox 1424 3483 1582 3513; x_wconf 80' lang='lat' dir='ltr'>Clafficum.</span> <span class='ocrx_word' id='word_1_1685' title='bbox 1605 3486 1621 3513; x_wconf 83' lang='lat' dir='ltr'>i.</span> <span class='ocrx_word' id='word_1_1686' title='bbox 1635 3492 1659 3513; x_wconf 83' lang='lat' dir='ltr'>e.</span> <span class='ocrx_word' id='word_1_1687' title='bbox 1682 3483 1785 3512; x_wconf 84' lang='lat' dir='ltr'>Navale</span> <span class='ocrx_word' id='word_1_1688' title='bbox 1795 3481 1930 3521; x_wconf 82' lang='lat' dir='ltr'>praelium.</span> <span class='ocrx_word' id='word_1_1689' title='bbox 1956 3481 2058 3510; x_wconf 83' lang='lat' dir='ltr'>Patere.</span> <span class='ocrx_word' id='word_1_1690' title='bbox 2068 3478 2117 3508; x_wconf 88' lang='lat' dir='ltr'>lib.</span> <span class='ocrx_word' id='word_1_1691' title='bbox 2129 3487 2155 3508; x_wconf 90' lang='lat'>2.</span> <span class='ocrx_word' id='word_1_1692' title='bbox 2167 3483 2212 3514; x_wconf 72' lang='lat'>85.</span> <span class='ocrx_word' id='word_1_1693' title='bbox 2232 3476 2450 3514; x_wconf 84' lang='lat' dir='ltr'>Agrippaeomne</span> <span class='ocrx_word' id='word_1_1694' title='bbox 2459 3463 2535 3503; x_wconf 73' lang='lat' dir='ltr'>claffi⁴</span> <span class='ocrx_word' id='word_1_1695' title='bbox 2559 3469 2572 3486; x_wconf 59' lang='lat'><strong><em>⁹</em></strong></span> 
     </span>
     <span class='ocr_line' id='line_1_210' title="bbox 1443 3518 2543 3551; baseline -0.006 -1"><span class='ocrx_word' id='word_1_1696' title='bbox 1443 3522 1468 3550; x_wconf 93' lang='lat' dir='ltr'>ci</span> <span class='ocrx_word' id='word_1_1697' title='bbox 1480 3521 1793 3551; x_wconf 82' lang='lat' dir='ltr'>certaminisarbitrium</span> <span class='ocrx_word' id='word_1_1698' title='bbox 1804 3518 1989 3550; x_wconf 74' lang='lat' dir='ltr'>commissum.</span> <span class='ocrx_word' id='word_1_1699' title='bbox 2476 3520 2480 3524; x_wconf 82' lang='lat'><em>&#39;</em></span> <span class='ocrx_word' id='word_1_1700' title='bbox 2542 3518 2543 3527; x_wconf 68' lang='lat'>¹</span> 
     </span>
     <span class='ocr_line' id='line_1_211' title="bbox 1424 3551 2559 3595; baseline -0.01 -8"><span class='ocrx_word' id='word_1_1701' title='bbox 1424 3558 1656 3595; x_wconf 84' lang='lat' dir='ltr'>Chrysantianum</span> <span class='ocrx_word' id='word_1_1702' title='bbox 1668 3566 1809 3588; x_wconf 86' lang='lat' dir='ltr'>certamen</span> <span class='ocrx_word' id='word_1_1703' title='bbox 1819 3579 1828 3593; x_wconf 87' lang='lat'>‚</span> <span class='ocrx_word' id='word_1_1704' title='bbox 1849 3557 1883 3586; x_wconf 91' lang='lat' dir='ltr'>ab</span> <span class='ocrx_word' id='word_1_1705' title='bbox 1893 3557 1979 3585; x_wconf 89' lang='lat' dir='ltr'>Aureo</span> <span class='ocrx_word' id='word_1_1706' title='bbox 1989 3552 2066 3590; x_wconf 78' lang='lat' dir='ltr'>flore,</span> <span class='ocrx_word' id='word_1_1707' title='bbox 2103 3553 2197 3583; x_wconf 78' lang='lat' dir='ltr'>raemio</span> <span class='ocrx_word' id='word_1_1708' title='bbox 2209 3551 2330 3585; x_wconf 66' lang='lat' dir='ltr'>victoris,</span> <span class='ocrx_word' id='word_1_1709' title='bbox 2343 3553 2522 3587; x_wconf 86' lang='lat' dir='ltr'>nuncupatum</span> <span class='ocrx_word' id='word_1_1710' title='bbox 2541 3551 2544 3582; x_wconf 68' lang='grc' dir='ltr'>ἵ</span> <span class='ocrx_word' id='word_1_1711' title='bbox 2556 3571 2559 3573; x_wconf 97' lang='grc'>.</span> 
     </span>
     <span class='ocr_line' id='line_1_212' title="bbox 1442 3562 2604 3688; baseline -0.011 -63"><span class='ocrx_word' id='word_1_1712' title='bbox 1442 3595 1488 3623; x_wconf 53' lang='lat' dir='ltr'>&amp;vri</span> <span class='ocrx_word' id='word_1_1713' title='bbox 1505 3594 1522 3624; x_wconf 67' lang='lat' dir='ltr'>i}</span> <span class='ocrx_word' id='word_1_1714' title='bbox 1533 3596 1619 3635; x_wconf 62' lang='grc' dir='ltr'><em>χςυσὶε</em></span> <span class='ocrx_word' id='word_1_1715' title='bbox 1631 3619 1638 3632; x_wconf 91' lang='grc'><em>,</em></span> <span class='ocrx_word' id='word_1_1716' title='bbox 1659 3597 1678 3626; x_wconf 91' lang='lat' dir='ltr'>i.</span> <span class='ocrx_word' id='word_1_1717' title='bbox 1691 3607 1715 3626; x_wconf 90' lang='lat' dir='ltr'>e.</span> <span class='ocrx_word' id='word_1_1718' title='bbox 1738 3605 1816 3631; x_wconf 89' lang='lat' dir='ltr'>auro,</span> <span class='ocrx_word' id='word_1_1719' title='bbox 1834 3596 1860 3624; x_wconf 70' lang='grc' dir='ltr'><strong>ἃ</strong></span> <span class='ocrx_word' id='word_1_1720' title='bbox 1873 3593 1961 3628; x_wconf 52' lang='grc' dir='ltr'><em>ἄνθη,</em></span> <span class='ocrx_word' id='word_1_1721' title='bbox 1982 3594 2059 3622; x_wconf 82' lang='lat' dir='ltr'>flore.</span> <span class='ocrx_word' id='word_1_1722' title='bbox 2081 3562 2171 3625; x_wconf 47' lang='lat' dir='ltr'>auius</span> <span class='ocrx_word' id='word_1_1723' title='bbox 2188 3589 2247 3619; x_wconf 90' lang='lat' dir='ltr'>ludi</span> <span class='ocrx_word' id='word_1_1724' title='bbox 2259 3585 2514 3622; x_wconf 69' lang='lat' dir='ltr'>meminitjuriscon</span> <span class='ocrx_word' id='word_1_1725' title='bbox 2525 3603 2539 3688; x_wconf 81' lang='grc' dir='ltr'>-Ι</span> <span class='ocrx_word' id='word_1_1726' title='bbox 2556 3588 2560 3602; x_wconf 69' lang='lat'>³</span> <span class='ocrx_word' id='word_1_1727' title='bbox 2592 3585 2604 3606; x_wconf 66' lang='lat' dir='ltr'>st(</span> 
     </span>
    </p>
   </div>
   <div class='ocr_carea' id='block_1_29' title="bbox 2228 1643 2600 1701">
    <p class='ocr_par' dir='ltr' id='par_1_95' title="bbox 2228 1643 2600 1709">
     <span class='ocr_line' id='line_1_213' title="bbox 2228 1643 2600 1701; baseline -0.011 -7"><span class='ocrx_word' id='word_1_1728' title='bbox 2228 1664 2351 1701; x_wconf 68' lang='lat' dir='ltr'>Auctor,</span> <span class='ocrx_word' id='word_1_1729' title='bbox 2371 1663 2496 1694; x_wconf 79' lang='lat' dir='ltr'>Donatus</span> <span class='ocrx_word' id='word_1_1730' title='bbox 2509 1662 2539 1694; x_wconf 77' lang='lat' dir='ltr'>in</span> <span class='ocrx_word' id='word_1_1731' title='bbox 2573 1672 2577 1690; x_wconf 60' lang='lat' dir='ltr'>i</span> <span class='ocrx_word' id='word_1_1732' title='bbox 2596 1643 2600 1662; x_wconf 39' lang='lat'>¹.</span> 
     </span>
    </p>
   </div>
   <div class='ocr_carea' id='block_1_30' title="bbox 1423 3620 2565 3971">
    <p class='ocr_par' dir='ltr' id='par_1_96' title="bbox 1423 3620 2573 3971">
     <span class='ocr_line' id='line_1_214' title="bbox 1443 3620 2561 3669; baseline -0.007 -7"><span class='ocrx_word' id='word_1_1733' title='bbox 1443 3634 1500 3663; x_wconf 93' lang='lat' dir='ltr'>inl.</span> <span class='ocrx_word' id='word_1_1734' title='bbox 1521 3645 1578 3663; x_wconf 68' lang='lat' dir='ltr'>ien.</span> <span class='ocrx_word' id='word_1_1735' title='bbox 1594 3635 1625 3664; x_wconf 81' lang='lat' dir='ltr'>D.</span> <span class='ocrx_word' id='word_1_1736' title='bbox 1639 3634 1674 3664; x_wconf 91' lang='lat' dir='ltr'>de</span> <span class='ocrx_word' id='word_1_1737' title='bbox 1684 3644 1747 3664; x_wconf 86' lang='lat' dir='ltr'>ann.</span> <span class='ocrx_word' id='word_1_1738' title='bbox 1760 3633 1815 3669; x_wconf 74' lang='lat' dir='ltr'>leg.</span> <span class='ocrx_word' id='word_1_1739' title='bbox 1837 3632 1968 3661; x_wconf 87' lang='lat' dir='ltr'>Ceterum</span> <span class='ocrx_word' id='word_1_1740' title='bbox 1988 3631 2023 3660; x_wconf 90' lang='lat' dir='ltr'>de</span> <span class='ocrx_word' id='word_1_1741' title='bbox 2037 3631 2091 3659; x_wconf 90' lang='lat' dir='ltr'>hoc</span> <span class='ocrx_word' id='word_1_1742' title='bbox 2103 3629 2160 3659; x_wconf 88' lang='lat' dir='ltr'>ludi</span> <span class='ocrx_word' id='word_1_1743' title='bbox 2174 3636 2290 3665; x_wconf 82' lang='lat' dir='ltr'>genere,</span> <span class='ocrx_word' id='word_1_1744' title='bbox 2313 3628 2339 3655; x_wconf 72' lang='grc' dir='ltr'>ἃ</span> <span class='ocrx_word' id='word_1_1745' title='bbox 2357 3625 2416 3654; x_wconf 85' lang='lat' dir='ltr'>aliis</span> <span class='ocrx_word' id='word_1_1746' title='bbox 2435 3620 2533 3664; x_wconf 64' lang='lat' dir='ltr'>multis,</span> <span class='ocrx_word' id='word_1_1747' title='bbox 2560 3639 2561 3642; x_wconf 45' lang='lat'>¹</span> 
     </span>
     <span class='ocr_line' id='line_1_215' title="bbox 1442 3645 2558 3707; baseline -0.013 -7"><span class='ocrx_word' id='word_1_1748' title='bbox 1442 3645 1669 3707; x_wconf 68' lang='lat' dir='ltr'>videi3udaeum‚</span> <span class='ocrx_word' id='word_1_1749' title='bbox 1692 3672 1768 3701; x_wconf 83' lang='lat' dir='ltr'>Alex.</span> <span class='ocrx_word' id='word_1_1750' title='bbox 1779 3671 1813 3700; x_wconf 88' lang='lat' dir='ltr'>ab</span> <span class='ocrx_word' id='word_1_1751' title='bbox 1825 3670 1900 3700; x_wconf 88' lang='lat' dir='ltr'>Alex.</span> <span class='ocrx_word' id='word_1_1752' title='bbox 1910 3668 1958 3698; x_wconf 91' lang='lat' dir='ltr'>lib.</span> <span class='ocrx_word' id='word_1_1753' title='bbox 1971 3679 1994 3704; x_wconf 82' lang='grc' dir='ltr'>ς.</span> <span class='ocrx_word' id='word_1_1754' title='bbox 2005 3678 2066 3706; x_wconf 86' lang='lat' dir='ltr'>cap.</span> <span class='ocrx_word' id='word_1_1755' title='bbox 2083 3673 2109 3701; x_wconf 86' lang='lat'>8.</span> <span class='ocrx_word' id='word_1_1756' title='bbox 2131 3665 2284 3697; x_wconf 89' lang='lat' dir='ltr'>Valturium</span> <span class='ocrx_word' id='word_1_1757' title='bbox 2301 3665 2337 3696; x_wconf 87' lang='lat' dir='ltr'>de</span> <span class='ocrx_word' id='word_1_1758' title='bbox 2345 3663 2386 3693; x_wconf 82' lang='lat' dir='ltr'>Re</span> <span class='ocrx_word' id='word_1_1759' title='bbox 2397 3656 2558 3692; x_wconf 44' lang='grc' dir='ltr'>1111Ιί11111).-</span> 
     </span>
     <span class='ocr_line' id='line_1_216' title="bbox 1445 3709 2027 3747; baseline -0.007 -9"><span class='ocrx_word' id='word_1_1760' title='bbox 1445 3711 1470 3738; x_wconf 76' lang='grc' dir='ltr'>δι</span> <span class='ocrx_word' id='word_1_1761' title='bbox 1482 3719 1542 3747; x_wconf 85' lang='lat' dir='ltr'>cap.</span> <span class='ocrx_word' id='word_1_1762' title='bbox 1559 3720 1599 3738; x_wconf 90' lang='lat'>12.</span> <span class='ocrx_word' id='word_1_1763' title='bbox 1623 3712 1649 3739; x_wconf 69' lang='lat' dir='ltr'>Sc</span> <span class='ocrx_word' id='word_1_1764' title='bbox 1661 3709 1779 3746; x_wconf 75' lang='lat' dir='ltr'>Rhodig.</span> <span class='ocrx_word' id='word_1_1765' title='bbox 1790 3709 1837 3738; x_wconf 90' lang='lat' dir='ltr'>lib.</span> <span class='ocrx_word' id='word_1_1766' title='bbox 1854 3716 1896 3742; x_wconf 83' lang='lat'>¹3-</span> <span class='ocrx_word' id='word_1_1767' title='bbox 1908 3716 1968 3744; x_wconf 85' lang='lat' dir='ltr'>cap.</span> <span class='ocrx_word' id='word_1_1768' title='bbox 1983 3716 2027 3741; x_wconf 85' lang='lat'>30.</span> 
     </span>
     <span class='ocr_line' id='line_1_217' title="bbox 1425 3745 2565 3780; baseline -0.005 -5"><span class='ocrx_word' id='word_1_1769' title='bbox 1425 3746 1502 3776; x_wconf 82' lang='lat' dir='ltr'>Festa</span> <span class='ocrx_word' id='word_1_1770' title='bbox 1513 3749 1673 3776; x_wconf 83' lang='lat' dir='ltr'>certamina.</span> <span class='ocrx_word' id='word_1_1771' title='bbox 1695 3748 1762 3777; x_wconf 82' lang='lat' dir='ltr'>Stat.</span> <span class='ocrx_word' id='word_1_1772' title='bbox 1775 3751 1801 3776; x_wconf 88' lang='lat'>6.</span> <span class='ocrx_word' id='word_1_1773' title='bbox 1813 3745 1906 3776; x_wconf 71' lang='lat' dir='ltr'>Theb.</span> <span class='ocrx_word' id='word_1_1774' title='bbox 1920 3751 1984 3780; x_wconf 81' lang='lat'>921.</span> <span class='ocrx_word' id='word_1_1775' title='bbox 2564 3763 2565 3766; x_wconf 65' lang='lat'>.</span> 
     </span>
     <span class='ocr_line' id='line_1_218' title="bbox 1424 3745 2535 3824; baseline -0.003 -10"><span class='ocrx_word' id='word_1_1776' title='bbox 1424 3783 1581 3814; x_wconf 87' lang='lat' dir='ltr'>Funestum.</span> <span class='ocrx_word' id='word_1_1777' title='bbox 1607 3785 1677 3824; x_wconf 83' lang='lat' dir='ltr'>Virg.</span> <span class='ocrx_word' id='word_1_1778' title='bbox 1693 3786 1722 3814; x_wconf 92' lang='lat' dir='ltr'>in</span> <span class='ocrx_word' id='word_1_1779' title='bbox 1736 3784 1798 3814; x_wconf 91' lang='lat' dir='ltr'>Cul.</span> <span class='ocrx_word' id='word_1_1780' title='bbox 2533 3745 2535 3801; x_wconf 62' lang='lat' dir='ltr'>i</span> 
     </span>
     <span class='ocr_line' id='line_1_219' title="bbox 1519 3814 2153 3852; baseline -0.011 0"><span class='ocrx_word' id='word_1_1781' title='bbox 1519 3823 1541 3851; x_wconf 90' lang='lat' dir='ltr'>N</span> <span class='ocrx_word' id='word_1_1782' title='bbox 1546 3832 1578 3851; x_wconf 87' lang='lat' dir='ltr'>ec</span> <span class='ocrx_word' id='word_1_1783' title='bbox 1588 3822 1692 3852; x_wconf 81' lang='lat' dir='ltr'>sunesta</span> <span class='ocrx_word' id='word_1_1784' title='bbox 1700 3829 1778 3852; x_wconf 86' lang='lat' dir='ltr'>tenet</span> <span class='ocrx_word' id='word_1_1785' title='bbox 1784 3820 1881 3851; x_wconf 74' lang='lat' dir='ltr'>validae</span> <span class='ocrx_word' id='word_1_1786' title='bbox 1894 3818 2044 3850; x_wconf 86' lang='lat' dir='ltr'>certamina</span> <span class='ocrx_word' id='word_1_1787' title='bbox 2054 3814 2153 3846; x_wconf 81' lang='lat' dir='ltr'>classis.</span> 
     </span>
     <span class='ocr_line' id='line_1_220' title="bbox 1425 3859 1873 3897; baseline -0.002 -9"><span class='ocrx_word' id='word_1_1788' title='bbox 1425 3859 1544 3889; x_wconf 88' lang='lat' dir='ltr'>Grande.</span> <span class='ocrx_word' id='word_1_1789' title='bbox 1569 3860 1635 3890; x_wconf 83' lang='lat' dir='ltr'>Hor.</span> <span class='ocrx_word' id='word_1_1790' title='bbox 1649 3870 1673 3897; x_wconf 84' lang='lat'>3.</span> <span class='ocrx_word' id='word_1_1791' title='bbox 1686 3861 1777 3889; x_wconf 80' lang='lat' dir='ltr'>Carni.</span> <span class='ocrx_word' id='word_1_1792' title='bbox 1790 3869 1835 3888; x_wconf 93' lang='lat'>20.</span> <span class='ocrx_word' id='word_1_1793' title='bbox 1846 3867 1873 3895; x_wconf 88' lang='lat'>7.</span> 
     </span>
     <span class='ocr_line' id='line_1_221' title="bbox 1423 3896 1849 3935; baseline -0.005 -8"><span class='ocrx_word' id='word_1_1794' title='bbox 1423 3896 1523 3935; x_wconf 86' lang='lat' dir='ltr'>Impar.</span> <span class='ocrx_word' id='word_1_1795' title='bbox 1544 3897 1628 3926; x_wconf 83' lang='lat' dir='ltr'>Ovid.</span> <span class='ocrx_word' id='word_1_1796' title='bbox 1647 3908 1687 3926; x_wconf 87' lang='grc'>11.</span> <span class='ocrx_word' id='word_1_1797' title='bbox 1705 3898 1849 3931; x_wconf 74' lang='lat' dir='ltr'>Met.155.</span> 
     </span>
     <span class='ocr_line' id='line_1_222' title="bbox 1515 3930 2206 3971; baseline -0.012 -7"><span class='ocrx_word' id='word_1_1798' title='bbox 1515 3935 1601 3964; x_wconf 90' lang='lat' dir='ltr'>Ausus</span> <span class='ocrx_word' id='word_1_1799' title='bbox 1612 3935 1777 3971; x_wconf 88' lang='lat' dir='ltr'>Apollineos</span> <span class='ocrx_word' id='word_1_1800' title='bbox 1789 3944 1843 3971; x_wconf 88' lang='lat' dir='ltr'>prae</span> <span class='ocrx_word' id='word_1_1801' title='bbox 1856 3933 1881 3962; x_wconf 86' lang='lat' dir='ltr'>se</span> <span class='ocrx_word' id='word_1_1802' title='bbox 1892 3935 2075 3961; x_wconf 80' lang='lat' dir='ltr'>contemnere</span> <span class='ocrx_word' id='word_1_1803' title='bbox 2085 3930 2183 3958; x_wconf 73' lang='lat' dir='ltr'>cantus</span> <span class='ocrx_word' id='word_1_1804' title='bbox 2198 3950 2206 3963; x_wconf 82' lang='lat'>,</span> 
     </span>
    </p>
   </div>
   <div class='ocr_carea' id='block_1_31' title="bbox 1512 3967 2189 4008">
    <p class='ocr_par' dir='ltr' id='par_1_97' title="bbox 1512 3967 2189 4008">
     <span class='ocr_line' id='line_1_223' title="bbox 1512 3967 2189 4008; baseline -0.01 -6"><span class='ocrx_word' id='word_1_1805' title='bbox 1512 3972 1527 4008; x_wconf 87' lang='lat' dir='ltr'>J</span> <span class='ocrx_word' id='word_1_1806' title='bbox 1532 3973 1613 4002; x_wconf 78' lang='lat' dir='ltr'>udice</span> <span class='ocrx_word' id='word_1_1807' title='bbox 1628 3973 1679 4002; x_wconf 91' lang='lat' dir='ltr'>sub</span> <span class='ocrx_word' id='word_1_1808' title='bbox 1691 3972 1796 4003; x_wconf 87' lang='lat' dir='ltr'>Tmolo</span> <span class='ocrx_word' id='word_1_1809' title='bbox 1807 3976 1948 4003; x_wconf 80' lang='lat' dir='ltr'>certamen</span> <span class='ocrx_word' id='word_1_1810' title='bbox 1960 3968 2037 3999; x_wconf 89' lang='lat' dir='ltr'>venit</span> <span class='ocrx_word' id='word_1_1811' title='bbox 2047 3967 2083 3997; x_wconf 86' lang='lat' dir='ltr'>ad</span> <span class='ocrx_word' id='word_1_1812' title='bbox 2091 3967 2189 4005; x_wconf 87' lang='lat' dir='ltr'>impar.</span> 
     </span>
    </p>
   </div>
  </div>
 </body>
</html>
