2600 4177
17 1865 29 1902 ‘l

21 2243 29 2258 4

24 2385 30 2531 l

26 2536 30 2599 i

23 2675 33 2948 i

20 1773 278 1806 ·A‘RTHANss„
294 1771 325 1799 V.
348 1780 532 1801 ARTANss.

14 1803 71 1843 ‘Ti

50 3131 71 3161 A

50 1849 71 1879 A

481 188 756 243 ART

89 273 162 301 teriae
172 277 263 300 autem
274 279 287 299 a
301 268 383 298 corde
394 267 527 305 originem
538 269 654 304 habent,
679 272 912 307 quemadmodum
931 284 1006 303 venzr
1021 275 1053 304 ab
1072 276 1189 312 hepate,

83 311 116 339 ⁸&
128 309 201 338 nervi
211 307 362 337 acerebro:
386 307 508 343 quamvis
517 307 593 336 aliter
607 307 705 336 sentire
725 309 848 338 videatur
863 312 1013 340 Aristoteles
1032 314 1059 341 in
1077 313 1146 341 libro
1156 313 1190 340 de

90 345 264 376 Animalibus.
288 345 399 372 Videtur
409 350 500 373 autem
512 342 627 380 '‘grues-‘ox
644 347 695 374 live
710 348 813 375 arteriae
830 349 977 386 appellatio
991 351 1061 378 facta
1080 345 1152 384 mc&
1165 345 1192 374 n*

93 381 112 412 2)-
122 385 178 418 ‹22¹3oe
188 384 272 416 πρῶ,
294 381 321 410 id
335 376 372 409 est
381 382 413 409 ab
422 391 455 409 eo
467 381 540 417 quod
551 392 639 410 aerem
657 383 750 412 servet.
1062 396 1065 398 ’

91 423 125 450 At
134 419 371 455 veteres,circulari
382 419 519 455 sanguinis
530 428 619 448 motus
631 421 755 449 nondum
764 422 1002 455 coenumomnino
1011 423 1106 452 dehac
1116 431 1143 450 re
1153 432 1195 451 cr-

102 458 207 489 rarunt.
249 457 356 492 Arteriae
369 457 479 484 enimin
490 466 606 494 corpore
619 456 778 486 animalium
791 458 852 488 sunt
865 460 926 488 Vasti
941 460 986 489 illa
999 461 1095 489 conica
1105 481 1111 493 ,
1134 469 1193 495 quae

107 494 265 532 sanguinem
283 504 296 522 a
308 493 391 522 corde
403 493 544 530 expulsum
556 494 590 522 ad
605 495 728 531 corporis
745 495 860 531 lingulas
880 505 969 534 partes
981 499 1107 533 micante
1128 506 1194 534 quo-

110 533 171 561 dam
183 537 259 560 motu
269 531 396 559 deferunt
406 532 431 560 Sc
442 531 563 560 minimis
575 541 704 560 venarum
715 532 825 561 orificiis
834 534 992 563 infundunt.
1012 544 1032 550 M

91 569 165 598 Vena
172 568 319 605 aliquando
328 568 439 597 confuse
450 578 499 604 pro
511 570 611 597 Arteria
622 570 740 606 ponitur.
762 569 830 599 Pers.
844 580 866 606 3.
883 572 937 600 Sat.
961 572 1106 609 Propterea
1118 570 1193 608 quod

109 606 212 636 Medici
226 606 309 641 aliqui
330 607 382 640 (ut
391 605 488 634 author
497 607 534 634 est
544 607 683 640 Galenus)
703 616 784 635 venas
798 610 823 636 St·
844 610 951 637 arterias
970 609 1141 637 confundere
1154 608 1194 636 so-

107 642 208 673 lebant.
249 643 362 679 [Immo
382 643 455 679 quod
475 644 575 672 Arteria
594 654 648 672 vox
660 644 753 673 Graeca
765 645 820 679 est,
843 647 867 674 ἃ
886 645 960 674 Vena
981 655 1111 684 perpetua
1129 655 1195 674 con-

109 681 251 710 suetudine
263 681 297 719 de
310 687 424 716 utroque
440 689 539 716 genere
552 681 653 710 Latinis
673 681 799 710 ufitatum
819 683 877 711 suit.
918 685 962 712 Sic
972 683 1066 721 passim
1077 683 1173 712 Cicero
1184 704 1193 718 ‚

108 719 222 748 Ovidius
233 739 240 751 ,
262 718 354 746 Celsus
364 720 388 746 ek
399 718 498 755 optimi
508 718 605 756 quique
616 721 749 748 auctores.
791 719 822 748 V.
845 730 859 748 ν
871 730 882 748 π.
894 730 911 749 Ν
923 730 949 748 A.

90 756 197 786 Arteriae
213 755 323 784 micant.
342 755 398 784 Cic.
410 764 435 784 2.
453 755 487 784 de
502 756 564 785 Nat.
578 756 658 785 Deor.
672 766 714 790 24.
756 755 837 786 Venae
857 760 882 786 δε
901 759 1002 787 arteria:
1021 759 1122 786 micare
1136 767 1194 786 non

108 793 234 822 defluunt
243 792 313 829 quasi
324 793 444 829 quodam
454 793 535 830 igneo
544 800 630 823 motu.
668 794 781 829 [Immo
792 794 872 823 Venae
881 805 937 823 non
947 796 1059 830 micant,
1078 795 1096 824 li
1107 795 1140 824 ab
1150 795 1195 824 Ar-

107 831 180 860 teriis
191 830 347 867 distinguas.
367 836 371 840 ·

89 869 212 902 Arteriae,
233 876 348 897 numero
371 867 556 897 multitudinis
574 878 624 905 pro
642 868 743 897 Arteria
760 865 859 904 aspera.
900 869 996 899 Solent
1010 870 1085 899 enim
1106 868 1195 898 Latini

109 905 232 943 quaedam
243 905 339 934 efferre
350 905 488 934 interdum
502 915 557 934 non
568 906 665 934 inscito
681 906 833 941 rusticoque
847 906 968 936 sermone
980 917 1094 936 numero
1105 907 1197 936 inulti-

106 943 208 972 tudinis
219 963 227 977 ,
248 953 307 979 quae
318 943 486 980 frequentius
505 943 649 980 singularia
660 943 731 972 sunt.
773 942 936 973 Cornificius
954 945 989 973 ad
1005 945 1175 974 Herennium
1187 965 1195 979 ,

105 980 123 1010 l.
137 989 160 1015 3.
172 990 215 1008 21.
257 980 329 1009 Ictus
345 981 420 1009 enim
432 980 498 1010 fit&
509 982 687 1010 vulnerantur
701 980 805 1009 arteria:
815 987 895 1010 acuta
909 988 989 1018 atque
1007 988 1146 1011 attenuata
1157 982 1198 1010 ni-

107 1019 157 1047 mis
169 1016 375 1046 acclamatione.
416 1018 461 1047 Sic
471 1040 478 1053 ,
496 1016 592 1047 Lienes
601 1029 649 1055 pro
661 1018 764 1053 Liene;
783 1018 928 1048 Pulinones
940 1029 989 1056 pro
1003 1019 1134 1049 Pulmone
1147 1019 1197 1048 Ca-

106 1061 135 1084 to
147 1055 226 1084 dixit.
267 1055 331 1091 [De
342 1055 474 1085 Pulmone
483 1065 541 1084 non
554 1056 654 1086 mirum
666 1078 673 1092 ‚
694 1065 758 1085 cum
768 1055 799 1084 sit
812 1057 840 1085 in
850 1057 917 1086 duas
930 1057 1026 1092 fibras,
1048 1067 1116 1094 quos
1123 1059 1198 1089 λα’βες

105 1093 190 1123 Graeci
202 1099 301 1121 vocarit
311 1092 419 1122 divisus.

87 1131 201 1164 Arteria',
222 1130 329 1159 Genese
349 1137 446 1160 neutro
468 1130 573 1160 Lueret.
594 1130 643 1160 lib.
657 1141 682 1167 4.
696 1140 757 1167 532.
779 1130 842 1160 usus
856 1131 911 1166 est,
940 1131 1091 1168 Quomodo
1108 1133 1134 1161 ἃ
1150 1141 1193 1169 ap.

106 1167 232 1198 Cornific.
243 1168 363 1197 Gronov.
378 1167 397 1197 l.
412 1178 436 1197 c.
458 1168 607 1205 legendum
620 1176 714 1206 putat:
796 1184 835 1188 —
850 1169 978 1206 Facitque

255 1205 397 1243 Asperiora
405 1206 477 1235 foras
487 1207 611 1243 gradiens
626 1207 725 1236 arteria
738 1205 850 1235 clamor.

89 1242 183 1282 Asper-a
193 1244 298 1272 arteria.
321 1243 377 1272 Cic.
391 1253 415 1273 2.
430 1244 464 1272 de
474 1244 536 1272 Nat.
552 1244 632 1273 Deor.
650 1248 710 1280 ¹36.
747 1244 802 1273 Sed
814 1253 899 1280 quum
915 1244 1006 1281 aspera
1018 1245 1114 1274 arteria
1142 1238 1198 1279 (Tic

105 1282 180 1311 enim
191 1291 205 1309 a
216 1281 330 1310 medicis
340 1281 493 1319 appellatur
503 1282 514 1317 )
532 1282 630 1311 ostium
639 1281 738 1311 habeat
751 1282 914 1316 adjunctum
926 1281 1026 1319 linguat
1038 1281 1175 1311 radicibus
1188 1303 1197 1316 ‚

104 1319 187 1358 paulo
198 1317 276 1355 supra
286 1328 367 1355 quani
380 1319 414 1347 ad
424 1318 546 1356 linguam
557 1320 712 1349 stomachus
721 1320 875 1348 annectitur
885 1341 892 1353 ,
909 1329 995 1356 eaque
1006 1320 1040 1348 ad
1051 1319 1197 1356 pulmones

106 1356 347 1394 usquepertineat.
363 1357 539 1394 excipiatque
550 1359 686 1392 animam,
701 1366 763 1386 eam
776 1367 834 1393 qua:
851 1357 933 1386 ducta
950 1357 979 1386 lit
998 1357 1092 1395 spiritu
1105 1379 1113 1392 ,
1134 1367 1199 1386 ean-

105 1395 223 1436 demque
234 1403 247 1422 a
259 1393 438 1431 pulmonibus
448 1394 593 1432 respiret&
604 1395 717 1430 reddat,
739 1401 765 1423 te
787 1395 841 1423 itur
857 1395 977 1431 quodam
997 1395 1067 1432 quali
1079 1404 1197 1432 opercu-

104 1432 140 1461 lo.
181 1432 280 1467 [Hanc
293 1432 403 1471 proprie
422 1440 525 1461 veteres
540 1433 672 1462 Arteriam
685 1431 766 1470 appel
779 1432 832 1461 ass‘e
849 1432 922 1461 testis
932 1432 969 1461 est
979 1432 1075 1462 Galen.
1093 1433 1111 1461 l.
1122 1436 1148 1461 6.
1160 1432 1196 1461 de

107 1470 189 1508 Hipp.
202 1471 228 1499 δε
239 1469 304 1498 Plat.
314 1470 392 1498 Decr.
401 1479 424 1498 c.
440 1480 466 1505 9.
507 1471 540 1500 Et
550 1470 585 1499 sic
595 1470 691 1507 saepius
702 1469 823 1498 absolute
834 1470 925 1507 posuit
935 1470 1036 1500 Celsus.
1047 1470 1077 1499 V.
1090 1470 1164 1504 l.4.c.
1172 1479 1195 1499 1.

22 1506 29 1540 l
55 1508 99 1540 Aa
108 1517 126 1536 'r
135 1517 170 1536 aiz
183 1518 191 1535 i
203 1517 218 1535 A
229 1516 246 1536 c
256 1517 269 1535 iz
280 1529 287 1541 ,
302 1517 339 1536 es.
360 1507 378 1536 f.
403 1508 584 1543 [aermnae]
605 1507 842 1537 Medicamentum
854 1508 928 1544 quod
947 1509 973 1537 ἃ
988 1507 1143 1537 Diacodion
1153 1517 1200 1536 vo-

89 1553 170 1575 catur.
192 1544 260 1574 Plin.
277 1544 324 1574 lib.
344 1555 388 1573 20.
404 1555 464 1583 cap.
485 1556 527 1581 19.
565 1546 608 1575 Est
624 1553 716 1574 autem
735 1545 886 1580 Arteriace,
909 1555 993 1575 omne
1010 1546 1199 1575 medicamen-

85 1590 144 1613 tum
153 1583 187 1612 ad
198 1583 300 1611 arteriae
320 1582 465 1620 (asperae)
485 1584 550 1612 vitia
559 1583 670 1612 faciens.
692 1582 819 1612 Scribon.
830 1583 905 1619 Larg.
925 1593 970 1620 75.
998 1584 1132 1612 Arteriace
1144 1592 1198 1619 qua

87 1620 183 1651 melior
196 1630 252 1649 non
263 1620 316 1655 est,
338 1620 403 1649 Facit
417 1620 452 1649 ad
467 1621 561 1650 omnia
577 1621 701 1659 superius
713 1620 786 1649 dicta
797 1620 933 1649 efficacius
943 1643 950 1655 ,
972 1622 998 1650 Sc
1017 1621 1148 1658 quicquid
1166 1621 1197 1648 in

86 1659 182 1688 arteria
191 1659 303 1687 vitiiest.
324 1658 392 1687 Plin.
406 1657 454 1688 lib.
466 1668 509 1694 23.
522 1668 580 1696 cap.
592 1668 618 1695 7.
658 1658 701 1688 Fit
710 1667 745 1687 ex
752 1668 837 1696 pomo
848 1658 1023 1696 panchrestos
1035 1658 1178 1688 stomatice
1187 1678 1195 1693 ,

87 1697 182 1735 eadem
193 1697 321 1725 arteriace
329 1695 467 1734 appellata
478 1718 485 1732 ,
508 1697 561 1725 hoc
575 1696 671 1725 modo.

79 1743 361 1768 R·ri«iAsATiTAE,
383 1733 414 1762 V.
436 1743 707 1763 ARTAsATiTAE.

78 1819 176 1838 R‘rHR
189 1818 287 1842 icus,
309 1808 340 1838 V.
363 1817 430 1837 mox
444 1818 722 1838 ARTiiRiTicus.

79 1857 96 1877 R
105 1857 124 1876 T
133 1856 152 1876 it
163 1856 178 1875 R
188 1851 241 1876 i'ri
253 1857 274 1881 s,
286 1846 371 1875 idisf.
385 1845 512 1882 [ἒξεθφῖτς]
524 1845 678 1876 Articularis
686 1845 809 1881 morbus,
822 1845 898 1876 velut
907 1856 993 1884 genus
1006 1846 1147 1883 quoddam
1158 1846 1196 1876 est

85 1885 209 1914 omnium
220 1883 406 1913 membrorum
417 1884 546 1913 articulos
554 1894 585 1913 ac
597 1894 696 1913 nervos
706 1885 903 1922 occupantium
914 1894 920 1914 ε
933 1884 1026 1921 estque
1037 1884 1107 1912 nihil
1120 1883 1197 1913 aliud

84 1932 165 1959 quam
175 1922 302 1951 debilitas
312 1922 489 1951 articulorum
497 1932 559 1951 cum
570 1922 652 1959 longa
661 1922 785 1951 fluxione
797 1943 805 1957 ,
826 1932 886 1959 quse
903 1923 1009 1951 vicinos
1027 1931 1124 1951 nervos
1136 1928 1196 1950 ten-

84 1960 125 1989 dit
135 1968 181 1989 aut
190 1960 262 1989 laxat
271 1983 277 1995 ‚
299 1970 330 1989 ac
338 1959 433 1989 dolore
444 1961 547 1997 affligit.
586 1960 708 1995 Quando
718 1960 834 1988 enimin
846 1959 941 1989 multis
954 1959 1076 1988 articulis
1096 1959 1141 1988 hic
1158 1959 1196 1988 as-

84 1998 170 2028 fectus
180 1998 262 2027 haeret
274 2020 281 2033 ,
303 1998 430 2027 Arthritis
439 1997 609 2035 appellatur:
632 1998 742 2035 quando
755 1998 855 2026 veroin
870 2007 925 2026 una
938 1996 1028 2034 aliqua
1037 1996 1205 2026 matricula-.

84 2037 159 2065 tione
169 2035 220 2064 sive
232 2036 354 2073 corporis
364 2043 440 2073 parte
453 2057 461 2070 ,
484 2035 516 2075 ab
529 2035 574 2064 illa
585 2035 640 2064 fere
648 2034 884 2064 nomenclaturam
891 2035 1009 2064 sortitur.
1049 2035 1095 2064 Sic
1105 2035 1198 2064 Chira-

85 2073 165 2111 grain
177 2074 303 2103 manibus
315 2095 322 2107 ,
344 2073 501 2110 Podagrain
513 2073 634 2111 pedibus
648 2095 656 2108 ,
677 2074 703 2102 ἃ
714 2073 743 2101 in
751 2072 951 2102 coxendicibus
965 2072 1064 2101 Ischias
1079 2072 1132 2101 sive
1145 2072 1199 2101 Co-

68 2112 235 2148 *xendicum
248 2111 359 2140 morbus
368 2110 529 2149 appellatur.
570 2111 716 2140 Cornarius
731 2111 759 2139 in
770 2109 914 2140 Galerium.
937 2107 1102 2139 Dicituer*
1118 2106 1141 2138 ἔ
1155 2109 1198 2145 ἅς-

84 2149 132 2186 9μ.
154 2149 171 2178 i.
183 2158 207 2177 e.
228 2149 261 2178 ab
274 2149 408 2187 articulo,
429 2149 482 2178 five
498 2149 633 2185 junctura.
656 2148 714 2177 Cic.
728 2158 749 2177 x.
765 2149 818 2177 Att.
837 2159 860 2184 5.
904 2147 991 2177 Dolor
1002 2147 1195 2177 Articulorum.

84 2186 150 2217 Hor.
163 2197 185 2215 1.
201 2186 279 2224 Epist.
296 2197 338 2222 ις.
352 2191 377 2215 6.
419 2185 571 2216 Cessantem
583 2186 673 2215 nervis
684 2186 787 2216 elidere
798 2185 935 2215 morbum.
957 2185 1062 2215 Vitruv.
1077 2196 1100 2215 1.
1112 2188 1137 2215 6.
1150 2185 1198 2214 Ar-

84 2225 171 2254 thritis
179 2225 250 2254 inter
258 2225 342 2259 vitia',
365 2234 423 2261 quae
433 2224 578 2253 difficulter
587 2230 725 2253 curantur.

52 2264 191 2294 Δια-ΗΜ
201 2271 238 2291 τι
250 2272 314 2291 cus
329 2284 336 2296 ,
358 2258 532 2298 [Qffiaww‘r]
554 2262 610 2298 Qui
625 2261 730 2291 laborat
741 2260 838 2290 morbo
849 2260 995 2290 articulari.
1017 2260 1110 2296 Cice.
1121 2260 1198 2290 Fam.

85 2310 127 2336 23.
167 2300 231 2329 Non
243 2301 319 2329 euim
328 2300 442 2329 arbitror
453 2309 551 2329 cocum
559 2301 643 2329 etiam
654 2305 681 2329 te
696 2299 869 2329 arthriticum
880 2299 989 2328 habere.
1031 2298 1133 2333 Quem,
1152 2300 1198 2327 Ar-

48 2339 52 2344 '
85 2338 229 2368 ticuloruin
240 2337 365 2367 dolorem
376 2337 496 2381 appellat
509 2337 565 2375 ipse
582 2337 640 2366 Cic.
655 2347 677 2366 r.
700 2338 752 2366 Att.
768 2348 792 2373 5.
833 2336 891 2366 Alia
909 2331 1077 2373 exemplaria
1092 2336 1197 2366 habent

85 2377 245 2407 Arthricum.
286 2376 484 2405 Arthrorienim
498 2376 571 2404 idem
582 2375 714 2412 significat
723 2375 799 2412 quod
810 2374 946 2404 Articulus
957 2396 964 2409 ,
985 2374 1037 2403 live
1053 2374 1194 2409 Junciura.

87 2414 206 2451 [Verum
220 2420 249 2443 ut
257 2414 369 2443 morbus
379 2413 436 2451 ipse
447 2409 566 2449 'eff-'¹13⁹
581 2414 718 2443 dicirecte
725 2412 807 2452 poffit
819 2434 827 2447 ,
849 2413 866 2441 i.
877 2421 900 2441 e.
926 2411 1084 2441 Articularis
1097 2411 1142 2441 seu
1154 2412 1196 2440 Ad

86 2452 213 2482 articulos
224 2452 363 2490 pertinens
376 2473 382 2485 ,
404 2450 502 2480 morbo
512 2450 682 2480 laborantem
691 2451 727 2480 sic
739 2450 794 2479 dici
801 2449 933 2487 analogiae
952 2456 1106 2487 repugnat,
1127 2449 1195 2478 sicut

87 2499 138 2519 nec
150 2487 288 2523 Κεφαλικέν
302 2488 472 2527 appellamus
491 2499 556 2518 eum
566 2511 573 2524 ,
595 2489 642 2526 qui
655 2489 752 2525 capitis
772 2487 869 2517 dolore
884 2487 996 2517 laborat.
1038 2488 1072 2516 At
1084 2492 1195 2519 Κεφαλι-

85 2524 124 2559 ’ὢν
142 2528 274 2570 &degeam
285 2549 293 2561 ,
315 2527 389 2564 quod
403 2536 433 2556 ca
456 2527 488 2572 iti
498 2527 639 2564 aptumest
649 2548 656 2560 ,
679 2527 714 2556 sic
727 2528 753 2556 ἃ
768 2523 873 2561 desipui»
885 2525 1008 2555 articulis
1020 2525 1193 2554 destinatum.

64 2596 71 2601 .
85 2561 220 2601 ’Λῂρῶκρς
233 2571 325 2594 autem
344 2574 401 2593 non
417 2574 432 2593 a
465 2565 543 2600 κξῖρον
562 2565 722 2599 remotiore,
734 2564 790 2597 1sed
806 2573 820 2592 a
840 2563 929 2592 morbi
948 2563 1084 2592 vocabulo
1099 2563 1196 2598 οἱῇῑιὶπς

85 2603 220 2632 derivatur
229 2624 236 2636 ,
253 2602 320 2632 sicut
330 2599 456 2634 φρεηπκρς
466 2612 480 2631 a
492 2611 515 2630 v,
529 2604 626 2638 φξενὶπς
638 2621 645 2634 ,
665 2599 837 2638 πλευξιΖτὸς,ἣ
848 2602 987 2632 mendi-nr,
1010 2600 1091 2629 Conf.
1105 2600 1193 2630 Henr,

76 2640 177 2678 steph.
190 2640 270 2669 Thes.
284 2640 327 2669 Gr.
341 2642 367 2670 Sc
381 2639 459 2669 Foesii
478 2640 586 2671 Oecon.
596 2639 681 2678 Hipp.
722 2638 837 2669 Accedit
848 2638 965 2668 Graecor.
981 2638 1193 2668 Medicorum&

85 2680 250 2716 optimorum
261 2679 343 2707 codd.
356 2678 413 2707 Cic.
432 2677 587 2706 consensus.

52 2716 94 2746 Aa
103 2726 138 2745 τι
149 2725 167 2745 A
178 2725 220 2759 clu
231 2726 250 2744 M
262 2738 269 2750 ,
293 2716 452 2752 [ἀξτίκλον]
472 2716 546 2752 apud
558 2715 649 2745 IEoles
668 2714 870 2744 Ornamentum
882 2714 921 2744 est
941 2713 1075 2743 muliebre
1087 2735 1094 2748 ,
1116 2713 1193 2751 quod

50 2791 72 2821 A

51 2830 70 2858 A

51 2868 72 2896 A

85 2753 169 2783 Dores
178 2760 261 2780 ιπτλοιν
271 2760 388 2789 vocant,
410 2760 440 2783 ut
449 2753 531 2782 tradit
543 2752 693 2782 Polluxlib.
706 2763 728 2785 ς.
743 2762 802 2790 cap.
818 2755 858 2781 16.
883 2751 912 2781 V.
934 2752 1005 2781 infra
1028 2761 1039 2780 s
1050 2760 1154 2780 frida.

78 2800 265 2821 RTICULUS
280 2813 287 2827 ,
308 2793 602 2824 AuricuLAa-in,
625 2791 676 2819 Sec.
699 2790 727 2818 V.
751 2799 879 2818 AR'rus.

78 2839 226 2865 ii'rrrizX,
249 2829 560 2863 ARz*1i=ieiuM,&c.
599 2828 630 2856 V.
653 2837 726 2856 Ans.

80 2877 97 2896 R
106 2877 125 2895 ¹r
133 2878 143 2895 1
152 2877 170 2895 c,
179 2878 187 2895 1
196 2877 207 2896 s
217 2889 224 2900 ,
245 2865 367 2903 [''A5†·7¹³
379 2865 551 2901 Ptolemaeo]
572 2865 709 2903 Hispaniae
729 2865 826 2894 civitas
845 2865 875 2893 in
889 2865 977 2894 tractu
995 2863 1098 2893 Baetico
1110 2885 1118 2899 ,
1138 2863 1192 2893 alio

84 2905 197 2934 nomine
210 2903 338 2933 Alchama
349 2904 431 2933 dieta.

50 2941 72 2972 A
81 2952 122 2971 ιη’
132 2953 141 2970 ι
151 2952 169 2971 c
178 2952 198 2971 u
209 2953 224 2971 L
234 2953 252 2970 A
263 2964 271 2977 ,
293 2942 474 2978 [Ἀςπγέλη]
494 2940 582 2971 Insula
593 2941 621 2968 in
628 2939 768 2977 AEthiopia
778 2962 786 2974 ,
809 2940 837 2968 in
854 2949 906 2976 qua
923 2939 1043 2977 primum
1054 2938 1141 2969 visum
1156 2939 1193 2969 est

65 2979 354 3018 fanimalSphingion.
395 2979 500 3013 Autlior
512 2978 578 3008 Plin.
588 2978 633 3007 lib.
649 2981 674 3007 6.
690 2987 750 3015 cap.
763 2987 807 3011 29.

13 3014 21 3047 ’.
53 3017 203 3053 ARTiNi,
227 3018 300 3046 Alex.
314 3017 347 3046 ab
365 3017 441 3047 Alex.
454 3016 532 3052 lib.4.
550 3026 610 3053 cap.
626 3025 667 3044 io.
707 3015 786 3053 Apud
806 3014 969 3051 Epidaurios
987 3000 1101 3042 centum
1118 3015 1194 3044 ooo-

87 3056 160 3093 ginta
170 3055 268 3093 Remp.
280 3054 522 3089 administrabant,
543 3063 577 3083 ex
587 3053 685 3090 quibus
702 3052 885 3082 nobilissimos
894 3051 1070 3089 popularium
1090 3051 1193 3088 delige-

85 3092 308 3128 bantsenatores,
330 3102 397 3130 quos
411 3093 516 3121 Artinos
533 3091 686 3124 vocabant,
708 3092 733 3120 δι
748 3090 917 3127 ConipodeS.

79 3141 95 3160 a
103 3141 121 3160 'r
129 3142 138 3160 1
148 3141 168 3160 N
178 3142 187 3159 i
198 3142 231 3166 A,
253 3132 384 3168 Stagnum
395 3130 433 3159 est
441 3131 518 3165 juxta
528 3128 707 3166 Miletopolin
717 3150 726 3163 ‚
747 3137 782 3157 ex
795 3137 849 3165 quo
862 3127 948 3156 oritur
962 3126 1131 3164 Rhyndacus
1142 3126 1193 3155 flu-

86 3169 143 3199 vius
155 3191 162 3205 ,
183 3175 245 3198 ante
258 3168 346 3205 Lycus
355 3175 467 3198 vocatus
480 3167 546 3198 Plin.
559 3166 604 3195 lib.
621 3177 644 3202 ς.
660 3176 719 3203 cap.
735 3175 778 3201 32.
801 3195 808 3200 ,

30 3201 35 3237 l
51 3206 136 3236 Auri
145 3217 163 3235 o
172 3228 180 3242 ‚
191 3207 230 3236 ivi
241 3229 249 3241 ,
260 3210 309 3235 ire.
332 3216 381 3244 pro
393 3207 473 3235 Arcto
482 3227 490 3240 ,
503 3214 533 3234 as
542 3226 549 3238 ,
570 3207 616 3233 are
629 3226 636 3238 ,
658 3204 752 3232 dixere
763 3208 868 3232 veteres
878 3224 886 3237 ,
910 3202 976 3231 teste
988 3201 1091 3230 Nonio.

78 3245 178 3280 Artire,
187 3245 261 3282 apud
272 3241 705 3279 Catonem,c.40.estDemittere,
719 3240 840 3278 adigere,
854 3238 1191 3281 iiiserere,immittere.Sic

83 3287 86 3291 “
102 3283 175 3311 enim
183 3282 283 3317 scribit,
299 3281 446 3313 Surculum
454 3281 560 3310 aridum
570 3289 652 3317 quem
661 3279 798 3312 artiveras,
811 3278 942 3307 eximito:
966 3286 1000 3305 eo
1011 3283 1092 3305 artito
1103 3276 1192 3305 surcu-

102 3319 169 3355 lum,
179 3330 260 3357 quem
270 3319 386 3349 inserere
394 3318 478 3348 voles.
493 3319 519 3347 Sc
531 3328 575 3351 41.
594 3317 631 3346 Eo
642 3316 763 3346 surculos
775 3322 926 3354 praeacutos
938 3313 1188 3343 artito.Turnebus.

51 3357 225 3392 AR‘rirus,
243 3355 596 3387 Bonisinstrudtusartibus.
620 3355 720 3384 Festus.
742 3353 978 3389 Plaut.As1n.3.2.
1002 3357 1043 3385 18.
1085 3351 1137 3380 Ubi
1148 3351 1194 3380 sae-

85 3404 120 3433 pe
131 3395 235 3424 causam
244 3396 345 3424 dixeris
353 3395 478 3432 pendens
491 3393 618 3422 adversus
636 3394 700 3421 ocio
717 3391 811 3421 artitos
830 3391 902 3419 viros
915 3411 922 3425 ‚
942 3388 1064 3418 valentes
1077 3389 1193 3426 virgato-

85 3442 135 3462 reS.
147 3433 190 3462 Sic
201 3433 314 3462 enimin
326 3432 434 3470 optimo
443 3431 515 3460 libro
526 3429 653 3468 reperisse
662 3430 688 3459 se
697 3429 790 3458 scribit
799 3427 947 3458 Turnebus
958 3436 1002 3462 24.
1016 3436 1061 3460 25.
1091 3427 1146 3455 uod
1156 3426 1192 3455 sic

85 3469 218 3508 intelligas
226 3471 306 3510 licet,
329 3469 399 3507 quali
410 3469 474 3499 sein
486 3468 592 3505 judicio
602 3467 759 3497 defenderit
767 3465 892 3496 adversus
906 3464 1018 3494 disertos
1028 3465 1053 3493 Sc
1060 3473 1075 3492 e
1088 3473 1192 3501 oquen-

43 3527 47 3530 «
85 3514 124 3538 tes
133 3509 210 3537 viros.
223 3509 277 3538 Sed
286 3509 315 3536 in
326 3508 467 3536 hodiernis
480 3505 652 3535 editionibus
666 3505 807 3534 'invenitur
814 3504 946 3533 Audaces.
961 3500 1189 3539 V.Voil'.Etymol.

51 3544 144 3575 Amo
153 3555 170 3575 c
179 3555 199 3575 H
208 3557 229 3575 M
239 3556 271 3574 es
283 3568 291 3581 ,
313 3544 498 3581 [Ἀςτίχμης]
519 3543 597 3572 Unus
612 3543 664 3572 fuit
685 3552 700 3572 e
715 3542 816 3571 Xerxis
832 3540 950 3570 ducibus
962 3561 970 3574 ,
999 3539 1045 3576 qui
1065 3539 1142 3568 Darii
1162 3538 1194 3567 fi.

84 3582 147 3612 liam
158 3593 272 3613 uxorein
287 3583 376 3612 duxit.
397 3582 532 3611 Herodot.
545 3580 591 3610 lib.
605 3591 630 3618 7.

34 3643 36 3645 .
51 3620 72 3649 Ᾰ
81 3629 148 3649 g’ro
157 3623 199 3650 05
208 3631 221 3649 p
231 3631 248 3650 u
258 3631 269 3650 5
279 3643 287 3656 ,Ι
309 3621 326 3650 i,
350 3619 496 3656 [ἁρπηὲππς
506 3641 514 3654 ,
542 3618 684 3652 alpnmibr]
704 3617 800 3646 Latine
813 3615 897 3645 Pistor
912 3614 1021 3644 dicitur.
1047 3612 1145 3649 Juven.
1164 3624 1187 3649 5.

85 3657 138 3688 Sat.
149 3667 192 3695 72.
350 3673 388 3679 --
403 3658 528 3686 dextram
538 3655 667 3685 cohibere
676 3661 818 3684 memento
828 3675 836 3689 ,
949 3688 954 3694 ι
1152 3688 1157 3694 .

161 3695 238 3726 Salva
250 3695 282 3725 sit
292 3696 416 3733 artocppi
427 3694 587 3724 reverentia.
630 3693 694 3729 Quo
709 3693 739 3721 in
749 3693 813 3721 loco
826 3688 956 3719 nonnulli
976 3688 1134 3725 Artocopon
1150 3698 1190 3717 in-

34 3723 35 3727 *
85 3738 264 3771 terpretantur
273 3733 374 3763 Panem
383 3733 571 3766 elaboratum,
594 3728 697 3766 hier-oe,
718 3730 817 3773 panis,
842 3727 944 3759 seim-&z
969 3725 1053 3754 labor.
1078 3725 1188 3755 Firmic.

85 3770 132 3800 lib.
145 3777 169 3805 8.
185 3780 244 3809 cap.
258 3781 301 3800 20.
340 3771 454 3800 Decima
464 3771 558 3799 octava
571 3778 631 3806 pars
640 3768 726 3797 Tauri
735 3768 752 3796 si
764 3768 792 3796 in
806 3763 959 3800 horoscopo
972 3763 1055 3792 fuerit
1066 3763 1189 3798 inventa,

61 3830 65 3833 -
86 3807 166 3838 faciet
175 3816 320 3846 artocopus
329 3808 373 3851 vel
380 3808 501 3846 pistores.
541 3806 595 3836 Sed
606 3806 696 3835 verior
707 3805 744 3834 est
755 3804 810 3833 loci
821 3801 927 3836 sensus;
949 3800 1022 3829 Cave
1032 3800 1114 3830 laedas
1134 3801 1191 3830 exi-

77 3845 267 3884 *stimationem
277 3846 384 3884 pistoris
393 3868 401 3880 ,
423 3845 469 3882 qui
485 3843 563 3873 illum
580 3843 810 3880 panemstdomino
820 3863 828 3875 ,
850 3848 907 3882 non
918 3843 1011 3872 autem
1024 3838 1075 3866 tibi
1086 3848 1191 3876 praepa.

88 3884 172 3919 ravit,
186 3885 212 3913 Sc
221 3884 271 3912 tibi
283 3883 432 3913 emanibus
444 3883 475 3912 sit
483 3881 649 3911 excussurus.
674 3880 705 3909 V.
720 3880 842 3916 Interpp.
854 3886 882 3905 in
894 3876 948 3905 loe.
958 3874 1055 3910 Juven.
1069 3876 1187 3906 &Herm

57 3932 61 3934 ·
86 3921 179 3959 steph.
193 3920 274 3950 Thes.
288 3921 332 3950 Gr.
345 3921 396 3950 hac
407 3931 431 3949 v.
469 3919 501 3949 In
513 3919 625 3956 optimis
643 3917 846 3954 exemplaribus
857 3915 910 3950 leg.
924 3914 1043 3950 Artoptae
1055 3935 1062 3947 ,
1078 3923 1135 3942 non
1147 3915 1192 3942 Ar-

87 3959 180 3996 tocopi
190 3954 203 3995 ςί
220 3961 246 3988 δι
257 3957 386 3995 significat
395 3956 614 3995 Dispensatorem
625 3955 669 3983 vel
682 3954 832 3984 Custodem
842 3951 921 4020 pJanis
930 3950 1012 3993 plane
1020 3972 1028 3986 ,
1048 3956 1080 3979 ut
1088 3950 1191 3980 dicitur

87 3993 186 4025 Mdvr'iiif
202 3997 249 4034 qui
259 3996 327 4026 retia
336 3995 459 4026 observat
469 4016 477 4032 ,
498 3995 597 4024 οὶιόπῖης
609 3993 668 4023 vini
682 3992 827 4030 inspector.
873 4012 879 4019 .
895 3989 966 4018 inira
976 3998 1019 4017 Aa
1027 3997 1047 4017 τ
1055 3998 1073 4017 o
1080 3997 1095 4018 Ρ
1103 3997 1124 4017 Τ
1133 3998 1161 4019 Λ.

67 4069 70 4071 Α
137 4033 220 4065 Vox..
259 4033 280 4065 Ι.

1681 197 1707 231 A
1806 195 1833 229 R
1934 197 1964 231 T
2317 207 2385 246 26<

1248 275 1267 303 A
1278 284 1292 303 R
1303 284 1321 302 τ
1331 283 1347 303 0
1358 283 1374 303 (ῑ
1384 284 1398 303 n
1409 285 1423 303 iz
1433 284 1471 305 As
1485 299 1492 311 ,
1514 277 1575 306 fitis.
1598 270 1771 312 [ὶκζηέκρεως]
1792 275 1884 305 Graeca
1905 277 1990 305 dictio
2002 299 2009 311 ,
2032 278 2116 308 Cibus
2135 279 2172 308 est
2191 289 2261 316 pane
2274 282 2299 310 ἃ
2312 290 2393 309 carne

1287 312 1418 341 constans.
1443 313 1508 342 Pers.
1521 318 1545 343 6.
1562 315 1615 343 Sat.
1634 323 1676 345 50-
1762 330 1798 333 —
1813 313 1921 347 oleum,
1938 321 2126 352 artocreasque
2137 317 2250 353 popello

1363 349 1489 385 Largior:
1511 361 1544 379 an
1557 350 1708 394 prohibes‘?
1789 350 1839 379 Alii
1851 352 1995 380 inflectunt
2006 353 2131 381 Artociea
2142 374 2150 387 ,
2171 364 2200 382 ae.
2216 355 2232 382 f.

1249 385 1293 414 Aa
1304 395 1347 429 'ro
1358 397 1373 414 L
1383 396 1401 414 A
1412 397 1428 415 o
1439 391 1454 416 A
1465 398 1483 415 N
1495 399 1510 416 c
1522 399 1534 417 s
1548 410 1556 422 ,
1578 399 1594 416 i.
1613 397 1648 416 m.
1671 387 1893 422 [ξπλάρανῶι]
1913 388 2006 417 Genus
2018 389 2072 418 cibi
2090 400 2106 418 a
2119 390 2228 418 deliciis
2242 391 2394 427 appellati,

1288 423 1321 450 ab
1333 428 1416 464 mgr&
1428 446 1434 457 ,
1458 426 1552 460 prinis:
1575 428 1599 454 ὁὶ
1611 426 1712 459 λέγων
1724 446 1732 458 ,
1746 424 1881 462 placenta.
1923 425 2016 454 Fiebat
2031 434 2123 456 autem
2135 437 2169 455 cx
2181 427 2264 455 limita
2283 429 2310 456 in
2331 430 2395 458 oleo

1287 460 1365 487 cotta
1378 470 1405 500 in
1418 461 1525 497 patella.
1548 462 1604 490 Cic.
1620 473 1641 497 5.
1659 461 1732 490 fam.
1745 472 1789 491 20.
1830 462 2009 492 Dedisccnda:
2019 465 2068 492 tibi
2079 463 2139 493 sunt
2148 463 2281 501 sportella?
2294 487 2301 499 ,
2323 467 2348 495 Sc
2358 477 2397 495 ar-

1288 496 1406 532 tologam
1419 499 1467 526 tui.
1491 498 1558 527 Plin.
1574 499 1620 527 lIb.
1639 504 1678 531 18-
1692 509 1750 536 cap.
1768 509 1807 528 11.
1849 500 1926 529 Panis
1942 501 2022 530 iilius
2032 502 2103 530 variar
2115 511 2214 539 genera
2224 501 2346 539 persequi
2356 504 2396 532 su-

1288 543 1454 575 pervacuum
1466 536 1590 564 videtur:
1613 535 1676 564 alias
1691 536 1724 564 ab
1737 536 1947 575 obsoniisappel
1961 539 2014 572 ati,
2030 546 2059 568 ut
2071 539 2204 567 ostrearii:
2227 539 2315 567 aliasa
2329 541 2397 569 deli-

1288 580 1338 612 ciis
1349 591 1356 604 ,
1379 578 1409 599 ut
1421 571 1579 609 ai'tolagani.
1621 573 1764 602 Athenaeus
1778 574 1869 603 scribit
1881 577 1908 603 in
1917 576 2075 613 artolagano
2083 576 2150 614 poni
2158 586 2254 613 parum
2264 577 2321 605 vini
2332 587 2396 607 cum

1288 616 1384 644 pipere
1396 629 1403 641 ,
1425 606 1494 637 lucie
1505 631 1512 643 ,
1535 612 1559 638 δε
1568 610 1678 651 modico
1689 610 1750 638 oleo
1761 633 1768 643 ,
1784 613 1930 650 autadipe.

1250 644 1272 675 A
1282 654 1296 672 R
1312 654 1326 687 i*
1335 654 1351 671 o
1361 654 1375 672 P
1385 654 1404 672 ’r
1414 655 1455 687 A.)
1477 655 1506 674 re.
1528 647 1684 688 [sienni-nc]
1706 648 1827 682 Quidam
1843 650 1941 679 dicunt
1953 650 2004 679 Vas
2017 650 2069 680 effe
2082 651 2110 679 in
2127 659 2182 688 quo
2193 651 2271 688 panis
2283 661 2398 690 compo-

1289 688 1363 724 nitur
1376 691 1382 710 z
1404 681 1449 710 alii
1461 683 1511 711 Vas
1526 693 1553 711 in
1564 693 1617 719 quo
1628 685 1711 712 [arina
1725 685 1875 719 subigitur:
1898 687 1942 716 alii
1955 698 2019 716 vero
2035 688 2182 718 Mulierem
2199 699 2298 726 panem
2312 690 2398 719 confi-

1290 727 1425 761 cientem:
1447 719 1494 748 alii
1511 720 1657 761 Clibainiim
1676 720 1723 750 sub
1742 733 1795 758 quo
1827 725 1885 753 anis
1896 726 2031 761 coquitur.
2052 725 2085 754 ab
2096 726 2178 755 'ue-r&
2193 726 2289 760 Panis,
2312 729 2337 756 ἃ
2352 729 2397 753 ὁπ-

1286 757 1334 784 Ἱκω
1345 778 1352 790 ,
1374 766 1484 798 coquo3
1498 758 1569 791 allo,
1586 765 1685 786 torreo.
1709 758 1775 787 Plin.
1788 733 1835 789 lili.
1851 767 1891 794 18.
1904 772 1962 799 cap.
1981 773 1988 790 i
2000 773 2020 791 1.
2044 754 2155 792 Pistoies
2167 764 2261 792 Romae
2271 774 2327 792 non
2340 765 2398 794 fue-

1289 799 1353 834 runt
1367 793 1401 821 ad
1412 793 1545 822 Perlicum
1561 794 1644 830 usque
1661 794 1764 824 bellum
1776 819 1783 830 ,
1804 799 1882 826 annisv
1903 799 1935 828 ab
1954 795 2020 829 ulbe
2034 801 2148 829 condita
2166 800 2245 839 super
2263 811 2280 829 ι)
2291 812 2357 831 Lxx
2368 812 2396 831 x.

1288 829 1339 867 Ipli
1356 840 1455 873 panem
1466 831 1753 874 saci'ebantQuirites,
1774 834 1867 863 iiiuliei
1883 848 1897 863 a*
1914 847 1975 873 ique
1996 838 2023 865 id
2043 848 2113 874 opus
2128 846 2205 873 erat,
2233 838 2300 867 sicut
2314 841 2398 869 etiam

1289 878 1365 897 nunc
1375 868 1537 911 mplurrmnis
1550 876 1687 910 gentium.
1728 872 1869 907 Artoptam
1883 874 1990 903 l’laiutus
2003 875 2141 911 appellat,
2161 876 2190 904 in
2205 876 2295 905 fabula
2316 887 2399 914 quain

1289 905 1455 947 Aululariam
1468 905 1571 943 scriplit
1587 928 1593 940 ,
1616 915 1713 942 magna
1724 908 1759 947 OP
1768 908 1796 936 id
1806 912 2012 940 concertatione
2024 913 2193 942 eruditorum
2205 935 2212 948 ,
2234 924 2267 942 an
2277 915 2298 943 is
2307 915 2397 944 versus

1288 949 1379 1009 poeta:
1393 944 1433 985 *lit
1448 943 1537 972 illius:
1560 946 1759 985 cestu-mquelit
1771 945 1991 984 AtteiCapitonis
2009 948 2157 984 sententia,
2178 951 2277 980 tostum
2298 962 2398 989 panem

1302 980 1452 1022 aptioribus
1462 991 1581 1018 coquere
1592 980 1702 1009 solitos:
1725 982 1890 1019 pistoresque
1898 991 2003 1014 tantum
2014 996 2060 1015 eos
2071 988 2116 1023 qui
2127 988 2165 1016 far
2175 987 2334 1025 pinsebant,
2349 1000 2400 1019 no-

1288 1024 1416 1047 minatos.
1458 1018 1518 1047 Nec
1528 1028 1631 1055 coquos
1641 1028 1705 1047 vero
1717 1018 1856 1049 habebant
1868 1022 1895 1049 in
1905 1020 2034 1056 servitiis,
2051 1025 2149 1061 eosque
2164 1035 2197 1054 ex
2209 1026 2325 1056 macello
2334 1037 2401 1057 con..

1291 1056 1439 1084 ducebant.
1463 1056 1602 1085 Hactenus
1614 1055 1681 1084 Plin.
1696 1055 1780 1085 Plaut.
1795 1057 1853 1087 Aul.
1868 1068 1892 1087 2.
1907 1069 1932 1094 9.
1944 1071 1969 1094 4.
2008 1060 2063 1097 Ego
2074 1061 2139 1091 hinc
2149 1069 2284 1100 artoptam
2293 1074 2326 1093 ex
2336 1075 2401 1102 pro-

1288 1094 1365 1122 ximo
1381 1093 1513 1122 utendam
1533 1100 1634 1131 petam.
1656 1093 1736 1122 Conf.
1759 1094 1788 1122 in
1810 1096 1828 1124 A
1838 1105 1853 1123 R
1865 1105 1883 1123 ‘r
1893 1106 1909 1124 o
1919 1106 1936 1124 c
1946 1106 1962 1125 o
1972 1106 1985 1124 p
1995 1107 2013 1125 u
2022 1107 2033 1125 s
2059 1100 2084 1127 Sc
2118 1102 2136 1128 A
2148 1110 2163 1127 a
2174 1109 2193 1127 ‘r
2202 1110 2219 1128 o
2229 1111 2241 1128 ι’
2251 1110 2287 1129 Ti
2298 1111 2317 1129 'r
2327 1113 2335 1130 1
2346 1112 2366 1131 υ
2375 1113 2397 1132 s.

1287 1129 1319 1159 V.
1342 1130 1444 1159 Polluc.
1456 1130 1475 1159 l.
1492 1141 1533 1160 io.
1543 1141 1566 1160 c.
1578 1140 1622 1165 25.
1637 1140 1650 1159 a
1663 1140 1702 1168 pr.
1715 1131 1839 1161 Turneb.
1855 1133 1918 1162 Adv.
1935 1144 1975 1169 14.
1989 1145 2011 1169 ς.
2052 1135 2131 1165 Unde
2141 1136 2227 1174 liquet
2237 1139 2302 1167 vasis
2313 1140 2341 1168 id
2352 1150 2401 1168 no-

1287 1177 1353 1234 mqili
1363 1166 1416 1234 {sse
1426 1190 1434 1203 ,
1451 1168 1480 1197 in
1495 1179 1556 1221 qu,
1567 1169 1646 1206 panis
1661 1168 1867 1199 delicatioribus
1887 1171 2055 1208 coquebatur
2065 1195 2072 1208 ,
2094 1174 2159 1203 inde
2175 1175 2336 1213 Artoptitius
2355 1187 2402 1215 ap-

1289 1215 1324 1243 pe
1347 1215 1362 1234 a
1379 1215 1417 1234 us.
1651 1241 1662 1245 ῃ

1248 1243 1270 1272 A
1280 1253 1295 1271 R
1304 1252 1324 1271 T
1334 1253 1350 1272 o
1360 1253 1374 1286 iv
1384 1252 1403 1271 T
1411 1245 1427 1271 ἓ
1437 1253 1455 1271 υ
1464 1253 1485 1286 3.(
1498 1265 1506 1278 ,
1530 1242 1706 1278 [dp-marim]
1727 1244 1764 1273 est
1772 1243 1917 1282 Coquendi
1926 1246 2003 1284 panis
2015 1246 2139 1277 officina:
2162 1249 2227 1278 item
2238 1250 2404 1282 lnstrumen-

1286 1287 1346 1309 tum
1361 1280 1451 1318 ipsum
1462 1291 1492 1309 iri
1501 1290 1556 1318 quo
1569 1284 1832 1319 percoqmtur,quod
1842 1285 1867 1313 ἃ
1879 1284 2019 1321 Artoptam
2029 1286 2347 1326 vocant.Cael.lib.‹).czip.
2357 1299 2398 1326 17.

1249 1318 1272 1348 Λ
1283 1328 1298 1346 1³.
1309 1328 1328 1346 *r
1337 1328 1353 1347 o
1363 1328 1377 1346 Ρ
1386 1328 1405 1346 T
1416 1329 1425 1346 1
1435 1327 1456 1346 'r
1465 1329 1474 1346 i
1485 1328 1502 1347 u
1514 1328 1543 1360 s,
1567 1316 1787 1361 [ᾀρτοπῗίκίνίῷν]
1807 1321 1868 1356 Adj.
1897 1328 1928 1350 ut
1937 1343 1945 1356 ,
1972 1321 2051 1351 Panis
2064 1324 2220 1360 artoptitius
2230 1347 2237 1360 ,
2258 1325 2358 1356 Tostus
2371 1328 2401 1356 in

1288 1362 1395 1399 artopta
1406 1355 1474 1399 vase.
1496 1356 1565 1399 Plin.
1584 1356 1633 1385 lib.
1650 1361 1690 1399 13.
1708 1366 1767 1394 cap.
1780 1368 1804 1393 9.
1826 1358 2064 1394 Siligineaesarinae
2074 1362 2185 1390 modius
2195 1362 2314 1397 Gallicae,
2338 1373 2401 1393 xxit

1287 1393 1368 1423 libras
1385 1404 1462 1430 panis
1473 1393 1571 1437 reddit.
1612 1393 1713 1423 Italicae
1730 1395 1837 1425 duabus
1848 1396 1970 1425 tribusve
1989 1397 2107 1435 amplius
2121 1399 2149 1426 in
2165 1401 2304 1437 artoptitio
2319 1411 2400 1438 pane.

1287 1431 1360 1460 Nam
1379 1432 1514 1460 furnaceis
1535 1431 1611 1460 binas
1625 1432 1761 1467 adjiciunt
1774 1433 1856 1462 libras
1871 1435 1900 1462 in
1915 1444 2082 1472 quocunque
2100 1445 2208 1471 genere.
2232 1438 2329 1467 Athen.
2345 1439 2362 1467 1.
2374 1448 2401 1475 3.

1287 1466 1454 1501 „ip-ianm&
1463 1469 1507 1498 vel
1519 1475 1549 1498 ut
1558 1468 1616 1498 aliis
1623 1469 1716 1506 placet
1724 1468 1891 1504 ἀμππῖέκιρᾒ.
1923 1471 1995 1501 Vs&
2006 1472 2091 1502 Herir.
2104 1472 2198 1511 Steph.
2210 1475 2291 1504 Thes.
2306 1476 2351 1506 Gr.
2372 1477 2403 1505 in

1288 1512 1376 1543 utraq.
1400 1517 1424 1536 v.

1249 1544 1269 1573 A
1280 1554 1294 1572 P.
1306 1554 1324 1572 ‘r
1333 1554 1350 1572 o
1360 1554 1375 1572 R
1386 1555 1394 1572 i
1407 1554 1423 1573 u
1434 1554 1445 1573 s
1455 1566 1462 1579 ‚
1483 1544 1566 1573 Dives
1577 1545 1602 1573 St
1611 1545 1789 1581 nequissimus
1802 1545 1979 1581 Publicanus,
2001 1547 2076 1584 apud
2087 1548 2185 1584 Juven.
2202 1558 2226 1585 3.
2247 1549 2301 1579 Sat.
2315 1560 2358 1587 29.

1249 1582 1270 1610 Α
1280 1591 1296 1609 R
1306 1591 1325 1609 T
1334 1592 1350 1610 o
1361 1592 1380 1610 *r
1390 1592 1404 1610 R
1415 1586 1432 1611 ὃ
1442 1592 1459 1610 G
1471 1592 1489 1610 u
1498 1592 1510 1611 s
1521 1604 1529 1616 ,
1551 1582 1569 1611 i.
1592 1581 1698 1611 Parasiti
1708 1593 1812 1613 nomen
1820 1583 1894 1621 apud
1903 1583 1987 1614 Plaut.
2001 1584 2063 1614 Mil.
2079 1596 2102 1615 1.
2119 1596 2142 1616 1.
2157 1597 2181 1623 9.
2197 1588 2230 1616 ab
2240 1587 2324 1625 325&
2336 1609 2343 1619 .
2356 1599 2405 1627 pa-

1288 1620 1332 1648 nis
1342 1642 1350 1653 ,
1372 1621 1398 1648 ἃ
1414 1620 1489 1653 πῶμα
1500 1641 1508 1654 ,
1523 1620 1650 1649 comedo.

1249 1658 1394 1691 ARTRO,
1415 1656 1443 1685 V.
1465 1658 1513 1688 Aa
1526 1667 1623 1685 ATRO
1646 1657 1675 1686 in
1692 1665 1708 1684 Α
1721 1667 1762 1688 Ro
1775 1680 1782 1693 ‚
1802 1668 1868 1688 aras.

1249 1695 1272 1724 A
1282 1704 1355 1737 Rjrp
1365 1704 1382 1723 0
1391 1717 1398 1730 ,
1416 1698 1470 1724 are.
1490 1694 1525 1724 ab
1539 1695 1618 1724 Artus
1630 1694 1660 1724 fit
1680 1694 1841 1733 [δτωςθςόω]
1861 1706 1876 1726 a
1892 1706 1946 1735 quo
1958 1697 2080 1728 Deartuo
2092 1720 2100 1735 ,
2124 1700 2199 1737 quod
2215 1701 2253 1731 est
2267 1701 2316 1732 Per
2329 1711 2404 1733 artus

1288 1732 1392 1761 divido.
1432 1733 1506 1762 Hinc
1518 1733 1602 1761 etiam

1249 1770 1270 1799 A
1279 1779 1293 1798 r.
1304 1779 1322 1797 >r
1330 1780 1349 1798 u
1357 1780 1376 1798 A
1387 1779 1406 1798 T
1417 1780 1435 1798 u
1445 1779 1456 1799 s
1468 1792 1475 1804 ,
1491 1770 1587 1799 Partic.
1600 1770 1648 1799 Per
1658 1776 1731 1799 artus
1740 1770 1890 1809 discerptus
1901 1773 1925 1801 St
1936 1771 2077 1804 laceratus.
2090 1773 2200 1805 Firmic.
2213 1775 2368 1815 lili.6.cap.3
2378 1788 2402 1808 1.

1286 1806 1361 1836 Intra
1370 1808 1462 1836 matris
1472 1807 1718 1845 visceraimpedito
1737 1816 1816 1846 partu
1831 1831 1838 1844 ‚
1860 1809 1993 1840 laniatum
2007 1822 2093 1850 pecus
2110 1813 2214 1842 miseris
2231 1814 2406 1845 lacerationi-

1288 1844 1338 1874 bus
1352 1845 1494 1883 dillipatur
1505 1867 1512 1880 ,
1528 1853 1558 1874 ut
1574 1845 1608 1874 sic
1618 1846 1730 1874 artuatis
1748 1845 1856 1876 visceris
1873 1849 1996 1885 partibus
2011 1872 2019 1885 ,
2046 1850 2170 1880 membra
2180 1853 2274 1881 omnia
2285 1854 2407 1883 crudelis.

1288 1883 1394 1911 artificii
1404 1882 1528 1920 praesidio
1539 1883 1719 1920 proferantur.
1868 1906 1873 1910 .

1249 1921 1272 1950 A
1282 1930 1298 1948 R
1307 1930 1326 1948 ‘1'
1337 1931 1353 1949 u
1364 1931 1383 1949 A
1393 1930 1412 1948 Τ
1423 1931 1431 1948 i
1441 1931 1477 1955 M,
1499 1920 1565 1949 Adv.
1589 1920 1637 1949 Per
1647 1920 1766 1957 singulos
1777 1928 1857 1951 artus.
1884 1922 1993 1952 Firmic.
2005 1923 2053 1953 lib.
2066 1933 2090 1962 7.
2103 1935 2163 1963 cap.
2181 1936 2204 1955 1.
2238 1926 2322 1958 Pecus
2331 1929 2405 1959 intra

1287 1957 1390 1987 viscera
1398 1959 1491 1987 matris
1502 1958 1629 1986 artuatim
1641 1959 1783 1988 concisum
1798 1969 1812 1988 a
1822 1960 1938 1989 medicis
1951 1962 2111 1998 proferetur.
2155 1963 2236 1993 Paulo
2273 1966 2311 1994 ost
2320 1988 2330 2001 ,
2344 1977 2404 1997 rem

1287 1996 1404 2025 eandem
1415 1995 1475 2025 aliis
1487 1996 1576 2024 verbis
1587 1995 1621 2024 sic
1629 1995 1708 2025 effert
1721 2018 1727 2031 ,
1750 1996 1867 2026 Conciso
1882 1998 1987 2028 infante
2000 2000 2187 2037 particulatim
2199 2011 2248 2039 pro
2262 2010 2306 2032 ato
2315 2026 2323 2038 ,
2347 2014 2405 2034 ma-

1292 2041 1333 2062 ter
1343 2043 1376 2062 ex
1387 2034 1484 2062 mortis
1493 2033 1618 2071 periculo
1629 2033 1769 2063 liberatur.

1248 2073 1268 2103 A
1279 2080 1296 2099 R
1306 2081 1325 2099 T
1335 2081 1354 2099 u
1363 2080 1375 2099 s
1385 2093 1392 2105 ,
1408 2080 1475 2100 uum
1485 2093 1492 2105 ,
1508 2070 1587 2100 ubus.
1609 2080 1645 2099 m.
1664 2072 1701 2109 pl.
1723 2073 1738 2107 [
1749 2072 1860 2107 μέλῶε]
1880 2072 1970 2103 Partes
1981 2074 2043 2103 sunt
2051 2076 2175 2112 corporis
2188 2077 2404 2114 interjunCturas

1286 2118 1421 2138 connexae
1433 2118 1439 2136 :
1464 2109 1545 2137 dit‘tae
1556 2109 1630 2146 quod
1642 2109 1713 2138 inter
1727 2109 1753 2139 se
1764 2111 1909 2140 atstentuiz
1932 2111 2022 2141 Festus
2033 2135 2041 2149 ‚
2069 2115 2148 2143 Attus
2160 2123 2193 2143 ex
2205 2115 2299 2144 Graeco
2310 2118 2406 2154 appel-

1285 2146 1377 2175 lantur
1386 2168 1393 2181 ,
1411 2156 1479 2183 quos
1491 2146 1533 2175 illi
1549 2147 1642 2175 Arthra
1652 2146 1766 2176 dicunt:
1789 2147 1842 2178 five
1851 2153 1924 2178 artus
1934 2149 2002 2178 dicti
2013 2172 2022 2186 ,
2047 2151 2123 2188 quod
2137 2152 2261 2182 membra
2272 2155 2404 2185 membris

1286 2190 1416 2213 artentur.
1441 2183 1513 2221 Virg.
1528 2195 1551 2220 5.
1567 2184 1627 2214 AEn.
1637 2193 1700 2218 422.

1378 2221 1412 2251 Et
1426 2222 1519 2259 magni
1534 2221 1722 2251 membrorum
1739 2228 1821 2252 artus.

1285 2260 1399 2289 Artuum
1409 2259 1534 2288 dolorem
1545 2281 1553 2294 ,
1572 2267 1654 2288 vocat
1662 2259 1759 2290 Cicero
1770 2261 1949 2292 Atticiiiarem
1960 2262 2089 2292 morbum
2100 2286 2108 2298 ,
2126 2264 2160 2293 de
2169 2263 2240 2295 Clar.
2255 2266 2400 2305 Orat.217.

1304 2297 1337 2326 Et
1349 2297 1442 2340 multis
1452 2297 1663 2326 medicamentis
1673 2304 1786 2335 propter
1799 2305 1908 2328 artuum
1920 2300 2046 2330 dolorem
2056 2301 2206 2331 delibutus.

1284 2335 1427 2372 Signihcat
1441 2341 1533 2364 autem
1548 2342 1603 2363 ttun
1616 2335 1745 2365 Membra
1755 2359 1762 2370 ,
1793 2347 1874 2373 quam
1883 2337 2029 2372 juncturas
2043 2339 2242 2370 membrorum.

1284 2373 1379 2402 Adulti
1394 2378 1466 2401 artus
1480 2394 1487 2407 ,
1510 2373 1526 2401 i.
1539 2382 1562 2402 e.
1584 2372 1738 2408 AEtatejam
1748 2373 1920 2405 robustiores.
1940 2376 2006 2405 Stat.
2023 2385 2046 2413 3.
2058 2377 2131 2414 Sylv.
2143 2389 2169 2414 4.
2183 2388 2228 2415 79.

1286 2410 1415 2448 Collapsi.
1438 2410 1520 2440 Ovid.
1538 2421 1578 2439 ιο.
1596 2410 1664 2439 Met.
1682 2415 1742 2445 186.

1286 2448 1441 2477 Exanimes.
1456 2448 1541 2477 Ovid.
1556 2457 1582 2476 2.
1597 2448 1739 2492 Msst5336-

1284 2485 1429 2516 Extinc‘tos
1438 2485 1540 2514 ferrum
1549 2486 1695 2515 demittere
1704 2487 1733 2515 in
1743 2493 1824 2516 artus.
1846 2487 1929 2517 Ovid.
1944 2499 1969 2523 4.
1987 2489 2022 2518 de
2032 2489 2120 2518 Ponto
2129 2511 2138 2525 ‚
2158 2493 2199 2519 16.
2214 2501 2256 2525 5¹-

1285 2524 1396 2561 Frigidi.
1416 2523 1506 2553 Tacit.
1521 2533 1562 2559 ις.
1579 2524 1648 2553 Arm.
1662 2527 1706 2559 64.
1746 2524 1920 2562 Allatumque
1932 2526 2017 2556 hausit
2033 2527 2148 2563 frustra,
2166 2528 2273 2566 frigidis
2290 2530 2346 2565 jam
2362 2539 2403 2559 ar-

1304 2562 1387 2590 tubus
1401 2563 1426 2591 St
1437 2561 1528 2590 clauso
1538 2571 1654 2598 corpore
1665 2562 1793 2592 adversus
1802 2562 1859 2592 vim
1873 2564 1981 2593 venerii.

1284 2599 1386 2629 Gelidi.
1413 2599 1496 2628 Ovid.
1515 2610 1540 2634 4.
1563 2599 1632 2628 Met.
1646 2609 1709 2636 247.

1285 2636 1417 2666 Graciles.
1441 2636 1523 2666 Ovid.
1536 2646 1561 2665 2.
1580 2637 1670 2666 Amor.
1688 2647 1728 2667 ιο.
1748 2640 1810 2667 161..

1284 2674 1399 2705 Infirmi.
1425 2673 1533 2703 Lucret.
1551 2673 1599 2703 lib.
1614 2685 1635 2703 i.
1648 2678 1712 2705 261.

1284 2711 1388 2741 Laceri.
1406 2712 1528 2747 Ovid..9.
1542 2711 1611 2741 Met.
1628 2716 1688 2748 ¹64·

1283 2750 1387 2779 Putres.
1405 2750 1471 2779 Stat.
1487 2759 1529 2779 12.
1548 2748 1637 2779 Theb.
1660 2755 1719 2785 ¹38-

1284 2788 1475 2817 Semianimes.
1497 2787 1580 2817 Ovid.
1601 2799 1641 2822 14.
1661 2788 1728 2817 Met.
1742 2796 1806 2823 209.

1284 2826 1452 2855 Semineces.
1475 2825 1556 2854 Ovid.
1572 2835 1594 2853 1.
1613 2825 1680 2855 Met.
1697 2831 1760 2859 228·

1284 2864 1433 2900 Spiraiites.
1458 2862 1560 2892 Lucan.
1572 2861 1619 2892 lib.
1635 2872 1659 2900 3.
1677 2872 1740 2900 732.

1284 2900 1409 2930 Tumidi.
1432 2900 1539 2930 Lucret.
1551 2900 1598 2929 lib.
1614 2910 1637 2937 3.
1651 2910 1685 2939 72
1693 2911 1713 2930 i.

1283 2939 1310 2968 Si
1316 2939 1348 2967 tis
1363 2937 1633 2969 miserosadduxerat
1645 2946 1726 2968 artus.
1748 2938 1820 2977 Virg.
1835 2948 1858 2976 3.
1869 2937 1969 2978 Georg.
1979 2945 2041 2977 483.
2053 2937 2076 2970 i.
2090 2950 2112 2971 e.
2129 2938 2314 2972 Contraxerat.

1282 2976 1386 3005 Ardent
1396 2982 1478 3005 artus.
1491 2976 1550 3005 Cic.
1563 2985 1588 3005 2.
1602 2976 1637 3005 de
1646 2977 1704 3006 Fin.
1718 2986 1762 3013 93.
1804 2977 1883 3014 Quos
1899 2978 1947 3008 ille
1959 2999 1969 3013 ,
1985 2979 2024 3007 dii
2042 2979 2209 3009 immortales
2219 3002 2226 3013 ,
2242 2990 2327 3017 quum
2340 2989 2398 3010 om-

1302 3023 1351 3042 nes
1359 3020 1431 3042 artus
1444 3013 1538 3042 ardere
1548 3014 1706 3043 viderentur
1715 3036 1722 3050 ,
1739 3016 1875 3045 cruciatus
1888 3016 2043 3053 perferebat
2052 3017 2066 3045 ’ἶ
2085 3017 2119 3045 de
2136 3017 2185 3046 Cn.
2203 3018 2329 3047 Octavio.

1282 3051 1372 3088 Sopor
1380 3050 1460 3080 feffos
1473 3051 1666 3089 complectitur
1675 3059 1757 3082 artus.
1781 3053 1853 3090 Virg.
1864 3062 1890 3082 2.
1908 3054 1968 3085 AEn.
1981 3063 2044 3089 254.

1283 3088 1501 3118 Contremiscere
1514 3095 1571 3118 tota
1590 3096 1684 3119 merite
1695 3097 1776 3127 atque
1787 3091 1917 3120 omnibus
1935 3091 2054 3120 artubus.
2072 3091 2128 3120 Cic.
2144 3101 2166 3120 r.
2185 3093 2219 3120 de
2238 3091 2312 3121 Orat.
2334 3101 2395 3123 121.

1302 3126 1437 3163 Equidem
1451 3128 1476 3156 &
1488 3127 1518 3155 in
1528 3127 1608 3156 vobis
1622 3128 1841 3157 animadvertere
1855 3127 1929 3166 soleo
1940 3151 1947 3164 ,
1965 3130 1990 3158 ἃ
2001 3129 2031 3156 in
2042 3129 2145 3166 meipso
2156 3128 2297 3166 saepislime
2313 3139 2398 3167 expe-

1301 3167 1357 3193 rior
1367 3186 1375 3199 ,
1397 3169 1426 3192 ut
1434 3164 1605 3193 exalbescam
1614 3165 1642 3193 in
1656 3166 1801 3203 principiis
1811 3166 1943 3202 dicendi,
1965 3167 1991 3195 ἃ
2003 3172 2063 3196 tota
2078 3174 2172 3196 mente
2181 3188 2189 3202 ,
2214 3176 2295 3204 arque
2305 3168 2396 3197 omni-

1303 3201 1353 3230 bus
1362 3201 1474 3230 artubus
1483 3202 1701 3232 contremiscam.

1283 3238 1391 3268 Defeeti
1404 3238 1535 3276 sanguine
1546 3247 1628 3269 artus.
1651 3240 1734 3269 Ovid.
1751 3250 1773 3276 ς.
1791 3239 1860 3270 Met.
1875 3242 1919 3275 96.

1283 3276 1439 3306 Dilacerare
1448 3283 1521 3306 artus
1531 3277 1599 3307 suos.
1621 3278 1684 3307 Seii.
1696 3278 1785 3307 OEth.
1798 3288 1826 3314 7.

1283 3314 1432 3344 Denudare
1444 3336 1452 3350 ,
1474 3314 1576 3344 Pellem
1587 3316 1740 3344 detrahere.
1763 3315 1826 3344 Seri.
1838 3314 1948 3352 Thyest.
1962 3319 1987 3348 8.

1283 3351 1445 3389 Depascitur
1458 3360 1531 3382 artus
1545 3352 1664 3382 miseros.
1687 3352 1755 3390 Virg.
1770 3362 1794 3381 2.
1809 3353 1871 3382 ffin.
1882 3357 1944 3387 458-
1982 3350 2024 3380 De
2045 3349 2171 3389 serpente
2191 3352 2237 3388 qui
2251 3349 2395 3383 Laocoon.

1302 3396 1360 3418 tem
1371 3399 1435 3419 cum
1442 3389 1505 3419 filiis
1514 3390 1657 3428 amplexos
1668 3391 1787 3419 tenebat.
2403 3407 2409 3412 ·

1283 3426 1373 3465 Elapii
1391 3434 1464 3457 artus
1477 3429 1506 3456 in
1517 3437 1642 3466 pravum.
1665 3429 1681 3456 i.
1697 3437 1721 3457 e.
1745 3429 1797 3463 (ut
1812 3426 1983 3463 loquuntur)
2001 3425 2150 3467 Dislocati,
2166 3425 2219 3455 five
2234 3426 2299 3456 'loco
2315 3428 2393 3459 moti.

1303 3465 1394 3494 Tacit.
1408 3477 1434 3501 4.
1445 3465 1512 3494 Hist.
1550 3465 1593 3494 Illi
1605 3465 1709 3503 elapsos
1720 3465 1749 3493 in
1764 3473 1879 3502 pravum
1888 3470 1960 3492 artus
1971 3485 1979 3498 ,
1998 3464 2017 3491 ii
2031 3462 2144 3492 salubris
2157 3465 2198 3493 vis
2211 3465 2392 3500 adhibeatur,

1303 3502 1378 3540 posse
1392 3503 1530 3540 integrari.

1283 3538 1418 3569 Enervare
1427 3548 1508 3570 artus.
1531 3539 1614 3570 Ovid.
1630 3551 1654 3575 4.
1667 3540 1735 3569 Met.
1749 3542 1811 3572 286.

1283 3577 1366 3606 Exuit
1375 3577 1502 3607 mortales
1513 3585 1594 3607 artus.
1618 3577 1700 3606 Ovid.
1713 3586 1738 3612 9.
1755 3576 1823 3605 Met.
1837 3578 1900 3608 268.
1912 3575 1946 3604 de
1957 3574 2085 3604 Herculis
2097 3575 2248 3613 apotheosi.

1282 3614 1417 3644 fraudare
1427 3622 1501 3644 artus
1514 3616 1621 3650 anima,
1639 3614 1659 3643 E
1674 3615 1727 3642 vita
1737 3613 1841 3642 auferre
1851 3612 1980 3649 aliquem.
2001 3613 2085 3642 Ovid.
2099 3620 2123 3649 7.
2141 3613 2209 3643 Met.
2222 3623 2288 3649 250.

1282 3651 1373 3682 Feffos
1385 3653 1467 3690 sopor
1476 3653 1568 3689 irrigat
1577 3660 1657 3681 attus.
1681 3651 1751 3687 Virg.
1767 3659 1790 3686 3.
1803 3649 1865 3692 AE¹.²·
1883 3660 1944 3685 51¹·

1283 3689 1387 3719 Latiare
1395 3697 1468 3720 artus
1477 3690 1621 3718 invalidos.
1644 3688 1725 3718 Ovid.
1739 3697 1784 3716 20.
1802 3687 1882 3724 Epist.
1895 3697 1960 3724 245.

1283 3726 1395 3757 Nudare
1412 3734 1484 3756 artus
1495 3727 1625 3764 trepidos.
1646 3725 1694 3755 Sil.
1706 3724 1753 3754 lib.
1766 3734 1808 3759 ις.
1866 3749 1874 3755 .

1282 3764 1411 3794 Obduxit
1422 3765 1523 3793 macies
1534 3771 1614 3792 artus.
1637 3763 1720 3792 Ovid.
1734 3772 1775 3791 11.
1789 3761 1870 3799 Epist.
1883 3770 1927 3798 27.

1281 3802 1411 3839 Occupat
1427 3808 1500 3830 artus
1511 3801 1643 3829 attonitos
1658 3806 1768 3828 tremor.
1790 3799 1871 3828 Ovid.
1884 3808 1907 3834 3.
1921 3797 1989 3829 Met.
2001 3809 2047 3836 40.

1282 3840 1381 3876 Quatit
1391 3848 1464 3868 artus
1473 3837 1618 3867 anhelitus.
1641 3837 1712 3874 Virg.
1729 3847 1752 3872 5.
1770 3836 1831 3866 AEn.
1845 3846 1904 3871 199.

1282 3877 1385 3906 Redire
1394 3877 1423 3904 in
1433 3882 1506 3904 artus
1515 3875 1635 3903 natando
1648 3873 1779 3903 dicuntur
1787 3883 1904 3912 corpora
1914 3873 2015 3904 luxata.
2031 3873 2100 3905 Ptin.
2114 3873 2162 3905 lib.
2176 3882 2217 3913 31.
2231 3884 2291 3914 cap.
2305 3879 2329 3905 6.
2343 3875 2360 3905 i.
2369 3885 2393 3906 e.

1301 3914 1333 3944 In
1347 3913 1405 3942 suas
1420 3913 1566 3945 iunsturas.

1282 3951 1364 3988 Regit
1374 3958 1447 3979 artus
1461 3949 1579 3986 spiritus.
1601 3948 1674 3986 Virg.
1687 3959 1714 3983 4.
1729 3948 1790 3979 AEn.
1804 3952 1865 3985 336.

1282 3989 1432 4020 Remittere
1439 3993 1512 4017 artus
1523 3987 1625 4017 dicitur
1635 3995 1744 4054 colrplus.
1766 3988 1829 4018 Ser-i.
1841 3986 1950 4025 Thyest.
2285 4021 2309 4053 R
2375 4023 2385 4052 ι

2311 4033 2373 4054 emo
2385 4042 2396 4048 -
