2600 4177
394 95 424 129 C
520 93 548 128 A
641 92 661 127 S

44 182 89 211 CA
100 183 161 209 ΗΚ
173 189 228 213 tn,
249 178 281 208 is.
302 187 330 207 n.
353 175 536 213 [τνξουςγέἱον]
561 173 649 203 Locus
666 174 694 202 in
711 182 765 209 quo
776 172 846 202 fiunt
867 174 894 202 ἃ
907 173 1097 202 reconduntur
1108 173 1187 203 casei.

81 217 217 247 Columel.
232 216 278 245 lib.
289 225 314 244 2.
331 224 390 251 cap.
406 223 448 248 15.
468 212 503 241 de
518 211 666 249 generibus
683 211 825 243 stercoris,
846 210 980 246 Quaedam
996 211 1121 247 quotidie
1133 233 1140 245 ,
1162 218 1192 239 ut

80 254 173 283 culina
183 276 191 287 ,
213 251 367 283 &casealffl
390 250 515 288 quaedam
526 248 628 286 pluviis
638 248 735 277 diebus
748 270 755 282 ‚
778 255 808 276 iit
819 248 925 276 bubilia
943 252 968 277 &a
988 249 1072 278 ovilia
1089 248 1194 277 debent

80 292 234 321 emundari.
275 289 397 326 Quidam
411 286 505 316 Cesale
514 287 628 324 legunt,
650 287 676 315 δι
694 285 831 315 Latrinam
845 285 1076 323 interpretantur:
1097 285 1145 315 sed
1162 286 1193 314 id

19 346 20 353 .
81 330 136 358 sine
149 329 264 357 ratione.

19 372 20 375 ’
44 360 95 398 CA
108 374 286 398 sizAaius,
307 374 323 393 a
338 384 346 398 ,
366 371 423 392 um.
446 361 507 397 Adj.
526 358 705 397 [weovwae‘s]
726 370 741 389 a
754 360 871 390 Caseus:
892 367 941 395 ut,
961 360 1090 390 Taberna
1099 359 1194 389 Casca-

19 413 20 422 *
80 404 130 434 ria.
167 402 229 439 Ulp.
243 401 301 431 inl.
322 400 416 430 Sicuti.
438 401 461 437 ᾗ.
483 399 577 428 Aristo.
600 399 633 427 D.
650 399 678 427 Si
697 397 810 428 servitus
825 399 998 433 vindicetur,
1021 399 1104 428 Aristo
1115 400 1195 427 Cere-

80 442 120 471 lio
134 440 214 469 Vitali
227 438 387 477 respondit,
409 446 466 466 non
477 442 573 474 putare
581 436 608 465 se
618 445 652 464 ex
665 436 777 464 taberna
790 435 904 465 casearia
914 436 1022 465 fumum
1030 437 1060 465 in
1072 436 1195 473 superio-

81 487 110 508 ra
121 477 236 507 aedificia
245 478 304 512 jure
315 476 427 505 immitti
439 474 532 512 poss'e:
554 474 603 502 nisi
616 474 674 509 ejus
683 474 720 502 rei
736 473 891 502 servitutem
901 474 986 503 talem
996 474 1131 503 admittat.
1151 473 1194 502 Est

80 522 173 547 autem
184 515 311 545 Taberna
321 513 436 543 casearia
445 535 452 547 ,
475 513 503 541 in
515 521 566 548 qua
574 511 698 550 fumigati
708 510 797 540 soient
807 511 876 540 casei
888 521 894 540 :
917 511 1004 541 Moris
1016 512 1092 541 enim
1103 511 1155 540 fuit
1165 511 1194 539 in

81 552 219 593 plerisque
229 551 313 582 Itali'ae
324 551 392 580 locis
403 573 410 585 ,
432 549 575 580 colorandi
585 548 759 585 ficcandique
775 548 845 578 casei
855 549 940 586 gratia
951 571 959 583 ,
979 549 1087 578 fumum
1098 555 1145 578 aut
1159 557 1195 577 cx

19 595 21 640 ξ
81 590 197 624 culmis,
219 596 307 619 autex
319 588 444 625 malignis
456 586 642 624 viridibusque
653 586 735 622 lignis
745 586 843 616 facere.
884 586 1024 616 Columel.
1037 587 1085 616 lib.
1095 596 1119 623 7.
1132 595 1193 622 cap.

19 642 21 657 i
83 634 109 663 8.
132 629 166 657 de
181 626 378 657 caseifaciendi
388 626 494 655 ratione
506 625 632 662 loquens.
674 624 717 653 Est
727 624 826 659 etiam,
848 624 956 661 inquit,
977 634 1034 654 non
1050 624 1147 661 ingrati
1159 624 1196 652 su-

82 666 157 705 poris
168 665 257 696 muria
268 665 442 703 perduratus,
453 668 536 700 atque
545 664 582 692 ita
594 661 706 699 maligni
717 659 796 699 ligni,
806 661 851 690 vel
859 662 946 691 culmi
959 661 1037 691 fumo
1046 663 1193 691 coloratus,

45 704 70 736 C
80 714 99 734 A
109 714 120 732 s
131 713 172 733 EA
183 713 202 732 T
212 714 229 732 υ
239 713 250 733 s
265 725 273 738 ,
294 713 310 732 a
325 725 333 738 ,
355 712 411 731 um.
431 707 471 736 ut,
492 700 605 731 Polenta
619 700 731 729 caseata.
770 698 849 737 Apul.
864 700 933 729 Met.
948 709 971 728 i.
982 710 1010 736 p.
1023 709 1049 737 7.
1081 699 1137 737 Ego
1151 700 1197 728 de-

82 742 165 778 nique
174 740 284 778 vespera
294 763 301 775 ‚
322 740 389 769 dum
400 739 521 777 polentae
535 738 645 769 caseatae
655 736 771 766 offulam
784 737 898 766 modico
909 738 1084 772 grandiorem
1095 760 1103 773 ,
1124 739 1175 766 &c

44 780 183 814 CAsiA‚
205 778 248 808 vel
270 778 432 813 CAss1A‚
453 787 484 807 σε.
506 777 525 805 f.
547 772 684 813 [necoda]
707 775 807 804 Frutex
825 775 864 803 est
882 774 1088 813 Theophrasto,
1110 774 1197 804 salicis

82 818 217 847 Amerinae
234 816 427 850 magnitudine
439 837 447 851 ,
469 814 563 844 multis
588 812 782 849 surculosisque
797 812 954 842 brachiatus
970 814 1069 848 ramis,
1090 812 1199 843 craffio-

80 865 127 890 re,
160 864 242 892 quam
264 855 474 884 cinnamomum
484 875 492 888 ‚
513 852 649 882 sarmento
660 873 667 886 ,
698 850 812 887 soloque
839 851 945 880 cortice
973 851 1195 881 commendatus.

81 892 151 924 Plin.
163 892 331 930 quoquelib.
348 901 389 921 12.
402 901 463 930 cap.
480 901 522 926 19.
564 890 663 919 Frutex
675 890 701 918 ἃ
713 888 787 917 Casia
796 887 844 923 est,
864 888 956 925 inquit
967 911 974 924 ‚
996 890 1129 926 juxtaque
1142 889 1200 918 ciri-

79 931 155 961 nami
167 940 282 969 campos
293 929 411 960 nascitur
423 951 431 963 ,
451 929 498 958 sed
512 929 541 957 in
556 926 698 957 montibus
715 925 841 956 crassiore
863 925 1017 963 sarmento,
1037 927 1117 957 tenui
1134 932 1199 956 cute

80 969 171 1000 verius
182 978 264 1004 quam
277 968 390 997 cortice.
413 967 484 1004 Virg.
500 975 526 995 2.
540 965 639 1002 Georg.
653 967 717 999 466.

46 1039 49 1041 ,
171 1006 233 1046 Nec
247 1006 315 1036 casia
330 1005 428 1042 liquidi
441 1004 627 1041 corrumpitur
642 1001 705 1032 usus
718 1001 795 1031 olivi.
908 1001 1087 1032 Dioscorides
1108 1002 1157 1031 lib.
1174 1011 1198 1031 1.

80 1054 143 1084 cap.
158 1053 201 1074 12.
222 1045 273 1074 tria
283 1044 350 1073 facit
360 1043 500 1081 praecipua
510 1042 585 1071 cafiae
595 1050 704 1077 genera.
746 1039 839 1069 Unum
852 1048 887 1069 ex
900 1040 979 1077 nigro
990 1039 1199 1078 purpurascens,

81 1084 109 1114 δι
126 1081 191 1112 rosae
206 1082 320 1111 odorem
341 1081 477 1115 referens,
498 1079 575 1117 Zigir
594 1078 648 1115 (al.
663 1077 764 1113 Gizir)
783 1077 965 1115 appellatum.
1004 1078 1124 1108 Alterum
1141 1078 1201 1107 lon-

43 1124 48 1127 “
80 1121 180 1159 gius&
192 1120 349 1157 angustius,
371 1120 396 1149 δι
408 1117 501 1147 fistulis
509 1117 641 1155 plenum,
661 1120 816 1145 aromatum
836 1116 862 1144 &
877 1116 935 1144 vini
947 1116 1066 1145 mixtum
1084 1116 1201 1145 odorem

80 1157 293 1196 repraesentans,
316 1157 390 1195 quod
402 1156 519 1186 Arabum
529 1155 625 1192 lingua
639 1154 691 1184 Adi
710 1153 766 1188 (al.
781 1153 876 1190 Achy)
896 1154 930 1183 ab
950 1153 1142 1183 Alexandrinis
1155 1163 1203 1183 au·

1 1218 3 1226 .
44 1195 48 1215 t
79 1201 138 1226 tem
149 1196 348 1226 mercatoribus
360 1195 505 1233 Daphnitis
517 1194 630 1223 dicitur.
671 1191 799 1220 Tertium
809 1200 896 1228 genus
912 1191 1099 1229 superioribus
1116 1191 1201 1230 paulo

80 1234 165 1264 vilius
176 1256 184 1269 ,
206 1234 282 1272 quod
291 1233 402 1263 Rubum
418 1231 610 1269 mosyleticum
620 1230 786 1259 vocitarunt.

43 1299 46 1304 .
80 1272 209 1310 Hyginus
218 1273 313 1301 auctor
332 1272 387 1306 est,
413 1280 429 1300 a
445 1269 549 1300 Latinis
568 1268 670 1297 Cafiam
689 1266 822 1304 appellari
836 1266 921 1297 Cocci
938 1267 1033 1297 Cnidii
1049 1267 1179 1298 fruticem
1193 1287 1202 1302 ,

98 1320 183 1348 quem
195 1310 283 1353 Graeqi
297 1309 436 1339 Cneorum
446 1312 548 1337 vocant
557 1327 566 1342 ‚
586 1307 613 1336 δι
623 1305 813 1344 Tymeiaeam:
835 1314 869 1334 cu
871 1305 915 1341 jus
933 1305 1000 1336 folia
1011 1306 1076 1336 &in
1086 1314 1201 1335 corona-

100 1353 196 1377 menta
211 1353 337 1377 veniunt.

46 1401 59 1410 a
81 1385 304 1416 CafiavelCassia
318 1384 460 1417 fistularis,
483 1392 499 1412 a
516 1380 718 1412 recentioribus
732 1380 852 1410 medicis
869 1381 1024 1419 appellatur
1035 1404 1042 1417 ‚
1063 1388 1145 1419 quam
1168 1388 1204 1410 ex

101 1423 275 1453 doctioribus
285 1421 414 1452 nonnulli
427 1420 559 1458 Siliquam
571 1420 729 1457 AEgyptiam
741 1419 850 1448 malunt
858 1421 1012 1449 nominare.
1054 1419 1098 1449 Est
1109 1426 1203 1448 antem

101 1461 208 1500 Siliqua
218 1460 338 1498 oblonga
349 1462 374 1490 &
384 1467 455 1490 teres
465 1481 474 1495 ,
495 1464 658 1488 concretum
671 1458 746 1486 intus
755 1463 937 1487 atramentum
955 1458 1104 1487 continens
1115 1478 1123 1491 ,
1145 1466 1203 1484 non

0 1530 2 1537 ,
44 1535 48 1538 Δ
101 1509 158 1530 una
169 1498 399 1529 coalescensserie
412 1519 421 1533 ,
442 1497 489 1526 sed
504 1494 699 1525 exintervallis
718 1495 845 1531 ligimus,
867 1496 1052 1531 tenuibusque
1068 1494 1205 1524 membra-

101 1538 145 1568 nis
157 1536 265 1576 septum
279 1559 287 1573 ,
308 1537 418 1574 ossaque
426 1534 552 1573 quaedam
561 1532 817 1568 habensimmersa,
838 1542 895 1562 non
909 1533 1050 1563 dissimilia
1060 1533 1103 1563 his
1113 1553 1122 1569 ,
1143 1541 1204 1570 quae

100 1576 190 1606 nostra
200 1575 305 1614 profert
314 1574 418 1612 siliqua.

83 1613 212 1646 Humiles
229 1613 310 1644 casias
323 1612 475 1642 ministrare
488 1609 597 1648 apibus.
617 1608 690 1646 Virg.
702 1617 729 1639 2.
740 1608 841 1645 Georg.
855 1617 919 1646 213.

0 1655 2 1662 '
41 1661 46 1663 ·
163 1649 559 1688 Vixhumilesapibuscafias,
580 1656 727 1684 roremque
736 1647 878 1676 ministrat.

85 1689 232 1720 Recentes.
253 1689 326 1727 Virg.
337 1700 365 1724 4.
383 1689 480 1726 Georg.
495 1697 558 1724 304.
578 1687 597 1715 i.
615 1695 639 1715 e.
661 1685 759 1715 Statim
771 1690 880 1722 carptae.

41 1740 45 1746 ¹
83 1728 201 1759 virides.
223 1727 295 1765 Virg.
309 1739 334 1763 4.
346 1727 446 1764 Georg.
461 1735 505 1761 30.
639 1757 642 1759 ,

38 1769 39 1773 ’
83 1767 186 1797 Amant
194 1765 290 1796 casiam
301 1764 410 1804 puellae.
433 1763 551 1798 Ovid.4.
564 1761 632 1792 Fast.
643 1771 708 1796 440.

82 1810 87 1813 “
165 1804 226 1834 Pars
237 1803 332 1840 thyma
342 1823 350 1839 ,
371 1811 432 1842 pars
446 1801 545 1831 casiam
556 1822 565 1835 ,
586 1808 649 1837 pars
663 1797 812 1828 Meliloton
822 1803 926 1828 amant.

84 1841 298 1872 Intexuntcafia
307 1841 446 1879 Nymphae
455 1839 531 1869 serta.
556 1838 666 1874 Virg-<2.
686 1836 741 1866 Ecl.
756 1846 802 1871 49.

165 1880 241 1910 Tum
250 1879 319 1909 cafia
327 1900 335 1915 ,
357 1886 438 1916 atque
447 1877 508 1907 aliis
518 1877 647 1905 intexens
657 1874 786 1904 suavibus
796 1872 898 1903 herbis.

0 1917 4 1938 :
18 1920 21 1931 “
39 1914 42 1920 “
84 1917 235 1948 Pascuntur
246 1927 312 1956 apes
320 1917 428 1947 cafiam.
449 1915 520 1953 Virg.
531 1925 558 1950 4.
575 1914 674 1950 Georg.
689 1918 749 1946 182.

278 1971 316 1975 —
329 1954 478 1992 pascuntur
488 1955 514 1983 &
529 1951 627 1982 arbuta
639 1950 740 1989 paffim

165 1993 200 2024 Et
209 1993 319 2031 glaucas
330 1992 424 2022 salices
434 2014 442 2027 ‚
463 1991 615 2027 casiamque
626 2011 634 2024 ,
656 1997 825 2026 crocumque
840 1987 996 2017 rubentem.

83 2031 237 2064 Substernit
246 2031 365 2061 Phoenix
374 2030 467 2059 casias.
490 2028 573 2059 Ovid.
591 2038 601 2057 1
628 2026 716 2056 Met.
732 2031 792 2061 398.

165 2070 231 2106 Quo
244 2069 364 2098 simulac
374 2067 456 2098 casias
464 2089 473 2102 ,
491 2068 517 2096 &
527 2039 686 2095 nardiienis
697 2065 790 2094 aristas
802 2086 809 2099 ,

961 1872 992 1903 V.
1010 1873 1050 1903 ibi
1066 1872 1204 1904 Servium.

0 2104 4 2119 r
42 2105 44 2107 ’
166 2107 322 2145 Quassaque
333 2116 398 2136 cum
409 2105 485 2135 fulva
497 2104 642 2134 substravit
649 2104 778 2146 cinnama
793 2101 911 2144 myrrha.
1055 2138 1061 2143 η

0 2156 5 2178 t
49 2147 242 2180 CAsiACA,
264 2155 294 2175 ae.
315 2145 334 2175 f.
358 2143 509 2180 [καωάκη]
529 2143 623 2172 Genus
640 2141 720 2170 vestis
740 2146 797 2170 erat
814 2139 949 2182 millii-bus
967 2146 1103 2176 propriae,
1124 2145 1207 2175 quam

0 2188 5 2220 l
19 2215 21 2224 ,
64 2209 65 2212 .
86 2183 265 2215 Athenienses
274 2192 350 2221 reges
360 2177 871 2220 saepiffimeinduebant.Alex.Genial.
882 2176 1206 2214 lib.5.cap.18.V.cAsos.

0 2235 21 2260 ii
49 2223 288 2257 ΟΑειῦΝΕΤΕ,
309 2231 346 2251 es.
367 2220 386 2250 f.
408 2219 581 2256 [κασιγνήτη]
605 2217 705 2247 Herbae
722 2226 811 2260 genus
825 2216 885 2259 est,
906 2214 981 2252 apud
999 2214 1068 2243 Plin.
1090 2214 1138 2243 lib.
1159 2226 1205 2249 ²4·

85 2270 148 2299 cap.
164 2269 206 2296 17.
227 2259 266 2304 ita
276 2259 383 2288 distum
394 2280 402 2293 ,
422 2257 498 2295 quod
510 2266 575 2286 cum
585 2254 743 2322 sulilgeneris
754 2254 845 2320 helrbis
855 2258 962 2296 tantum
972 2252 1105 2296 nascatur.
1137 2252 1209 2283 Ean-

0 2337 5 2364 ι
51 2295 777 2373 elffii33⁰331s‘3n3523'l23333ffi1’te.225³.232³
790 2298 1211 2373 Astiffisssssssof‘ssssii‘iss‘s0...

64 2375 163 2405 :bant
186 2374 287 2405 Festus.
327 2373 382 2403 Sed
399 2369 536 2401 Cassidam
546 2369 696 2407 legendum
708 2367 822 2398 censent
834 2367 889 2396 Viri
905 2367 989 2396 docti.
1012 2376 1038 2403 q.
1049 2366 1078 2396 V.

0 2425 4 2437 ν
50 2412 101 2444 CA
110 2423 121 2442 s
132 2424 141 2441 i
150 2415 186 2442 L'I'
195 2422 216 2442 N
225 2421 275 2441 uM
287 2433 295 2447 ,
317 2411 336 2440 i.
359 2420 385 2440 n.
409 2410 423 2446 [
436 2407 586 2442 Kam'mvov]
606 2405 842 2450 Italiae-oppidum
861 2406 889 2434 in
898 2405 1056 2448 'Campania
1069 2426 1077 2439 ,
1097 2405 1210 2434 auctore

0 2443 5 2459 ⁸
86 2450 251 2487 Plin.lib.3.
264 2459 326 2487 cap.
340 2458 363 2484 ς.
384 2448 418 2478 In
429 2447 574 2485 Campano
587 2455 671 2483 agro,
693 2450 785 2482 inquit
798 2466 806 2479 ‚
828 2443 928 2472 Stabiae
950 2442 1088 2480 oppidum
1111 2442 1209 2471 fuere:

86 2489 230 2519 intercidit
240 2487 279 2517 ibi
297 2489 323 2517 &
334 2485 490 2516 Taurania:
513 2483 610 2513 sunt&
623 2483 768 2512 morientis
780 2481 891 2511 Casilini
902 2480 1032 2518 reliquiae.
1066 2481 1132 2510 Haec
1142 2479 1190 2509 ille
1201 2501 1209 2515 ,

1617 68 1890 124 CAS
2321 106 2391 140 447

1279 171 1443 200 Ptoleinaeus
1454 177 1585 208 praeterea
1600 171 1648 200 lib.
1663 181 1686 205 ς.
1703 179 1764 207 cap.
1781 175 1823 201 18.
1851 169 1959 199 Casium
1976 171 2114 204 quendam
2131 178 2255 201 montem
2275 173 2395 204 collocat

1302 209 1329 236 in
1343 208 1563 245 Mesopotamia,
1586 218 1642 237 non
1655 208 1750 246 procul
1763 207 1884 245 aSingra
1897 208 1983 236 altero
2004 208 2127 243 ejusdem
2142 210 2262 246 regionis
2276 218 2371 240 nionte
2384 235 2392 247 ,

1298 248 1377 281 cujus
1387 247 1514 275 meminit
1526 248 1551 276 Sc
1561 246 1668 275 Suidas.

1244 282 1265 312 C
1277 293 1358 312 Asiu
1371 294 1382 312 s
1395 306 1401 317 ,
1423 294 1453 317 a,
1476 294 1530 313 um.
1557 283 1615 319 Adj.
1634 284 1735 313 Lucan.
1748 282 1797 312 lib.
1813 292 1853 311 io.
1872 291 1935 318 ⁴34·

1371 321 1479 358 Jupiter
1490 332 1504 350 a
1515 321 1589 350 Ciisin
1602 321 1742 358 prospexit
1752 330 1821 358 rupe
1838 342 1846 355 ,
1858 322 1911 350 Sic.

1280 357 1367 387 Arena
1378 359 1460 387 Calin.
1484 358 1583 387 Lucan.
1598 364 1623 391 g.
1640 364 1701 395 538·

1361 395 1464 425 Perfida
1473 406 1525 432 qua
1535 397 1616 425 tellus
1628 396 1711 425 Casiis
1724 396 1844 425 excurrit
1853 395 1950 424 arenis.

1244 432 1266 461 C
1275 442 1293 461 A
1303 442 1314 461 s
1324 443 1344 461 M
1355 443 1381 461 οε
1390 443 1408 461 Ν
1420 443 1437 461 A
1446 443 1458 462 s
1467 455 1474 468 ,
1496 434 1624 463 dixerunt
1641 441 1745 463 veteres
1757 443 1805 471 pro
1820 433 1972 462 Canioenis.
1993 431 2077 462 Varro
2090 432 2125 461 de
2136 432 2165 462 L.
2179 432 2207 462 L.
2221 435 2247 463 6.
2264 444 2288 470 ς.
2309 433 2341 464 V.
2357 434 2399 465 su.

1282 480 1329 507 pra
1348 480 1365 499 c
1375 481 1392 499 A
1402 482 1421 499 M
1432 480 1459 499 oe
1471 480 1488 499 N
1499 482 1530 500 sa.

1244 508 1266 536 C
1275 518 1293 535 A
1305 518 1317 536 s
1328 519 1390 550 Min
1399 518 1415 535 r.
1427 518 1443 536 υ
1455 518 1466 537 s
1477 530 1484 539 .
1504 510 1523 537 i.
1545 519 1581 537 m.
1604 509 1762 538 nominatur
1778 509 1806 537 in
1819 508 2012 537 Samothraces
2022 507 2155 544 mysteriis
2167 529 2175 542 ,
2199 507 2266 538 Dius
2286 510 2399 546 quidam

1281 545 1438 574 administer
1449 545 1501 574 diis
1513 547 1627 581 magnis.
1655 547 1737 575 Varro
1749 547 1784 575 de
1804 545 1832 575 L.
1847 545 1875 575 L.
1888 545 1934 574 lib.
1948 549 1973 575 6.
1989 554 2012 580 3.
2049 545 2079 574 V.
2103 556 2120 574 c
2130 555 2147 574 A
2156 556 2175 574 M
2188 556 2195 574 i
2207 557 2246 574 ω.
2255 557 2272 575 υ
2283 557 2304 576 s.

1243 583 1266 612 C
1277 593 1295 611 A
1305 592 1316 611 s
1326 592 1345 610 N
1354 592 1372 611 A
1384 592 1410 624 ii,
1426 584 1487 612 Eris.
1505 593 1541 612 ni.
1554 586 1644 612 Senex
1654 584 1789 613 Oscorum
1802 583 1895 621 lingua
1905 583 1979 621 apud
1991 583 2098 612 Festum
2109 584 2135 613 8(
2148 583 2219 612 Varr.
2232 585 2266 613 de
2277 584 2398 620 L.L.6.3.

1249 656 1255 661 ⁴
1282 621 1332 664 Pro
1348 620 1511 649 Assectatore
1523 622 1634 655 ponitur
1644 622 1718 658 apud
1732 622 1851 657 Quintil.
1870 632 1892 650 i.
1905 632 1928 656 5.
1954 621 1985 650 Et
1996 622 2025 649 in
2036 621 2171 650 Oratione
2185 620 2298 651 Labieni
2321 623 2400 655 (five

1280 657 1327 687 illa
1339 658 1460 687 Cornelii
1471 658 1609 691 Gallicis)
1631 659 1658 687 in
1672 658 1837 696 Pollionem,
1847 659 1951 694 casnar,
1972 658 2130 695 affectator,
2152 669 2166 688 e
2178 658 2400 691 Galliadufftuni.

1281 695 1313 724 V.
1335 695 1426 724 Burni.
1442 696 1467 725 ὁὶ
1482 696 1595 732 interpr.
1610 697 1638 724 in
1650 696 1703 725 loc.

1244 733 1266 763 C
1277 743 1295 761 A
1304 743 1315 762 s
1325 743 1341 761 o
1350 755 1358 768 ‚
1379 736 1434 762 are.
1455 733 1590 769 frequent.
1603 744 1618 762 a
1629 734 1715 762 Cado.
1756 732 1785 762 V.
1805 744 1824 763 c
1834 743 1853 762 A
1867 744 1885 761 n
1896 744 1924 762 o.

1243 771 1265 800 C
1275 775 1291 800 A
1300 781 1311 799 s
1321 780 1337 799 o
1346 780 1368 805 s,
1379 771 1396 799 i.
1408 780 1444 799 m.
1466 771 1590 806 [κατεῖσε]
1605 770 1696 800 Insula
1706 771 1782 805 justa
1794 781 1867 800 mare
1881 770 2073 807 Carpathium,
2085 771 2190 802 ambitu
2208 777 2243 805 80
2252 773 2403 804 stadiorum

1281 809 1311 852 iri
1324 818 1377 845 qua
1391 809 1428 837 est
1439 808 1578 846 oppidum
1589 808 1711 843 ejusdem
1723 809 1854 844 nominis,
1865 820 1879 838 a
1891 809 1958 838 Caso
1969 809 2131 838 Cleomachi
2147 819 2223 847 patre
2235 811 2317 846 dicta,
2328 812 2404 840 colo-

1281 856 1324 875 nis
1335 856 1368 875 eo
1381 846 1517 875 deductis.
1540 847 1560 875 Η
1567 847 1627 882 ujus
1640 846 1761 875 nominis
1771 846 1858 883 prima
1869 846 1958 875 brevis
1973 847 2021 880 est,
2036 847 2070 875 ab
2079 848 2131 876 hac
2142 850 2167 877 δι
2182 848 2273 878 Casius
2283 858 2362 879 mons
2374 851 2405 879 in

1282 884 1369 921 Syria.
1390 884 1486 921 Steph.
1508 885 1579 914 Sunt
1588 891 1680 913 autem
1691 883 1785 912 multa?
1797 883 1927 913 Casurum
1939 883 2032 913 insulae
2044 894 2092 921 per
2101 885 2236 915 ambitum
2250 909 2257 920 ,
2278 896 2291 915 a
2304 889 2405 923 quibus

1283 922 1439 951 vestimenti
1450 931 1553 951 nomen
1566 921 1763 957 Caliaca,quod
1777 923 1802 950 &
1813 931 1888 950 nunc
1900 931 2011 958 quoque
2020 923 2110 957 durat,
2120 922 2231 956 vulgare
2246 924 2348 955 Crzeeis
2356 925 2407 955 mi-

1282 959 1387 989 litibus.
1431 959 1585 989 Eustathius
1600 959 1740 988 Casianam
1752 958 1874 996 appellat
1888 970 1902 988 a
1914 968 2010 988 monte
2023 960 2109 989 Calio.
2171 958 2180 961 ’

1284 997 1366 1027 Casos
1375 1019 1384 1033 ,
1406 997 1496 1028 Insula
1508 1008 1563 1027 una
1576 1007 1610 1027 ex
1626 996 1813 1035 Cycladibus,
1835 1007 1894 1034 quae
1917 998 1944 1028 ὀὶ
1964 997 2071 1027 Astrabe
2092 998 2203 1028 dicitur.
2224 998 2295 1030 Plin.
2310 1000 2359 1031 lib.
2379 1012 2405 1037 4.

1304 1045 1336 1065 ca
1359 1058 1365 1065 .
1382 1045 1425 1065 12.

1247 1073 1269 1103 C
1281 1084 1299 1102 A
1308 1046 1389 1103 srpaa
1398 1084 1407 1101 1
1416 1080 1434 1101 A
1449 1094 1458 1108 ,
1478 1082 1509 1102 ae.
1531 1072 1549 1101 f.
1571 1072 1667 1102 Rhoeti
1678 1071 1748 1109 regis
1760 1071 1968 1101 Marrubiorum
1979 1081 2049 1101 uxor
2059 1072 2128 1107 fuit,
2150 1083 2210 1111 quae
2226 1083 2291 1105 cum
2302 1076 2409 1106 Anche-

1286 1110 1362 1141 molo
1371 1111 1498 1148 privigno
1509 1120 1610 1148 corpus
1622 1110 1805 1139 commiscuit.
1845 1110 1874 1138 V.
1895 1120 1914 1138 A
1923 1119 1943 1138 Ν
1953 1119 1970 1137 c
1979 1119 1998 1138 H
2011 1120 2024 1138 a
2034 1121 2054 1139 M
2066 1120 2082 1138 o
2092 1122 2108 1138 i.
2119 1121 2134 1139 u
2145 1121 2166 1140 s.

1248 1149 1270 1181 C
1281 1159 1300 1178 A
1309 1159 1320 1179 s
1330 1159 1344 1177 r
1354 1159 1368 1178 R
1377 1159 1393 1178 a
1402 1160 1410 1177 1
1419 1159 1439 1177 A
1450 1170 1458 1183 ,
1480 1158 1511 1177 ae.
1536 1148 1554 1177 f.
1579 1146 1762 1184 [Koewea'u]
1783 1148 1895 1178 Nomen
1907 1147 1982 1177 urbis
1992 1148 2020 1176 in
2035 1148 2121 1177 ltalia.
2146 1149 2219 1186 Virg.
2232 1159 2256 1186 7.
2270 1150 2331 1180 ffin.
2343 1162 2408 1188 714.

1366 1186 1579 1224 Casperiamque
1589 1186 1689 1216 colunt
1699 1208 1708 1219 ,
1729 1185 1898 1222 Forulosque
1906 1207 1914 1220 ,
1937 1187 1963 1214 Sc
1973 1185 2078 1213 flumen
2091 1187 2226 1216 {limem-s.

1248 1224 1271 1255 C
1280 1235 1298 1254 A
1308 1235 1319 1255 s
1330 1235 1344 1253 i·
1353 1235 1368 1254 Ε
1376 1235 1392 1253 R
1403 1227 1419 1253 ῠ
1431 1236 1446 1253 L
1456 1234 1475 1253 A
1486 1247 1495 1258 ,
1516 1234 1546 1254 ae.
1570 1224 1588 1253 f.
1613 1222 1808 1260 [ωιαπέςυλκ]
1830 1223 1977 1261 Oppidum
1987 1223 2024 1251 est
2035 1224 2201 1253 Sabinorum
2212 1247 2221 1259 ,
2243 1226 2317 1261 quod
2328 1226 2412 1256 Silius

1285 1262 1397 1294 Italicus
1407 1273 1422 1292 a
1433 1262 1540 1300 Caspiis
1553 1263 1650 1300 portis,
1671 1262 1771 1299 quaein
1783 1262 1900 1291 Oriente
1910 1261 1973 1290 sunt
1985 1283 1993 1297 ,
2016 1260 2064 1290 ubi
2074 1262 2216 1292 Bastriana
2227 1265 2358 1300 citi-egio,
2370 1275 2413 1294 ac.

1287 1300 1390 1340 cepisse
1401 1310 1504 1330 nomen
1514 1300 1595 1337 fingit
1611 1300 1660 1329 lib.
1672 1305 1699 1334 8.
1713 1303 1776 1335 με.
2309 1300 2313 1301 ’

1367 1339 1450 1368 Hunc
1470 1339 1610 1368 Amiterna
1629 1338 1749 1372 cohors,
1772 1339 1797 1367 ἃ
1810 1337 1913 1366 Bactris
1929 1337 2046 1366 nomina
2064 1336 2172 1367 ducens

1285 1376 1342 1407 Sed
1356 1376 1496 1407 Drakenb.
1512 1386 1547 1406 ex
1560 1376 1617 1406 MS.
1635 1375 1795 1405 Coloniensi
1807 1375 1875 1412 legit
1887 1375 2023 1413 Casperia.

1249 1414 1299 1445 CA
1310 1425 1321 1444 s
1332 1425 1345 1443 P
1356 1426 1366 1444 1
1376 1427 1385 1444 1
1395 1437 1404 1450 ,
1425 1425 1514 1445 orum.
1536 1424 1574 1444 m.
1597 1409 1747 1450 [Καπύη]
1769 1413 1869 1451 Populi
1888 1414 2008 1451 Scythiae
2017 1413 2052 1442 ad
2072 1412 2202 1451 Caspium
2219 1423 2304 1449 mare,
2321 1422 2353 1443 ut
2367 1425 2414 1444 au-

1287 1455 1346 1482 ctor
1358 1453 1574 1496 estPomponius
1586 1451 1662 1482 Mela
1672 1451 1720 1480 lib.
1732 1461 1757 1489 3.
1778 1461 1837 1489 cap.
1852 1463 1877 1488 5.
1900 1452 1977 1490 apud
1990 1461 2059 1489 quos
2076 1451 2212 1497 saevilsimi
2234 1451 2297 1482 sunt
2314 1463 2413 1489 canes,

1286 1498 1318 1520 ut
1330 1491 1421 1521 scribit.
1432 1492 1519 1520 Valer.
1533 1490 1647 1520 Elaccus
1654 1490 1702 1518 lib.
1717 1493 1743 1519 6.
1756 1499 1817 1526 107.

1250 1528 1302 1559 CA
1315 1539 1365 1558 ειη
1377 1539 1433 1562 us,
1455 1539 1470 1558 a
1482 1551 1491 1564 ,
1516 1538 1572 1558 um.
1597 1528 1654 1563 Adj.
1676 1528 1842 1564 [Κάπυν-ιθ]
1862 1533 1914 1563 ut,

1286 1567 1399 1597 fretum
1410 1566 1548 1604 Caspium.
1590 1566 1666 1596 Curt.
1678 1570 1704 1595 6.
1716 1575 1742 1603 7.
1754 1574 1778 1602 3.
1805 1565 1880 1596 Hinc
1891 1565 1971 1596 simul
1983 1574 2058 1595 mare
2073 1564 2149 1602 quod
2168 1563 2297 1595 Ciliciam
2317 1565 2412 1603 subit,

1307 1604 1386 1635 illinc
1399 1604 1528 1643 Caspium
1537 1605 1638 1633 fretum
1650 1626 1658 1639 ,
1672 1605 1725 1634 διε.

1289 1642 1370 1673 Mare
1385 1643 1515 1681 Caspium
1525 1643 1645 1682 dicitur,
1666 1642 1733 1671 Hor.
1748 1650 1775 1671 2.
1788 1641 1879 1675 Carm.
1890 1652 1916 1676 9.
1926 1651 1951 1671 2.
1976 1639 2144 1678 Quodinter
2154 1640 2267 1679 Caspios
2278 1643 2303 1671 ἃ
2314 1642 2418 1674 Hyrca.

1306 1691 1359 1711 rios
1370 1688 1481 1711 montes
1493 1681 1547 1710 est:
1569 1680 1695 1718 aquibus
1714 1689 1820 1709 nomen
1839 1681 1964 1718 accepit,
1991 1681 2018 1709 &
2039 1678 2207 1708 immensum
2224 1676 2418 1719 occupat‘spae

1307 1720 1388 1749 tium.
1432 1720 1471 1749 De
1482 1719 1537 1748 hoc
1551 1719 1623 1747 inter
1633 1717 1779 1755 scriptores
1790 1727 1887 1755 parum
1898 1718 2047 1752 convenit,
2067 1723 2098 1746 ut
2112 1716 2319 1754 diligentillime
2331 1719 2418 1748 adno-

1308 1759 1377 1787 tavit
1391 1757 1562 1787 doctilsiinus
1572 1756 1712 1785 Vadianus
1724 1756 1760 1785 ad
1770 1755 1957 1793 Pomponium
1967 1755 2083 1785 Melam.
2107 1755 2125 1784 l.
2142 1765 2166 1785 c.

1288 1794 1376 1825 Portae
1388 1795 1502 1833 Caspiae,
1524 1792 1655 1831 [waviou
1667 1794 1771 1828 πόλου]
1793 1795 1930 1831 Angustiae
1940 1794 2002 1823 sunt
2012 1794 2084 1823 circa
2095 1803 2171 1822 mare
2182 1793 2325 1830 Caspium,
2338 1795 2416 1830 quod

2254 1339 2410 1377 Casperula.

1308 1833 1364 1863 alio
1373 1835 1489 1862 nomine
1505 1833 1664 1870 Hyrcanum
1675 1832 1776 1861 dicitur
1785 1853 1793 1867 ,
1815 1834 1849 1860 ad
1861 1834 1926 1861 octo
1938 1831 2026 1861 millia
2045 1831 2172 1869 passuum
2183 1853 2191 1865 ,
2212 1832 2279 1861 teste
2297 1832 2395 1861 Solino
2406 1854 2416 1867 ,
2460 1836 2468 1844 ’

1308 1872 1339 1901 in
1349 1872 1555 1909 longitudinem
1572 1869 1711 1906 eXtensae,
1733 1870 1884 1900 latitudine
1903 1877 1960 1899 tam
1978 1870 2096 1907 exigua,
2117 1876 2148 1898 ut
2164 1869 2210 1898 vix
2226 1869 2346 1907 plaustro
2367 1871 2420 1900 lint

1308 1911 1419 1948 perviae.
1462 1909 1527 1940 Non
1536 1909 1598 1938 satis
1607 1916 1702 1937 tamen
1713 1909 1928 1937 convenitiiiter
1938 1910 2064 1937 auctores
2077 1926 2084 1938 ‚
2106 1907 2142 1936 ad
2160 1917 2242 1944 quam
2261 1909 2344 1938 maris
2356 1919 2420 1946 par-

1309 1954 1367 1977 tem
1377 1948 1590 1985 conjungantur.
1632 1947 1758 1983 Quidam
1768 1947 1922 1975 Amazones
1932 1946 2019 1984 portis
2032 1945 2139 1983 Caspiis
2156 1945 2287 1983 egrelsas,
2309 1947 2343 1975 ad
2360 1947 2422 1976 Ale·

1310 1986 1449 2015 xandrum
1462 1984 1565 2015 venisse
1580 1986 1608 2013 in
1620 1984 1788 2021 Hyrcaniam
1808 1984 1974 2022 prodidere:
1995 1983 2043 2013 sed
2059 1983 2114 2014 illae
2134 1983 2269 2013 Caucasiae
2287 1984 2420 2020 fuerunt,

1310 2033 1361 2061 per
1371 2034 1438 2061 quas
1457 2023 1582 2052 traniitus
1595 2023 1633 2052 est
1651 2033 1686 2051 ex
1698 2022 1789 2052 Iberia
1805 2024 1836 2051 in
1857 2022 2009 2059 Scythiam.
2051 2021 2172 2051 Neronis
2189 2032 2299 2060 quoque
2316 2023 2422 2060 princi-

1310 2062 1353 2100 pis
1365 2062 1548 2091 comminatio
1559 2061 1593 2090 ad
1606 2060 1716 2098 Caspias
1732 2066 1835 2098 portas,
1850 2066 1881 2089 ut
1892 2060 1984 2098 inquit
1993 2059 2097 2089 Plinius
2107 2081 2115 2095 ,
2139 2058 2157 2088 l.
2170 2063 2196 2089 6.
2216 2069 2240 2089 c.
2251 2070 2294 2095 ιζ,
2308 2060 2343 2089 ad
2356 2070 2421 2090 eum

1309 2100 1454 2129 transitum
1469 2099 1639 2137 respiciebat.
1680 2098 1780 2127 Verum
1790 2108 1871 2127 mons
1881 2098 1989 2128 Taurus
2001 2097 2088 2127 tribus
2101 2099 2129 2127 in
2142 2097 2211 2127 locis
2226 2098 2396 2136 interruptus
2411 2120 2420 2134 ,

1308 2139 1382 2175 quasi
1402 2140 1487 2175 portis
1512 2136 1675 2174 quibusdam
1693 2137 1871 2174 pertransitur
1884 2137 1913 2165 in
1935 2136 2093 2166 Armeniam
2106 2157 2115 2171 ,
2136 2136 2166 2164 in
2185 2135 2332 2170 Ciliciam,
2355 2136 2422 2166 &in

1310 2176 1448 2206 Mediam.
1488 2175 1543 2205 Sed
1554 2174 1608 2204 illae
1627 2180 1735 2204 tantum
1755 2173 1860 2212 Caspiae
1871 2180 1959 2211 portae
1974 2173 2151 2212 appellantur
2164 2195 2172 2208 ,
2194 2184 2254 2211 quae
2270 2174 2346 2212 apud
2361 2174 2423 2204 Me.

1311 2215 1363 2242 dos
1374 2214 1494 2243 existunt
1505 2236 1513 2247 ,
1535 2212 1602 2242 sicut
1613 2222 1648 2242 ex
1658 2212 1807 2241 Ptolemaeo
1817 2234 1826 2248 ,
1847 2212 1936 2241 Plinio
1949 2233 1957 2247 ,
1979 2214 2005 2242 δι
2025 2212 2162 2241 Strabone
2173 2211 2240 2242 lieet
2253 2212 2418 2248 intelligere.

1310 2252 1359 2282 Per
1367 2252 1415 2281 has
1426 2251 1551 2280 transitus
1558 2251 1596 2280 est
1608 2260 1641 2280 ex
1651 2249 1794 2286 Babylone
1806 2251 1832 2280 (ξι
1842 2249 1948 2280 Perside
1960 2250 1995 2279 ad
2003 2259 2078 2279 mare
2086 2249 2232 2287 Caspium:
2252 2250 2327 2280 unde
2337 2250 2422 2279 etiam

1309 2289 1415 2327 Caspiae
1427 2290 1506 2319 diciae
1516 2288 1585 2318 sunt.
1625 2288 1694 2326 Juga
1706 2298 1771 2317 vero
1780 2287 1880 2326 Caspia
1893 2287 1994 2327 procul
2010 2288 2079 2317 hinc
2099 2287 2213 2324 absunt,
2235 2290 2262 2319 ἀ
2282 2289 2317 2318 ad
2330 2289 2423 2318 Arme-

1313 2329 1376 2357 nios
1388 2326 1586 2363 ulterioresque
1597 2326 1719 2364 populos
1735 2326 1883 2364 pertinent.

1291 2364 1389 2404 Regna
1406 2365 1512 2409 Caspia.
1538 2365 1607 2401 Virg.
1622 2369 1647 2393 6.
1661 2364 1723 2407 AEn.
1736 2373 1800 2400 799.

1377 2404 1468 2438 Huius
1479 2412 1508 2432 in
1520 2403 1642 2432 adventu
1653 2423 1661 2437 ,
1682 2411 1737 2437 Jam
1748 2411 1826 2432 nunc
1839 2403 1865 2432 &
1875 2390 1973 2445 Caspia
1984 2410 2069 2439 regna

1373 2441 1518 2479 Responsis
1532 2445 1646 2470 horrent
1657 2439 1764 2470 divum.
1880 2449 1899 2470 1.
1912 2449 1937 2469 e.
1957 2439 2040 2470 Fines
2063 2438 2231 2477 Affyriorum
2243 2461 2252 2476 ‚
2278 2439 2310 2470 in
2324 2439 2423 2477 quibus

1312 2479 1376 2509 sunt
1390 2480 1469 2506 πόλων
1483 2478 1596 2516 Caspiae.
1619 2477 1738 2507 Servius.

0 2510 22 2571 εἰ
53 2532 56 2536 ’
87 2527 124 2557 de
138 2526 236 2556 eversis
247 2527 274 2556 &
290 2522 523 2567 intercidentibus
542 2521 658 2565 urbibus
673 2520 842 2558 intelligens.
882 2518 941 2548 Cic.
952 2527 987 2562 2..
1002 2517 1121 2556 Philipp.
1144 2528 1206 2547 102.

0 2576 23 2612 ”l
74 2564 207 2601 Casilino
219 2564 365 2607 salutatum
380 2561 550 2596 veniebant,
571 2560 696 2597 Aquino,
716 2559 890 2593 Interamna,
912 2555 1044 2586 admilsus
1064 2556 1102 2586 est
1115 2565 1209 2586 nemo.

0 2618 24 2677 ll
52 2600 495 2676 Οξὲῗίιξῐεὲὲι,ηξξᾶιξῗιῗυὶὶῗὶ
517 2642 548 2667 ut
559 2635 675 2666 Casilina
685 2634 794 2664 limina.
816 2632 864 2662 Sil.
881 2641 923 2662 12.
940 2634 1005 2668 426.

0 2686 5 2706 ι’
33 2678 256 2714 “ΌΛ3ιι.ῑΝι,
277 2686 364 2706 orurn.
389 2686 426 2705 m.
447 2674 485 2713 pl.
509 2674 627 2713 Populi,
650 2671 804 2710 quiinclusi
820 2681 835 2700 a
848 2671 956 2705 Poenis,
976 2667 1080 2699 famem
1092 2669 1211 2699 nucibus

65 2735 67 2737 ·
88 2713 279 2748 sustentarunt.
301 2715 402 2744 Festus.
445 2714 503 2749 [At
513 2722 571 2742 non
581 2712 650 2742 dicit
660 2711 771 2746 Festus,
792 2720 817 2738 v.
830 2707 958 2742 Nucula,
981 2707 1112 2737 Casilinos
1131 2707 1211 2737 fuisse

1292 2517 1396 2555 Rupes.
1421 2518 1486 2547 Sen.
1502 2517 1582 2546 Herc.
1595 2515 1649 2545 fur.
1667 2524 1709 2551 13.

1291 2556 1392 2593 Tigris.
1414 2556 1480 2584 Stat.
1504 2564 1544 2583 io.
1557 2554 1648 2584 Theb.
1667 2558 1731 2587 288.

1293 2593 1377 2623 Vada.
1401 2592 1498 2622 Claud.
1516 2601 1539 2627 ³·
1554 2591 1634 2621 Cons.
1654 2591 1785 2628 Hon.71.

1293 2630 1343 2661 Via
1353 2631 1457 2668 Caspia.
1498 2630 1588 2659 Tacit.
1600 2633 1625 2659 6.
1639 2630 1708 2658 Ann.
1722 2638 1765 2665 33.
1792 2629 1848 2660 Sed
1864 2629 1937 2659 Iberi
1951 2628 2080 2659 locorum
2097 2633 2228 2667 potentes
2239 2650 2248 2664 ,
2272 2627 2369 2667 Caspia
2379 2629 2423 2659 via

1312 2669 1464 2699 Sarmatam
1473 2669 1502 2697 in
1515 2668 1659 2697 Armenios
1669 2668 1770 2705 raptim
1784 2667 1945 2697 effundunt.

1256 2707 1279 2738 C
1291 2717 1371 2775 Asgi
1383 2711 1399 2736 A
1410 2717 1453 2736 cu
1463 2716 1491 2742 S,
1513 2716 1544 2742 a,
1567 2715 1623 2736 um.
1646 2701 1836 2741 [iraammuls]
1855 2705 1934 2735 aliud
1946 2704 2006 2742 Adj.
2026 2710 2069 2741 ut,
2090 2704 2172 2735 Porta
2189 2703 2331 2742 Caspiaca.
2352 2705 2420 2735 Stat.

1314 2768 1320 2775 .
1358 2744 1403 2774 iiv.
1436 2767 1441 2774 .
1454 2748 1499 2780 64.

1294 2757 1312 2782 4
1386 2756 1440 2812 Atii:
1450 2782 1547 2812 Istrum
1563 2780 1665 2817 servare
1676 2780 1747 2811 latus
1758 2802 1768 2817 ,
1789 2781 1996 2818 metuendaque
2009 2785 2097 2819 portae

1390 2821 1499 2851 Limina
1511 2819 1657 2857 Caspiacae.

1258 2859 1280 2889 C
1291 2869 1331 2889 As
1340 2869 1372 2888 1³1
1382 2869 1402 2888 A
1411 2868 1432 2888 Ν
1442 2870 1450 2888 ι
1461 2881 1469 2893 ,
1492 2867 1580 2887 orum.
1602 2867 1639 2886 m.
1661 2856 1699 2895 pl.
1724 2857 1903 2893 [icam-imai]
1923 2856 2023 2895 Populi
2035 2856 2072 2886 ad
2084 2855 2215 2894 Caspium
2236 2865 2318 2885 mare.
2343 2856 2419 2885 Curt.

1296 2908 1322 2933 4.
1337 2907 1378 2927 12.
1393 2896 1589 2964 9.NPhradates
1599 2905 1700 2933 magno
1710 2894 1912 2933 Caspianorum
1927 2895 2038 2933 agmine
2054 2894 2249 2924 antecedebat.
2270 2894 2341 2923 adde
2351 2893 2420 2923 Mel.

1300 2938 1401 2965 x.2.&
1441 2945 1455 2964 e
1479 2939 1624 2969 .14.8.2.

1258 2973 1281 3003 C
1291 2983 1329 3003 As
1340 2983 1354 3002 r
1363 2977 1399 3002 ia
1411 2983 1432 3002 υ
1441 2945 1475 3008 εξ)
1493 2972 1660 3008 [κάπκρῶι
1672 2971 1686 3007 ]
1709 2970 1778 3000 Urbs
1790 2970 1962 3005 Parthorum,
1972 2970 2091 2999 finitima
2102 2969 2190 2999 Indiae
2202 2991 2209 3003 ,
2231 2970 2309 3004 cujus
2322 2969 2423 2998 incolae

1298 3011 1377 3041 cursu
1389 3010 1550 3041 velocilsuni
1561 3009 1624 3039 sunt
1633 3031 1641 3045 ,
1661 3015 1693 3038 ut
1702 3018 1738 3038 ex
1748 3008 1872 3045 Dionysii
1887 3008 2030 3045 Baisaricis
2041 3008 2186 3038 annotavit
2196 3007 2326 3044 Stephan.

1259 3048 1282 3078 C
1292 3059 1312 3077 A
1322 3059 1334 3079 s
1344 3059 1356 3079 s
1366 3059 1385 3078 A
1394 3059 1415 3078 N
1424 3059 1442 3078 o
1453 3059 1472 3079 A
1481 3058 1503 3077 N
1513 3058 1527 3077 iz
1539 3070 1547 3084 ,
1568 3042 1779 3083 [Kouni-mallim]
1800 3046 1871 3076 Filia
1879 3047 1933 3076 fuit
1946 3046 2093 3084 Pharnaspi
2108 3067 2115 3080 ,
2136 3054 2207 3074 uxor
2222 3045 2302 3081 Cyri,
2325 3046 2350 3075 Sc
2365 3054 2422 3074 ma-

1296 3094 1338 3117 ter
1347 3084 1489 3124 Cambysae
1501 3108 1509 3121 ,
1534 3086 1601 3115 teste
1617 3085 1760 3114 Herodoto
1770 3106 1778 3119 ,
1798 3084 1972 3114 historiarum
1982 3083 2032 3114 lib.
2047 3094 2073 3113 2.
2094 3092 2176 3120 quam
2192 3082 2340 3112 immatura
2351 3092 2423 3111 mor-

1296 3131 1325 3154 te
1337 3125 1508 3192 sublatalmt&
1519 3123 1606 3162 Cyrus
1616 3123 1674 3161 ipse
1685 3122 1819 3158 deflevit,
1841 3123 1868 3152 &
1878 3122 1997 3161 publico
2007 3130 2157 3160 regnorum
2165 3120 2276 3150 suorum
2287 3120 2364 3149 luctu
2375 3121 2422 3150 de-

1299 3173 1387 3192 corari
1402 3173 1436 3193 vo
1449 3169 1502 3192 uit.

3 2770 8 2782 ι
88 2754 228 2791 obsessos,
249 2763 347 2784 verum
358 2751 538 2782 Praenestinos
548 2750 675 2784 Casilini,
697 2749 714 2778 i.
733 2758 758 2777 e.
780 2748 809 2776 in
821 2746 927 2785 oppido
943 2745 1068 2774 Casilino.
1101 2745 1130 2775 V.
1152 2745 1208 2775 Liv.

2 2794 8 2830 l
55 2821 58 2824 .
88 2793 296 2831 lib.23.cap.17.
311 2793 338 2822 &
348 2788 402 2828 seq.
425 2789 460 2819 de
470 2790 553 2824 hujus
563 2788 661 2826 oppidi
678 2786 738 2824 post
750 2785 858 2815 cladem
870 2782 1043 2814 Cannensem
1055 2783 1209 2813 obsidione.

2 2840 8 2861 ¹,
51 2832 143 2863 CAsi
154 2840 333 2861 LINENSIS
344 2851 352 2865 ,
373 2839 398 2858 e.
439 2827 535 2858 entile.
558 2826 617 2857 Cic.
628 2835 653 2856 2.
670 2826 705 2855 de
717 2825 825 2863 Invent.
840 2832 902 2860 171.
924 2821 1040 2851 Necesse
1061 2822 1099 2851 est
1118 2822 1212 2851 Casili-

3 2879 9 2899 ι
52 2870 54 2875 ’
91 2868 187 2900 nenses
197 2869 224 2899 se
235 2868 338 2898 dedere
354 2867 424 2896 Anni
446 2866 492 2895 ali.

48 2901 220 2942 UisiNA,
242 2917 273 2937 ze.
295 2906 314 2936 f.
337 2905 475 2942 [maim]
495 2901 597 2933 Fabula
614 2900 711 2931 Plauti.
755 2898 881 2936 Quidam
903 2897 1010 2927 Caffina
1026 2896 1081 2934 legi
1103 2896 1211 2927 volunt.

0 2966 8 2977 ,ι
88 2945 273 2977 Scribendum
289 2949 383 2974 tamen
397 2942 435 2972 est
452 2941 566 2977 Casina,
586 2940 650 2979 quia
663 2939 782 2977 prImam
804 2936 926 2974 corripit.
968 2935 1097 2971 Plautus,
1119 2936 1150 2965 in
1174 2945 1213 2965 ar-

54 3020 56 3022 ’
90 2980 534 3051 ἓωῃεῗὲοἳὲῗὲἒιὲῃέῗὲἱῗίἷνεπι
542 3016 669 3047 Casinam
680 3014 830 3052 cognitam.

5 3068 8 3076 ⁴
45 3065 55 3092 ,“
90 3060 224 3091 trimeter.
266 3059 306 3089 Ab
316 3058 368 3088 hac
376 3056 478 3087 ancilla
485 3054 596 3086 Fabulae
607 3063 722 3084 nomen.
744 3053 837 3081 audior
847 3047 915 3094 Fest.
970 3087 976 3093 ·
1068 3087 1073 3093 .
1135 3087 1140 3093 Π

0 3112 10 3126 τι
51 3097 254 3134 ΌΑεῑΝυΜ,
276 3097 294 3126 i.
311 3106 339 3126 n.
362 3095 506 3132 [κοιοῖνω]
527 3092 689 3130 Campaniae
710 3089 848 3129 oppidum
865 3098 895 3116 in
917 3086 1003 3117 Italia.
1035 3085 1104 3117 Plin.
1122 3086 1170 3117 lib.
1187 3098 1210 3123 ς.

4 3160 7 3167 .
92 3147 153 3176 cap.
168 3147 192 3172 ς.
215 3135 301 3172 Quod
313 3139 406 3164 autem
417 3133 455 3162 ait
466 3132 566 3167 Varro,
588 3132 625 3160 de
641 3130 669 3159 L.
684 3129 713 3159 L.
727 3133 752 3158 6.
767 3137 791 3164 3.
824 3126 913 3156 Etiam
929 3134 1006 3154 nunc
1023 3124 1152 3154 &isinum
1172 3126 1214 3155 fo-

91 3184 154 3205 rum
165 3180 244 3203 vetus
257 3172 414 3211 appellant:
437 3169 563 3209 intelligo
575 3169 715 3207 oppidum
731 3166 858 3195 Casinum
872 3174 887 3193 a
898 3163 1031 3193 Romanis
1041 3162 1214 3201 appellatum

910 3011 1008 3042 Versus
1021 3011 1058 3042 est
1069 3010 1208 3042 Iambicus

25 3238 27 3241 .
92 3212 172 3243 fuisse
183 3212 283 3242 Forum
295 3217 382 3240 vetus.
417 3209 491 3238 Nam
499 3208 663 3237 forinomen
674 3205 768 3235 multis
779 3203 940 3232 indiderant
954 3201 1067 3239 oppidis
1078 3223 1086 3233 ,
1107 3208 1138 3230 ut
1153 3201 1214 3230 foro

26 3249 27 3256 ¹
44 3260 46 3266 ⁸
93 3250 237 3285 Cornelii,
257 3250 319 3279 foro
336 3247 515 3287 Sempronii,
535 3246 597 3275 foro
612 3244 692 3274 Livii.
713 3241 872 3273 Turnebus.
921 3240 991 3270 Sunt
1005 3239 1052 3276 qui
1065 3238 1214 3269 Cascinum

0 3354 1 3359 .
93 3287 407 3358 {iefflffihligdssiht
429 3318 479 3353 sii.
496 3322 545 3352 ub.
555 3332 582 3357 4.
592 3328 656 3357 227.
815 3355 822 3362 ‚
1061 3353 1067 3359 .

0 3382 2 3390 ·
23 3369 25 3378 .
59 3364 147 3396 CAsi
156 3374 201 3394 01·
210 3374 240 3394 is
251 3385 259 3399 ,
278 3362 351 3393 idos.
373 3363 394 3392 f.
418 3357 555 3398 [icona-imis
567 3357 733 3393 Ptolemaeo]
754 3353 929 3394 Regiuncula
940 3352 978 3383 est
990 3352 1213 3397 Arabiaetpetreae,

24 3401 25 3406 ¹
96 3402 199 3434 Pelufio
209 3403 278 3432 ostio
287 3401 321 3431 ab
337 3401 457 3439 AEgypto
469 3398 553 3429 divisa
565 3421 573 3434 ,
593 3398 623 3427 in
633 3404 688 3435 qua
700 3394 793 3425 Casius
811 3402 894 3437 moris
904 3392 953 3428 est,
976 3391 1102 3429 Pompeii
1120 3401 1215 3429 magni

0 3463 3 3469 .
96 3440 204 3472 tumulo
214 3440 325 3478 insignis
333 3461 341 3475 ,
361 3449 377 3468 a
390 3448 445 3475 quo
462 3438 487 3467 &
497 3437 574 3474 regio
582 3435 640 3474 ipsa
650 3439 755 3464 nomen
766 3437 884 3469 accepit.
1083 3467 1090 3473 ι

1 3497 4 3503 -
24 3499 25 3502 =
60 3477 111 3510 ca
119 3489 131 3509 s
140 3490 149 3508 i
158 3488 173 3507 a
183 3490 194 3507 r
204 3501 212 3513 ,
234 3488 322 3507 orum.
346 3487 384 3506 m.
407 3475 445 3512 pl.
469 3474 576 3512 Populi.
601 3473 667 3503 Plin.
683 3472 732 3501 lib.
744 3474 769 3501 6.
780 3480 839 3508 cap.
858 3477 898 3505 17.
920 3466 961 3497 Ab
971 3467 1106 3497 Attacoris
1116 3472 1214 3509 'gentes

0 3516 1 3524 ¹
95 3517 158 3554 Thy
161 3517 185 3561 gi
199 3518 225 3546 ἃ
232 3516 353 3546 Thocari
367 3537 374 3550 ,
397 3516 422 3544 &
431 3515 486 3549 jam
496 3513 631 3542 Indorum
640 3510 739 3544 Casiri:
760 3506 890 3538 introrsus
897 3505 933 3535 ad
940 3505 1057 3543 Scythas
1071 3507 1149 3541 verli,
1165 3505 1215 3534 hu-

97 3564 185 3585 manis
195 3554 358 3592 corporibus
369 3552 524 3581 vescuntur.

4 3611 5 3614 =
28 3604 29 3608 ¹
61 3591 146 3624 CAsi
155 3603 174 3621 u
183 3602 195 3622 s
204 3615 213 3627 ,
233 3593 252 3621 i.
274 3601 311 3620 m.
334 3592 349 3626 [
357 3589 462 3625 animai]
487 3588 588 3619 Arabiae
598 3597 679 3617 mons
693 3587 731 3616 est
740 3608 748 3619 ,
772 3585 850 3619 iuxta
859 3591 944 3621 quem
954 3578 1101 3625 delubrum
1113 3580 1152 3610 est
1165 3579 1216 3609 Ca-

95 3631 210 3666 fiiJovis
222 3652 230 3665 ,
252 3629 327 3667 quod
338 3629 529 3658 Rornanorum
550 3626 666 3656 ambitio
683 3624 788 3654 illustre
799 3622 884 3657 fecit,
905 3622 937 3650 &.
951 3619 1076 3663 Pompeii
1091 3618 1216 3662 'tumulus

97 3668 192 3699 multis
202 3668 262 3706 post
270 3667 349 3696 annis
364 3666 397 3695 ab
410 3665 550 3694 Hadriano
562 3665 723 3693 instauratus
735 3684 742 3696 ,
763 3667 794 3690 ut
805 3658 981 3697 Capitolinus
991 3657 1085 3686 tradit.
1123 3656 1216 3686 Nostri

64 3729 67 3732 ⁴
97 3707 173 3737 Sinai
183 3714 308 3735 montem
317 3704 371 3734 effe
381 3702 500 3732 asserunt
509 3724 517 3736 ,
538 3702 574 3732 ob
583 3701 640 3731 illic
650 3711 666 3731 a
678 3701 736 3730 Deo
747 3700 822 3728 datas
832 3706 881 3740 per
895 3695 1012 3733 Moysen
1021 3694 1128 3734 populo
1137 3694 1217 3738 Israe-

97 3744 175 3774 litico
187 3743 313 3780 decalogi
325 3741 431 3772 tabulas
441 3741 566 3770 nobilem
575 3742 601 3770 δι
611 3739 724 3769 clarum.
768 3736 835 3766 Plin-
848 3734 897 3764 lib.
911 3745 935 3769 ς.
946 3743 1007 3771 cap.
1023 3743 1034 3762 1
1043 3743 1066 3763 1.
1090 3732 1216 3777 Arabiam

75 3804 79 3807 Α
99 3782 172 3812 hanc
187 3781 303 3810 sterilem
312 3803 320 3814 ,
342 3782 368 3810 &
379 3786 477 3816 praeter
489 3778 597 3808 Casium
608 3783 734 3807 montem
746 3773 931 3811 nihilinsigne
942 3771 1090 3815 habentem
1098 3771 1213 3814 indicat.

100 3821 134 3850 At
146 3818 403 3849 notandunmbiter
414 3839 423 3852 ,
445 3816 529 3846 alium
542 3815 620 3853 supra
644 3814 799 3844 Seleuciam
820 3810 928 3841 Casium
945 3808 999 3838 else
1015 3808 1104 3838 Plinio
1123 3808 1174 3838 lib.
1191 3819 1215 3843 ς.

101 3868 161 3895 cap.
174 3867 218 3886 22.
240 3857 317 3891 cujus
331 3855 448 3885 altitudo
459 3855 489 3883 in
500 3855 637 3883 directum
646 3862 764 3889 quatuor
775 3850 893 3879 millium
906 3847 1030 3886 passuum
1047 3847 1094 3887 est.
1132 3847 1218 3889 Cujus

101 3896 234 3933 (inquit)
254 3894 361 3923 excelsa
369 3893 486 3922 altitudo
497 3899 591 3929 quarta
600 3891 694 3928 vigilia
702 3890 838 3919 orientem
849 3896 899 3924 per
907 3885 1034 3930 tenebras
1052 3884 1140 3914 solem
1151 3884 1220 3921 aspi..

101 3932 157 3964 cit:
180 3933 256 3962 brevi
268 3932 436 3961 circumactu
448 3931 590 3967 corporis,
612 3929 862 3962 diemnoc'tenique
873 3932 972 3962 pariter
981 3922 1137 3952 ostendens.
1161 3922 1218 3951 Hu-

102 3971 146 4008 ius
157 3970 287 4001 meminit
295 3970 464 4003 Ammianus,
477 3968 525 3998 ubi
534 3968 570 3997 de
580 3967 692 4003 ,Iuliano
703 3964 806 3995 Caesare
814 3963 863 3993 lib.
876 3964 1032 4001 22.cap.·16.
1043 3960 1219 3990 confieasos.

1260 3200 1283 3230 C
1293 3212 1313 3230 A
1323 3211 1335 3230 s
1344 3211 1355 3230 s
1368 3212 1386 3230 A
1396 3211 1416 3230 Ν
1427 3211 1444 3230 D
1454 3210 1469 3230 a
1479 3210 1495 3229 R
1504 3222 1512 3236 ,
1533 3199 1585 3229 dri.
1607 3209 1644 3228 m.
1665 3197 1877 3235 [Kalen-mol>th
1900 3197 2033 3234 Antipatri
2044 3196 2116 3226 filius
2129 3218 2137 3231 ,
2157 3195 2219 3234 post
2231 3202 2350 3224 mortem
2364 3196 2422 3225 Ale-

1298 3239 1397 3269 xandri
1408 3239 1448 3269 M.
1461 3238 1650 3269 Macedonum
1661 3237 1731 3272 Rex,
1742 3238 1770 3267 ἃ
1781 3237 1874 3274 Regiae
1885 3235 1995 3265 familiae
2006 3235 2164 3264 exstinctor.
2189 3233 2300 3269 justins
2309 3235 2420 3268 5.2.&c.

1297 3277 1361 3307 Fuit
1371 3279 1397 3307 Si
1410 3277 1480 3306 alius
1492 3275 1640 3306 Cassander
1652 3275 1812 3312 astrologus.
1855 3274 1914 3304 Cic.
1925 3283 1951 3302 2.
1973 3273 2009 3302 de
2022 3272 2114 3302 Divin.
2127 3277 2172 3306 88.
2207 3271 2372 3301 Archelaum
2395 3273 2423 3301 ὃς

1318 3315 1498 3345 Calsandrum
1510 3314 1632 3344 summos
1644 3313 1793 3350 astrologos
1804 3312 1879 3341 istius
1891 3311 1976 3340 aetatis
1985 3332 1993 3346 ,
2007 3312 2058 3340 διε.

1262 3353 1285 3384 C
1295 3363 1336 3382 As
1348 3363 1360 3383 s
1369 3364 1388 3383 A
1398 3363 1419 3382 N
1429 3364 1446 3382 o
1454 3363 1471 3382 a
1480 3364 1500 3382 A
1510 3374 1518 3388 ,
1540 3362 1571 3382 ae.
1593 3351 1612 3381 f.
1635 3349 1829 3387 [Καωάνὲρφ]
1851 3348 1918 3379 Filia
1929 3349 1982 3378 fuit
1990 3347 2089 3378 Priami
2101 3347 2171 3384 regis
2179 3356 2214 3376 ex
2227 3346 2341 3377 Hecuba
2349 3369 2356 3381 ,
2379 3357 2423 3377 ea-

1298 3392 1418 3429 demque
1430 3397 1506 3420 vates
1517 3413 1525 3426 ,
1547 3389 1665 3420 exitium
1685 3389 1780 3426 patriae
1800 3387 1896 3416 frustra
1909 3395 2012 3416 canens
2022 3407 2030 3421 ,
2051 3395 2136 3422 quum
2150 3386 2175 3414 ei
2187 3394 2270 3414 nemo
2287 3386 2421 3415 crederet.

1297 3429 1366 3459 Eam
1380 3430 1413 3459 ab
1427 3431 1632 3467 Agamemnone
1643 3427 1673 3454 in
1685 3427 1818 3455 Graeciam
1826 3425 1975 3455 abductam
1985 3423 2186 3461 clytemnestra
2196 3423 2346 3453 interemit.
2369 3425 2424 3453 Au-

1298 3469 1358 3498 ctos
1379 3468 1517 3497 Homerus
1532 3468 1561 3495 in
1580 3463 1676 3501 Odyff.
1691 3471 1716 3492 λ.
1729 3473 1794 3498 420.

1298 3505 1358 3536 Alia
1367 3506 1420 3535 fuit
1435 3504 1584 3534 Cassandra
1595 3502 1699 3532 Iobatis
1711 3501 1767 3529 filia
1777 3523 1785 3535 ,
1807 3509 1891 3537 quam
1910 3498 2119 3536 Bellerophonti
2137 3498 2256 3538 nupsisse
2273 3499 2350 3529 idem
2366 3498 2424 3528 Ho-

1319 3553 1411 3573 merus
1425 3544 1521 3573 auftor
1531 3543 1578 3571 est.
1602 3540 1679 3570 Iliad.
1701 3540 1724 3575 ζ.

1299 3580 1378 3612 Est&
1387 3581 1535 3611 Cassandra
1542 3578 1689 3617 Oppidum
1700 3599 1708 3612 ‚
1727 3577 1753 3606 δε
1763 3574 1922 3605 Cassandria
1929 3573 2058 3611 colonial,
2075 3574 2112 3604 de
2123 3574 2224 3612 quibus
2239 3575 2312 3605 infra
2328 3575 2358 3604 in
2374 3583 2425 3603 ro-

1319 3629 1340 3649 '1¹
1349 3631 1358 3648 1
1368 3630 1385 3648 o
1394 3630 1417 3648 ia
1431 3630 1460 3648 A.
2284 3622 2288 3624 >

1301 3657 1383 3687 Vates
1395 3655 1550 3687 Cassandra.
1573 3653 1647 3692 Virg.
1657 3663 1681 3690 3.
1694 3653 1757 3684 [ΕΠ.
1772 3656 1833 3687 187.

1494 3708 1532 3714 ——
1539 3700 1587 3722 aut
1594 3702 1677 3729 quem
1689 3698 1757 3721 tunc
1766 3696 1842 3718 vates
1853 3687 2001 3718 Cassandra
2007 3693 2132 3719 moveret
2142 3688 2155 3717 ’ἐ

1302 3732 1386 3770 Virgo
1397 3731 1538 3761 Priameia.
1565 3730 1634 3767 Virg.
1654 3739 1679 3758 2.
1698 3729 1759 3758 AEn.
1773 3736 1838 3762 403.
1861 3764 1866 3769 1

1397 3770 1469 3799 Ecce
1483 3768 1641 3797 trahebatur
1655 3766 1737 3805 passis
1754 3765 1885 3794 Priameia
1895 3764 1973 3802 virgo

1397 3807 1525 3836 Crinibus
1543 3816 1558 3835 a
1575 3805 1682 3842 templo
1695 3803 1850 3833 Cassandra.

1305 3845 1400 3884 Aperit
1410 3854 1457 3873 ora
1468 3844 1568 3873 futuris
1578 3843 1733 3872 Cassandra.
1759 3841 1831 3877 Virg.
1843 3849 1869 3869 2.
1879 3839 1940 3870 AEn.
1954 3841 2018 3874 246.

1397 3882 1480 3911 Tunc
1489 3882 1570 3911 etiam
1581 3881 1644 3910 fatis
1654 3880 1744 3917 aperit
1755 3878 1903 3908 Calsandra
1913 3878 2013 3907 futuris

1399 3920 1471 3957 Ora,
1493 3919 1539 3950 dei
1552 3918 1622 3956 jussu
1633 3940 1643 3955 ,
1664 3925 1858 3954 nonunquam
1873 3915 1979 3946 credita
1986 3914 2113 3946 Teucris.
2196 3914 2224 3944 h.
2240 3923 2264 3944 e.
2286 3913 2426 3949 Praecepto

2324 3950 2428 3988 Apolli.
