2600 4177
459 65 487 99 C
575 64 610 100 U
698 63 730 99 R

107 150 151 211 pt.
172 145 226 175 Sed
235 145 288 176 esl'e
299 156 408 176 arcanas
422 146 514 176 causas
528 168 536 182 ,
557 146 592 175 ad
611 155 677 182 quas
690 154 842 183 paucorum
857 145 949 181 potuit
959 145 1106 183 pervenire
1118 144 1208 174 curio-

120 190 176 212 itas.

89 217 120 249 In
136 221 237 251 malum
257 222 391 259 accipitur
405 221 478 258 apud
493 219 609 250 Tertull.
622 219 656 248 de
670 219 816 255 Prae‘bipt.
828 220 881 249 a-lv
916 220 1064 250 Haereticns
1088 229 1148 256 cap.
1164 228 1208 254 ι7.

108 258 211 287 Notata
221 259 284 288 {iant
296 261 379 288 etiam
391 259 557 287 commercia
570 258 760 285 haereticorun.
780 268 842 287 cuni
858 268 881 286 ni
894 258 940 292 >gis
962 268 1042 291 rjuam
1065 257 1190 294 pluribus
1200 277 1209 290 ,

109 296 316 325 circulatoribus
327 305 390 325 cum
403 295 545 330 {lllrologis
557 316 565 329 ,
587 303 651 323 cum
667 295 838 333 Philosophis
858 294 1005 325 cotidiani
1026 295 1136 324 deditis.
1178 293 1210 323 V.

110 335 193 362 etiam
213 334 288 371 Apol.
305 344 365 370 cap.
381 343 424 366 25.

54 368 315 405 Custosffitus,
336 381 368 404 a,
391 379 447 398 um.
471 369 528 401 lldi.
552 370 650 398 dimin.
675 369 752 407 Apul.
772 381 809 399 ιο.
830 371 898 400 Met.
914 381 939 406 p.
953 380 1016 405 254.
1039 370 1132 407 Quam
1153 368 1213 405 qui-

94 407 159 437 dem
170 409 300 439 laciniam
312 406 463 436 curiosulus
478 415 576 436 ventus
594 408 713 437 reflabat.

54 443 197 479 CuntA,
217 456 247 475 ae.
270 446 288 474 f.
311 443 442 480 [ὶξσκὲων.
469 443 650 480 βδλόῐιτῆωω,
677 442 820 482 Φιφατθλκ]
841 455 856 475 a
876 445 946 474 Cura
966 444 1120 474 deducitur.
1159 443 1215 471 Cu-

91 483 150 517 ria,
171 482 262 519 inquit
273 482 381 515 Festus,
410 481 496 511 Locus
509 483 546 511 est
564 483 610 511 ubi
630 483 755 519 publicas
766 493 842 512 curas
861 484 1002 519 gerebant.
1043 481 1212 518 Pomponius

92 518 112 548 l.
126 529 151 548 2.
166 520 197 549 D.
208 520 351 555 deorigin.
364 520 415 555 jur.
436 519 520 549 lnitio
529 521 646 549 civitatis
659 522 753 550 nostrae
768 521 886 558 pupulus
902 520 956 549 line
969 527 1042 549 certa
1054 519 1114 555 lege
1128 540 1136 550 .
1157 517 1213 547 line

92 559 152 592 jure
167 562 243 586 certo
258 557 377 594 primum
395 558 609 595 agereinstituit,
631 560 780 596 omniaque
793 568 874 587 manu
888 559 970 593 Regis
980 556 1210 594 gubernabantur.

92 593 185 623 Postea
202 596 281 624 aucta
292 595 326 624 ad
338 595 457 632 aliquem
479 596 593 624 modum
608 597 720 625 civitate
733 618 739 630 ‚
762 597 817 630 ipse
834 596 969 625 Romulus
991 595 1105 625 traditur
1124 603 1213 630 popu-

93 631 153 661 lum
164 632 191 660 in
203 632 312 669 triginta
323 640 413 670 partes
423 633 538 662 divililse
553 644 558 662 :
582 643 647 670 quas
660 641 750 671 partes
769 634 865 663 Curias
880 633 1044 671 appellarit,
1067 640 1213 669 propterea

94 669 170 704 quod
184 676 252 699 tunc
265 670 435 708 Reipublicae
447 680 540 700 curam
554 680 602 708 per
612 671 760 700 sententias
778 681 871 700 earum
894 673 1013 707 partium
1036 669 1212 706 expediebat.

93 705 129 735 Et
145 707 182 736 ita
193 707 267 745 leges
277 708 406 744 quasdam
420 710 442 738 3<
454 708 511 745 ipse
520 708 643 737 Curiatas
654 708 688 738 ad
700 709 836 746 populum
850 708 922 743 tulit,
934 707 1089 737 tulerunt&
1101 707 1214 744 sequen-

93 750 136 773 tes
148 744 244 783 Reges.
267 746 333 775 Haec
348 745 404 775 ille.
428 746 486 775 Cic.
499 746 535 774 de
545 746 644 775 Sene&
666 756 710 782 27.
734 747 798 776 Non
816 748 891 775 curia
901 747 970 776 vires
980 755 1054 775 meas
1068 744 1212 778 desiderat,

94 791 153 812 non
172 783 273 819 rostra,
295 794 352 813 non
374 784 474 818 amici,
496 793 553 812 non
573 783 708 818 clientes,
730 794 786 813 non
806 784 935 821 hospites.
976 782 1053 812 ldem
1066 782 1112 810 lib.
1129 791 1153 816 ι.
1178 782 1214 810 de

93 819 172 850 Orat.
193 825 253 858 167.
277 821 436 851 aitCuriam
452 822 537 850 etiam
550 831 599 858 pro
616 822 718 850 Senatu
740 821 883 859 appellari.
923 821 968 851 Sic
983 821 1016 849 ad
1037 822 1087 849 litt.
1106 819 1154 848 lib.
1171 828 1212 848 12.

94 856 146 896 Ep.
159 867 203 887 21.
213 865 282 889 extr.
305 859 390 896 Quod
402 868 446 888 me
455 860 483 888 in
493 859 582 888 forum
593 868 689 892 vocas,
710 869 743 888 eo
754 868 834 888 vocas
843 881 850 893 ,
873 859 946 889 unde
958 859 1042 888 etiam
1052 858 1134 886 bonis
1144 858 1215 886 meis

94 896 178 925 rebus
187 896 338 934 fugiebam.
376 897 454 933 Quid
472 897 547 926 enim
564 896 632 925 mihi
651 906 715 926 cum
728 897 790 927 foro
813 897 868 926 fine
882 898 981 927 curia?
1002 896 1032 925 ln
1051 896 1158 927 forum.
1180 893 1216 924 ad

94 935 215 971 agendas
231 934 342 969 causas,
363 935 388 964 &
407 934 441 963 ad
456 935 598 963 tractanda
618 935 733 971 judicia.
773 935 839 964 Sine
857 935 951 969 curia,
974 932 1074 963 Amisso
1091 934 1194 962 Senatu
1206 953 1215 966 ,

97 982 184 1009 quum
203 972 320 1002 Senatus
330 971 423 1002 nullus
436 971 474 1001 fit.
516 971 549 1001 Et
560 971 651 1009 posuit
660 971 760 1002 Forum
771 982 823 1010 pro
839 972 965 1007 Judiciis,
987 972 1096 1000 Curiam
1110 981 1158 1008 pro
1171 970 1218 999 Se-

95 1017 181 1040 natu:
205 1010 433 1047 quodjudiciain
443 1009 503 1039 foro
513 1009 628 1046 fierent,
649 1009 758 1040 senatus
775 1011 804 1040 in
824 1011 900 1040 curia
922 1010 1076 1039 haberetur.
1118 1008 1218 1045 Figura

78 1071 80 1073 .
97 1047 136 1077 est
147 1069 154 1081 ,
178 1057 236 1083 quae
248 1057 263 1077 a
273 1048 466 1077 Grammaticis
475 1047 631 1085 appellatur
647 1047 830 1085 Metonymia.

95 1084 250 1123 Templum
271 1085 437 1120 sanctitatis,
466 1084 678 1123 amplitudinis,
709 1087 829 1120 mentis,
859 1084 965 1116 consilii
983 1084 1111 1122 publici,
1135 1089 1220 1120 caput

119 1122 216 1157 Urbis,
237 1133 310 1152 aram
322 1123 459 1153 sociorum
470 1144 478 1158 ,
501 1130 610 1160 portum
621 1123 748 1153 omnium
760 1125 885 1161 gentium
900 1145 908 1159 ,
929 1122 1023 1151 sedem
1039 1122 1072 1151 ab
1092 1121 1219 1152 universo

117 1160 224 1198 populo
235 1161 391 1190 concessam
404 1161 452 1190 uni
464 1161 555 1190 ordini
568 1181 577 1195 ,
599 1160 708 1190 Curiam
720 1162 778 1191 Cic.
791 1168 873 1191 vocat
885 1170 935 1199 pro
950 1159 1061 1190 Milone
1071 1170 1116 1194 φο.

97 1197 211 1227 Vindex
224 1199 386 1228 temeritatis
401 1220 409 1233 ,
431 1199 457 1228 δι
470 1198 638 1227 moderatrix
649 1197 733 1228 officii
746 1200 830 1229 curia.
853 1199 911 1228 Cic.
926 1208 976 1236 pro
987 1197 1076 1227 Flacc.
1088 1207 1133 1233 91.

99 1235 182 1265 Curia
194 1237 314 1266 consiliis
324 1237 416 1266 aestuat
423 1235 490 1265 orba
499 1234 561 1265 suis.
584 1234 681 1265 Claud.
693 1246 718 1266 2.
730 1237 834 1275 praefat.
845 1237 876 1267 in
891 1236 1004 1274 Eutrop.
1020 1240 1064 1271 58.

98 1273 131 1304 In
144 1274 350 1304 curiainclusus
362 1275 491 1304 Senatus.
514 1274 571 1302 Cic.
583 1277 608 1302 6.
624 1275 676 1304 litt.
689 1284 713 1304 1.

98 1311 222 1352 Aspirare
241 1313 269 1341 in
285 1315 400 1342 curiam.
442 1311 474 1340 In
495 1320 638 1341 Asrtao.

99 1349 198 1379 Clausa
208 1349 386 1388 pauperibus.
407 1348 491 1379 Ovid.
507 1358 530 1386 3.
546 1349 637 1380 Amor.
649 1355 674 1384 8.
689 1358 733 1386 55.

98 1386 237 1418 inducere
249 1388 434 1418 ambitionem
444 1387 472 1416 in
484 1387 598 1417 curiam.
639 1387 671 1418 ln
692 1397 732 1417 tn
741 1396 759 1416 t>
770 1395 790 1417 u
799 1395 852 1417 co.

98 1424 174 1455 lnire
184 1426 285 1455 curiam
296 1447 304 1461 ,
347 1435 376 1454 ro
386 1424 506 1462 ingredi.
529 1424 617 1455 Tacit.
631 1436 655 1462 5.
669 1426 740 1456 Arm.
752 1436 780 1462 4.

98 1463 184 1498 {lubet
197 1464 280 1493 curia.
341 1464 374 1493 ic.
387 1472 437 1500 pro
448 1462 541 1492 Domo
552 1472 596 1499 77.

99 1501 222 1530 Venitin
237 1501 342 1530 curiam
353 1501 481 1537 Frequens
493 1500 619 1530 Senatus.
643 1501 700 1530 Cic.
710 1509 735 1538 3.
754 1501 789 1530 de
799 1501 877 1531 Orat.
893 1509 919 1529 2.

99 1538 184 1568 Curia
195 1538 310 1568 Calabra
323 1548 383 1575 quae
395 1538 538 1567 dicebatur
550 1560 558 1574 ,
581 1538 611 1568 V.
634 1547 678 1567 CA
688 1548 732 1567 LA
742 1549 758 1566 a
769 1548 784 1566 a
793 1548 821 1568 A.
844 1541 869 1567 ἅ
891 1536 966 1568 conf.
988 1546 1006 1567 c
1015 1546 1034 1566 Α
1044 1545 1087 1566 Lo
1097 1557 1106 1572 ‚
1127 1544 1181 1566 are.

98 1575 218 1606 Hostilia
234 1578 318 1605 curia.
342 1577 413 1606 Varr.
423 1576 459 1606 de
471 1576 499 1606 L.
509 1575 538 1606 L.
553 1587 580 1612 4.
593 1580 638 1613 76.
661 1576 695 1605 Et
705 1575 752 1606 ubi
764 1576 880 1606 Senatus
894 1585 937 1605 res
948 1575 1083 1605 humanas
1093 1574 1225 1609 curabat,

119 1622 151 1644 ut
160 1614 241 1643 Curia
251 1613 361 1644 hostilia
371 1636 380 1649 ,
393 1616 446 1644 διε.

98 1651 271 1690 Pompeiana
285 1653 360 1682 curia
371 1674 379 1686 ,
401 1653 431 1681 in
442 1661 495 1689 qua
509 1651 634 1690 Pompeii
645 1651 820 1682 simulacrum
831 1656 910 1687 erat,
933 1651 998 1682 &in
1008 1660 1061 1687 qua
1070 1650 1125 1686 Jul.
1139 1648 1226 1680 Caesat

120 1690 272 1720 trucidatus
286 1691 332 1720 est.
356 1690 412 1719 Cic.
427 1700 450 1719 2.
464 1691 499 1718 de
511 1690 602 1719 Divin.
619 1699 665 1725 23.

99 1728 240 1758 Saliorum
251 1729 324 1758 curia
337 1729 433 1758 eratin
452 1727 553 1757 Palatio
586 1728 643 1757 Cic.
660 1737 682 1756 r.
698 1727 734 1756 de
746 1727 837 1764 Divin.
853 1736 896 1763 30.

99 1765 201 1798 Martis
215 1768 299 1795 curia.
322 1766 338 1795 i.
353 1775 377 1795 e.
400 1767 558 1803 Areopagus
572 1765 691 1794 Athenis.
713 1765 812 1801 Juven.
827 1776 852 1802 9.
870 1765 926 1794 Sat.
940 1773 1002 1794 xor.

100 1804 191 1834 Curiae
203 1826 211 1840 ,
231 1804 323 1841 inquit
334 1804 427 1833 Festus
439 1826 446 1839 ,
468 1805 551 1833 etiarn
562 1803 758 1837 nominantur,
780 1804 811 1833 ln
829 1804 929 1840 quibus
945 1800 1159 1838 uniuscujusque
1168 1809 1228 1839 pat-

119 1843 156 1871 tis
169 1842 263 1879 Populi
274 1842 468 1879 Romaniquid
478 1842 594 1880 geritur:
621 1841 716 1878 quales
729 1841 791 1870 sunt
805 1841 846 1870 hae
859 1863 866 1874 ,
889 1842 917 1870 in
938 1850 1004 1877 quas
1024 1840 1157 1869 Romulus
1178 1848 1228 1877 po-

119 1880 219 1919 pulum
230 1880 368 1909 distribuit
378 1902 384 1913 ,
407 1889 523 1909 numero
537 1880 666 1917 triginta:
689 1879 790 1915 quihus
806 1879 898 1917 postea
911 1878 1011 1908 additae
1022 1878 1083 1908 sunt
1095 1878 1226 1914 quinque:

121 1920 161 1948 ita
173 1926 204 1947 ut
215 1919 243 1947 in
254 1918 298 1947 sua
312 1917 424 1954 quisque
439 1919 516 1946 curia
533 1917 605 1946 sacra
627 1917 738 1955 publica
752 1918 856 1946 faceret
872 1939 879 1952 ,
899 1916 1031 1952 feriasque
1049 1916 1225 1944 observaret:

121 1956 209 1993 iisque
221 1957 302 1985 curiis
313 1956 422 1994 lingulis
434 1956 547 1985 nomina
559 1954 704 1984 Curiarum
726 1955 789 1991 [ΛΠ
802 1955 910 1988 Earum,
925 1953 1156 1988 velCertaruma]
1177 1952 1229 1982 vir-

121 1996 218 2032 ginum
231 1995 358 2032 impolita
369 1993 423 2022 effe
435 1995 566 2023 dicuntur
575 2015 582 2029 ,
604 2003 670 2030 quas
683 1993 801 2030 virgines
819 1994 960 2030 quondam
972 1991 1137 2021 Romanide
1151 1989 1230 2020 Sabi-

121 2034 166 2063 nis
176 2039 335 2068 rapuerunt.
360 2032 499 2061 Hactenus
513 2031 614 2061 Festus.
656 2029 709 2060 Ubi
732 2031 758 2060 V.
785 2031 879 2061 Dacet.
901 2030 987 2060 Plaut.
998 2029 1090 2060 Aulul.
1104 2039 1128 2059 1.
1143 2039 1169 2059 2.
1181 2038 1227 2064 29.

184 2071 257 2100 Nam
268 2070 359 2099 noster
370 2070 467 2098 nostrae
479 2070 525 2107 qui
536 2069 574 2098 est
583 2069 708 2106 magister
722 2069 804 2098 curiae
814 2091 822 2104 ,

186 2108 321 2137 Dividere
332 2109 439 2144 argenti
453 2107 525 2136 dixit
533 2116 663 2136 nummos
673 2107 701 2135 in
712 2107 794 2136 viros.

105 2144 196 2177 Curiae
205 2146 289 2175 etiam
300 2146 451 2183 antiquitus
463 2145 542 2174 dietae
553 2167 560 2180 ,
582 2144 636 2174 Ubi
648 2145 812 2174 Sacerdotes
822 2154 865 2174 res
877 2143 987 2173 divinas
1005 2142 1147 2173 curabant.
1167 2141 1230 2180 Varq

123 2195 155 2214 ro
167 2185 202 2213 de
216 2183 244 2214 L.
257 2183 285 2213 L.
299 2194 324 2219 4.
337 2188 381 2220 76.
405 2184 494 2213 Curiae
505 2183 623 2212 duorum
639 2192 772 2220 generum
789 2192 795 2212 :
819 2183 889 2212 Nam
902 2184 928 2212 ἀ
943 2181 991 2211 ubi
1003 2187 1130 2211 curarent
1145 2180 1231 2210 sacer-

126 2223 206 2252 dotes
214 2232 256 2251 res
267 2222 375 2251 divinas
386 2244 393 2256 ,
415 2228 445 2250 ut
455 2222 538 2250 curiae
547 2229 653 2250 veteres
662 2242 670 2255 ‚
692 2222 718 2250 ἅ
728 2220 776 2250 ubi
788 2221 903 2251 Senatus
913 2220 1049 2250 humanas
1061 2220 1112 2248 &c.

69 2261 270 2295 Cumanis,
291 2269 315 2289 e.
339 2260 397 2296 Adj.
419 2255 620 2296 [Φρρισξιαύσ]
641 2264 690 2294 ut,

107 2297 251 2328 consortia
265 2297 386 2328 curialia.
407 2297 424 2326 l.
439 2296 612 2331 curialibus,
633 2297 670 2325 de
688 2295 891 2326 Decurionibus
902 2294 949 2325 lib.
968 2304 1011 2325 10.
1028 2294 1059 2325 C.
1074 2293 1232 2326 Curialibus

126 2335 271 2366 consortiis
283 2335 474 2369 consulentes,
496 2333 658 2368 censemuS‚
683 2335 735 2363 διο.

108 2374 232 2403 Curiales
242 2373 385 2408 flamines,
408 2373 551 2403 Curiarum
561 2372 726 2401 sacerdotes.
749 2371 851 2401 Festus.

108 2411 215 2479 Rgeqksae
223 2410 340 2441 curiales
351 2433 360 2447 ,
379 2411 409 2440 in
420 2409 520 2449 quibus
529 2409 726 2439 immolabatur
733 2409 838 2446 Junoni
846 2431 855 2445 ,
873 2418 934 2447 quae
944 2408 1024 2439 Curis
1034 2407 1173 2447 appellata
1182 2407 1232 2439 est.

151 2459 166 2479 e
193 2459 232 2479 us.

72 2489 282 2521 Cuaifitts,
303 2487 335 2517 is.
358 2495 395 2516 m.
418 2484 565 2522 [φυλέτης]
586 2485 708 2515 Curiales
725 2484 909 2519 dicebantur,
938 2484 995 2521 Qui
1015 2484 1138 2520 eiusdem
1158 2489 1236 2513 erant

111 2526 203 2556 curiae.
226 2525 295 2555 Fest.
335 2524 393 2557 Cic.
405 2533 431 2554 2.
451 2523 508 2554 Off.
521 2527 566 2560 64.
596 2523 804 2560 Theophrastus
830 2522 924 2551 scribit
952 2523 1066 2559 quidem
1086 2522 1236 2552 Cimonem

113 2564 226 2594 Athenis
237 2563 319 2592 etiam
335 2563 364 2592 in
374 2563 436 2600 suos
445 2560 561 2591 curiales
571 2561 702 2591 Laciadas
717 2560 881 2598 hospitalem
890 2557 978 2591 fuiffe.

112 2601 229 2632 Curialis
242 2602 327 2630 etiam
337 2610 388 2638 pro
399 2599 493 2630 Aulico
505 2599 626 2637 ponitur.
648 2600 783 2628 Ammian.
796 2609 842 2628 21.
853 2609 898 2628 22.
914 2597 1052 2628 Romulus
1063 2600 1089 2628 Sc
1098 2597 1158 2636 post
1170 2606 1235 2627 eum

131 2638 270 2669 Sabostius
277 2638 393 2668 curiales
405 2660 414 2673 ,
432 2639 554 2668 convicti
570 2637 625 2666 sme
638 2637 762 2674 respectu
775 2639 827 2666 διο.
851 2636 929 2666 Adde
941 2646 986 2667 22.
998 2647 1024 2673 9.
1057 2636 1089 2667 V.
1112 2635 1237 2666 Borrich.

133 2677 161 2707 in
176 2676 245 2707 Voss.
262 2687 289 2715 p.
303 2682 347 2710 80.
360 2676 506 2714 &Seiopa
517 2675 701 2705 Animadvers.
719 2675 754 2704 ad
765 2674 836 2704 Voss'.
848 2685 875 2712 p.
891 2684 934 2703 10.

114 2715 231 2746 Curialis
240 2721 322 2751 atque
333 2714 446 2744 aulicus.
471 2714 608 2743 Fontanus
619 2714 654 2742 de
667 2713 756 2742 Serm.
769 2719 832 2749 388.
856 2712 891 2742 H.
909 2712 948 2742 St.

75 2753 296 2787 CuaiiiTuS,
317 2762 350 2786 a,
372 2761 428 2782 um.
451 2751 512 2788 Adi.
537 2758 584 2786 ut,
605 2751 715 2781 Curiata
729 2750 793 2787 lex,
824 2750 894 2786 Quae
913 2748 1024 2779 curiatis
1043 2749 1165 2779 comitiis
1184 2749 1239 2779 lata

112 2798 180 2822 erat.
201 2790 259 2820 Cic.
271 2791 306 2820 ad
321 2790 357 2828 Q.
369 2789 438 2820 Frat.
456 2797 481 2825 3.
493 2799 516 2818 2.
530 2796 598 2819 extr.
623 2789 652 2819 V.
674 2788 766 2819 Tacit.
780 2799 802 2818 1.
816 2788 882 2818 Hist.
897 2796 940 2824 ις.
954 2789 978 2817 8<
991 2787 1028 2816 ibi
1039 2787 1144 2818 Acidal.
1166 2787 1238 2818 Item

114 2831 189 2860 Suet.
203 2829 270 2866 Aug.
286 2833 329 2862 64.
347 2830 372 2858 8<
385 2827 469 2858 Pitisc.
481 2826 574 2858 inloc.

113 2867 234 2898 Comitia
247 2868 351 2896 curiata
364 2887 373 2902 ,
395 2866 556 2896 Conventus
565 2864 612 2902 qui
621 2864 712 2894 litium
723 2862 801 2894 causa
815 2863 843 2893 in
854 2863 936 2894 curiis
947 2862 1052 2892 fiebant
1061 2884 1069 2895 .
1090 2869 1121 2892 ut
1131 2863 1169 2892 ait
1190 2863 1241 2892 Fe-

134 2905 197 2934 stus.
239 2903 308 2933 Gell.
322 2913 388 2934 vero
401 2903 450 2933 lib.
465 2913 504 2939 ις.
515 2913 576 2941 cap.
590 2911 634 2940 27.
658 2903 768 2932 Curiata
786 2903 898 2932 comitia
915 2908 994 2930 erant
1006 2922 1014 2935 ‚
1035 2910 1095 2938 quae
1113 2901 1241 2931 curiatim

133 2953 183 2981 per
192 2941 319 2971 lictorem
336 2941 505 2976 calabantur,
527 2942 555 2970 id
566 2941 603 2971 est
613 2941 853 2970 convocabantur:
875 2949 992 2977 quorum
1002 2947 1080 2968 erant
1090 2938 1239 2968 Pontifices

134 2981 239 3010 arbitri.
276 2979 334 3009 Cic.
348 2989 373 3009 2.
390 2980 426 3009 de
443 2979 513 3016 Lege
527 2980 584 3016 Agr.
600 2987 645 3015 27.
668 2978 752 3013 Nunc
763 2979 826 3016 quia
838 2979 926 3015 prima
944 2977 990 3006 illa
1008 2977 1122 3006 comitia
1140 2977 1243 3006 tenetis

134 3017 287 3048 centuriata
298 3019 324 3047 &
338 3016 440 3047 tributa
451 3039 459 3052 ,
480 3018 584 3046 curiata
595 3022 703 3046 tantum
715 3015 901 3054 auspiciorum
913 3014 991 3045 causa
1003 3014 1203 3044 remanserunt.

80 3058 203 3089 Cuatfi
215 3065 283 3084 rim
295 3077 302 3090 ,
325 3056 390 3085 Adv.
416 3055 462 3084 Per
479 3054 597 3092 singulas
617 3055 714 3084 curias.
738 3054 808 3085 Gell.
821 3062 915 3091 ¹5·27·
927 3063 967 3091 pr.
992 3052 1180 3083 Perliclorem
1197 3061 1244 3082 cu·-

118 3095 208 3125 riatim
217 3093 306 3122 calari.
347 3093 401 3123 Sed
409 3093 453 3122 alii
465 3093 562 3130 legunt
574 3092 725 3122 Curiatum.

79 3133 222 3169 eume,
244 3127 315 3162 obis.
338 3140 376 3162 m.
398 3127 578 3170 [φρφηξισῦς]
598 3131 732 3160 Sacerdos
746 3129 838 3160 curiae.
880 3128 964 3159 Curio
979 3127 1135 3164 Maximus,
1157 3128 1245 3165 Cujus

117 3170 283 3207 auc’toritate
305 3170 407 3209 curiae,
443 3168 594 3207 omnesque
614 3169 743 3200 curiones
760 3175 892 3206 reguntur
906 3189 914 3202 ,
936 3167 1027 3203 inquit
1044 3166 1144 3196 Festus.
1184 3167 1241 3196 Liv.

119 3224 164 3250 27.
179 3218 206 3247 8.
227 3210 302 3241 lnter
314 3212 449 3248 majorum
464 3218 554 3239 rerum
568 3217 648 3238 curas
667 3207 781 3237 comitIa
804 3205 921 3249 Maximi
943 3205 1090 3240 Curionis,
1112 3213 1198 3241 quum
1215 3206 1245 3234 in

119 3253 216 3282 locum
228 3249 265 3280 M.
279 3249 383 3280 ffimilii
404 3247 531 3278 sacerdos
541 3252 678 3276 crearetur
689 3267 696 3280 ,
719 3252 798 3274 vetus
809 3246 1002 3273 excitaverunt
1012 3249 1153 3271 certamen
1169 3265 1176 3276 ,
1199 3242 1248 3271 Pa-

121 3290 204 3321 tritiis
214 3287 383 3325 negantibus
394 3308 402 3321 ,
424 3285 455 3316 C.
469 3285 578 3315 Manilii
591 3283 684 3314 Attelii
696 3305 704 3319 ,
725 3283 772 3320 qui
782 3291 854 3312 unus
871 3290 905 3310 ex
920 3280 1003 3318 plebe
1013 3280 1143 3318 petebat,
1167 3281 1248 3309 ratio-

120 3338 186 3359 nem
197 3326 249 3355 esse
263 3326 438 3355 habendam:
461 3324 524 3362 quia
535 3332 619 3352 nemo
627 3329 691 3352 ante
705 3331 770 3351 eum
783 3319 873 3350 nisiex
884 3318 1010 3357 patribus
1022 3318 1051 3347 id
1061 3318 1247 3348 sacerdotium

228 3374 244 3385 6³

121 3365 379 3439 {Ziicisriss'quoque
389 3398 455 3428 dicti
465 3397 526 3428 sunt
536 3397 687 3427 Praecones.
709 3395 793 3426 Treb.
805 3393 872 3424 Poll.
886 3394 914 3423 in
926 3392 1043 3425 Gallien.
1054 3403 1117 3431 cap.
1125 3403 1166 3423 12.
1177 3400 1247 3424 extr.

143 3441 192 3471 Per
203 3441 348 3471 curionem
363 3436 517 3473 dicijussit,
539 3435 720 3474 imposturam
742 3433 812 3463 fecit
831 3433 858 3463 δι
873 3431 965 3471 paffus
983 3432 1031 3462 est.
1052 3431 1149 3462 Euseb.
1161 3431 1209 3462 lib.
1219 3442 1247 3468 4.

125 3478 321 3555 Agsiiisiiii'io.
343 3523 393 3551 pro
406 3511 510 3542 Macro.
530 3510 596 3540 Fest.
628 3510 714 3540 Plaut.
730 3507 820 3538 Aulul.
835 3517 859 3544 ξ.
873 3511 900 3539 6.
912 3516 958 3545 27.

219 3564 242 3583 M
252 3564 274 3583 a.
297 3552 367 3582 Volo
377 3558 449 3580 exte
460 3549 528 3580 scire
540 3550 585 3585 qui
602 3548 632 3577 sit
643 3557 731 3584 agnus
741 3547 840 3576 curio?

217 3601 269 3621 au.
292 3591 349 3627 Qui
361 3588 416 3618 ossa
426 3596 506 3624 atque
519 3586 600 3624 pellis
611 3591 686 3616 totus
695 3585 734 3614 est
748 3607 756 3620 ,
778 3585 816 3614 ita
828 3590 860 3613 ut
867 3592 931 3612 cura
943 3587 1042 3612 macet.

92 3631 349 3662 CuxtoNXms.
373 3628 403 3656 is.
426 3636 462 3655 m.
485 3625 562 3655 Idem
583 3625 630 3662 qui
657 3624 751 3653 Curio.
774 3622 873 3652 Gruter
904 3621 1027 3658 inscript.
1053 3630 1082 3658 p.
1097 3627 1159 3652 ιος.
1180 3629 1208 3650 n.
1225 3630 1250 3655 ς.

130 3668 198 3698 DIS.
229 3665 398 3696 MANIBVS.
436 3661 559 3694 FELICI.
600 3660 833 3691 COMELmNO.
871 3658 1035 3689 PVBLICO.
1071 3657 1253 3688 CVRIONA-

131 3706 172 3736 Ll.
196 3705 247 3734 διο.
1069 3698 1075 3706 ’

93 3745 117 3775 C
126 3754 144 3773 υ
157 3754 171 3772 a
180 3754 189 3771 1
198 3753 214 3771 o
224 3751 242 3770 n
251 3744 266 3769 Ξ
276 3749 296 3769 ’r
305 3750 323 3769 u
332 3749 343 3769 s
353 3762 361 3775 ,
382 3741 423 3770 us.
446 3749 483 3768 m.
506 3737 635 3767 Curionis
649 3735 776 3773 dignitas.
800 3733 866 3764 Fest.

94 3783 118 3813 C
130 3792 146 3812 υ
158 3791 172 3810 ιι
182 3791 190 3809 ι
200 3790 216 3809 o
227 3789 245 3808 N
256 3788 289 3806 ιυ
298 3788 310 3807 s
319 3799 327 3813 ,
349 3788 362 3806 a
375 3800 383 3812 ,
405 3787 461 3806 um.
485 3777 540 3813 Adj.
566 3781 614 3810 ut,
637 3774 769 3803 curionia
781 3771 864 3807 sacra,
887 3772 958 3809 Qua:
969 3781 984 3801 a
995 3770 1157 3801 curionibus
1167 3770 1195 3800 in
1207 3778 1254 3800 cu·

133 3821 164 3848 rii
190 3817 302 3847 fiebant.
325 3815 423 3844 Festus.

94 3858 119 3890 C
128 3867 147 3888 υ
159 3830 179 3886 RS
183 3867 191 3885 1
202 3866 219 3884 o
230 3864 247 3883 s
257 3865 264 3882 ι
275 3864 292 3883 υ
301 3864 319 3882 n
331 3875 338 3887 ,
359 3854 376 3881 i.
399 3862 428 3882 n.
449 3851 595 3882 dicebatur
605 3849 669 3886 IEs,
691 3849 766 3886 quod
777 3847 894 3878 dabatur
902 3846 1012 3877 curioni
1024 3846 1061 3875 ob
1070 3845 1255 3876 sacerdotium

134 3896 303 3927 curionatus.
325 3890 426 3921 Festus.

1707 58 1736 93 C
1834 59 1866 93 U
1962 60 1993 95 R

1258 141 1397 176 Cunro,
1418 140 1490 169 nnis.
1512 140 1666 177 proprium.
1693 139 1723 168 V.
1738 139 1794 167 -sno
1810 138 1882 168 loco.

1257 179 1281 209 C
1290 183 1308 208 ὗ
1318 189 1332 206 R
1344 188 1360 206 0
1372 200 1379 212 ,
1400 179 1528 213 [τηωελέω
1539 199 1547 212 7
1571 176 1684 212 φεμ-[ἕξω
1693 199 1701 212 5
1725 173 1827 204 anitum
1840 198 1847 210 ,
1865 174 2025 209 ἒπῑιιελεόμαῃ
2037 197 2045 210 ¹»
2057 177 2198 212 θιίφπςῦω]
2221 179 2277 207 fise.
2298 178 2421 214 Operam

1299 217 1383 250 dare3
1407 215 1560 245 Sollicitum
1575 215 1627 245 effe
1646 216 1679 243 de
1693 225 1720 243 re
1743 216 1842 249 aliqua.
1884 214 1942 242 Cic.
1961 223 2010 250 pro
2022 213 2092 242 Coel.
2109 225 2150 248 ς...
2176 215 2375 251 Quodsacinus
2394 218 2422 244 in

1298 253 1419 283 alienum
1433 254 1577 282 hominem
1588 253 1692 281 illatum
1704 252 1793 280 severe
1804 253 1952 288 acciperet,
1975 251 2001 279 id
2014 251 2141 280 omil‘illbt
2156 261 2248 281 curare
2258 253 2285 281 in
2298 252 2424 288 hospite?

1300 292 1385 327 Agere
1400 295 1422 319 ok
1437 301 1541 319 curare.
1577 290 1633 319 Cic.
1648 300 1672 323 9.
1686 290 1760 319 Fam.
1776 300 1818 325 ²4·
1841 290 1887 318 Sic
1904 289 1952 318 tibi
1965 289 2001 317 mi
2012 288 2080 317 Paete
2092 288 2240 324 persuade,
2263 300 2307 319 me
2326 291 2384 319 dies
2396 293 2422 321 Gr.

1318 330 1413 393 rsioctes
1425 328 1576 357 nihilaliud
1588 338 1685 364 agere,
1707 328 1899 362 nihilcurare,
1922 326 1971 355 nisi
1993 332 2023 356 ut
2036 326 2091 355 mei
2108 326 2183 355 cives
2203 325 2267 356 salvi
2287 327 2424 367 liberique

1331 374 1378 394 int.

1300 402 1600 432 cumvettattendere.
1623 403 1681 432 Cic.
1693 413 1717 438 4.
1731 401 1807 432 Fam.
1827 411 1867 436 ιζ.

1301 441 1442 470 Omnibus
1454 441 1534 468 rebus
1546 449 1610 469 cura
1622 442 1646 469 S<
1659 440 1776 475 provide
1787 450 1821 468 ne
1838 439 1903 476 quid
1919 440 1943 469 ei
1955 439 2030 468 defit.
2056 438 2114 468 Cic.
2129 448 2172 468 ιι.
2183 438 2237 467 Att.
2252 445 2278 474 3.

1302 478 1425 513 Alicujus
1437 478 1515 506 causa
1526 488 1619 506 curare
1630 479 1743 514 aliquid.
1767 478 1824 507 Cic.
1843 489 1863 511 ς.
1880 479 1931 506 lltt.
1948 488 1973 506 2.

1303 515 1422 546 Hunctu
1432 518 1522 544 civem
1534 516 1605 544 ferro
1620 518 1642 544 8<
1657 517 1737 544 armis
1754 517 1803 545 &c
1818 516 1902 544 domo
1915 515 2035 552 &patria
2044 514 2143 544 cedere
2153 512 2262 543 curasti.
2299 512 2318 543 i.
2336 522 2360 543 e.
2384 513 2427 543 Ef.

1323 554 1408 581 fecisti
1422 561 1452 582 ut
1465 554 1551 581 domo
1565 554 1683 582 cederet.
1708 554 1758 582 Cic
1781 564 1830 590 pro
1845 554 1934 582 Domo
1948 564 1970 588 ς.

1301 591 1368 620 Non
1384 598 1460 620 curat
1472 591 1567 619 redire.
1608 591 1665 620 Cic.
1682 602 1702 619 ι.
1723 591 1794 619 Fam.
1807 601 1831 625 9.
1856 591 1896 619 Est
1910 600 1975 622 vero
1991 589 2166 627 probandum
2178 611 2186 624 ,
2211 588 2257 625 qui
2277 589 2302 617 &
2323 587 2430 617 summa

1321 628 1464 657 voluntate
1474 627 1579 695 cogerit
1590 650 1598 662 ,
1621 630 1645 658 Sc
1658 630 1766 665 egregia
1775 629 1860 657 animi
1874 627 2014 658 alacritate
2023 627 2143 658 abfuerit
2157 649 2166 662 ,
2188 636 2279 664 neque
2288 626 2350 655 sane
2359 626 2431 655 redi-

1323 675 1351 694 re
1362 674 1489 699 curaret,
1527 675 1561 695 ἐ.

1303 702 1406 732 Curare
1418 703 1626 738 asservandum,
1648 703 1850 732 inveniendum
1863 725 1870 738 ,
1892 702 2116 732 interficiendum
2128 725 2134 735 ,
2157 703 2208 732 dcc.
2235 701 2301 731 Ter.
2322 700 2391 730 And.
2405 711 2430 736 ς.

1323 751 1349 770 2.
1363 750 1407 773 2⁸.
1434 741 1504 770 Cura
1515 740 1707 770 alservandum
1724 742 1858 770 vin-stum.
1881 741 1945 771 Caes.
1960 747 1986 776 8.
1997 740 2064 770 Bell.
2077 740 2150 770 Gall.
2168 749 2213 777 ²3·
2236 739 2430 775 Cic.15.Fam.

1327 788 1370 807 10.
1394 779 1561 808 faciendum
1573 788 1661 808 cures.

1307 816 1459 851 Diligenter
1469 825 1564 845 curare
1578 817 1707 852 aliquem.
1732 816 1789 845 Cic.
1807 824 1848 850 η.
1867 817 1919 846 Att.
1935 825 1980 846 21.

1305 853 1416 883 Leviter
1430 863 1525 883 curare
1536 853 1648 890 aliquid.
1674 854 1738 883 lior.
1749 864 1773 883 2.
1788 853 1871 891 Epist.
1886 864 1908 883 1.
1922 863 1967 889 51.

1307 891 1395 922 Probe
1411 892 1517 920 curasti.
1542 891 1605 920 Ter.
1626 892 1685 920 lind
1709 902 1731 925 ς.
1752 902 1776 920 2.
1789 896 1814 920 6.

1401 929 1503 958 Omnia
1516 935 1645 966 apparata
1662 929 1714 963 iam
1732 929 1887 958 suntintus.
1910 937 1931 957 s.
1953 928 2050 958 curasti
2063 927 2160 966 probe.

1307 966 1433 996 Studiose
1446 967 1650 1003 diligenterque
1667 976 1761 995 curare
1773 966 1888 1002 aliquid.
1913 966 1970 995 Cic.
1988 972 2027 996 ¹6.
2049 968 2099 996 iltt.
2119 969 2161 995 16.

1307 1004 1381 1033 Curo
1397 1004 1467 1033 istaec
1479 1014 1530 1042 ego
1542 1027 1550 1040 ,
1575 1004 1622 1034 Per
1634 1006 1751 1033 ironiam
1764 1005 1879 1033 dictum.
1899 1004 1965 1034 Ter.
1978 1004 2048 1034 And.
2065 1014 2089 1040 ς.
2100 1015 2127 1040 4.
2148 1008 2190 1038 18.
2212 1002 2271 1040 Ego
2285 1003 2358 1033 istaec
2375 1011 2436 1033 mo-

1326 1051 1380 1070 veo
1389 1051 1434 1071 aut
1447 1052 1521 1072 curo.

1308 1079 1372 1110 Boc
1383 1089 1439 1108 non
1453 1090 1530 1109 curo,
1554 1079 1671 1109 Martiai.
1688 1080 1736 1109 lib.
1758 1089 1799 1109 ιι.
1813 1089 1858 1115 9<-

1391 1117 1452 1146 Hoc
1462 1127 1572 1155 quoque
1582 1129 1638 1147 non
1653 1128 1719 1147 curo
1728 1140 1736 1152 ,
1759 1118 1834 1154 quod
1847 1124 1877 1146 tu
1889 1125 1950 1145 mea
1960 1116 2082 1146 carmina
2093 1125 2188 1153 carpas
2201 1138 2208 1149 .
2221 1117 2272 1146 διε.

1309 1155 1413 1185 Curare
1422 1164 1458 1183 ut.
1482 1155 1545 1184 Ter.
1562 1156 1636 1185 Adel.
1652 1167 1675 1189 ς.
1695 1166 1714 1184 ι,
1731 1165 1770 1185 io.
1794 1155 1961 1192 Exemplum
1971 1155 2236 1184 omnibuscurarem
2245 1161 2275 1183 ut
2286 1153 2363 1183 effes.
2376 1151 2435 1183 Cic.

1334 1203 1366 1221 η
1390 1193 1461 1222 Fam.
1477 1199 1520 1223 253.
1544 1193 1615 1223 Cura
1630 1201 1659 1222 ut
1671 1193 1770 1223 valeas.

1310 1231 1389 1267 Quid
1402 1239 1428 1259 tu
1437 1241 1483 1260 me
1493 1240 1588 1266 curas,
1610 1232 1675 1268 quid
1689 1241 1780 1260 rerum
1794 1231 1911 1269 geram?
1933 1229 1975 1260 Ex
1987 1229 2082 1259 Plauto
2094 1229 2166 1259 Rud.
2179 1240 2205 1265 4.
2223 1240 2250 1265 4.
2265 1238 2311 1264 24·

1312 1269 1396 1299 AEdes
1407 1279 1509 1297 curare.
1537 1271 1619 1298 Plaut.
1634 1270 1739 1298 Mollel.
1762 1280 1782 1297 1.
1804 1279 1826 1298 ¹.
1840 1278 1883 1304 34.

1310 1307 1554 1344 IEgrotoscurare.
1581 1308 1655 1336 Plaut
1677 1308 1755 1344 Capt.
1777 1316 1835 1335 1.2.
1853 1313 1896 1340 27.

1313 1344 1433 1375 ffitatem
1444 1345 1518 1373 suain
1532 1347 1556 1374 ἀ
1568 1345 1593 1374 se
1611 1355 1713 1374 curare.
1739 1344 1821 1374 Plaut.
1836 1343 1930 1373 Pseud.
1943 1353 1969 1377 4.
1979 1353 2003 1377 7.
2022 1351 2066 1379 ³4·
2088 1341 2153 1372 Ter.
2164 1342 2194 1371 in
2203 1340 2280 1371 Adel.
2296 1352 2320 1377 ς.
2335 1350 2358 1371 1.
2374 1340 2438 1370 1.in

1332 1384 1451 1411 eandem
1465 1383 1628 1412 sententiam
1641 1384 1729 1416 dixit,
1752 1383 1793 1412 Te
1809 1381 1905 1411 curasti
1918 1380 2050 1410 molliter.

1314 1420 1373 1449 Alia
1394 1420 1436 1449 vel
1457 1420 1535 1449 Aliud
1559 1431 1663 1450 curare.
1695 1421 1778 1449 Plaut.
1795 1420 1852 1449 Mil.
1868 1430 1893 1449 2.
1912 1430 1934 1448 ι.
1949 1429 1993 1454 71.
2027 1417 2187 1454 Faciemus,
2208 1416 2261 1447 alia
2277 1426 2349 1447 cura.
2372 1415 2438 1447 Ter.

1336 1458 1442 1487 Phorm.
1457 1469 1482 1488 2.
1498 1469 1520 1487 1.
1541 1465 1584 1488 ²6.
1612 1459 1687 1496 iltqui
1704 1459 1791 1496 reperi
1803 1458 1877 1494 jam:
1899 1457 1975 1487 aliud
1986 1465 2060 1486 cuta-

1315 1495 1412 1525 Aliena
1424 1505 1528 1526 curare.
1553 1496 1616 1526 Ter.
1635 1499 1733 1526 fleant.
1753 1509 1771 1526 ι,
1791 1506 1812 1525 1.
1829 1506 1872 1531 ²4·

1316 1534 1428 1563 Amicos
1437 1544 1538 1564 curare.
1565 1534 1650 1565 Plaut.
1663 1534 1740 1564 Stich
1765 1545 1785 1569 ς.
1805 1543 1829 1570 3.
1842 1544 1867 1568 9.

1398 1573 1480 1601 Nunc
1491 1572 1537 1601 ibo
1547 1571 1614 1602 hinc
1625 1595 1634 1607 ,
1655 1575 1679 1602 ὁὶ
1690 1573 1794 1602 amicos
1808 1581 1885 1602 meos
1901 1570 2005 1601 curabo
2015 1571 2073 1600 huc
2087 1569 2278 1600 advenientes.

1316 1609 1405 1639 Boves
1419 1620 1521 1639 curare.
1547 1611 1630 1639 Plaut.
1647 1610 1720 1640 Most
1746 1620 1767 1639 ι.
1784 1620 1804 1638 ι.
1819 1619 1862 1645 3⁴-

1400 1649 1438 1676 An
1452 1649 1505 1677 ruri
1521 1648 1611 1685 quaeso
1628 1659 1682 1677 non
1695 1648 1757 1678 sunt
1768 1657 1838 1685 quos
1849 1656 1945 1677 curem
1958 1646 2069 1676 boves?

1316 1685 1448 1715 Cinaedos
1459 1695 1561 1716 curare.
1586 1687 1602 1715 i.
1619 1696 1641 1715 e.
1662 1686 1770 1715 Colere.
1795 1684 1905 1715 Martial
1928 1687 1952 1713 6.
1971 1695 2014 1720 50.

1398 1723 1548 1753 Obscaenos
1566 1724 1710 1761 postquam
1726 1724 1815 1761 coepit
1830 1732 1925 1752 curare
1938 1721 2070 1752 cinaedos.

1314 1759 1522 1791 Conscientiam
1535 1763 1619 1791 animi
1631 1772 1689 1791 non
1702 1770 1779 1791 curat
1796 1760 1948 1799 improbus.
1971 1759 2028 1790 Cic.
2042 1769 2067 1789 2.
2084 1758 2119 1788 dc
2127 1757 2190 1788 Fin.
2203 1766 2248 1794 54.

1316 1799 1462 1828 Convivia.
1487 1800 1557 1837 Virg.
1577 1811 1598 1829 t.
1615 1800 1714 1836 Georg.
1733 1809 1796 1836 301.

1319 1836 1450 1874 Corpora.
1479 1837 1550 1875 Virg.
1567 1844 1591 1872 8.
1608 1838 1668 1868 ffin.
1685 1843 1749 1874 607.

1319 1874 1418 1904 Cutem
1431 1885 1526 1905 curare
1537 1898 1544 1911 ,
1567 1875 1715 1912 indulgere
1732 1874 1824 1913 genio.
1847 1873 1951 1910 Juven.
1965 1881 1994 1903 2.
2009 1872 2067 1902 Sat.
2082 1881 2144 1909 105.

1320 1912 1421 1949 Equos.
1446 1913 1516 1951 Virg.
1531 1919 1556 1947 8.
1571 1914 1630 1944 [En.
1641 1919 1703 1949 607.

1319 1949 1416 1980 Fidem
1428 1951 1501 1980 suam
1512 1974 1519 1987 ,
1542 1952 1643 1981 Curam
1655 1951 1757 1981 habere
1772 1950 1807 1980 de
1822 1949 1878 1979 fide
1893 1947 2053 1987 praestanda.
2083 1946 2168 1977 Plaut.
2181 1945 2261 1977 Trin.
2277 1953 2301 1975 1.
2319 1953 2346 1975 2.
2362 1954 2425 1982 ῐςς.

1320 1988 1440 2018 Genium
1453 1999 1537 2019 mero.
1567 1990 1632 2020 Hor.
1655 1999 1677 2024 ς.
1695 1990 1786 2019 Carm.
1804 1998 1844 2024 ι7.
1867 1997 1908 2023 ι4.

1319 2025 1472 2093 Histrliones
1493 2037 1604 2065 curare,
1630 2035 1676 2058 aut
1695 2027 1804 2065 aliquos
1831 2025 1917 2061 alios,
1939 2025 1993 2055 five
2009 2033 2068 2054 rem
2084 2023 2214 2060 aliquam.
2235 2021 2323 2052 Plaut.
2345 2019 2446 2058 Amph.

1361 2074 1410 2093 ro.
1431 2071 1446 2098 8
1470 2088 1474 2094 .

1321 2074 1465 2139 Lssgioneg
1471 2111 1579 2137 curare,
1603 2100 1712 2132 Praeeffe
1727 2101 1894 2139 legionibus.
1935 2098 2022 2130 Tacit,
2042 2102 2068 2128 6.
2094 2100 2164 2130 Anti.
2183 2107 2227 2135 30.
2248 2096 2402 2128 Gaetulicus
2416 2105 2449 2126 ea

1342 2142 1504 2178 tempestate
1520 2140 1665 2177 superioris
1680 2140 1969 2176 Gerrnziniaelegiones
1983 2138 2104 2168 curabat.

1323 2178 1429 2208 Munus
1440 2179 1563 2216 aliquod.
1587 2177 1670 2207 Plaut.
1684 2178 1760 2207 Truc
1783 2188 1807 2206 2.
1821 2189 1846 2212 4.
1859 2180 1905 2213 76.

1323 2216 1445 2253 Negotia
1454 2217 1551 2245 aliena.
1575 2216 1632 2245 Cic.
1645 2217 1674 2244 in
1692 2216 1788 2251 Topic.
1806 2219 1850 2243 66.

1324 2254 1413 2284 Nihili
1425 2264 1517 2284 curare
1531 2277 1538 2288 ,
1562 2261 1591 2283 ut
1603 2255 1716 2290 quidam
1728 2253 1848 2283 Gramm.
1870 2256 2002 2289 putarunt
2023 2250 2088 2279 dici.
2128 2248 2218 2279 Nihili
2237 2257 2304 2278 curo
2320 2269 2329 2284 ,
2350 2252 2381 2277 ut
2393 2247 2453 2276 Ma.

1343 2292 1483 2358 pnifacio,
1505 2292 1597 2321 Flocci
1612 2292 1707 2329 pendo
1719 2313 1727 2327 ,
1750 2291 1838 2320 Nauci
1848 2289 1931 2318 facio.
1956 2289 1994 2318 Ex
2008 2287 2052 2317 his
2063 2286 2195 2325 Despaut.
2211 2296 2241 2325 p.
2255 2295 2320 2323 271.
2341 2284 2389 2315 sed
2403 2284 2452 2316 fal-

1358 2339 1421 2359 itur.

1325 2366 1460 2397 Officium
1474 2367 1551 2396 suum
1560 2376 1665 2396 curare.
1688 2364 1773 2395 Plaut.
1788 2364 1888 2394 Bacch.
1905 2374 1931 2400 4.
1944 2373 1971 2400 4.
1983 2368 2045 2398 108.

1325 2405 1463 2436 Parentes.
1488 2405 1572 2434 Plaut.
1586 2404 1671 2434 Stich.
1691 2414 1711 2432 r.
1726 2413 1747 2432 1.
1767 2412 1807 2438 53.

1326 2443 1433 2474 Partem
1444 2453 1558 2479 aequam.
1581 2443 1645 2472 Ter.
1658 2441 1774 2479 Adelph.
1792 2449 1850 2470 με.
1864 2450 1908 2475 ςο.

1419 2482 1555 2511 Curemus
1567 2490 1671 2516 aequam
1685 2486 1799 2516 uterque
1816 2484 1925 2516 partem
1935 2497 1943 2508 ,
1962 2483 1995 2506 tu
2005 2475 2123 2507 alterum
2134 2497 2143 2512 ‚

1422 2520 1478 2556 Ego
1489 2520 1555 2548 item
1570 2518 1696 2547 alterum.
2398 2549 2405 2555 ²

1327 2556 1478 2587 Pecuniam
1498 2566 1592 2586 curare
1609 2555 1700 2585 alicui.
1743 2554 1800 2584 Cic.
1815 2563 1840 2582 2.
1859 2553 1893 2590 Q
1907 2553 1968 2582 frat.
1984 2563 2009 2585 4.
2031 2551 2218 2590 Redemptori
2233 2555 2282 2581 tuo
2303 2549 2456 2579 dimidium

1347 2595 1584 2633 pecuniaecuravi.
1627 2594 1712 2631 Quod
1725 2592 1806 2629 vulgo
1819 2592 1972 2621 Remittere
1982 2591 2089 2620 dicunt.

1326 2632 1479 2663 Pecuniam
1488 2632 1605 2667 alicujus
1615 2632 1730 2661 nomine
1743 2631 1823 2659 nobis
1835 2638 1938 2660 curare.
1961 2628 2019 2659 Cic.
2034 2639 2058 2665 ς.
2073 2627 2148 2658 Fam.
2161 2635 2208 2657 20.

1329 2671 1500 2701 Pelliculam.
1523 2671 1587 2700 Hor.
1602 2679 1627 2699 z.
1641 2670 1727 2699 Serm.
1744 2679 1768 2704 ς.
1785 2674 1828 2704 38.

1547 2708 1631 2737 ——ire
1643 2707 1759 2737 domum
1770 2728 1777 2742 ,
1801 2712 1884 2743 atque

1410 2745 1574 2776 Pelliculam
1588 2754 1683 2775 curare
1694 2745 1767 2779 jube.

1330 2783 1471 2822 Praecepta
1483 2794 1578 2852 {orare
1590 2786 1616 2813 Sc
1631 2784 1762 2813 mandata
1777 2780 1900 2812 alterius.
1921 2779 1980 2809 Cic.
1993 2789 2020 2815 4.
2033 2779 2087 2808 Att.
2096 2785 2122 2816 7.
2139 2776 2206 2808 Mea
2216 2775 2346 2807 mandata
2359 2775 2394 2806 de
2403 2774 2459 2805 do-

1351 2832 1398 2851 mo
1414 2832 1479 2852 cura
1504 2831 1534 2851 is.

1331 2860 1480 2891 Prandium
1489 2869 1594 2889 curare.
1615 2859 1702 2889 Plaut.
1716 2857 1794 2888 Men.
1808 2866 1833 2886 2.
1845 2865 1870 2890 ι.
1887 2865 1928 2891 17-

1529 2913 1564 2917 -—-
1578 2898 1727 2934 prandium
1739 2894 1872 2932 utjuffisti
1885 2916 1892 2928 ,
1911 2893 1960 2922 'nic
2012 2928 2018 2935 ·

1415 2935 1548 2965 Curatum
1559 2935 1615 2965 est:
1638 2935 1685 2964 ubi
1700 2934 1770 2963 libet
1780 2936 1818 2962 ire
1828 2931 1986 2962 accubitum
1999 2928 2075 2958 hcet.
2162 2965 2168 2971 Ι
2327 2963 2332 2970 .

1333 2973 1462 3009 Prodigia
1478 2983 1582 3002 curare,
1624 2973 1682 3002 Liv.
1697 2983 1717 3002 ι,
1733 2983 1777 3001 20.
1800 2971 1925 3007 Quaeque
1946 2967 2074 3010 prodigia
2090 2964 2254 2995 fulminibus
2267 2986 2275 3000 ‚
2297 2963 2389 2994 aliove
2401 2973 2456 3002 quo

1354 3011 1410 3040 viso
1422 3010 1499 3040 miffa
1510 3011 1711 3048 susciperentur
1725 3016 1807 3046 atque
1822 3013 1991 3037 curarentur.
2032 3014 2049 3034 z.
2064 3014 2086 3033 e.
2111 3003 2330 3046 Procurarentur.
2356 3040 2360 3045 Ι
2403 3040 2408 3045 .

1335 3049 1517 3080 Provinciam.
1560 3050 1617 3078 Cic.
1632 3053 1657 3079 6.
1673 3051 1723 3078 Att.
1742 3058 1762 3076 1.
1803 3046 1926 3084 Appius,
1956 3052 2042 3086 quum
2067 3042 2094 3073 ἐξ
2119 3045 2260 3076 aomgwwz
2285 3048 2458 3077 provmclam

1354 3089 1474 3120 curarit,
1496 3087 1657 3124 sanguinem
1669 3085 1791 3120 miserit,
1812 3086 1864 3114 &a
1906 3081 2043 3118 Allegona
2062 3079 2119 3115 est,
2141 3077 2213 3116 quasi
2225 3077 2261 3107 de
2271 3078 2352 3115 ffigro
2363 3076 2460 3114 loque-

1356 3132 1433 3154 retur
1457 3125 1493 3154 sic
1511 3132 1615 3154 curato.

1337 3163 1417 3193 Sacra
1429 3174 1477 3200 per
1490 3162 1654 3192 sacerdotes.
1697 3161 1754 3190 Cic.
1769 3169 1820 3198 pro
1835 3158 1918 3188 Corn.
1930 3156 2005 3186 Balb.
2022 3166 2064 3191 55.
2088 3155 2167 3198 Sacra
2179 3153 2284 3183 Cereris
2296 3174 2304 3187 ,
2325 3152 2439 3188 Judices
2449 3174 2458 3187 ,

1355 3201 1461 3231 summa
1485 3202 1604 3238 majores
1617 3200 1699 3229 nostri
1712 3198 1847 3235 religione
1861 3195 1962 3226 confici
1982 3201 2196 3229 ceremoniaque
2210 3190 2375 3220 voluerunt:
2399 3199 2460 3224 qua:

1356 3249 1443 3276 quum
1451 3238 1539 3268 essent
1551 3240 1687 3276 assumpta
1700 3237 1735 3267 de
1743 3236 1868 3270 Graecia,
1890 3235 1974 3271 &per
1984 3232 2092 3262 Graecas
2107 3230 2169 3260 sunt
2185 3228 2294 3267 semper
2311 3235 2407 3258 curata
2423 3227 2463 3258 sa-

1359 3278 1487 3306 cerdotes
1528 3278 1579 3306 Sco.

1339 3314 1385 3345 Se.
1424 3315 1482 3344 Cic.
1497 3299 1520 3350 ς’.
1535 3314 1569 3343 de
1579 3314 1655 3343 Orat.
1669 3316 1733 3346 2²8-
1755 3310 1809 3340 Sed
1821 3310 1875 3346 jam
1895 3307 2033 3346 surgamus
2047 3328 2054 3341 ,
2076 3305 2182 3341 inquit,
2205 3303 2310 3341 nosque
2322 3312 2459 3334 curemus.

1340 3353 1375 3382 Se
1391 3352 1504 3382 reficere
1516 3354 1541 3382 ἃ
1554 3361 1608 3380 cur.
1620 3361 1656 3379 re.
1698 3350 1755 3378 Cic.
1769 3359 1794 3383 o.
1811 3347 1926 3384 Philipp.
1937 3354 1962 3375 6.
1986 3345 2085 3375 Multis
2097 3343 2137 3373 illi
2151 3343 2178 3371 in
2195 3341 2308 3371 urbibus
2319 3363 2326 3376 ,
2348 3350 2401 3378 qua
2411 3343 2462 3371 iter

1359 3391 1480 3420 faciebat
1493 3411 1500 3424 ,
1522 3389 1664 3418 reficiendi
1682 3387 1707 3416 se
1717 3408 1725 3422 ,
1747 3388 1772 3416 δι
1783 3386 1900 3415 curandi
1911 3384 2029 3422 potestas
2042 3382 2103 3412 fuit.
2140 3380 2262 3410 Subaudi
2274 3379 2314 3409 Ex
2324 3379 2433 3409 morbo.

1340 3427 1477 3458 Sub'imia
1490 3436 1592 3456 curare.
1616 3426 1681 3455 Hor.
1700 3435 1720 3454 r.
1737 3424 1817 3461 Epist.
1838 3433 1870 3452 12
1895 3432 1936 3458 ις,

1342 3466 1432 3496 Vitem
1445 3475 1540 3495 curare
1551 3464 1628 3493 falce.
1653 3464 1720 3493 Plin.
1734 3462 1782 3491 lib.
1800 3469 1838 3498 17.
1853 3470 1915 3498 cap.
1929 3468 1973 3489 2².
2045 3495 2051 3501 .
2082 3495 2088 3499 -
2308 3492 2314 3498 ·
2336 3492 2343 3499 ·

1342 3505 1445 3534 Curare
1457 3526 1465 3537 ,
1487 3513 1537 3540 pro
1553 3503 1673 3532 Timere.
1710 3501 1764 3529 Cic.
1780 3510 1806 3535 9.
1823 3500 1896 3528 Fam.
1910 3507 1954 3531 2⁴.
1978 3496 2066 3531 Magis
2081 3493 2144 3523 illos
2158 3502 2254 3522 vereor
2267 3501 2315 3535 qui
2335 3501 2364 3521 ιη
2387 3492 2463 3535 bello

1360 3542 1527 3607 occidlerunt
1539 3563 1546 3576 ‚
1566 3550 1648 3578 quum
1659 3539 1710 3569 hos
1728 3547 1811 3573 curo,
1833 3539 1884 3567 &c
1916 3536 1934 3565 i.
1950 3545 1976 3565 e.
1998 3534 2109 3564 Timeo.
2147 3531 2178 3561 V.
2201 3532 2328 3561 Servium
2340 3530 2375 3559 ad
2391 3530 2462 3568 Virg.

1381 3603 1387 3608 .
1404 3580 1439 3608 Ec
1451 3602 1457 3607 .
1496 3576 1517 3607 ι’.

1342 3589 1443 3648 cinare
1454 3638 1462 3651 ,
1475 3590 1535 3653 5pro
1547 3615 1650 3645 Ulcisci
1664 3636 1672 3647 .
1694 3613 1763 3651 poni
1777 3612 1929 3641 dicit'Serv.
1947 3609 1980 3638 ad
1997 3608 2069 3645 Virg.
2086 3616 2111 3636 2.
2127 3606 2188 3636 AEn.
2206 3607 2268 3641 536.
2343 3643 2360 3650 ἢ.

1344 3657 1446 3686 Curare
1459 3656 1482 3683 Sc
1495 3654 1583 3691 polire
1597 3652 1768 3681 vestimenta.
1791 3650 1903 3687 Ulpian.
1925 3647 1983 3678 inl.
1996 3646 2089 3681 ltaque
2101 3644 2177 3674 fullo.
2193 3643 2225 3686 D.
2241 3643 2276 3672 de
2286 3641 2374 3672 Furtis
2384 3665 2393 3678 ,
2413 3641 2464 3686 Ita-

1363 3703 1416 3731 que
1428 3692 1498 3721 fullo
1510 3713 1517 3725 ,
1542 3691 1586 3726 qui
1602 3690 1723 3719 curanda
1746 3687 1933 3725 poliendaque
1949 3685 2111 3724 vestimenta
2129 3688 2257 3718 accepit,
2278 3680 2386 3718 semiper
2399 3687 2462 3717 agit.

1345 3732 1468 3763 Curare,
1489 3728 1652 3758 absolutum.
1675 3726 1738 3756 Ter.
1752 3725 1820 3754 llnd.
1836 3735 1856 3752 r.
1875 3734 1969 3756 1-144·
1992 3724 2038 3750 Sat
2047 3721 2106 3751 est.
2128 3718 2239 3748 curabo.
2304 3756 2310 3761 ”

1346 3771 1449 3800 Curare
1459 3766 1549 3803 aliqua
1559 3773 1636 3802 parte
1647 3786 1654 3798 ,
1675 3765 1819 3801 proprium
1832 3762 1870 3790 rei
1883 3760 2006 3790 militaris
2022 3758 2146 3787 verbum.
2185 3755 2464 3790 Sallust.1n,]ugurth.

1366 3815 1425 3843 cap.
1442 3815 1483 3839 57·
1497 3814 1535 3842 pr.
1558 3803 1811 3838 Legatisimperat,
1833 3800 1879 3828 ubi
1901 3797 2015 3835 quisque
2031 3801 2158 3829 curaret,
2180 3794 2284 3823 deinde
2305 3793 2379 3829 signo
2400 3794 2465 3823 dato

1368 3843 1493 3878 undique
1505 3841 1582 3871 simul
1593 3840 1697 3869 clamor
1706 3840 1804 3876 ingens
1820 3838 1951 3866 exoritur.

1350 3881 1515 3916 carabum,
1535 3877 1728 3916 impersonale.
1751 3877 1814 3907 set.
1830 3875 1898 3942 Aug.
1913 3884 1935 3900 ι.
1949 3882 1972 3905 ³-
1987 3876 2032 3905 28-

1371 3919 1378 3921 ·
1905 3919 1967 3942 aaa
1977 3918 1992 3939 a
2013 3917 2026 3946 3

2351 72 2418 108 741

2353 3918 2390 3924 —
2398 3901 2471 3930 hanc
