2604 4222
157 136 227 177 638
593 122 622 157 C
721 121 756 155 Ο
855 115 890 151 N

194 212 238 241 De
250 220 361 240 veneno
373 208 509 239 confiteri.
536 207 594 237 Cio.
611 213 662 243 pro
675 202 784 245 Cluent.
803 204 865 231 182.

197 250 340 279 Summam
355 247 520 278 videbantur
536 251 612 274 metu
629 241 815 271 infirmitatem
834 235 869 264 de

163 297 406 357 Cocrjii'issssus,
426 320 507 350 entis.
529 314 690 356 [ὀμελοῷν]
712 311 808 342 Partic.
831 315 870 344 ut,
892 305 993 337 Audire
1004 302 1194 334 confitentem.
1216 298 1304 328 Cic.2.

162 363 242 429 Codri
251 361 396 431 {gis-112¹..
415 405 445 429 a,
465 403 521 423 um.
542 391 636 421 Partic.
657 380 894 424 [ἐμελογέμῖζυβ]
925 380 982 418 Qui
1002 379 1056 415 (ut
1068 374 1216 410 aitVarro)
1235 373 1307 403 fatus

202 437 241 467 est
253 436 327 472 quod
341 436 374 464 ab
384 444 417 463 eo
427 431 562 467 quaefitum
574 429 619 457 est..
640 427 675 455 de
691 425 719 453 L.
732 423 759 452 L.
778 433 801 457 ς.
815 430 841 456 7.

202 477 330 504 Amorem
342 470 486 501 confessus.
508 467 590 495 Ovid.
611 475 652 499 ¹4-
667 463 813 504 Met3703.

203 512 305 544 manus
316 508 446 540 confessas
457 506 539 535 alicui
549 503 670 533 tendere.
692 498 774 528 Ovid.
788 507 812 531 ς.
823 495 891 524 Met.
904 501 969 528 215.

560 546 684 574 -atque
695 538 732 565 ita
741 533 857 572 supplex
884 564 886 567 ,
904 569 910 575 .

283 581 473 619 confessasque
491 587 606 612 manus,
626 575 791 611 obliquaque
817 570 929 600 brachia
954 564 1081 611 tendens.

222 623 270 652 suo
281 622 352 658 gestu
362 620 438 650 velut
448 616 652 647 confitebantur
668 613 799 641 Phineum
810 619 825 638 a
839 606 935 637 Perseo
945 606 1058 635 victum.

203 656 501 729 {zeffgffiiszezo'nfeeffih
512 650 804 726 Pumlgitiilselilg'flifgg'
814 656 868 721 <itia
881 680 956 711 nulla
968 680 1005 709 est
1020 675 1212 709 controversia.
1234 673 1305 706 Plin.

224 734 270 763 lib.
285 744 324 762 io.
340 743 398 770 cap.
412 741 456 766 49.
479 729 519 759 De
531 726 657 758 confessis
671 720 819 753 disseruisse
828 718 991 758 praestiterit.

201 772 255 802 Res
266 770 382 800 confessa
395 771 419 799 ἃ.
429 767 576 797 manifesta.
597 765 654 793 Cic.
672 774 696 799 ς.
710 761 788 806 Verr.
800 768 860 795 134.

202 810 275 840 Reus
288 807 431 837 confessus.
453 804 535 834 Oviel.
547 813 572 832 2.
582 803 617 831 de
627 802 702 831 Pont.
714 809 739 828 2.
756 808 799 842 59.

289 846 352 875 Non
363 845 399 873 est
411 841 523 872 confessi
538 839 616 870 causa
625 838 728 867 tuenda
738 846 786 865 rei.

201 883 296 914 Rubor
308 881 441 912 confessus
452 880 562 909 secreta.
584 877 680 906 Claud.
699 876 728 903 in
739 873 827 910 Nupt.
844 867 918 901 Hon.
932 879 958 905 9.

201 923 285 958 Signa
295 919 412 949 confesl'a
425 920 449 948 ἃ
463 924 519 946 non
531 915 623 944 dubia.
645 911 782 943 Columel.
798 918 843 939 22.
895 946 900 952 ι
975 943 981 949 ·
1068 940 1074 946 ·
1126 939 1132 946 ι

199 960 337 995 Attingam
347 955 465 986 confessa
475 955 510 983 de
518 953 613 982 iisdem
624 951 742 980 breviter
751 956 831 985 atque
842 944 1020 984 capitulatim.
1036 935 1302 976 Phn.11b.2.cap.12.

199 996 316 1026 Probare
326 993 456 1024 confessa.
478 990 595 1028 Quintil.
613 989 661 1018 lib.
677 999 700 1024 ς.
713 997 771 1024 cap.
791 996 832 1018 ι4.

200 1033 241 1063 Ex
250 1032 379 1062 confesso.
412 1029 530 1067 Quintil.
543 1028 590 1057 lib.
602 1037 626 1063 3.
640 1036 700 1063 cap.
715 1036 739 1059 ς.
762 1023 871 1059 Quibus
885 1019 1061 1059 contineatur
1079 1014 1170 1044 omnis
1184 1013 1252 1042 ratio
1263 1011 1302 1040 di-

218 1071 300 1100 cendi
313 1080 319 1099 ε
342 1069 389 1098 nisi
401 1069 470 1097 forte
481 1066 589 1095 laudare
600 1074 658 1101 quae
667 1063 772 1093 constet
782 1060 834 1097 esse
850 1054 972 1090 honesta.
994 1058 1019 1085 ἃ
1033 1060 1187 1090 vituperare
1197 1060 1256 1087 quse
1267 1058 1302 1078 ex

220 1107 342 1137 confesso
352 1108 402 1135 sint
413 1106 512 1142 turpia,
523 1113 578 1132 non
590 1102 627 1131 est
636 1101 749 1130 oratoris
756 1097 886 1127 officium.
899 1094 1017 1130 ieQuae
1026 1092 1132 1135 constet
1141 1089 1194 1119 esl'e
1201 1094 1300 1124 turpia.

197 1145 229 1176 In
242 1145 363 1175 confesso
377 1144 420 1173 est.
460 1143 525 1172 Plin.
542 1142 588 1170 lib.
604 1150 642 1174 ¹7·
658 1148 717 1176 cap.
728 1145 770 1166 22.
794 1133 965 1171 Pampinatio
978 1140 1098 1161 vernam
1113 1125 1235 1157 confesso
1245 1125 1282 1154 est
1292 1145 1302 1159 ,

217 1183 250 1212 ab
264 1184 355 1212 ldibus
368 1182 448 1211 Maiis
461 1203 467 1215 ‚
488 1182 537 1210 ἃς.
559 1178 695 1207 fieriintra
712 1176 770 1203 dies
789 1182 815 1201 x.
978 1206 983 1211 ⁸
1046 1204 1052 1210 .
1205 1212 1209 1216 ἱ

198 1221 229 1251 In
241 1219 391 1249 confessum
407 1219 507 1248 venire.
549 1216 613 1245 Plin.
632 1224 671 1243 10.
685 1212 764 1249 Epist.
777 1216 820 1244 ες.
843 1209 938 1244 Quum
949 1205 1053 1249 alioqui
1067 1212 1166 1240 magna
1178 1202 1209 1231 fit
1219 1209 1302 1245 expe-

219 1259 321 1287 ctatio:
344 1265 374 1286 ut
384 1256 489 1285 necesse
503 1255 532 1283 sit
543 1255 570 1282 in
579 1263 610 1282 ea
622 1261 649 1280 re
658 1261 715 1288 quae
725 1251 750 1279 Se
760 1249 787 1277 in
798 1245 949 1276 confessum
959 1250 1036 1272 venit
1044 1264 1052 1277 ‚
1072 1243 1096 1270 δι
1106 1240 1243 1281 exemplis
1255 1239 1303 1267 de-

219 1296 341 1324 fenditur
351 1317 358 1329 ‚
380 1294 539 1324 deliberare.
561 1292 577 1320 i.
588 1300 613 1319 e.
635 1289 727 1325 Quam
738 1293 834 1315 omnes
844 1284 964 1312 fatentur
976 1280 1011 1310 sic
1020 1279 1046 1309 se
1058 1279 1166 1322 habere.
1182 1312 1188 1321 .
1281 1313 1299 1320 ,Ἴ

199 1333 343 1362 Confessus
350 1333 416 1362 aeris.
438 1330 507 1359 Gell.
518 1328 565 1358 lib.
581 1338 624 1357 zu.
636 1336 695 1363 cap.
704 1335 713 1353 1
738 1333 794 1353 non
805 1319 901 1359 procul
909 1330 924 1349 a
935 1319 999 1363 fine,
1010 1313 1142 1346 Confeffis
1151 1321 1235 1359 igitur
1244 1321 1303 1351 aeris

218 1381 249 1399 ac
259 1371 344 1399 debiti
357 1369 482 1404 iudicatis
494 1390 502 1401 ‚
522 1366 633 1403 triginta
645 1365 703 1392 dies
715 1362 776 1391 sunt
787 1356 1048 1403 dati-conquirenda:
1055 1363 1182 1392 pecuniae
1194 1351 1289 1395 causa..

202 1402 546 1441 Consentisjurisconsulto
556 1404 682 1436 videtur,
703 1400 759 1436 Qui
777 1404 900 1426 monitus
912 1400 1002 1439 tacet,
1023 1392 1042 1422 l.
1057 1393 1193 1435 detaetate.
1217 1390 1238 1427 §.
1262 1399 1303 1433 ni:

218 1446 257 1474 hil
268 1446 386 1474 interest.
409 1446 430 1482 ς,
453 1444 497 1480 qui
509 1442 603 1471 tacuit.
626 1440 658 1468 D.
675 1438 710 1467 de
721 1439 848 1472 interrog.
866 1435 966 1476 action..
991 1430 1106 1459 Varroni
1120 1434 1224 1463 autem,
1245 1427 1303 1463 Qui

219 1484 290 1512 {Litus
309 1483 346 1511 est
357 1505 363 1517 ‚
381 1482 454 1519 quod
463 1481 495 1509 ab
507 1490 540 1508 eo
551 1477 690 1517 qua‘situm
700 1475 751 1509 est,
773 1480 803 1502 ut
816 1472 895 1515 supra
903 1472 1034 1499 diximus.
1091 1504 1096 1510 ·
1148 1507 1151 1510 .

198 1520 340 1550 Consell'us
354 1521 427 1549 idem
440 1519 495 1548 fere
506 1518 553 1551 est,
564 1516 638 1552 quod
650 1512 818 1545 Affimulans,
829 1509 924 1539 habitu
935 1502 1232 1541 referens.Virg.2.}En.
1240 1511 1302 1537 591.

218 1558 344 1587 Confessa
363 1558 452 1586 deam.
476 1556 505 1584 V.
521 1556 593 1584 Serv.
612 1548 646 1583 ad
659 1551 685 1581 li.
698 1551 716 1581 l.
738 1550 808 1579 adde
822 1548 931 1577 Comm.
946 1546 1054 1588 Petron.
1066 1552 1183 1579 cap.4i.
1199 1551 1226 1578 p.
1239 1546 1302 1584 ¹3³:

161 1595 184 1625 C
194 1605 210 1624 o
220 1605 300 1624 mres
310 1605 365 1625 sio
376 1616 383 1628 ,
405 1595 476 1624 onis.
496 1593 515 1622 f.
546 1587 703 1628 [3543my‘1‚
729 1585 914 1629 ὲξημςλάγῃως]
945 1582 1003 1612 Cic.
1017 1591 1044 1618 7.
1067 1580 1142 1609 Verr.
1166 1587 1225 1622 103.
1247 1578 1303 1607 Ubi

197 1634 251 1662 hoc
261 1634 346 1668 videt,
365 1632 474 1662 iliorum
482 1628 678 1660 confessionem
689 1648 697 1660 ‚
718 1625 937 1655 testificationem
943 1621 1029 1655 suam,
1049 1616 1156 1648 tabulas
1166 1616 1213 1646 srbr
1223 1615 1303 1645 nullo

197 1672 359 1705 adjumento
369 1670 470 1699 futuras
481 1690 488 1701 .
508 1668 559 1696 init
568 1665 712 1700 consilium
722 1665 772 1693 &a
929 1695 934 1702 Ι
1072 1694 1078 1701 υ

197 1707 380 1737 Confessionis
391 1706 526 1744 angustiae.
563 1703 671 1734 Firmic.
684 1701 730 1731 lib.
746 1711 767 1729 1.
782 1709 842 1737 cap.
857 1706 885 1741 ³.¹
902 1695 949 1725 Vis
963 1704 1029 1733 ergo
1044 1693 1119 1738 aliud
1129 1692 1303 1731 proferamus

216 1745 393 1783 exemplum,
415 1751 444 1774 ut
455 1743 497 1772 vel
505 1743 540 1771 sic
549 1742 583 1771 ad
595 1739 771 1781 confessionis
782 1735 917 1774 angustias
926 1730 1092 1764 coaizcteris‘.>

197 1783 295 1812 Vultus
305 1793 337 1812 ac
351 1783 427 1811 vocis
437 1780 578 1810 confessio.
602 1776 774 1815 Quintimib.
787 1779 812 1805 6.
825 1783 885 1811 cap.
897 1781 922 1809 3.

198 1820 358 1849 Periculosa.
382 1819 707 1851 V.P13Ricur.osus.
924 1846 930 1853 .
966 1845 972 1853 .
1022 1846 1027 1852 .
1111 1850 1114 1851 .
1150 1848 1153 1849 .

199 1858 386 1887 Verecundior
400 1857 437 1886 est
448 1854 579 1885 confessio
589 1875 598 1886 .
619 1861 700 1889 quam
709 1849 852 1895 eapositio.
874 1842 993 1885 Qutntil.
1009 1845 1057 1876 lib.
1071 1855 1098 1882 4.
1109 1850 1170 1883 cap.
1181 1852 1210 1874 2.

197 1896 238 1925 Sit
249 1896 348 1924 erranti
359 1894 496 1924 medicina
506 1915 514 1928 ‚
535 1890 677 1922 confeffio.
705 1889 762 1918 Cic.
776 1888 873 1917 octav.
953 1923 959 1928 Ι
1154 1919 1160 1925 -
1214 1912 1220 1924 ὃ

198 1932 374 1963 confessione
384 1932 456 1961 illius
466 1931 514 1960 aevi
524 1952 533 1967 ,
553 1929 676 1967 optimus
687 1936 719 1956 ac
729 1927 783 1955 sine
792 1923 893 1955 aemulo
905 1922 1024 1961 agricola
1031 1921 1109 1951 Cato.
1122 1916 1190 1950 Phn.
1202 1917 1300 1954 lib.x4.

885 233 912 263 se
925 229 1060 262 confiteri.
1087 221 1206 264 Quintil.
1215 223 1264 254 lib.
1276 231 1304 253 2.

1156 563 1176 593 i.
1189 567 1214 593 e.
1236 560 1306 598 Quae

198 1981 341 2038 Abadpucgre
352 2006 387 2037 ad
398 2005 576 2045 ignorationis
582 2001 781 2034 confessionem
790 1999 918 2037 aliquem.
940 1997 998 2028 Cic.
1015 2006 1039 2027 x.
1049 1995 1130 2027 Acad.
1142 2002 1189 2031 43.

200 2047 319 2081 Arguere
329 2045 447 2082 aliquem
463 2044 508 2074 sua
517 2041 696 2078 confeffione.
716 2039 805 2069 Tacit·
819 2048 842 2067 1.
855 2039 924 2067 Ann.
937 2043 981 2066 12.

201 2084 299 2113 Audire
310 2083 425 2112 nefarias
436 2080 627 2111 confessiones.
649 2078 707 2108 Cic.
719 2083 743 2111 8.
754 2076 826 2106 Fam.
839 2081 865 2109 8.
935 2109 941 2116 Δ
981 2109 988 2115 .
1063 2108 1070 2115 .
1127 2108 1133 2115 .
1283 2103 1291 2111 .

201 2120 386 2158 Comprobare
393 2121 471 2149 errati
481 2119 519 2148 sui
534 2116 701 2148 confessione
709 2114 899 2145 auctoritatem
907 2110 1022 2145 alicujus
1031 2116 1080 2139 tei.
1102 2107 1161 2138 Cic.
1176 2115 1201 2136 ι.
1212 2105 1248 2137 de
1256 2105 1304 2135 Dr«

220 2168 276 2187 vin.
295 2167 305 2191 z
330 2181 336 2187 .
992 2184 998 2191 ³

201 2167 363 2225 Conviesum
379 2194 432 2224 esse
442 2191 609 2223 confessione
619 2191 793 2232 aliquorum.⁸
803 2187 861 2217 Cic.
873 2185 933 2229 Post
940 2185 1021 2214 redit.
1037 2183 1073 2213 ad
1084 2182 1163 2219 Quir.
1175 2190 1201 2212 x.

200 2233 312 2263 Deferre
324 2232 503 2261 confessiones
513 2230 627 2265 alicuius
638 2229 678 2258 rei
688 2225 723 2257 ad
737 2226 851 2269 iudices.
860 2263 864 2268 Ι
872 2223 930 2254 Cic.
941 2231 991 2260 pto
1002 2222 1077 2252 Sext.
1092 2231 1134 2256 ι4.

201 2270 277 2300 Elabi
288 2280 320 2299 ex
333 2269 502 2299 confeffione
513 2268 623 2297 inscitiae
635 2266 696 2296 suae.
719 2262 836 2306 Quintil.
848 2261 897 2291 lib.
909 2271 934 2290 2.
948 2269 1008 2297 cap.
1023 2269 1065 2289 ιι.

200 2307 315 2345 Exigere
325 2307 412 2345 culpae
426 2306 632 2335 confessionem.
655 2300 831 2340 Quintil.lib.
841 2311 867 2335 4.
885 2308 945 2336 cap.
958 2307 985 2327 2.
1012 2335 1017 2340 ⁵

199 2346 357 2382 Exprimere
370 2343 566 2374 confessionem
578 2342 707 2371 facinoris
719 2339 871 2381 tormentis.
895 2336 970 2365 Suet.
983 2334 1076 2364 Tibcr.
1094 2342 1155 2371 cap.
1169 2340 1212 2368 19.

199 2382 307 2413 Habere
318 2382 483 2411 indubitatas
493 2379 684 2410 confessiones.
708 2377 773 2420 plin„
786 2375 833 2405 lib.
846 2384 890 2404 22.
905 2383 964 2411 cap.
976 2382 1021 2409 23.

200 2421 321 2450 lniitatur
331 2420 499 2453 taciturnitas
507 2416 713 2448 confeffionem.
737 2415 793 2444 Cic.
809 2424 831 2442 ι.
845 2413 880 2442 de
890 2411 997 2441 Invent.
1012 2418 1055 2446 53.

199 2458 280 2488 Indui
293 2457 336 2486 sua
347 2456 524 2486 confessione.
564 2454 595 2484 V.
617 2463 657 2483 ιΝ
668 2463 749 2481 uuo.
1019 2485 1025 2491 ·
1061 2484 1067 2490 Ι
1114 2483 1120 2489 ι

199 2495 312 2525 Nlovere
323 2494 455 2532 lacrymas
464 2501 662 2530 nonnunquam
672 2490 739 2520 solet
750 2489 805 2527 ipsa
813 2485 957 2531 consessio.
970 2481 1088 2529 Quintil.
1101 2479 1150 2527 ir'b.
1163 2491 1190 2518 4.
1201 2486 1262 2519 cap.
1274 2488 1301 2511 2.

200 2533 366 2562 Patcsaetum
377 2531 429 2560 esse
443 2530 552 2560 indiciis
562 2531 587 2560 ἃ
599 2528 814 2559 confeffionibus
825 2525 886 2554 suis.
917 2524 974 2553 Cic.
990 2521 1146 2567 pin-Catil.
1166 2530 1207 2556 ις.

198 2570 321 2600 Premere
329 2568 526 2598 confessionem
535 2590 542 2602 ,
564 2569 589 2596 &
598 2567 741 2604 partiendo
750 2562 942 2598 multiplicare.
965 2559 1083 2602 Quintil.
1096 2558 1144 2588 lib.
1158 2563 1184 2595 7.
1201 2566 1262 2594 cap.
1274 2565 1301 2600 ².·

199 2607 304 2645 Suscipi
319 2608 347 2636 in
357 2606 524 2637 confessione
535 2605 598 2635 facti
609 2626 617 2641 ‚
633 2604 700 2640 juris
711 2608 805 2632 tamen
815 2600 1004 2630 defensionem
1015 2598 1100 2636 posse.
1120 2597 1178 2626 Cic.
1188 2603 1237 2634 pro
1248 2594 1304 2624 Mi-

219 2646 273 2674 lon.
291 2654 299 2673 ι
321 2666 330 2674 ,.
1250 2670 1256 2676 ·

200 2655 471 2717 ΠικειίεςοηΓεῐῐῖοιιε
481 2679 535 2710 sua.
574 2679 630 2709 Cic.
644 2682 669 2708 6.
682 2678 754 2707 Verr.
770 2687 830 2712 ¹04·
851 2673 990 2705 Omnibus
1002 2673 1030 2702 in
1047 2672 1128 2702 rebus
1147 2674 1303 2714 coarguitur

218 2730 232 2751 a
245 2729 288 2748 me
301 2742 308 2753 ,
329 2719 501 2748 convincitur
514 2728 529 2747 a
544 2717 654 2747 testibus
666 2737 674 2752 ‚
696 2721 805 2752 urgetur
823 2713 993 2744 confessione
1013 2710 1059 2740 sua
1070 2733 1078 2746 ‚
1108 2705 1257 2738 manifestis
1274 2717 1303 2736 in

218 2756 357 2786 maleficiis
373 2765 489 2785 tenetur.
1094 2784 1099 2791 Δ
1126 2785 1132 2791 ι
1173 2784 1178 2790 .
1200 2783 1206 2791 ι

560 2788 615 2828 Qui
629 2790 783 2820 confitetur.
818 2787 967 2826 Speciatim
985 2785 1025 2815 illi
1036 2785 1180 2815 Christiani
1199 2789 1236 2812 ita
1254 2782 1304 2811 ho-

164 2795 210 2824 Co
224 2805 239 2823 Ν
252 2804 376 2823 ιἰιεεοι).
416 2794 479 2822 (iris.
501 2802 538 2821 m.

201 2833 273 2860 noris
289 2831 366 2861 causa
380 2815 561 2864 iiocabantur⁷
584 2830 639 2865 Qui
655 2829 795 2857 veritatem
817 2826 937 2855 divinam
956 2823 1149 2862 profiterentur
1168 2822 1254 2851 etiam
1271 2821 1302 2849 in

201 2870 360 2904 tormentis3
382 2869 456 2905 quod
469 2868 485 2896 si
497 2876 569 2896 niors
579 2864 740 2900 accederet,
761 2865 894 2901 martyres
905 2862 1081 2892 vocabantur.
1124 2898 1129 2904 .

200 2907 339 2936 Interdum
352 2907 431 2935 etiam
447 2915 495 2943 pro
508 2905 625 2942 Martyre
636 2904 756 2941 ponitur.
795 2901 913 2931 Tertull.
926 2900 961 2929 de
973 2899 1081 2928 Corona
1090 2897 1151 2928 Mil.
1163 2906 1223 2934 cap.
1236 2904 1262 2925 2.
1276 2896 1302 2925 &

221 2944 339 2973 int‘tant.
354 2944 388 2972 de
399 2944 481 2972 Illort.
495 2942 592 2972 Perseo.
610 2952 670 2979 cap.
684 2950 726 2977 35.
756 2939 828 2969 Cum
845 2939 945 2968 ceteris
964 2935 1165 2966 confessoribus
1180 2934 1302 2964 custodia

220 2982 355 3011 liberatus.

166 3019 187 3049 C
197 3030 212 3048 o
222 3029 238 3047 Ν
249 3030 260 3047 ι
272 3029 284 3047 a
295 3028 306 3048 s
315 3029 326 3048 s
337 3029 353 3047 o
363 3028 376 3046 R
386 3029 393 3046 ι
403 3028 420 3046 u
430 3027 442 3047 s
453 3038 460 3052 ‚
481 3027 496 3046 a
507 3039 515 3051 .
534 3026 590 3046 um.
615 3016 672 3051 Adj.
695 3019 741 3049 ut,
764 3014 839 3043 Αέῖἰο
852 3012 1021 3042 confessoria.
1061 3011 1104 3041 Est
1116 3016 1210 3040 autem
1226 3009 1302 3047 apud

202 3056 407 3091 ,Iurisconsultus
419 3054 583 3084 Confesl'cria
595 3053 729 3083 servitutis
747 3053 861 3081 nomine
874 3073 882 3085 ‚
904 3051 981 3080 Attio
992 3072 1000 3085 ,
1021 3059 1073 3086 qua
1084 3049 1242 3078 servitutem
1253 3056 1303 3075 no-

203 3095 242 3122 bis
255 3101 413 3129 competere
425 3093 625 3121 contendimus.
647 3089 664 3119 l.
679 3100 703 3119 2.
722 3089 753 3119 D.
767 3090 784 3118 si
801 3088 888 3118 servit.
906 3087 1015 3117 vendic.

203 3131 396 3160 confessoriam
416 3131 553 3159 actionem
574 3129 682 3166 Ulpian.
706 3128 734 3156 in
751 3127 769 3156 l.
788 3126 906 3164 proinde
926 3125 943 3154 si
962 3123 1074 3167 occisus
1093 3124 1115 3161 §.
1129 3121 1214 3166 1..D.·
1230 3119 1265 3152 ad
1281 3121 1301 3152 l.

222 3169 300 3203 aquil.
319 3168 433 3202 intelligi
447 3167 504 3196 vult
517 3189 524 3201 .
546 3176 602 3195 non
613 3188 621 3200 ,
642 3171 672 3194 ut
689 3165 802 3201 quidam
817 3169 916 3201 putant
929 3184 936 3193 .
958 3162 1098 3198 Propriam
1114 3162 1229 3190 achonis
1243 3159 1303 3197 spe·

221 3206 292 3234 ciem
302 3227 309 3237 .
331 3205 458 3241 quoniam
469 3214 524 3232 non
534 3205 627 3240 utique
640 3212 675 3232 ex
685 3202 762 3231 omni
779 3200 862 3231 verbo
880 3202 908 3229 in
926 3200 984 3235 jure
1002 3199 1092 3228 obiter
1105 3197 1211 3235 prolato
1222 3217 1230 3232 ‚
1251 3199 1302 3227 sta-

223 3243 270 3271 tim
279 3243 315 3272 est
328 3242 516 3272 constituenda
533 3242 623 3271 aelio:
645 3240 690 3269 sed
713 3239 799 3277 ipsam
818 3239 886 3275 legis
905 3237 1018 3274 Aquiliae
1041 3236 1279 3272 Persequutionem
1291 3256 1300 3270 ‚

223 3289 280 3316 quae
289 3289 322 3308 ei(
335 3281 452 3312 ingenua
463 3278 630 3308 consessione
642 3277 734 3306 damni
749 3278 776 3305 in
793 3275 921 3314 simplum
938 3275 1016 3304 datur
1026 3295 1035 3307 ,
1055 3273 1194 3316 eleganter
1208 3272 1303 3310 appel-

222 3317 260 3345 lat
268 3317 460 3346 confessoriam
474 3338 486 3353 ,Ι
502 3325 535 3344 ex
548 3315 674 3353 singulari
684 3315 799 3351 quadam
818 3311 986 3343 confessione
997 3318 1189 3349 procuratoris.

170 3352 461 3387 CoNl‘EssAkius‚
483 3353 533 3382 sive
554 3350 1030 3385 CONFizssiONAR108‚i.n1.
1052 3356 1103 3385 pro
1119 3348 1176 3384 Eo,
1196 3347 1244 3384 qui
1263 3346 1301 3376 est

207 3401 219 3418 a
234 3391 452 3421 confessionibus.
473 3390 596 3420 Damnat.
609 3391 719 3427 Sciopp.
731 3389 827 3418 Insani.
846 3387 967 3418 Famiani
979 3394 1006 3424 p.
1019 3390 1080 3415 12⁶.

170 3426 379 3462 Cmsmxus,
406 3428 432 3457 V.
457 3437 629 3456 courico.

169 3463 191 3492 C
200 3473 217 3492 o
228 3474 246 3492 Ν
257 3475 268 3492 ν
277 3476 292 3492 ι
302 3474 319 3493 Λ
329 3475 346 3493 c
355 3476 370 3493 c
382 3475 394 3493 a
403 3474 414 3494 s
425 3476 440 3494 c
450 3477 465 3494 o
475 3487 482 3499 ,
504 3468 557 3494 Ere.
581 3465 656 3494 ldem
679 3464 752 3501 quod
775 3460 928 3493 Flacccl'co.
968 3461 1040 3491 Gell.
1057 3469 1083 3490 2.
1098 3463 1141 3496 30.
1164 3458 1253 3490 Simul
1270 3468 1303 3489 ac

205 3508 300 3530 ventus
312 3502 399 3538 posuit
413 3524 419 3536 ,
444 3502 595 3531 sternuntur
609 3504 635 3531 δι
649 3501 877 3531 conflaccescunt.

169 3538 379 3573 CONFLMOELLO,
389 3543 441 3568 *Tire-
451 3539 603 3568 Tertull.de
612 3540 775 3576 Spect.c.25.
785 3537 923 3568 Scintillas
935 3535 1082 3565 libidinum
1093 3531 1299 3564 conflabellant.

169 3576 408 3610 Conversus,
429 3579 478 3605 &c
519 3576 549 3606 V.
571 3586 720 3605 comaco.

168 3612 190 3641 C
200 3622 216 3640 ο
228 3621 245 3639 Ν
255 3622 266 3640 ιι
277 3623 290 3639 ι,
301 3615 315 3640 λ
327 3622 343 3640 c
356 3623 368 3641 ii
379 3622 406 3645 s.
428 3614 555 3642 dicuntur
567 3613 637 3643 Loca
647 3634 655 3648 ,
676 3613 704 3642 in
723 3623 780 3650 qua:
798 3612 892 3642 diversi
904 3611 1027 3642 confiant
1047 3610 1131 3639 venti.
1152 3618 1167 3638 a
1179 3608 1279 3638 Conflo
1289 3628 1299 3645 ,

203 3657 238 3677 as.
263 3649 358 3678 Festus.
381 3650 426 3678 ubi
441 3650 532 3679 Dacer.
550 3651 579 3680 V.

168 3686 190 3715 C
200 3695 217 3713 o
227 3694 245 3713 Ν
258 3696 269 3713 ιι
280 3696 294 3713 i.
304 3688 318 3714 ἴ.
328 3694 344 3713 c,
356 3696 368 3714 a
380 3696 396 3714 o
408 3708 415 3719 .
436 3687 600 3723 [Φλέγμαι]
621 3690 675 3716 are.
705 3686 811 3717 Ardere.
841 3688 941 3717 Auctor
957 3685 992 3715 de
1011 3685 1065 3715 Vir.
1087 3683 1171 3714 illust.
1192 3692 1254 3722 cap.
1271 3693 1299 3720 4.

204 3722 329 3752 Fulmine
339 3724 407 3751 ictus
417 3734 477 3752 curn
489 3726 560 3761 regia
569 3725 756 3761 conflagravit.

203 3760 304 3788 Ardere
315 3760 438 3789 flammae.
460 3762 515 3789 Cic.
529 3763 622 3797 Anteq.
634 3762 718 3790 iretin
729 3761 793 3792 exil.
810 3770 833 3792 ι.

203 3796 330 3826 Flammis
342 3797 511 3831 conflagrare.
533 3798 588 3827 Liv.
604 3808 645 3834 30.
660 3808 684 3835 7.

202 3833 293 3862 Terrae
301 3834 476 3870 conflagrant.
498 3835 552 3863 Cic.
565 3845 589 3864 2.
603 3836 637 3864 dc
650 3838 709 3865 Nat.
722 3835 802 3864 Deor.
816 3845 861 3870 9²-

201 3871 373 3907 conflagrare
387 3873 485 3899 amoris
499 3872 641 3908 turpissimi
656 3874 770 3901 flamma.
794 3874 849 3901 Cic.
869 3881 893 3908 7.
908 3870 982 3900 Vetr.
994 3880 1040 3905 92.

201 3908 314 3948 Invidia.
337 3909 392 3936 Cic.
408 3917 430 3940 ι,
448 3909 516 3936 Verr.
533 3918 590 3945 ¹57·
614 3909 683 3937 Nam
696 3919 746 3945 qua
757 3910 859 3938 invidia
870 3910 898 3937 C.
916 3908 1015 3943 junius
1027 3907 1225 3945 conflagrarat,
1245 3911 1297 3943 ea,

217 3946 267 3974 nili
277 3945 437 3982 providisses
446 3966 453 3979 ,
476 3945 581 3982 tibiipsi
593 3953 650 3975 tum
664 3947 834 3982 pereundum
847 3946 945 3975 fuisset.

1355 3797 1674 3834 Comacic’rATus,
1700 3811 1715 3829 a

1770 94 1799 130 C
1898 96 1933 131 Ο
2030 96 2063 131 Ν

1402 177 1666 212 Incendioinvidiae.
1705 176 1764 206 Cic.
1778 186 1801 206 1.
1812 177 1840 206 in
1855 177 1933 206 Catil.
1947 185 1992 206 20.
2014 178 2054 206 lin
2066 186 2151 214 quum
2170 176 2245 206 bello
2262 176 2409 206 vastabitur
2426 175 2520 212 ltalia,

1423 218 1596 247 vexabuntur
1606 216 1687 244 urbes
1696 236 1704 248 .
1724 216 1796 244 tec'ta
1805 215 1958 250 ardebunt,
1979 223 2038 244 tunt
2049 222 2077 244 te
2088 224 2145 243 non
2158 215 2295 244 existimas
2307 216 2417 244 invidia.
2428 214 2523 243 incen-

1425 255 1473 284 dio
1482 254 1713 291 conflagraturum
1722 253 1735 280 ‘3

1369 292 1699 323 CONFLAGRATUS‚
1720 299 1756 323 a,

1405 330 1453 360 lib.
1467 340 1493 364 4.
1508 338 1550 363 ιι.
1573 327 1643 356 Urbs
1653 325 1825 355 acerbissimo
1837 326 1968 361 concidat
1979 327 2112 356 incendio
2127 327 2301 363 conflagrata.

1370 402 1372 404 .
1404 367 1543 404 Regiones
1552 364 1730 395 Phaethontis
1738 362 1816 406 ruina
1825 364 1998 400 conflagratae
2008 365 2156 401 perierunt.
2176 363 2257 402 Apul.
2271 364 2306 393 de
2316 362 2426 392 Mundo
2437 373 2465 400 p.
2475 371 2521 398 73.

1368 405 1417 439 Co
1427 406 1444 433 Ν
1456 416 1468 434 r
1478 415 1494 432 L
1503 414 1522 432 A
1533 414 1551 432 G
1562 413 1577 431 a
1588 413 1606 430 A
1616 412 1636 430 'r
1646 412 1655 429 ι
1666 411 1683 430 0
1694 423 1702 436 ‚
1731 404 1802 430 onis.
1823 402 1842 430 f.
1872 401 1969 434 Senec.
1994 401 2096 438 Quaest.
2116 402 2179 431 Nat.
2195 412 2220 437 3.
2234 411 2279 433 20.
2315 400 2430 430 Berosus
2450 400 2522 430 adeo

1406 442 1518 485 quidem
1531 441 1559 470 id
1574 439 1690 468 affirmat
1702 460 1709 474 ,
1730 444 1762 468 ut
1770 438 1981 476 conflagrationi
1993 446 2075 477 atque
2085 439 2192 470 diluvio
2202 445 2315 477 tempus
2324 436 2448 474 assignet.

1406 480 1522 509 interire
1530 477 1755 514 conflagratione.
1777 475 1898 505 Lat‘tant.
1912 485 1936 505 2.
1948 486 1974 511 9.

1369 515 1599 547 Courcsscro
1615 536 1623 550 ‚
1644 514 1672 542 xi
1684 536 1692 547 ,
1713 522 1799 548 xum,
1821 513 2007 549 [wsb-sufflas]
2028 513 2082 543 e‘re.
2104 523 2184 552 aquo

1368 556 1390 585 C
1401 565 1417 584 o
1426 565 1446 584 N
1455 565 1468 583 r
1479 566 1494 583 ι
1503 564 1517 583 s
1526 563 1544 582 x
1553 563 1570 581 u
1580 562 1601 586 s,
1623 562 1638 580 a
1646 573 1654 586 ‚
1678 560 1733 580 um.
1754 551 1850 585 Partic.
1873 548 1941 580 Plin.
1954 549 2003 580 lib.
2015 561 2041 580 2.
2054 560 2114 588 cap.
2125 563 2170 586 ⁴4·
2191 550 2335 580 Montium
2345 556 2411 580 vero
2422 551 2522 587 Hesus,

1405 592 1547 628 crebrique
1557 590 1673 620 vertices
1683 611 1691 623 ,
1713 590 1738 618 δι
1751 589 1879 618 conflexa
1889 588 1985 617 cubito
1994 609 2002 625 ,
2023 594 2071 618 aut
2078 588 2218 619 confraeta
2226 590 2257 618 in
2267 589 2398 619 humeros
2407 589 2482 626 juga.

1368 631 1390 660 C
1401 640 1445 659 οΝ
1456 637 1630 660 ηιςοτιο.
1651 627 1721 656 6nis.
1743 627 1761 655 f.
1783 626 1843 661 JCt.
1858 627 1887 655 in
1904 625 1975 655 Cod.

1367 668 1414 697 Co
1426 675 1562 696 Νηιιιιι
1574 674 1628 694 crs
1640 686 1647 699 ‚
1670 674 1694 693 e.
1718 664 1793 702 apud
1806 664 1964 694 Firmicum.

1367 702 1610 737 Conamen),
1631 711 1685 731 are.
1706 701 1736 731 V.
1759 707 1961 731 courerco.

1365 743 1388 773 C
1397 753 1413 772 ο
1424 753 1444 771 N
1453 753 1466 771 F
1478 746 1513 771 ιῐ
1523 752 1540 770 G
1551 751 1568 770 Ο
1577 762 1586 776 ,
1607 740 1634 769 xi
1645 761 1653 773 ‚
1675 740 1751 768 <stum
1760 761 1768 775 ‚
1790 739 1940 776 [συμςοὲλλω
1951 761 1959 774 ,
1984 737 2088 767 maioma
2097 756 2106 770 ‚
2128 736 2257 775 συμπὶπἹω
2266 761 2275 775 ‚
2294 738 2436 776 συρρσίπἹυ]
2463 739 2521 769 Ere.

1402 781 1543 811 Dimicare
1555 801 1563 813 ‚
1594 777 1671 806 simul
1690 787 1815 814 pugnare
1826 799 1834 812 ‚
1865 776 1961 815 praelio
1986 776 2129 813 congredi.
2165 777 2271 807 Sallust.
2294 787 2356 815 cap.
2384 785 2427 813 57.
2448 784 2521 806 extr.

1401 818 1550 855 Optimum
1561 816 1635 845 fastu
1645 820 1718 843 ratus
1728 837 1736 850 ‚
1757 816 1786 844 in
1796 815 1844 844 tali
1856 825 1883 844 re
1891 816 2030 844 fortunam
2046 814 2111 843 belli
2131 819 2255 850 tentare,
2275 815 2368 845 statuit
2383 823 2448 844 cum
2469 815 2523 843 An-

1401 857 1481 886 tonio
1500 854 1706 891 quamprimum
1723 852 1881 890 confligere.
1923 852 1988 882 Caes.
2000 861 2026 889 7.
2042 851 2110 882 Bell.
2120 852 2192 882 Gall.
2208 862 2271 891 cap.
2290 862 2334 891 32.
2348 858 2418 883 extr.
2449 852 2523 883 Fore

1401 895 1443 923 nti
1454 903 1515 931 pars
1523 901 1588 921 cum
1603 891 1722 920 civitatis
1732 898 1808 928 parte
1817 890 1955 928 confligat.

1400 931 1559 968 Confligere
1574 937 1657 958 manu
1670 937 1733 957 cum
1742 928 1827 957 hoste.
1848 929 1907 958 Cic.
1924 937 1947 957 1.
1960 926 2019 957 Off.
2031 933 2077 961 81.

1400 970 1471 999 Cum
1481 978 1547 1006 apro
1558 966 1737 1005 Erymanthio
1747 966 1874 996 conflixit
1883 965 2026 996 Hercules.
2047 965 2105 996 Cic.
2115 975 2143 1002 4.
2157 964 2240 996 Tusc.
2251 975 2298 1003 49.

1400 1008 1467 1037 Acie
1479 1005 1637 1042 confligere.
1660 1003 1716 1033 Liv.
1729 1008 1774 1034 26.

1400 1045 1497 1075 Armis.
1519 1044 1578 1072 Cic.
1590 1043 1619 1071 in
1629 1041 1716 1071 Pison.
1729 1051 1775 1070 20.

1398 1078 1449 1113 Pro
1458 1080 1541 1111 salute
1550 1078 1879 1109 contrasceleratiffimam
1889 1078 2123 1117 conspirationem
2133 1078 2264 1110 hostium.
2274 1078 2351 1111 Cic.1
2358 1088 2382 1110 1.
2393 1078 2486 1110 Fama
2493 1084 2519 1116 ς.

1397 1118 1514 1157 Agmina
1521 1118 1677 1155 confligunt
1685 1117 1792 1147 collatis
1806 1118 1896 1155 signis.
1918 1117 2018 1148 Claud.
2032 1117 2125 1155 Epigr.
2137 1127 2184 1154 4ς.
2198 1126 2245 1155 27.

1398 1158 1490 1188 Venti.
1512 1157 1585 1194 Virg.
1598 1165 1623 1185 2.
1635 1155 1697 1185 AEn.
1706 1159 1772 1191 416.

1479 1194 1588 1262 {dv‘fffi
1596 1199 1676 1230 rapto
1687 1202 1738 1223 ceu
1747 1193 1891 1230 quondam
1902 1193 2014 1223 turbine
2029 1192 2109 1223 venti

1507 1242 1543 1261 on
1568 1237 1653 1269 igunt.

1399 1271 1562 1308 Confligunt
1570 1270 1644 1307 leges
1654 1270 1680 1299 ἃ
1690 1268 1870 1299 colliduntur.
1906 1268 1938 1299 In
1960 1278 1978 1297 c
1986 1278 2004 1298 o
2013 1279 2030 1297 ι,
2039 1279 2056 1298 i.
2065 1279 2075 1297 1
2084 1278 2104 1298 n
2113 1277 2141 1298 o.

1399 1309 1492 1339 Causae
1502 1309 1575 1337 inter
1583 1307 1610 1336 se
1622 1307 1786 1344 confligunt.
1822 1307 1879 1337 Cic.
1889 1315 1915 1337 2.
1925 1307 1955 1336 iri
1965 1305 2046 1336 Catil.
2057 1315 2102 1342 ας.
2122 1305 2150 1336 Si
2160 1305 2203 1336 his
2212 1305 2295 1337 rebus
2310 1305 2432 1342 omissis,
2454 1309 2519 1337 cau-

1417 1347 1457 1376 sas
1470 1345 1539 1384 ipsas
1551 1355 1610 1383 quae
1624 1345 1695 1374 inter
1707 1345 1733 1374 se
1745 1345 1901 1383 confligunt
1911 1367 1919 1379 ‚
1940 1345 2113 1374 contendere
2127 1344 2254 1374 velimus.

1399 1385 1441 1414 Ad
1453 1383 1662 1421 confligendum
1672 1383 1789 1412 veniunt
1801 1383 1887 1412 Poeni.
1910 1383 2018 1413 Lucret.
2030 1382 2079 1412 lib.
2093 1391 2117 1418 3.
2130 1387 2196 1417 854-

1398 1422 1558 1459 Confligere
1569 1443 1576 1457 ,
1598 1430 1648 1458 pro
1660 1419 1842 1450 Committere
1853 1422 1880 1451 ἃ
1889 1421 2070 1458 coniungere.
2092 1420 2201 1450 Lucret.
2211 1419 2261 1450 lib.
2279 1430 2306 1456 4.
2320 1428 2402 1450 1210.

1479 1460 1590 1489 Semina
1600 1468 1685 1493 quum
1696 1458 1809 1488 Veneris
1819 1457 1937 1488 stimulis
1952 1459 2043 1488 excita
2056 1468 2106 1496 per
2115 1463 2192 1488 artus

1480 1497 1572 1527 Obvia
1582 1496 1710 1526 conflixit
1718 1497 1878 1535 conspirans
1886 1503 2000 1526 mutuus
2014 1497 2103 1526 ardor.

1400 1535 1576 1574 Confugere,
1598 1544 1647 1571 per
1658 1535 1877 1565 translationem.
1918 1534 1976 1565 Cic.
1989 1543 2040 1573 pro
2049 1534 2152 1564 Caecin.
2165 1539 2192 1568 8.
2213 1532 2327 1563 Potuisti
2337 1533 2413 1563 enim
2421 1526 2520 1564 leviori

1420 1572 1530 1603 actione
1540 1572 1700 1609 confligere.

1399 1607 1520 1642 Ratione
1532 1611 1689 1647 confligere.
1712 1609 1770 1639 Cic.
1781 1620 1807 1646 4.
1819 1610 1854 1641 de
1861 1609 1922 1641 Fin.
1935 1619 1961 1648 3.
1983 1609 2115 1641 Universa
2131 1609 2208 1640 enim
2216 1608 2331 1639 illorum
2340 1608 2448 1640 ratione
2455 1616 2522 1640 cum

1419 1656 1478 1679 tota
1490 1649 1574 1679 vestra
1586 1648 1796 1684 confligendum
1806 1654 1886 1687 puto.

1401 1687 1559 1724 Confligere
1569 1687 1604 1716 de
1617 1696 1645 1715 re
1653 1686 1755 1723 aliqua.
1775 1688 1877 1716 Auc‘tor
1890 1686 1925 1716 ad
1934 1685 2036 1716 Heren.
2051 1684 2098 1715 lib.
2113 1695 2138 1715 ι.
2155 1687 2199 1716 16.

1401 1725 1443 1754 Ira
1452 1735 1551 1763 magna
1563 1724 1729 1762 confligitur.
1750 1724 1860 1763 imperf.
1883 1723 1981 1754 Claud.
1993 1733 2018 1753 2.
2031 1724 2061 1754 in
2072 1724 2186 1761 Eutrop.
2199 1726 2262 1760 358.

1363 1762 1462 1794 cour
1472 1770 1489 1791 r.
1499 1773 1507 1791 r
1517 1772 1604 1792 ρτιο
1614 1784 1622 1797 ,
1645 1763 1717 1792 onis.
1739 1762 1757 1792 f.
1781 1759 1933 1799 [σόῤῥοιξις]
1953 1761 2073 1792 verbale.
2106 1762 2185 1791 ldem
2200 1771 2233 1792 ac
2246 1759 2368 1791 Collisio.
2397 1765 2447 1798 ut,
2467 1760 2519 1791 So,

1399 1811 1451 1830 nus
1461 1801 1498 1830 est
1508 1801 1628 1830 duorum
1639 1801 1711 1830 inter
1721 1799 1747 1830 se
1755 1804 1905 1838 corporum
1918 1799 2070 1830 conflidtio.
2093 1797 2216 1837 Quintil.
2229 1799 2278 1829 lib.
2289 1808 2313 1833 3.
2328 1808 2389 1836 cap.
2402 1803 2430 1828 6.

1397 1838 1548 1868 Conflietio
1562 1840 1588 1869 &
1599 1838 1671 1875 quasi
1683 1838 1832 1868 concursus
1846 1838 1961 1868 rationis
1975 1839 2001 1868 o&
2012 1838 2190 1868 firmamenti,
2231 1837 2288 1867 Cic.
2310 1837 2339 1866 in
2351 1837 2439 1866 Partit.
2454 1841 2521 1873 164.

1415 1875 1457 1907 Ex
1476 1877 1588 1906 rationis
1607 1881 1701 1905 autem
1723 1877 1749 1906 ἃ
1769 1885 1805 1906 ex
1824 1875 1993 1906 firmamenti
2017 1875 2197 1905 conflictione
2205 1897 2214 1911 ‚
2234 1877 2260 1905 ἂ
2275 1875 2347 1912 quali
2363 1874 2498 1905 concursu
2507 1896 2518 1911 ,

1420 1915 1532 1952 quaestio
1543 1915 1667 1944 exoritur
1683 1914 1811 1951 quaedam
1821 1936 1830 1949 ,
1850 1924 1933 1951 quarn
1947 1913 2180 1952 disceptationem
2196 1923 2277 1944 voco.

1399 1952 1506 1982 Primus
1522 1952 1569 1982 ille
1587 1953 1670 1982 status
1683 1954 1708 1982 δι
1727 1952 1799 1990 quasi
1812 1952 1956 1982 conflictio
1971 1958 2037 1981 cum
2049 1951 2212 1982 adversario.
2235 1951 2293 1981 Cic.
2310 1950 2338 1980 in
2349 1950 2439 1979 Partit.
2455 1956 2519 1980 102.

1399 1990 1547 2020 Causarum
1558 1990 1712 2019 conflirftio.
1754 1990 1812 2020 Cic.
1829 2000 1852 2019 1.
1867 1991 1903 2019 de
1913 1989 2021 2020 Invent.
2037 1995 2078 2025 ¹8·
2101 1989 2268 2019 Constitutio
2276 1989 2314 2018 est
2321 1989 2409 2026 prima
2419 1988 2520 2017 confli-

1417 2029 1473 2058 ctio
1484 2028 1623 2058 causarum
1632 2050 1639 2063 ,
1661 2037 1695 2057 ex
1703 2028 1867 2065 depulsione
1878 2028 2044 2058 intentionis
2056 2028 2200 2067 profedta:
2221 2027 2277 2057 hoc
2285 2027 2372 2056 modo
2383 2048 2392 2063 ,
2412 2026 2499 2056 fecisti
2507 2035 2518 2056 τ

1418 2076 1476 2096 non
1487 2067 1542 2096 feci
1553 2088 1561 2101 ‚
1583 2072 1630 2095 aut
1642 2066 1771 2101 jurefeci.

1397 2104 1501 2171 ligr-um
1520 2104 1717 2171 cpntrariarum
1738 2104 1765 2134 &
1789 2103 1962 2134 dissimilium
1982 2104 2009 2134 δε
2024 2102 2097 2133 inter
2116 2102 2144 2133 se
2157 2102 2344 2141 pugnantium
2365 2101 2517 2132 conflictio.

1445 2151 1478 2171 ic.
1492 2152 1522 2171 in
1551 2148 1626 2171 artit.
1677 2164 1683 2171 .

1362 2179 1385 2210 C
1393 2189 1439 2247 (gy
1448 2190 1461 2209 r
1472 2191 1488 2208 1.
1496 2191 1505 2209 1
1514 2189 1531 2209 c
1539 2189 1560 2246 ἶ
1569 2189 1587 2208 υ
1595 2189 1609 2224 ⁸.
1617 2201 1625 2214 .
1640 2152 1686 2209 5uis.
1709 2171 1748 2210 m:
1775 2174 1971 2216 [avsigisepdf]
1991 2175 2078 2209 Idem.
2106 2183 2138 2208 ut
2147 2199 2157 2214 ‚
2184 2177 2339 2208 Conflic’tus
2355 2186 2516 2215 corporum.

1426 2227 1459 2247 ic.
1495 2227 1525 2246 ro
1562 2227 1640 2247 aecin.
1672 2227 1698 2247 2.

1397 2255 1464 2293 Lapi
1489 2265 1535 2284 um
1543 2228 1675 2285 conflictis
1685 2262 1767 2293 atque
1775 2255 1839 2285 tritu
1850 2253 1917 2285 elici
1928 2255 2021 2292 ignem
2029 2254 2166 2284 videmus.
2180 2252 2308 2283 Cic.2.de
2316 2251 2378 2282 Nat.
2384 2251 2516 2287 Deoua(-

1398 2292 1524 2323 Nubium
1533 2294 1690 2323 conflictus.
1731 2293 1790 2322 Cic.
1800 2302 1826 2323 2.
1839 2293 1875 2322 de
1884 2293 1977 2322 Divin.
1988 2303 2034 2328 44.
2056 2293 2086 2323 Si
2097 2298 2192 2322 autem
2201 2290 2319 2321 nubium
2334 2290 2466 2320 conflictu
2476 2299 2517 2321 ar.

1419 2331 1471 2360 dor
1480 2331 1619 2369 expressus
1630 2332 1657 2361 se
1669 2330 1790 2360 emiserit
1800 2352 1808 2365 ,
1830 2331 1860 2360 id
1870 2330 1923 2360 effe
1931 2330 2048 2360 fulmen.

1363 2369 1386 2398 C
1395 2379 1412 2398 o
1421 2379 1441 2398 N
1451 2380 1464 2398 ιτ
1475 2380 1491 2397 ι,
1500 2380 1509 2397 ι
1518 2379 1535 2397 c
1546 2379 1563 2397 ο
1574 2391 1583 2404 ,
1602 2372 1658 2399 are.
1679 2369 1866 2398 Contendere.
1887 2368 1985 2398 Pacuv.

1362 2407 1385 2437 C
1395 2417 1411 2435 o
1420 2417 1439 2435 N
1448 2418 1461 2436 i·-
1469 2418 1485 2435 L
1493 2417 1502 2434 ι
1512 2415 1530 2435 c
1539 2416 1559 2435 A
1570 2416 1589 2435 τ
1599 2417 1617 2435 u
1627 2416 1638 2436 s
1651 2429 1659 2442 ‚
1680 2415 1696 2436 a
1705 2429 1712 2441 ‚
1735 2416 1791 2436 um.
1815 2406 1938 2436 Frontin.
1952 2407 1981 2435 in
1992 2405 2154 2443 Stratagem.
2307 2437 2309 2439 ,

1362 2445 1384 2473 C
1394 2455 1410 2473 o
1422 2454 1440 2473 Ν
1449 2455 1463 2473 ιτ
1473 2455 1488 2472 L
1498 2454 1507 2472 1
1518 2454 1536 2472 G
1547 2454 1567 2473 A
1577 2454 1596 2473 T
1606 2453 1640 2474 10
1650 2467 1657 2480 ‚
1680 2445 1751 2474 finis.
1773 2444 1792 2473 f.
1808 2443 1916 2479 συμιέολὴ
1928 2443 1966 2470 ἐπὶ
1981 2441 2075 2479 μάχης,
2098 2441 2181 2473 Gloss.
2194 2441 2290 2472 Graeco
2304 2441 2363 2471 Lat.

1360 2482 1437 2511 Con
1448 2493 1504 2511 ηι
1515 2491 1532 2510 G
1543 2493 1551 2510 1
1562 2491 1609 2511 um
1626 2504 1633 2517 ‚
1656 2483 1672 2512 i.
1696 2492 1724 2511 n.
1745 2482 1823 2511 Idem
1836 2481 1912 2519 quod
1924 2481 2087 2511 Conflietus.
2128 2480 2239 2510 Solinus
2256 2489 2317 2518 cap.
2334 2490 2376 2514 14.
2398 2477 2469 2509 Nam
2486 2478 2517 2509 in

1398 2519 1536 2549 latebrosis
1545 2521 1655 2558 rupium
1665 2519 1855 2549 cavaminibus
1863 2541 1871 2554 ,
1893 2529 1953 2557 quae
1961 2519 2094 2549 fluctuum
2104 2518 2241 2555 confligiis
2258 2525 2327 2547 tunc
2345 2517 2424 2547 adesa
2437 2517 2519 2553 sunt,

1398 2558 1519 2586 reduvia:
1530 2558 1743 2595 conchyliorum
1752 2557 1913 2588 resederunt
1925 2579 1933 2592 ‚
1955 2558 1981 2587 ἃ
1989 2557 2040 2586 alia
2052 2557 2147 2586 multa.
2186 2556 2216 2584 V.
2237 2565 2255 2585 c
2263 2565 2280 2585 ο
2291 2565 2310 2584 Ν
2319 2566 2333 2584 ι·-
2341 2567 2357 2584 r.
2367 2560 2386 2584 U
2395 2565 2413 2584 c
2422 2566 2431 2584 ι
2442 2565 2459 2584 u
2469 2566 2499 2584 M.

1360 2594 1580 2625 commem
1591 2617 1598 2630 ,
1620 2593 1831 2632 [συνωρίσι-ειμι»,
1843 2617 1851 2631 ,
1876 2594 2002 2631 ansseico]
2023 2597 2088 2624 are:
2120 2596 2146 2625 ἃ
2167 2593 2419 2623 Conscrcros.
2432 2615 2440 2628 ,
2465 2592 2515 2623 ari.

1397 2633 1462 2663 Ter.
1475 2632 1585 2662 Phorm.
1599 2642 1622 2669 3.
1633 2644 1658 2663 2.
1671 2639 1715 2662 20.

1397 2707 1419 2737 C
1460 2671 1549 2738 fl*Nec
1559 2679 1623 2700 cum
1634 2670 1793 2707 hujusmodi
1804 2675 1925 2708 unquam
1933 2669 1996 2700 usus
2007 2670 2084 2700 venit
2094 2675 2125 2699 ut
2133 2668 2307 2700 conflictares
2317 2668 2404 2698 malo.
2455 2668 2474 2698 i.
2488 2677 2514 2698 e.

1419 2715 1456 2736 ‘on
1482 2716 1577 2744 igeres.

1396 2745 1609 2783 Rempublicam
1630 2747 1790 2776 confli6tare
1800 2767 1808 2782 ‚
1828 2754 1880 2783 pro
1903 2745 2028 2781 Affligere
2037 2767 2045 2780 ,
2067 2754 2170 2774 vexare
2181 2766 2189 2780 ,
2210 2750 2336 2774 atterere.
2376 2743 2469 2774 Tacit.
2486 2745 2515 2774 6.

1417 2785 1486 2812 Ann.
1499 2790 1543 2818 48.
1568 2784 1644 2814 Plura
1656 2794 1705 2822 per
1717 2784 1817 2814 scelera
1829 2783 2044 2821 Rempublicam
2059 2782 2275 2812 conflictavisset.

1396 2820 1558 2851 Conflidtari
1570 2823 1595 2851 &
1606 2823 1739 2851 dimicare
1747 2831 1812 2851 cum
1821 2821 1914 2859 aliquo
1925 2844 1932 2855 .
1962 2822 1981 2850 i.
1995 2831 2019 2850 e.
2042 2821 2199 2857 confligere
2212 2821 2236 2849 &
2253 2825 2365 2849 certare.
2400 2818 2458 2848 Cic.
2479 2818 2516 2848 de

1415 2859 1509 2896 Arusp.
1523 2859 1602 2897 Resp.
1618 2870 1662 2895 4².
1685 2860 1755 2889 Cum
1765 2860 1807 2889 his
1817 2859 1981 2894 conflictari,
2002 2860 2028 2888 «Sc
2037 2869 2086 2895 pro
2097 2858 2182 2887 salute
2191 2859 2286 2895 patriae
2298 2857 2424 2894 quotidie
2435 2857 2515 2886 dimi-

1416 2906 1478 2926 care
1489 2919 1497 2931 ,
1519 2904 1577 2926 erat
1585 2899 1702 2926 omnino
1712 2898 1766 2927 illis
1775 2898 1890 2934 quitum
1901 2897 2112 2933 [rempublicam
2123 2895 2315 2933 gubernabant
2327 2917 2335 2929 ‚
2357 2894 2513 2924 molestum.

1396 2934 1587 2964 Incommodis
1606 2935 1736 2965 homines
1756 2936 1863 2973 magnis
1878 2936 1903 2964 ἃ
1925 2936 2018 2963 multis
2034 2933 2246 2969 conflictantur,
2266 2939 2379 2971 propter
2397 2933 2515 2962 immen—

1416 2972 1470 3000 sam
1483 2973 1609 3008 pe'cuniae
1619 2973 1811 3010 cupiditatem.
1836 2974 1937 3002 Auctor
1947 2973 1982 3001 ad
1993 2973 2092 3001 Heren.
2105 2971 2154 3001 lib.
2166 2981 2192 3001 2.
2207 2981 2249 3006 37.

1396 3008 1509 3046 Judicio
1520 3011 1847 3040 conflictarihonestiore.
1888 3010 1945 3039 Cic.
1967 3020 2017 3047 pro
2029 3010 2128 3047 Quint.
2138 3020 2184 3045 44.
2215 3009 2277 3038 Hoc
2296 3018 2350 3046 quo
2367 3008 2511 3046 pertinet?

1417 3049 1467 3077 Sec.
1491 3055 1521 3076 ut
1532 3048 1689 3078 honestiore
1700 3048 1803 3083 iudicio
1816 3047 1978 3077 conflictere
1988 3048 2002 3076 ἶ)

1395 3084 1512 3121 Judiciis
1523 3086 1677 3115 conflictari
1689 3086 1825 3124 turpibus.
1865 3085 1924 3115 Cic.
1938 3096 1962 3122 9.
1977 3084 2050 3115 Fam.
2063 3094 2110 3120 ²5·
2132 3083 2199 3114 Noli
2211 3085 2269 3122 pati
2279 3083 2387 3120 litigare
2398 3082 2492 3112 fratres
2502 3102 2512 3117 ‚

1415 3123 1561 3157 &judiciis
1576 3124 1701 3160 turpibus
1714 3123 1876 3154 conflictari.
2465 3130 2473 3136 '

1394 3160 1765 3198 Superstitioneconflictari.
1807 3161 1865 3190 Cic.
1878 3172 1900 3190 i.
1917 3159 1952 3189 de
1964 3159 2059 3197 Legib.
2076 3168 2119 3195 32.
2141 3158 2198 3196 Qui
2219 3166 2317 3187 canem
2336 3159 2362 3188 ἃ
2384 3157 2468 3187 felem
2480 3162 2512 3187 ut

1414 3198 1481 3226 deos
1491 3198 1597 3233 colunt,
1625 3209 1682 3228 non
1693 3199 1793 3229 eadem
1805 3198 1996 3236 superstitione
2005 3220 2012 3232 ‚
2033 3207 2085 3234 qua
2094 3204 2192 3227 ceterae
2201 3204 2296 3233 gentes
2307 3195 2514 3226 conflitftantur.

1396 3234 1492 3265 Verbis
1503 3237 1652 3266 conflictari
1663 3236 1844 3273 iniquissimis.
1884 3237 1943 3265 Cic.
1960 3247 1982 3270 ς.
1998 3235 2072 3264 Verr.
2084 3239 2128 3269 69.
2152 3233 2326 3270 {niquiffimis
2338 3234 2444 3268 verbis,
2463 3234 2514 3261 im-

1414 3273 1581 3310 probillimis
1591 3274 1829 3311 recuperatoribus
1839 3274 1990 3303 conflictari
2000 3273 2140 3302 malebant
2151 3294 2158 3307 .
2180 3281 2261 3308 quam
2282 3273 2428 3308 quicquam
2448 3277 2513 3300 cum

1414 3311 1464 3339 isto
1479 3310 1523 3340 sua
1535 3312 1679 3341 voluntate
1692 3312 1830 3341 decidere.
1871 3309 2101 3340 Subautliendum
2113 3311 2223 3339 videtur
2233 3309 2356 3345 judicio.

1396 3347 1556 3378 Conflictari
1567 3371 1574 3385 ,
1595 3360 1645 3387 pro
1657 3350 1757 3383 interi.
1780 3350 1930 3386 interprete
1944 3348 2060 3378 Donato.
2084 3348 2197 3378 Terent.
2211 3349 2282 3377 ilnd.
2297 3358 2320 3377 ι.
2339 3356 2362 3376 1.
2374 3354 2419 3382 93.

1488 3384 1559 3415 Nam
1572 3388 1690 3423 quicum
1706 3387 1822 3424 ingeniis
1834 3385 2008 3416 conflidtatur
2021 3385 2168 3419 eiusmodi.

1396 3423 1512 3453 Annona
1527 3425 1600 3461 gravi
1612 3426 1775 3454 conflictari.
1799 3424 1869 3453 Hirt.
1879 3424 1915 3452 de
1927 3423 1991 3453 Bell.
2007 3423 2058 3452 Afr.
2077 3432 2136 3460 cap.
2153 3430 2198 3454 24.

1394 3460 1545 3490 Doloribus
1559 3463 1720 3492 conflictari.
1751 3461 1819 3490 Cels.
1833 3461 1914 3490 lib.2.
1925 3471 1985 3497 cap.
1998 3470 2023 3498 7.
2044 3460 2152 3497 Quibus
2163 3460 2210 3488 diu
2221 3457 2315 3492 color.
2337 3457 2393 3487 sine
2411 3456 2508 3486 morbo

1414 3500 1499 3535 regio,
1515 3499 1601 3528 malus
1610 3501 1656 3534 est,
1678 3500 1705 3529 hi
1715 3499 1757 3529 vel
1768 3499 1866 3535 capitis
1877 3498 2018 3528 doloribus
2029 3497 2233 3529 conflictantur.
2249 3495 2292 3537 vel
2303 3502 2402 3525 terram
2414 3495 2511 3524 edunt.

1413 3536 1444 3565 ln
1459 3536 1558 3566 Lexico
1569 3537 1686 3575 Crispini
1698 3536 1819 3566 exCelso
1831 3559 1839 3571 ‚
1861 3536 2020 3566 Confiiftari
2031 3537 2059 3564 in
2071 3536 2143 3564 lec'to
2175 3544 2204 3563 ro
2218 3534 2381 3569 ῥιππιζεῶας.
2405 3533 2438 3563 Η.
2452 3533 2490 3562 St.

1394 3572 1528 3604 molestiis
1540 3575 1767 3604 diuturnioribus.
1791 3574 1848 3603 Cic.
1862 3578 1886 3603 6.
1899 3574 1972 3603 Fam.
1991 3580 2031 3609 ιζ.
2054 3573 2101 3602 ubi
2114 3583 2147 3611 pa
2172 3581 2214 3601 ive
2226 3572 2346 3608 ponitur.

1394 3610 1507 3641 Morbo.
1549 3612 1615 3642 Plin.
1627 3612 1674 3642 lib.
1689 3623 1731 3648 29.
1743 3622 1802 3649 cap.
1815 3621 1838 3647 3.
1862 3612 1989 3648 Namque
1999 3611 2077 3641 anser
2091 3609 2242 3646 corvusque
2260 3608 2294 3638 ab
2314 3609 2404 3638 aestate
2419 3608 2448 3637 in
2459 3607 2510 3636 Au-

1412 3657 1541 3678 tumnum
1556 3650 1654 3679 morbo
1666 3649 1818 3679 conflictari
1835 3650 1973 3678 dicuntur.

1393 3686 1454 3715 Siti.
1496 3686 1562 3715 Cels.
1575 3687 1621 3716 lib.
1638 3697 1661 3723 3.
1678 3697 1738 3725 cap.
1749 3697 1772 3721 7.
1795 3688 1821 3716 Si
1833 3689 1893 3720 quis
1902 3694 1993 3716 autem
2004 3686 2033 3714 in
2045 3684 2203 3721 huiusmodi
2217 3683 2293 3713 febre
2306 3683 2404 3713 leviter
2414 3678 2508 3716 tussit,

1413 3724 1435 3752 is
1450 3733 1541 3759 neque
1551 3725 1708 3754 vehementi
1720 3725 1760 3754 siti
1775 3725 1950 3754 conflictatur
1963 3746 1971 3759 ‚
1990 3725 2040 3754 ἃς.

1393 3760 1559 3790 valetudine
1570 3761 1663 3799 iniqua
1675 3762 1835 3792 conflidtari.
1861 3762 1926 3791 Plin.
1946 3772 1966 3791 i.
1980 3760 2062 3798 Epist.
2082 3768 2122 3788 η.

1755 3810 1810 3829 um.
1843 3795 2102 3836 [cusirxexerusffi&⁴]
2131 3796 2228 3825 Partic.
2249 3800 2281 3825 ut
2291 3817 2299 3830 ‚
2327 3794 2509 3824 Confllftatu!

1394 3836 1468 3873 gravi
1477 3836 1583 3865 morbo.
1626 3836 1692 3866 Plin.
1705 3822 1752 3866 lib.
1765 3847 1808 3873 23·
1829 3847 1890 3875 cap.
1906 3847 1929 3866 1.
1952 3838 2026 3866 Suet.
2038 3835 2067 3864 in
2083 3834 2180 3864 Claud.
2200 3843 2259 3871 cap.
2275 3843 2301 3862 α.
2339 3833 2424 3863 Variis
2435 3832 2460 3861 ἃ
2470 3839 2511 3859 te·

1394 3873 1508 3902 nacibus
1516 3874 1621 3904 morbis
1638 3875 1811 3904 conflictatus
1822 3876 1868 3904 est.

1392 3910 1494 3941 Hieme
1504 3912 1668 3942 conflictatae
1681 3912 1820 3942 saevissima
1831 3912 1966 3942 volueres.
1988 3909 2058 3940 Plin.
2071 3908 2120 3938 lib.
2135 3913 2175 3942 18.
2188 3917 2248 3946 cap.
2261 3916 2307 3943 εις.

1777 298 1835 318 um.
1858 285 2083 325 [πτΦλεγῶρΘ-ι]
2118 289 2212 318 Partic.
2236 289 2338 318 Auc‘tor
2359 288 2396 318 ad
2417 288 2519 318 l-leren.

2433 3937 2509 3972 Diffi.
