2604 4222
132 167 204 203 2911
554 150 582 185 Δ
676 147 707 182 T
804 143 835 180 ‘l'

176 239 206 270 L.
220 239 326 272 Attius,
347 236 431 266 Poeta
441 233 559 264 eximius
568 231 622 260 suit
633 251 641 263 ,
663 227 758 257 multis
773 226 852 255 annis
866 223 983 253 Pacuvio
994 222 1110 263 minor..
1124 218 1171 255 qui
1186 216 1300 246 diceba-

198 283 242 306 tur
253 276 315 314 plus
329 275 430 303 habere
442 268 643 309 magnitudinis
653 269 678 296 &
689 262 939 303 grandiloquentiae
950 282 956 291 .
979 270 1009 287 ut
1029 260 1066 287 ita
1082 254 1175 300 dicam
1187 255 1299 299 :sacu-

200 316 261 344 vius
272 313 334 351 plus
348 311 490 341 doetrinae.
532 307 590 336 Cic.
603 306 632 334 in
642 305 715 334 Brut.
727 312 792 335 229.
814 300 901 328 Attius
923 297 1018 340 iisdem
1036 295 1164 337 adili-bus
1184 300 1221 322 ait
1233 292 1257 321 se
1273 294 1299 321 Sc

201 352 352 384 Pacuvium
363 347 484 378 docuisse
495 345 617 375 fabulam
627 365 635 377 ,
657 350 743 378 quum
762 339 815 377 ille*
827 337 966 373 octoginta
979 356 986 367 ,
1008 333 1064 371 ipse
1082 337 1198 374 triginta⁴
1213 340 1301 371 annos

202 397 283 420 natus
293 388 368 418 esset.
380 386 457 415 Idem
469 384 526 413 Cic.
538 383 566 411 in
578 381 654 410 Orat.
666 388 717 416 pro
726 376 864 409 P.Sexti0‚
878 384 887 401 1
899 383 937 407 19.
948 372 1002 409 seq.
1020 369 1123 400 multos
1133 371 1199 412 littii
1211 368 1302 396 versus

204 427 310 466 profert
319 448 327 460 ,
340 432 459 460 eumque
469 419 670 450 disertissimum
680 421 793 453 poetam
804 411 942 453 appellat..
972 410 1014 439 De
1025 415 1104 437 aetate
1114 415 1173 442 ejus
1193 406 1223 434 V.
1237 405 1304 434 Cor-

206 466 263 495 rad.
276 464 310 493 ad
324 461 396 492 Brut.
411 460 469 490 Cic.
484 467 544 494 107.
584 450 869 485 Scribiturinterdurn
882 453 977 478 [iccius
988 447 1033 476 sed
1041 454 1194 484 perperam.
1225 442 1304 479 [Huc

208 512 274 540 ergo
284 499 414 534 transfer,
437 507 497 534 quae
507 495 585 532 supra
598 494 627 522 in
641 502 660 520 A
669 501 686 520 c
696 500 729 519 ci
740 500 755 518 u
767 499 779 517 s
796 488 933 525 leguntur.

153 541 176 573 A
186 550 234 570 ἸΤ
244 551 309 569 OLL
319 548 336 566 Ο
348 559 356 571 ,
379 533 487 572 [ἑταίρω
498 555 507 568 ,
527 534 611 565 aiacem
623 552 631 565 ,
651 524 818 563 μεπωῶῖζω]
839 526 894 554 cre.
916 534 952 553 ex
967 523 1008 552 Ad
1025 524 1052 553 Sc
1072 518 1157 551 Tollo
1171 517 1308 557 composi·

191 588 252 608 tum
264 588 272 613 3
293 576 400 612 Erigere
412 571 551 611 significat.
573 568 659 598 Plaut.
670 565 729 595 Cas.
740 576 767 600 4.
779 576 806 599 4.
822 574 845 592 i.

271 613 375 644 Sensim
385 611 465 648 super
473 606 568 638 attolle
578 606 665 635 limen
675 603 760 643 pedes
772 624 779 637 ,
800 610 873 630 nova
883 605 977 639 nupta.

193 653 324 683 attollere
335 652 360 680 δι’
369 649 468 677 levare.
508 645 566 674 Liv.
595 643 746 679 Quumque
756 639 782 668 se
794 639 909 676 quisque
919 635 1045 666 attollere
1054 644 1086 664 ac
1093 633 1185 663 levare
1195 630 1288 662 vellet.

193 691 322 728 Aliquem
331 687 417 716 triviis
428 683 561 714 attollere.
601 680 669 710 Hor.
685 690 708 708 1.
722 677 804 716 Epist.
820 686 863 713 17.
876 681 918 713 58.

274 728 335 757 Nec
344 723 429 754 semel
437 721 525 751 irrisus
537 719 623 748 triviis
634 715 760 747 attollere
771 720 849 744 curat

272 765 370 794 Fracto
379 760 457 790 crure
466 757 590 797 planum.
935 788 941 793 .
1084 786 1086 788 v
1165 784 1170 789 .
1215 782 1221 788 .

195 805 215 834 A
230 803 303 840 gravi
314 800 375 830 casu
384 799 410 828 se
419 796 554 828 attollere.
594 794 649 824 Liv.
663 798 689 827 8.
706 800 732 828 7.
755 791 847 827 Quem
867 787 981 831 cuspide
998 794 1147 825 parmaque
1164 791 1291 825 innixum
1303 803 1311 815 ,

213 839 389 870 attollentem
400 837 426 865 se
436 846 451 864 a
461 831 604 872 gravicasu
614 854 622 867 ,
644 830 766 861 Manlius
777 829 810 858 ab
830 827 936 865 jugulo,
953 833 991 854 ita
1002 832 1033 854 ut
1049 834 1097 862 per
1116 822 1200 852 costas
1210 822 1313 850 serrum

214 879 365 911 emineret,
382 881 459 904 terrae
469 872 564 902 affixit.
1090 899 1095 904 .

195 917 218 947 A
230 923 301 944 terra
311 913 337 943 se
346 912 480 942 attollere.
521 909 590 938 Piin.
608 907 655 937 lib.
669 915 714 940 24.
729 915 790 942 cap.
812 913 854 932 io.
876 902 945 931 Item
964 897 1158 941 cliamaecilson
1174 894 1315 934 appellant

215 954 348 984 hederam
359 959 416 980 non
426 947 602 978 attollentem
612 945 638 974 se
649 951 750 973 aterra.
772 943 789 971 i.
803 950 827 971 e.
848 940 1012 982 Serpentem
1021 937 1108 965 humi.

197 991 313 1023 Arcadia
324 984 458 1018 attollitur
466 987 495 1015 in
507 991 616 1014 montes
625 982 671 1011 sex
680 988 762 1017 atque
781 991 797 1008 L
805 989 823 1009 x
832 989 859 1008 x.
881 978 950 1020 le.
961 974 1014 1018 lib.¹
1024 986 1050 1009 4.
1067 983 1128 1011 cap.
1137 975 1161 1001 6.

197 1031 296 1060 Arcem
306 1027 385 1057 tectis
395 1025 530 1056 attollere.
569 1022 640 1058 Virg.
656 1030 680 1057 3.
703 1019 764 1048 ffin.
780 1027 840 1053 ¹34-
874 1015 928 1045 Ubi
941 1014 1051 1043 Servrus
1067 1034 1075 1047 ,
1106 1011 1137 1041 ld
1160 1010 1198 1039 est
1216 1009 1316 1038 domos

216 1066 361 1096 aediiicare.
1140 1085 1147 1091 .
1213 1085 1219 1090 ι

200 1105 293 1135 Colles
313 1103 361 1133 alti
377 1099 551 1131 attolluntur.
582 1097 609 1127 h.
633 1107 657 1126 e.
690 1093 837 1131 insurgunt
866 1092 892 1120 &
919 1089 1068 1120 elevantur.
1109 1083 1178 1115 Plin.
1201 1084 1248 1113 lib.
1272 1093 1314 1112 12.

219 1153 250 1172 ca
272 1165 279 1171 .
300 1151 310 1171 i
336 1161 341 1168 .

200 1153 295 1210 61οξ13
304 1152 334 1208 fg
343 1176 455 1207 attollit.
476 1174 548 1209 virg.
563 1184 588 1208 4.
607 1171 668 1202 IEn.
684 1172 745 1207 176.

200 1218 329 1249 Humeris
339 1215 475 1245 attollere.
498 1213 568 1248 virg.
586 1221 611 1246 4.
628 1209 800 1246 Georg.2i7.

280 1255 313 1285 Et
323 1254 393 1292 saepe
402 1251 533 1281 attollunt
545 1248 676 1278 humeris.
1093 1276 1099 1282 ι
1160 1271 1162 1274 .

199 1293 369 1324 Immensum
385 1291 490 1320 flumen
504 1287 646 1316 attollitur.
686 1283 776 1312 Tacit.
790 1283 820 1323 6..
840 1280 910 1309 Arm.
926 1286 969 1313 ³7.
1011 1275 1183 1320 Nuntiavere
1199 1273 1319 1308 accolae‘,

220 1332 391 1369 Euphratem
402 1327 478 1357 nulla
487 1325 618 1355 imbrium
628 1323 653 1352 vi
664 1322 761 1359 sponte
773 1321 799 1349 ἃ
814 1315 980 1347 immensum
988 1314 1089 1344 attolli.

198 1369 234 1400 :In
246 1368 359 1398 coelum.
386 1364 455 1396 Plin.
467 1364 516 1393 lib.
530 1373 572 1391 21.
587 1371 648 1398 cap.
661 1370 686 1396 7.

200 1407 255 1438 Iras
266 1404 401 1436 attollere.
421 1402 494 1439 Virg.
507 1411 533 1430 2.
548 1400 608 1430 ffin.
624 1404 684 1432 ¹85·
772 1432 777 1438 ι
1041 1427 1047 1433 ⁸
1303 1423 1318 1430 '-

202 1445 295 1477 Minas
305 1443 435 1474 attollens
447 1440 568 1478 serpens.
608 1432 744 1465 Columel.
760 1431 808 1461 lib.
820 1436 845 1465 8.
859 1439 919 1467 cap.
932 1438 958 1458 2.
992 1427 1069 1464 Quin
1081 1425 1258 1456 attollentem
1272 1433 1324 1453 min

219 1493 269 1512 nas
280 1482 435 1520 serpentem
445 1501 453 1514 ,
473 1477 517 1507 vel
527 1475 603 1506 aliud
611 1473 728 1503 noxium
739 1467 1017 1510 animalfinterficere.
1036 1503 1041 1509 ¹

202 1519 295 1552 Malos
305 1518 396 1549 attolli
410 1517 494 1553 jubet.
540 1514 612 1550 Virg.
626 1523 649 1547 ς.
663 1510 715 1541 AEn
733 1512 796 1544 829.
820 1507 874 1536 Ubi
884 1506 1011 1539 Servius,
1034 1513 1053 1532 i.
1070 1512 1094 1531 e.
1117 1500 1185 1530 Vela
1202 1510 1253 1538 per
1266 1509 1322 1528 ma-

223 1558 316 1588 lorum
330 1555 536 1586 volubilitatem
557 1551 662 1580 levari:
690 1557 756 1576 nam
775 1555 840 1575 cum
860 1544 1022 1580 navigarent
1042 1541 1101 1570 non
1120 1538 1236 1569 dubiuiii
1255 1538 1325 1575 quin

224 1596 291 1626 olim
304 1594 443 1624 erexerint
452 1591 573 1621 arbores.

203 1632 447 1665 Murosattollere.
470 1628 517 1658 Sil.
529 1627 577 1656 lib.
592 1636 633 1661 ις.
890 1658 895 1663 .

203 1672 319 1703 Nomen
328 1670 444 1705 alicujus
453 1666 588 1697 attollitur
596 1663 632 1693 ad
643 1661 738 1705 sidera.
759 1658 862 1689 Lucan.
877 1656 926 1686 lib.
936 1665 961 1694 7.
975 1665 1017 1685 11.

205 1710 314 1740 Oculos
328 1707 470 1741 attollere,
491 1703 643 1742 Suspicere.
667 1700 737 1736 Virg.
755 1708 781 1734 4.
799 1697 859 1727 ffin.
876 1699 940 1739 683.
978 1731 984 1737 .
1069 1729 1075 1735 ι
1179 1731 1182 1734 ⁴
1248 1727 1255 1733 ¹
1318 1711 1325 1733 2

206 1748 314 1778 Oculos
324 1744 460 1776 adversus.
502 1742 559 1771 Liv.
574 1743 599 1769 6.
628 1738 689 1768 Nec
705 1734 834 1776 adversus
852 1733 1031 1776 Dit‘tatoriam
1049 1737 1122 1772 vim,
1143 1733 1191 1758 aut
1208 1726 1326 1757 Tribuni

226 1785 317 1829 plebis
327 1807 335 1820 ,
356 1789 404 1813 aut
412 1781 469 1820 ipsa
481 1779 561 1818 plebs
570 1776 697 1807 attollere
704 1772 801 1804 oculos
811 1794 819 1807 ‚
841 1777 888 1801 aut
903 1770 1008 1800 hiscere
1019 1767 1169 1797 audebant.

205 1821 419 1899 {feliliimplarigiiil
429 1819 539 1886 Eugelff
550 1820 639 1890 l6ib315.
662 1861 722 1890 cap.
742 1852 787 1880 26.
811 1846 957 1878 Histrionis
979 1844 1018 1874 est
1037 1842 1150 1881 parvam
1169 1850 1229 1871 rem
1246 1840 1329 1870 attol-

207 1900 360 1968 Sffrziitollit
378 1933 509 1964 mundus.
547 1929 616 1960 Plin.
635 1927 684 1957 lib.
695 1936 721 1956 2.
741 1934 802 1964 cap.
823 1933 868 1960 70.
896 1922 995 1959 Neque
1012 1919 1089 1949 enim
1108 1918 1162 1954 (ut
1172 1917 1267 1946 dixere
1281 1915 1329 1944 ali-

227 1976 296 2013 qui)
316 1973 438 2003 mundus
457 1971 512 2000 hoc
527 1968 594 2007 polo
613 1964 762 1996 excelsiore
783 1962 810 1992 se
827 1961 943 1990 attollit:
975 1965 1022 1988 aut
1040 1957 1165 1993 undique
1183 1963 1330 1985 cerneren-

227 2020 271 2043 tur
287 2013 346 2042 haec
361 2011 455 2040 sidera.
1024 2033 1030 2039 ⁶
1269 2029 1275 2036 .

209 2051 244 2082 Se
255 2049 380 2081 attollere
394 2047 475 2077 urbes
492 2054 525 2075 ac
542 2047 653 2072 montes
666 2040 797 2070 dicuntur
807 2059 815 2072 ,
836 2035 913 2073 quod
927 2044 943 2064 e
955 2033 1110 2072 longinquo
1131 2029 1332 2061 accedentibus

228 2088 362 2128 paulatim
374 2086 509 2122 assurgere
519 2082 674 2111 videantur.
715 2077 789 2114 Virg.
806 2085 829 2110 3.
842 2074 904 2104 AEn.
918 2082 979 2108 552.
1003 2110 1009 2115 ἱ

291 2126 366 2156 Hinc
375 2124 446 2154 finus
457 2119 587 2152 Herculei
609 2117 648 2153 (si
657 2125 722 2145 vera
731 2115 769 2144 est
778 2114 851 2143 fama
862 2114 873 2148 )
894 2111 1011 2141 Tarenti
1038 2147 1043 2153 ,
1153 2144 1159 2150 -
1184 2144 1190 2150 ι

291 2163 420 2193 Cernitur
434 2171 441 2190 :
462 2157 566 2189 attollit
577 2155 603 2186 se
616 2155 679 2192 diva
692 2150 805 2183 Lacinia
821 2156 927 2180 contra.
1010 2147 1080 2177 Diva
1096 2145 1209 2174 Lacinia
1219 2165 1227 2178 ‚
1246 2142 1332 2179 Juno-

229 2204 272 2233 nis
284 2201 405 2232 Lacinia:
413 2198 560 2236 templum.
601 2193 719 2223 Servius.
788 2228 792 2233 ⁸
978 2224 984 2229 ⁵
1095 2222 1100 2227 ³
1151 2220 1157 2226 η
1326 2218 1331 2224 .

210 2243 246 2273 Se
261 2238 387 2270 attollere
400 2246 477 2266 venae
489 2235 636 2265 dicuntur,
657 2230 754 2265 Quum
766 2226 883 2257 dilatant
901 2224 955 2254 sese
977 2233 1006 2252 iri
1023 2221 1115 2252 cordis
1129 2218 1244 2263 diastole
1256 2240 1264 2252 ‚
1280 2227 1333 2262 *cui

231 2277 384 2317 opponitur
403 2273 581 2305 Submittere.
620 2267 688 2297 Cels.
708 2267 756 2295 lib.
772 2276 796 2294 1.
813 2265 841 2293 in
855 2272 973 2301 prooem.
998 2260 1073 2290 Turn
1088 2263 1233 2295 requirunt
1248 2263 1334 2286 etiam

231 2315 367 2354 (inquit)
387 2322 470 2351 quare
486 2318 563 2340 venae
576 2307 671 2337 nostrae
683 2304 769 2334 niodo
780 2302 945 2332 submittant
958 2299 984 2329 se
996 2321 1005 2334 ,
1024 2297 1111 2327 modo
1123 2295 1261 2325 attollant.
1302 2294 1334 2323 V.

211 2361 511 2425 εἶῗηῗοῖἑζτᾶίιῑηιῑι,
523 2384 572 2414 lib.
586 2393 609 2412 1.
720 2418 725 2424 ι
880 2415 885 2420 ⁸
1272 2402 1274 2407 ¹

213 2432 304 2469 Signa.
346 2427 431 2457 Plaut.
445 2425 532 2455 Casin.
544 2432 570 2453 2.
584 2425 609 2451 6.
624 2431 647 2457 5.
670 2416 748 2456 Quid
765 2416 783 2446 si
804 2424 920 2455 propius
938 2411 1097 2442 attollamus
1115 2409 1207 2447 signa,
1230 2417 1337 2438 eamus-

214 2460 506 2540 Atlsiiilgigjaffui‘ene.
537 2493 674 2528 Pacuvius
686 2493 773 2524 Medo
784 2514 792 2527 ,
813 2490 955 2522 Custodite
973 2488 1052 2517 istum
1063 2495 1113 2515 vos
1124 2508 1132 2521 ,
1153 2494 1189 2514 ne
1199 2488 1264 2514 'euni
1276 2484 1337 2521 quie

234 2543 360 2577 attollat,
383 2550 452 2569 neve
463 2539 523 2575 quis
533 2536 658 2571 attingat.
698 2531 819 2561 Nonius.
1176 2560 1181 2566 ⁸
1238 2561 1243 2566 Ι

216 2581 367 2616 attollere,
389 2588 440 2617 pro
454 2575 585 2609 Tollere,
609 2572 751 2602 Educare:
774 2571 826 2603 ut,
854 2564 985 2595 Attollere
1001 2568 1121 2601 partum.
1143 2560 1213 2590 le.
1225 2559 1274 2589 hb.
1295 2569 1336 2589 11.

235 2629 297 2658 cap.
312 2628 355 2655 39.
507 2651 513 2657 Π
590 2647 595 2655 .
643 2642 650 2655 ¹
1130 2637 1135 2642 -
1301 2634 1307 2640 ι
1333 2638 1338 2645 ,

181 2662 404 2692 ᾸττοωΑῑΝ5
416 2676 424 2687 ,
444 2651 541 2682 Partic.
567 2645 716 2684 [ev-ouem]
737 2649 768 2673 ut
779 2665 787 2677 ,
809 2641 896 2671 Crura
911 2639 1041 2669 attollens
1051 2659 1060 2674 ,
1084 2636 1187 2667 Altiore
1201 2636 1288 2674 gradu
1300 2644 1342 2664 in-

219 2696 333 2728 cedens.
356 2692 404 2723 Sil.
416 2691 464 2720 lib·
478 2692 519 2718 16.
562 2687 602 2716 De
612 2693 684 2721 equo
696 2681 859 2724 Panchetis,

376 2746 412 2750 -
423 2737 484 2758 tum
494 2725 590 2755 mollia
601 2732 678 2752 crura
688 2719 798 2758 superbi
878 2754 884 2760 θ

332 2767 465 2798 Attollens
474 2762 575 2802 gressus
583 2783 590 2797 ,
611 2768 712 2797 magno
722 2758 843 2787 clamore
853 2752 1011 2790 triumphat.
1200 2785 1203 2793 ,Α

182 2813 411 2842 ΑττοΝῡεο,
434 2803 460 2831 di
473 2825 480 2835 .
503 2799 576 2834 sum,
593 2796 751 2834 ,[ὶπικάςω]
773 2797 827 2823 ere.
860 2792 987 2821 Omnino
1006 2788 1131 2831 tondere.
1153 2787 1240 2817 Plaut.
1261 2786 1341 2824 Capt.

220 2858 246 2878 2.
257 2857 281 2877 2.
300 2851 341 2879 18.
383 2842 439 2872 Sed
447 2846 541 2870 utrum
554 2860 562 2874 ,
584 2836 733 2866 (tristimne
746 2830 916 2862 attonsurum
931 2829 1022 2857 dicam
1045 2827 1099 2856 esse
1114 2849 1122 2862 ,
1143 2836 1178 2855 an
1195 2835 1244 2864 per
1258 2824 1344 2862 pecti-

220 2895 286 2915 nem
297 2906 305 2919 ,
326 2881 428 2911 nescio.
940 2904 945 2909 Π

222 2921 373 2954 Attondere
381 2914 572 2948 ulmos-plaut.
579 2910 687 2949 Epida.
694 2918 705 2946 3
712 2911 749 2938 .6.
763 2903 946 2944 [lmmoUlmi
958 2901 1317 2947 attondent.V.Interpp.ad
1325 2899 1343 2929 l.

222 2958 356 2998 Virgulta.
377 2956 450 2992 Virg,
469 2963 510 2983 10.
522 2950 580 2981 Ecl.
593 2959 619 2986 7.
1060 2977 1065 2983 ο

224 2997 376 3029 Attondere
387 2993 506 3030 aliquem
521 2999 587 3018 auro
599 3010 606 3023 ‚
627 2996 676 3024 per
687 2982 879 3020 metaphoram
890 3003 897 3014 ,
919 2988 969 3016 pro
988 2976 1122 3015 Spoliare.
1144 2976 1231 3005 Plaut.
1244 2975 1344 3011 Bacch.

214 3050 216 3052 ’
247 3048 272 3071 ς.
291 3045 312 3064 i.
325 3044 351 3069 9.
390 3031 415 3062 Is
425 3039 469 3060 me
479 3027 566 3057 scelus
576 3035 642 3055 auro
652 3023 686 3052 us
701 3031 735 3051 ue
746 3019 867 3050 attondit
878 3017 968 3046 doctis
984 3015 1130 3044 indoctum
1148 3014 1230 3043 dolis.
1281 3012 1347 3049 [Ita

244 3073 333 3105 Graeci
347 3081 373 3100 v.
387 3068 518 3101 ιτέὲαεῗροια
528 3070 654 3095 utuntur.
683 3033 727 3088 qV.
749 3057 819 3088 Barl.
832 3056 867 3085 ad
876 3055 991 3084 Luciani
1001 3053 1076 3083 Tim.
1087 3063 1116 3090 p.
1129 3056 1174 3088 ⁶4·
1189 3052 1234 3082 ed,
1247 3052 1334 3082 Gsaev,

190 3115 211 3144 A
219 3122 239 3143 *r
247 3122 266 3142 T
275 3122 292 3141 ο
300 3120 320 3140 N
330 3120 348 3139 0
357 3119 371 3138 a
379 3117 400 3137 N
411 3116 423 3136 s
434 3128 443 3141 ,
464 3104 560 3134 Partic.
582 3103 597 3138 [
610 3098 726 3138 ἐπικήρων
738 3096 751 3132 ]
772 3095 846 3138 Virg.
858 3103 884 3123 2.
902 3093 1002 3129 Georg.
1013 3093 1078 3126 406.

379 3161 417 3167 --
425 3152 510 3173 curvo
520 3138 629 3170 Saturni
637 3137 723 3170 dente
732 3132 856 3163 reliiftam

321 3178 493 3220 Persequitur
504 3179 591 3209 vitem
600 3174 759 3206 attondens.
803 3186 813 3204 Δ
912 3206 918 3211 ·
1249 3202 1256 3209 ¹
1311 3189 1319 3209 ⁴.

193 3228 242 3258 AT
250 3234 269 3254 τ
278 3234 295 3253 o
303 3233 323 3252 N
332 3232 344 3252 s
354 3232 372 3251 υ
381 3231 392 3251 s
407 3243 414 3255 ,
435 3218 531 3249 Partic.
554 3207 799 3252 [ἐπικειωιςμὲνΘ-’ῘῙ
819 3205 889 3236 Cels.
900 3205 948 3234 hb.
958 3214 984 3240 4.
997 3213 1060 3241 cap.
1073 3209 1097 3240 3.
1130 3202 1230 3241 Neque
1249 3201 1350 3232 munla

231 3263 283 3293 erit
292 3266 377 3297 caput
385 3256 524 3288 attonsum
532 3253 644 3283 habere.

231 3298 344 3330 Attonsa
351 3306 423 3326 arva.
446 3294 547 3324 Lucan.
561 3291 610 3320 lib.
624 3293 649 3319 6.
664 3293 722 3330 84..
786 3321 791 3327 ,
874 3318 881 3324 .
1006 3312 1011 3321 Α
1072 3318 1075 3321 ¹
1155 3315 1161 3321 ι
1206 3315 1212 3321 .

230 3338 311 3367 Laus.
351 3335 409 3365 Cic.
423 3344 447 3369 5.
464 3330 545 3361 Tusc.
556 3340 601 3365 49.
623 3327 656 3358 Et
667 3325 744 3354 estin
756 3321 912 3388 311ἓ113ν113
927 3315 1106 3355 praedicabile
1126 3313 1234 3353 aliquid
1249 3315 1276 3344 ἀ
1294 3315 1355 3353 glo.

253 3374 398 3408 riandum„
418 3380 451 3400 ac
462 3379 517 3409 prae
526 3367 552 3397 se
561 3365 726 3396 ferendum:
748 3366 780 3389 ut
813 3355 1016 3396 paminondas‚

313 3408 437 3441 Consiliis
449 3407 545 3436 nostris
555 3405 615 3434 laus
625 3403 663 3432 est
673 3398 778 3430 attonsa
788 3396 939 3439 Laconum.
953 3433 969 3438 ‚
1207 3428 1213 3435 ι
1268 3427 1271 3436 ‚

197 3453 217 3482 Δ
226 3458 273 3480 'rr
283 3451 299 3479 ὅ
309 3458 328 3478 N
337 3458 354 3478 0
366 3470 374 3482 ,
395 3447 423 3479 ui
432 3468 440 3480 ‚
459 3447 530 3474 itum
544 3465 552 3478 ,
571 3439 726 3479 [mvnda-m
738 3459 747 3472 ,
778 3430 935 3470 ἕμζςονῖαω]
954 3439 1008 3474 tire.
1029 3428 1151 3471 Verbum
1164 3427 1294 3458 rarissime
1313 3428 1355 3458 le.

234 3489 326 3518 etum:
347 3485 424 3522 quod
433 3481 610 3520 Stupefacere
622 3477 732 3507 videtur
743 3471 902 3516 significare.
921 3466 1008 3513 OVid.
1020 3477 1045 3502 4.
1061 3465 1146 3504 Epist.
1161 3473 1204 3501 50.

315 3524 368 3553 Aut
377 3519 577 3559 quassemideae
589 3515 726 3553 Dryades,
748 3512 888 3546 Faunique
900 3506 1029 3536 bicornes
1087 3542 1092 3547 ¹

350 3559 475 3593 Numine
486 3556 627 3586 contactas
640 3559 785 3582 attonuere
793 3547 850 3577 su0.
937 3580 942 3589 ἰ
1034 3575 1040 3587 x
1057 3541 1133 3571 Hinc

201 3604 250 3636 Ατ
259 3608 279 3628 ἰ-
288 3607 305 3627 ο
314 3607 334 3627 N
343 3599 382 3627 ῖτ
392 3607 411 3625 u
420 3606 432 3626 s
443 3618 450 3630 ,
472 3591 667 3631 [λ’γηῖπκηκτςῷ·
679 3612 688 3626 ,
715 3585 884 3624 ifass’go‘mnt&
895 3604 904 3618 ‚
923 3580 1078 3614 ωςκπυς]
1107 3579 1221 3608 Nomen
1243 3586 1279 3607 ex
1297 3573 1357 3607 Par-

239 3637 287 3666 tic.
311 3635 381 3671 Virg.
393 3644 417 3669 3.
433 3633 494 3663 AEn.
515 3640 573 3675 ¹7²·
622 3667 627 3672 .
1105 3653 1110 3659 .
1200 3653 1207 3659 ι

317 3672 432 3702 Talibus
450 3675 584 3699 attonitus
601 3666 681 3700 visis,
712 3673 744 3693 ac
764 3669 834 3691 voce
849 3658 975 3688 deorum.
1059 3653 1112 3683 Ubi
1131 3653 1240 3683 Servius
1252 3675 1260 3687 ,
1282 3652 1310 3681 h.
1331 3662 1356 3682 e,

238 3710 355 3743 Talibus
366 3704 483 3738 deorum
494 3705 624 3735 vultibus.
646 3702 722 3732 unde
741 3698 880 3740 sequitur,
902 3697 939 3724 Ac
951 3702 1021 3723 voce
1037 3692 1163 3734 deorum.
1186 3700 1251 3719 nam
1265 3692 1290 3719 8.-
1310 3700 1360 3718 vo.

240 3759 273 3779 ee
289 3748 315 3778 se
332 3747 401 3776 dicit
410 3746 559 3776 attonitum
575 3744 601 3772 8<
615 3740 686 3770 vilis.
747 3739 887 3766 Attonitus
905 3742 971 3762 vero
990 3731 1028 3760 est
1044 3729 1228 3766 Stupesaetiis.
1286 3728 1359 3757 Nam

239 3785 351 3826 proprie
363 3784 500 3813 Attonitus
508 3781 627 3815 dicitur,
649 3777 701 3807 Cui
713 3775 789 3806 casus
799 3772 884 3803 vicini
894 3769 1019 3800 fulminis
1040 3769 1066 3798 &
1084 3767 1188 3796 sonitus
1206 3766 1361 3794 tonitruum
1402 3772 1407 3780 ¹

278 3823 353 3852 ntstu
376 3830 462 3850 orem.

238 3826 380 3893 iitonitdjs
398 3861 508 3896 quoque
531 3853 642 3890 (inquit
653 3850 723 3882 Cels.
737 3849 785 3878 lib.
798 3857 822 3884 3.
839 3855 900 3884 cap.
915 3844 983 3879 26.)
1004 3842 1222 3887 raro-videmus,
1242 3849 1361 3877 quorum

261 3901 286 3929 &
296 3906 397 3935 corpus
412 3897 437 3925 &
451 3902 529 3923 inens
539 3892 637 3928 stupet.
675 3889 719 3918 Fit
737 3885 878 3916 interdum
889 3884 946 3913 ictu
964 3881 1090 3911 fulnunis
1103 3902 1112 3916 ,
1133 3878 1275 3909 interdum
1290 3887 1363 3907 mor-

257 3937 310 3966 bo:
332 3932 490 3964 alm-wangiam
498 3930 574 3959 hunc
582 3925 669 3957 Graeci
679 3924 831 3962 appellant.

241 3972 347 4005 Animis
361 3969 486 4002 attonitis
500 3966 608 3996 haesere.
632 3964 704 4001 Virg.
719 3972 743 3997 ς.
759 3961 822 3990 AEn.
838 3968 899 3995 529.

1812 137 1841 170 A
1935 136 1966 170 T
2055 134 2085 168 T

1390 216 1615 246 Auresattonitre.
1639 215 1702 245 Seri.
1717 216 1807 246 OEth.
1824 221 1850 250 8.

1391 256 1481 284 Arces.
1504 253 1622 284 Silltal.
1638 265 1662 288 4.
1676 263 1701 289 7.
1730 287 1733 290 .

1392 292 1454 321 Cor.
1479 293 1562 321 Ovid.
1580 301 1619 320 ιι.
1638 291 1706 320 lllet.
1723 301 1786 328 709.
2546 311 2547 318 .
2583 300 2586 317 ῑ

1393 330 1501 360 Domus
1510 330 1641 359 attonitae.
1664 329 1734 365 Virg.
1748 334 1773 358 ὁ.
1794 329 1855 358 AEn.
1874 338 1916 361 ς3.
2580 332 2604 359 37³*

1586 382 1624 409 —1
1636 376 1688 395 nec
1702 367 1776 395 enim
1788 373 1853 395 ante
1866 365 2010 395 dehiscent
2585 370 2604 388 '1'

1532 407 1661 433 Attonirae
1673 413 1771 441 magna
1781 414 1827 432 ora
1838 404 1947 433 domus.
2042 403 2096 432 Ubi
2108 403 2217 433 Servius
2228 424 2235 437 ,
2257 401 2389 432 Attonitae
2401 399 2509 436 domus,
2551 425 2553 432 ,
2581 399 2603 433 >rii

1414 440 1584 484 StupendssaeJ
1605 451 1663 470 nori
1682 442 1833 479 Stupentis.
1874 441 1945 479 Ergo
1968 442 2115 476 Attonitae,
2141 441 2278 470 Facientis
2295 438 2441 468 attonitos:
2461 445 2512 474 ut,
2585 446 2604 469 :nl

1418 480 1494 508 Mors
1505 479 1609 517 pallida
1622 501 1629 513 ,
1649 480 1728 509 tristis
1736 479 1869 511 l'enetftus.

1399 517 1494 546 Gressu
1507 518 1626 546 attonito
1637 517 1731 546 fertur.
1753 517 1817 546 Sen.
1829 519 1857 545 in
1866 517 1965 546 Octav.
1976 525 2001 552 7·

1400 551 1634 584 Mentisattonitae
1648 555 1750 592 stupor.
1774 556 1837 584 Seri.
1852 556 1881 583 in
1895 554 1997 583 Troad.
2013 556 2038 582 6.

1400 592 1499 635 Oculis
1510 593 1635 622 attonitis
1648 593 1736 622 metiri
1747 591 1860 629 aliquid.
1898 592 1916 621 i.
1929 602 1953 621 6.
1976 590 2118 621 Continuo
2128 590 2231 619 intuitu
2247 589 2380 626 nusquam
2394 587 2448 618 alio
2459 598 2515 618 ver—

1420 631 1445 659 sa
1457 640 1524 659 acie.
1548 630 1645 659 Claud.
1662 640 1687 660 2.
1710 630 1789 660 Coris.
1800 630 1908 659 Stilich.
1920 639 1964 665 70.

1401 668 1507 698 Pectus.
1527 667 1590 697 Sen.
1603 669 1632 696 iri
1646 669 1725 697 Herc.
1736 668 1787 697 fur.
1802 677 1841 703 13.

1402 705 1546 735 Persuasio.
1588 705 1656 735 Plin.
1669 706 1715 735 lib.
1729 716 1772 740 29.
1784 715 1844 743 cap.
1861 715 1884 734 1.
1905 703 1993 733 Simul
2011 710 2106 733 contra
2124 703 2256 733 attonitas
2271 701 2446 739 quorundam
2461 706 2520 739 per·
2548 697 2551 730 Ξ

1422 743 1558 772 suasiones
1569 766 1576 777 ,
1598 744 1644 780 qui
1655 742 1780 781 prodesse
1791 743 1839 772 nisi
1851 741 1969 780 pretiosa
1979 752 2036 770 non
2046 748 2151 779 putant.
2550 742 2552 768 l

1404 780 1486 811 Vates
1505 781 1657 816 attonitus,
1691 781 1796 819 Raptus
1819 781 1919 810 Bacchi
1940 780 2055 809 numine
2075 781 2101 809 Sc
2125 778 2270 817 Apollinis.
2304 777 2370 807 Hor.
2386 785 2408 813 3.
2431 775 2518 806 Carm.
2550 769 2561 811 l

1427 829 1471 855 19.
1488 829 1529 853 14.
2550 815 2551 831 ³

1408 885 1410 887 ,
1486 856 1594 886 Τ611105
1602 863 1643 887 ter
1653 856 1766 894 cyathos
1775 857 1910 886 attonitus
1920 860 1996 893 petet
2088 853 2178 883 Vates.
2507 881 2509 886 ,
2590 874 2602 885 2„

1407 893 1622 963 Ugibsci'ssfflacc'
1636 903 1660 931 3.
1680 896 1781 932 Argon.
1797 904 1860 929 209.
1892 893 1990 929 Juven.
2004 902 2031 928 4.
2052 891 2107 922 Sat.
2121 902 2166 929 77.
2188 892 2214 921 &
2234 889 2380 920 Claudian.
2404 889 2440 919 de
2456 887 2523 919 Bell.
2550 883 2554 925 ζ
2587 899 2602 923 :m

1454 943 1461 960 i
1496 956 1500 961 .
1533 943 1558 967 4.
2591 942 2604 949 »ι

1409 970 1549 1011 Attonitus
1560 970 1683 999 novitate
1690 980 1722 999 ac
1734 968 1876 999 miraculo.
1898 968 1955 998 Liv.
1972 978 1994 997 i.

1412 1009 1543 1038 Novitate
1552 1009 1662 1037 attoniti
1673 1015 1784 1046 pavent.
1809 1007 1893 1037 Ovid.
1904 1013 1929 1040 8.
1942 1006 2010 1035 Met.
2022 1008 2087 1040 681.

1373 1046 1476 1076 Αττο
1487 1056 1507 1074 N
1518 1057 1527 1074 i
1538 1055 1596 1081 rii,
1619 1046 1685 1074 Adv.
1710 1045 1889 1081 [ὠκςαπκᾱνς]
1912 1044 1979 1074 Plin.
1992 1043 2039 1072 lib.
2054 1053 2096 1079 30·
2108 1052 2170 1079 cap.
2187 1051 2208 1070 1.
2238 1040 2380 1071 Britannia
2389 1039 2528 1076 hodieque
2552 1044 2561 1069 ι)

1412 1093 1473 1113 63111
1485 1085 1601 1120 attonite
1619 1082 1739 1113 celebrat
1752 1084 1834 1112 tantis
1853 1082 2026 1112 caeremoniis
2038 1103 2046 1117 ,
2068 1087 2099 1110 ut
2114 1079 2218 1110 dediffe
2231 1079 2315 1108 Persis
2334 1078 2422 1108 videri
2440 1077 2528 1116 possit.
2558 1072 2563 1095 ¹·

1412 1121 1454 1151 De
1466 1122 1554 1159 magia
1563 1121 1693 1158 loquitur.

1375 1158 1671 1194 'Aa-Triacrrtis,
1702 1158 1733 1187 V.
1757 1165 2019 1187 ATRAcTirtis.

1376 1199 1580 1233 ATTRAHO,
1602 1198 1645 1232 xi,
1667 1199 1760 1232 itum,
1783 1195 1900 1232 [ἐφέλκω
1915 1217 1923 1232 ⁷
1946 1193 2079 1229 immo-oica]
2100 1194 2155 1223 e‘re.
2177 1192 2219 1223 Ad
2241 1191 2267 1221 se
2285 1190 2400 1220 trahere.
2423 1189 2481 1220 Cic.
2503 1199 2528 1227 ς’.

1415 1235 1491 1264 Verr.
1506 1239 1551 1264 61.
1593 1235 1746 1264 Adducitur
1758 1244 1773 1263 a
1782 1234 1921 1267 Venereis,
1943 1239 2025 1269 atque
2033 1233 2103 1261 adeo
2110 1231 2253 1260 attrahitur
2262 1229 2364 1259 Lollius
2374 1229 2530 1259 commode:
2556 1247 2557 1256 l

1415 1272 1557 1303 Attrahere
1568 1273 1603 1302 ad
1614 1273 1648 1302 se.
1690 1273 1747 1302 Liv.
1762 1281 1805 1307 29.
1819 1281 1844 1306 9.
1865 1271 2007 1300 Tribunos
2022 1269 2121 1299 attrahi
2137 1269 2172 1298 ad
2184 1268 2211 1298 se
2227 1267 2311 1304 jussit.
2349 1266 2409 1297 Cic.
2431 1267 2461 1295 in
2476 1265 2530 1296 Sal·-
2595 1285 2603 1301 Τ

1434 1310 1494 1350 lust.
1510 1321 1552 1346 14.
1576 1311 1620 1340 Bis
1629 1311 1662 1339 ad
1673 1310 1774 1347 judicis
1783 1308 1907 1338 subsellia
1916 1309 2055 1338 attractus.
2480 1331 2482 1334 ,

1416 1349 1559 1393 Attrahere
1567 1348 1756 1392 hominem-ad
1765 1347 1879 1390 aliquod
1887 1347 2040 1384 negotium.
2081 1345 2140 1375 Cic.
2153 1355 2179 1380 4.
2193 1343 2268 1374 Verr.
2282 1353 2305 1372 1.
2325 1342 2364 1372 Ea
2375 1351 2419 1371 me
2430 1342 2465 1372 ad
2479 1341 2532 1372 hoe
2555 1352 2559 1382 ¹.
2582 1343 2583 1346 ’

1436 1394 1580 1424 negotium
1594 1396 1736 1425 provmcia
1746 1391 1865 1415 attraxit.

1418 1424 1724 1465 Attrahere&allicere.
1767 1423 1825 1452 Cic.
1836 1423 1873 1458 de
1887 1422 1992 1452 Amicit.
2009 1431 2051 1457 50.
2073 1420 2160 1458 Quod
2178 1419 2197 1448 si
2213 1420 2297 1448 etiam
2316 1417 2386 1447 illud
2407 1417 2538 1453 addimus>

1437 1463 1512 1500 quod
1522 1464 1594 1492 recte
1605 1462 1671 1491 addi
1682 1461 1785 1500 potest,
1805 1460 1875 1489 nihil
1884 1460 1938 1489 esse
1950 1459 2025 1496 quod
2035 1459 2069 1488 ad
2079 1459 2105 1488 se
2114 1468 2172 1487 rem
2183 1457 2269 1486 ullam
2280 1464 2335 1486 tam
2343 1456 2463 1491 alliciat,
2479 1457 2533 1487 tani

1438 1501 1555 1530 attrahat
1564 1522 1572 1535 ,
1595 1510 1677 1537 quam
1686 1500 1721 1529 ad
1729 1499 1880 1528 amicitiam
1891 1498 2043 1527 similitudo
2053 1519 2061 1532 ,
2084 1496 2254 1526 concedatur
2265 1518 2272 1528 ,
2290 1496 2342 1524 &c.

1419 1533 1561 1569 Attrahere
1577 1538 1606 1567 in
1626 1537 1661 1567 se.
1702 1537 1771 1567 Plin.
1789 1537 1836 1566 lib.
1853 1546 1894 1574 37.
1917 1546 1976 1574 cap.
1995 1545 2019 1571 3.
2056 1534 2193 1565 Caeterum
2212 1534 2306 1562 attritu
2325 1532 2475 1569 digitorum
2495 1540 2536 1561 ac·
2558 1544 2562 1569 i

1438 1583 1522 1643 {epta
1532 1577 1560 1606 vi
1571 1575 1668 1605 caloris
1680 1585 1689 1611 ',
1710 1575 1886 1605 attrahuntin
1896 1574 1922 1603 se
1930 1574 2023 1612 paleas
2034 1595 2042 1608 ,
2063 1574 2089 1602 Sc
2099 1572 2165 1602 folia
2174 1571 2249 1601 arida
2260 1594 2268 1606 ‚
2289 1577 2320 1600 ut
2333 1579 2446 1607 magnes
2458 1569 2534 1608 lapis,
2556 1590 2561 1602 ,

1452 1624 1552 1643 errum.
2560 1631 2561 1635 ,

1421 1652 1583 1687 rimabere,
1602 1650 1753 1681 &reddere
1764 1650 1884 1679 animam
1896 1672 1905 1684 ,
1927 1659 1978 1687 pro
1995 1648 2131 1686 inspirare
2145 1648 2171 1677 δι
2190 1647 2324 1685 expirare.
2346 1645 2414 1675 Plin.
2428 1644 2477 1673 lib.
2492 1653 2532 1674 11.

1440 1690 1502 1757 gap.
1515 1699 1571 1733 37..
1596 1689 1652 1719 Sub
1664 1689 1748 1718 cord'e
1758 1689 1856 1726 pulmo
1865 1687 1903 1717 est
1912 1710 1919 1722 ‚
1941 1687 2118 1726 spirandique
2129 1685 2241 1715 officina
2251 1707 2259 1721 ,
2280 1684 2420 1714 attrahens
2436 1687 2469 1712 ac
2481 1681 2539 1712 red-
2558 1697 2562 1709 ι

1465 1738 1514 1758 ens
1528 1736 1657 1758 animam.
2561 1727 2564 1736 ·

1422 1764 1566 1796 Accersere
1576 1767 1601 1795 &
1614 1764 1756 1794 attrahere.
1795 1762 1854 1792 Cic.
1864 1763 1898 1792 ad
1908 1763 1984 1792 Brut.
2001 1772 2043 1800 17.
2076 1763 2102 1792 O
2119 1771 2247 1800 magnam
2260 1760 2403 1789 stultitiam
2416 1757 2536 1788 timoris!
2562 1792 2563 1796 Ἰ

1443 1804 1473 1833 id
1483 1803 1573 1841 ipsum
1583 1802 1658 1840 quod
1666 1801 1782 1832 verearis
1793 1802 1831 1831 ita
1839 1811 1935 1831 cavere
1946 1823 1954 1837 ,
1980 1806 2011 1831 ut
2021 1810 2107 1838 quum
2117 1801 2202 1830 vitare
2212 1797 2321 1828 fortasse
2336 1796 2461 1836 potueris
2470 1818 2480 1832 ,
2501 1794 2542 1825 ul·
2556 1811 2565 1831 ›,

1432 1870 1433 1873 ,
1446 1848 1489 1871 tro
1500 1841 1618 1870 accersas
1630 1843 1656 1870 64
1666 1840 1800 1877 attrahas„
2562 1833 2564 1840 '

1428 1880 1569 1910 attrahere
1580 1878 1646 1908 lora.
1669 1878 1752 1907 Ovid.
1770 1876 1805 1906 de
1820 1876 1900 1906 Rern.
1913 1878 2004 1906 Amor.
2017 1885 2079 1913 397.

1389 1919 1644 1985 Α’ἓτιιᾼοτυε,
1666 1915 1763 1945 Partic.
1794 1914 1993 1951 [ἕφελκνεθεές]
2021 1922 2070 1950 ut,
2100 1914 2235 1943 Attrac'tus
2259 1911 2377 1950 spiritus.
2418 1908 2538 1946 Virg..3.
2562 1914 2566 1934 ἓ

1453 1965 1501 1984 eor
1522 1965 1607 1991 ‚¹505.
2532 1967 2534 1972 .

1535 2002 1582 2021 um
1596 2002 1661 2021 vero
1675 1991 1803 2020 ardentes
1815 1990 1908 2024 oculi,
1929 1996 2010 2027 atque
2027 1991 2157 2020 attractus
2176 1988 2210 2017 ab
2229 1987 2286 2017 alto

1442 2069 1449 2075 Β
1508 2031 1645 2068 Spiritus,
1676 2027 1817 2058 interdum
1835 2029 1940 2065 gemitu
1955 2029 2051 2065 gravis.
2132 2025 2266 2063 Intelligi't
2278 2023 2421 2054 difficilem
2436 2021 2566 2073 respira-33

1429 2076 1544 2098 tionem.

1427 2100 1559 2173 Cpmpaf.
1593 2106 1656 2135 Seri.
1680 2103 1774 2134 Benef.
1799 2115 1825 2140 4.
1847 2112 1891 2140 31.
1951 2103 2046 2140 Qium
2069 2102 2203 2133 Pollionis
2231 2100 2418 2131 attractiorem
2441 2095 2545 2128 vidiffee
2560 2082 2593 2149 1111,

1392 2152 1631 2223 Αγὲἰηιξῗῂέυε
1643 2203 1651 2216 ,
1671 2181 1712 2219 uS.
1735 2190 1773 2209 m.
1794 2178 1863 2209 Cels.
1877 2188 1902 2215 7.
1915 2187 1959 2215 29.
2011 2178 2116 2216 [Falso.
2156 2178 2230 2208 Nam
2238 2177 2276 2206 ibi
2291 2175 2389 2214 partic.
2403 2174 2458 2209 est,
2479 2170 2545 2202 &ad
2559 2157 2594 2210 si

1431 2231 1457 2250 v.
1467 2216 1562 2249 Uncus
1578 2219 1700 2248 refertur.
2570 2182 2594 2248 ii

1395 2259 1499 2288 Arrii
1511 2267 1586 2287 ac'r
1599 2267 1652 2292 io,
1673 2256 1742 2286 onis.
1764 2255 1783 2284 f.
1806 2251 1976 2291 [ἐλκυσμρς]

1432 2295 1630 2325 Attra‘t‘tionem
1638 2294 1713 2332 apud
1727 2293 1932 2330 Quintilianum
1943 2292 2060 2330 legimus
2071 2301 2121 2329 pro
2133 2301 2167 2320 eo
2178 2290 2294 2328 positam
2306 2312 2314 2325 ,
2335 2287 2412 2326 quod
2425 2286 2545 2317 Donatus
2558 2291 2568 2323 σς

1454 2333 1590 2363 Adverbia
1601 2331 1787 2370 congregandi
1803 2339 1902 2365 vocat,
1923 2331 2014 2367 qualia
2028 2329 2090 2359 sunt
2100 2352 2108 2364 ,
2128 2329 2293 2358 Summatim
2304 2349 2311 2362 ,
2334 2327 2436 2356 viritim
2446 2347 2453 2359 ,
2476 2323 2547 2353 ostia·
2562 2324 2567 2358 l

1451 2372 1503 2401 tim
1514 2393 1522 2406 ,
1544 2372 1570 2400 &
1582 2370 1636 2400 hoc
1648 2379 1734 2407 genus
1745 2369 1846 2398 similia.
1888 2368 1951 2404 Ejus
1965 2368 2046 2397 verba
2058 2367 2120 2396 sunt
2131 2367 2190 2396 haec
2200 2366 2249 2395 lib.
2266 2376 2288 2395 1.
2305 2375 2366 2403 cap.
2378 2375 2405 2399 4.
2447 2361 2549 2392 Nihilo·
2563 2367 2567 2392 Ι

1451 2410 1546 2449 minus
1556 2409 1669 2438 fuerunt
1680 2408 1725 2444 qui
1738 2407 1827 2445 ipsum
1838 2406 1929 2436 adhuc
1943 2405 2113 2435 Vocabulum
2123 2404 2156 2434 ab
2170 2403 2364 2442 Appellatione
2374 2401 2549 2430 diducerent:
2563 2405 2570 2464 l

1452 2454 1483 2477 ut
1498 2446 1566 2476 esset
1580 2445 1773 2480 Vocabulum,
1807 2454 1907 2482 corpus
1926 2444 1981 2473 visu
2006 2444 2135 2480 tac‘tuque
2153 2442 2327 2471 manifestum
2342 2463 2351 2475 ,
2372 2440 2495 2471 Domus,
2514 2436 2563 2465 le-¹
2583 2445 2593 2475 ,’,

1452 2486 1529 2527 ve'tus:
1555 2483 1711 2522 Appellatio
1722 2484 1766 2511 cui
1777 2482 1821 2511 vel
1831 2482 1948 2512 alterum
1961 2481 2034 2511 deest
2046 2503 2054 2515 ,
2074 2480 2118 2510 vel
2129 2488 2267 2517 utrunque
2277 2502 2284 2514 ,
2303 2478 2408 2508 Ventus
2419 2499 2426 2511 ,
2440 2470 2599 2509 coelmmlv'l

1454 2523 1523 2552 deus
1536 2544 1545 2558 ,
1566 2522 1661 2551 virtus.
1703 2520 1877 2556 Adjiciebant
1900 2522 1925 2549 St
1945 2519 2195 2553 Asseverationem,
2223 2525 2254 2547 ut
2268 2517 2344 2546 Heu:
2367 2517 2393 2545 ἃ
2414 2512 2550 2543 lim-aetio-
2565 2508 2599 2550 ilfi

1454 2570 1521 2590 nem
1534 2582 1541 2595 ,
1564 2566 1594 2589 ut
1604 2559 1768 2589 Fasceatiui:
1791 2568 1850 2595 quae
1871 2558 1939 2587 mihi
1959 2567 2017 2586 non
2035 2556 2231 2594 approbantur.
2272 2555 2328 2584 Sed
2348 2553 2431 2583 lectio
2452 2550 2569 2581 incerial

1454 2598 1509 2633 est3
1532 2608 1596 2627 nam
1605 2598 1718 2635 quidam
1726 2596 1803 2625 MSS.
1814 2595 1934 2625 Codices
1943 2595 2150 2624 Tratftationem
2163 2616 2171 2628 ,
2192 2593 2318 2631 plerique
2330 2582 2587 2630 Attreifitationem-ii'i

1456 2635 1599 2666 exhibent.
1641 2635 1746 2671 [Forte
1758 2634 1948 2669 Adjectionem
1965 2633 2008 2661 vel
2028 2633 2249 2668 Adjunetionem.
2291 2632 2308 2660 i.
2330 2640 2353 2659 e.
2378 2627 2549 2658 Adverbium.
2566 2637 2577 2666 i:

1455 2673 1529 2704 Nam
1539 2672 1673 2702 Adverbia
1693 2679 1791 2701 notum
1815 2672 1853 2701 est
1874 2671 2010 2707 adjuncta
2026 2670 2082 2699 dici
2096 2692 2103 2705 ,
2126 2680 2186 2707 quae
2200 2669 2367 2704 Priscianus,
2387 2666 2478 2696 verbis
2491 2663 2549 2693 loco
2567 2667 2576 2702 ¹?

1458 2712 1663 2747 Adjectivorum
1679 2710 1732 2739 esse
1743 2710 1811 2738 dicit
1829 2709 1847 2738 l.
1862 2719 1904 2746 17.
1920 2709 1937 2737 f.
1952 2714 2012 2744 185.
2028 2708 2053 2737 b.
2067 2707 2126 2737 Ald.
2569 2710 2577 2726 ⁴¹

1401 2751 1423 2780 A
1434 2759 1454 2779 T
1462 2758 1482 2778 τ
1491 2759 1507 2778 R
1516 2759 1535 2778 A
1546 2759 1563 2778 c
1571 2759 1591 2777 'r
1600 2759 1617 2777 o
1626 2758 1641 2776 R
1651 2759 1659 2776 i
1670 2758 1687 2777 υ
1697 2758 1709 2777 s
1718 2769 1725 2783 ,
1751 2747 1808 2783 Adj.
1831 2747 1922 2776 Virtus
1932 2746 2096 2776 attractoria.
2119 2745 2222 2775 Macer.
2235 2756 2262 2780 4.
2278 2753 2320 2779 19.
2570 2745 2571 2774 l

1401 2789 1675 2820 ATTRERATES,
1707 2785 1987 2814 V.ATRiissA'rss.
2570 2781 2571 2823 l

1402 2826 1608 2855 Ara-sacro
1623 2846 1631 2858 ,
1665 2823 1821 2859 [ψηλκφοὶω
1834 2844 1841 2856 ,
1862 2819 2058 2858 μεταχεᾶέζω]
2086 2824 2140 2850 fite.
2171 2830 2206 2849 ex
2229 2819 2268 2848 sid
2287 2820 2312 2848 &
2327 2818 2436 2847 Trac'to.
2459 2815 2514 2845 Liv.

1442 2862 1528 2899 Quod
1543 2862 1571 2890 id
1585 2861 1692 2899 siguum
1703 2870 1780 2889 more
1798 2859 1930 2889 Hetrusco
1943 2882 1950 2895 ,
1971 2859 2019 2888 nisi
2039 2866 2120 2888 eertae
2141 2859 2229 2895 gentis
2248 2857 2373 2886 sacerdos
2388 2877 2395 2890 ,
2418 2823 2567 2884 attrectar'd*

2595 1208 2604 1265 ‘22
2594 1138 2604 1189 ¹13,(

2559 1520 2562 1524 .
2552 1428 2560 1494 μ

1443 2910 1500 2929 non
1513 2899 1580 2929 esset
1589 2899 1692 2928 solitus.
1733 2898 1779 2928 Sic
1794 2899 1940 2927 Attret‘iare
1955 2897 2150 2927 contaminatis
2165 2896 2300 2925 manibus.
2341 2894 2399 2923 Cic.
2417 2893 2452 2921 de
2465 2889 2552 2927 Arusp.

1443 2937 1579 2975 Resp.26.
1602 2935 1839 2971 Attrectaresacra.
1863 2935 1933 2973 Virg.
1948 2945 1972 2964 2.
1990 2935 2050 2964 ffin.
2067 2944 2130 2971 7¹9·
2571 2942 2573 2949 ¹

1442 2975 1570 3006 Alienain
1579 2985 1637 3004 rem
1651 2976 1805 3003 attrectare.
1830 2972 1899 3003 Gell.
1916 2983 1955 3002 ii.
1974 2979 2014 3004 18.
2570 2986 2574 3008 ὅ

1444 3014 1593 3043 Λῑῐτεᾶειῐε
1604 3021 1718 3042 uxorem
1725 3011 1837 3040 alterius
1847 3033 1855 3046 ‚
1877 3012 1904 3039 in
1919 3009 2116 3048 significatione
2129 3008 2279 3046 impudica.
2302 3007 2359 3037 Cic.
2376 3016 2426 3044 pro
2434 3003 2503 3034 Coel.
2513 3011 2553 3032 20³
2570 3010 2573 3048 ᾖ

1462 3050 1507 3088 Est
1519 3051 1708 3080 eiiimdietum
1718 3049 1751 3078 ab
1767 3049 1819 3078 illis
1831 3070 1838 3083 ,
1861 3048 1919 3078 fore
1932 3051 1978 3086 qui
1989 3049 2114 3077 dicerent
2131 3056 2231 3076 uxores
2245 3046 2304 3075 suas
2326 3055 2340 3074 a
2358 3053 2439 3074 coena
2449 3042 2556 3071 redeun·
2570 3050 2574 3071 i

1463 3089 1507 3118 te‘s
1517 3089 1674 3118 attrectatas
1684 3087 1736 3116 effe
1748 3097 1763 3117 a
1776 3086 1876 3116 Coelio.
2572 3075 2575 3109 l
2600 3088 2604 3089 ⁷

1464 3127 1535 3156 Vide
1552 3127 1581 3155 in
1603 3136 1644 3155 co
1654 3135 1674 3154 N
1684 3134 1728 3154 'rii
1738 3134 1829 3153 acro
1849 3134 1908 3161 quae
1920 3123 2014 3152 notavi
2024 3132 2059 3152 ex
2076 3121 2182 3152 Horatii
2197 3121 2433 3150 Commeiitatore.
2455 3117 2490 3147 H.
2503 3115 2540 3145 St.
2572 3128 2575 3140 ’-

1409 3166 1430 3196 Δ
1440 3174 1487 3194 τί·
1495 3174 1618 3231 ngnglA
1628 3173 1648 3192 τ
1657 3174 1666 3192 1
1676 3173 1693 3192 o
1703 3184 1710 3197 ,
1732 3164 1803 3193 onis.
1823 3162 1842 3191 f.
1864 3161 2024 3191 attrectatio
2035 3159 2238 3190 violentissima.
2261 3160 2322 3188 Seri.
2338 3158 2468 3187 Controv.
2479 3165 2503 3189 4.
2515 3162 2554 3188 25.-
2572 3154 2575 3189 ξ
2599 3172 2604 3178 -

1447 3212 1503 3232 6οη
1517 3225 1522 3231 .
1565 3212 1579 3231 6
1605 3224 1610 3230 .
1634 3211 1675 3230 11.
1697 3210 1707 3229 1
1733 3223 1738 3229 .
2587 3199 2590 3208 ’

1410 3244 1460 3271 Ar
1470 3250 1513 3269 rrit
1523 3249 1538 3268 r.
1548 3249 1594 3268 ετ
1604 3248 1651 3267 AT
1661 3247 1698 3267 us
1708 3206 1778 3272 ,81⁴is.
1799 3247 1835 3266 m.
1859 3234 2052 3272 [ψηλάφησκ]
2073 3235 2131 3265 Cic.
2147 3244 2172 3264 2.
2191 3233 2272 3263 Tusc.
2292 3243 2334 3269 50.
2357 3233 2431 3262 Nam
2443 3229 2558 3260 attrecta-
2572 3230 2576 3264 l
2594 3238 2604 3253 τι

1449 3286 1479 3307 tu
1490 3300 1498 3312 ,
1520 3279 1546 3307 ἃ
1557 3276 1649 3313 quassu
1662 3276 1761 3305 saevum
1771 3274 1944 3312 amplificatis
1954 3273 2089 3303 dolorem.
2573 3265 2576 3292 l
2590 3272 2599 3299 .'

1411 3317 1432 3347 A
1443 3317 1571 3345 wafari
1582 3324 1599 3343 0
1611 3336 1618 3349 ‚
1640 3314 1677 3343 ui.
1700 3312 1877 3349 [ἐπτσςομεω]
1898 3314 1952 3340 ete.
1975 3319 2022 3346 ut,
2046 3313 2197 3340 Atti-emere
2219 3309 2326 3344 oranti,
2348 3307 2389 3336 Ad
2405 3314 2501 3336 vocem
2516 3300 2559 3332 ali·
2573 3294 2577 3348 l>
2596 3317 2604 3332 ι

1450 3354 1530 3389 cujus
1544 3351 1766 3381 contremiscere.
1806 3350 1873 3379 Stat.
1889 3355 1913 3381 8.
1933 3349 2022 3378 Theb.
2042 3355 2087 3382 81.
2574 3359 2577 3373 .-

1542 3390 1658 3419 Dixerat
1670 3411 1677 3422 .
1699 3394 1779 3425 atque
1791 3387 1832 3416 illi
1848 3387 2009 3420 iamdudum
2023 3387 2094 3424 regia
2103 3384 2185 3415 tristis
2575 3382 2577 3412 l

1544 3427 1672 3456 Attremit
1682 3426 1789 3461 oranti,
1811 3425 1912 3462 suaque
1923 3446 1930 3458 ‚
1953 3426 1979 3454 ἃ
1990 3434 2049 3461 quse
2066 3423 2182 3461 desuper
2196 3428 2275 3459 urget
2286 3442 2294 3455 ,
2575 3415 2578 3449 ἶ

1543 3463 1764 3495 Nutabattellus.
1878 3462 1919 3491 De
1938 3462 2063 3492 Plutone.
2543 3487 2549 3494 ,
2575 3450 2578 3488 l

1413 3505 1435 3535 Α
1446 3513 1542 3533 Trite
1553 3513 1612 3531 Pir>
1623 3513 1656 3537 o,
1677 3505 1731 3531 are.
1753 3499 1839 3530 Senili
1857 3499 1941 3537 gradu
1952 3500 2092 3528 accedere.
2116 3498 2200 3528 Plaut.
2220 3497 2298 3526 Poen.
2310 3505 2332 3528 3.
2347 3505 2368 3524 1.
2380 3503 2424 3530 4¹·
2457 3493 2560 3533 attrepi-
2575 3490 2578 3565 Ι

1452 3542 1516 3571 date
1524 3540 1694 3574 salteni,nam
1704 3547 1753 3568 vos
1763 3547 1946 3575 approperare
1958 3537 2031 3566 haud
2043 3533 2433 3575 postulo.[VerbumPlautinae
2442 3530 2560 3559 licentiae.

1414 3580 1435 3610 A
1447 3588 1631 3611 TTRIBUO,
1653 3578 1681 3606 ui
1692 3599 1699 3611 ,
1722 3579 1801 3605 situm
1814 3597 1821 3608 ,
1842 3575 2015 3610 [meaedff'lm‚
2035 3577 2177 3607 ωσιέμω,
2197 3571 2350 3606 dustria]
2372 3571 2426 3599 e're.
2451 3565 2561 3596 Verbum
2576 3572 2579 3588 l
2598 3575 2599 3578 ¹

1452 3623 1525 3646 notae
1537 3625 1572 3645 ex
1589 3614 1711 3652 compos.
1724 3612 1937 3650 significationis.
1953 3612 2011 3641 Cic.
2026 3621 2049 3648 3.
2066 3612 2101 3641 de
2116 3611 2180 3640 Nat.
2193 3610 2274 3639 Deor.
2289 3615 2332 3642 89.
2357 3607 2388 3636 Et
2403 3616 2428 3635 2.
2440 3605 2510 3635 Fam.
2524 3602 2560 3630 16.
2576 3590 2579 3626 l

1454 3654 1526 3684 Nam
1547 3653 1582 3682 ad
1594 3653 1726 3682 Senatum
1737 3650 1849 3680 Bibulus
1859 3659 1925 3686 quas
1936 3649 2026 3679 literas
2036 3650 2109 3679 misit
2119 3648 2194 3686 quod
2211 3648 2240 3676 in
2250 3648 2282 3676 iis
2295 3646 2364 3674 inihi
2374 3654 2439 3674 cum
2451 3641 2498 3671 illo
2511 3642 2562 3669 erat
2578 3678 2579 3683 1

1453 3700 1605 3720 commune
1617 3712 1625 3725 ,
1646 3689 1694 3718 sibi
1712 3688 1760 3718 soli
1777 3687 1908 3718 attribuit.

1454 3728 1610 3758 Attribuere
1621 3727 1728 3756 causam
1737 3724 1998 3755 calamitatisalicui.
2040 3723 2098 3753 Cic.
2113 3733 2137 3760 7.
2154 3723 2227 3752 Verr.
2242 3732 2302 3756 105.
2324 3720 2368 3749 Fit
2376 3711 2563 3748 clamor&ad·

1473 3766 1582 3794 miratio
1591 3765 1687 3802 populi
1701 3770 1804 3793 tantam
1821 3762 1874 3791 effe
1888 3762 1916 3790 in
1925 3763 2039 3791 homine
2052 3761 2257 3798 impudentiam
2266 3766 2348 3795 atque
2360 3757 2518 3788 audaciam,
2535 3755 2563 3780 1¹⁸

1473 3809 1521 3832 aut
1531 3803 1590 3832 aliis
1601 3801 1709 3832 causam
1721 3800 1883 3830 calamitatis
1894 3801 2070 3834 attribueret,
2091 3801 2142 3828 διο.

1456 3840 1574 3877 Culpam
1585 3840 1744 3869 attribuere.
1785 3838 1842 3867 Cic.
1854 3846 1878 3874 7.
1900 3837 1972 3867 Verr.
1989 3846 2049 3874 134.
2073 3837 2128 3867 Aut
2143 3835 2161 3864 si
2178 3835 2227 3864 uni
2244 3832 2419 3863 attribuenda
2431 3828 2510 3867 culpa
2523 3825 2564 3859 sit,
2579 3823 2581 3855 l

1475 3879 1503 3906 in
1515 3887 1548 3906 eo
1558 3878 1707 3906 maximam
1718 3875 1803 3905 fuisse.
2528 3900 2535 3907 ,
2580 3869 2581 3906 1

1457 3914 1645 3946 Attribuasilli
1663 3913 1747 3950 quod.
1789 3913 1846 3942 Cic.
1856 3921 1881 3941 2.
1897 3913 1948 3941 Att.
1965 3922 1988 3941 1.
2011 3911 2097 3950 Quod
2110 3910 2234 3949 Sicyonii
2254 3915 2281 3938 te
2298 3908 2421 3942 laedunt,
2442 3898 2566 3934 Catoni&
2580 3911 2582 3929 l

1477 3955 1536 3988 ejus
1547 3951 1700 3982 aemulatori
1715 3950 1846 3980 attribuas
1858 3949 1982 3979 Servilio.

2435 3975 2564 4008 Ascribere
