2604 4222
181 160 249 195 324
615 146 641 180 B
740 147 765 180 Α
863 145 889 179 L

219 231 280 261 Eho
301 228 449 266 bajulabo:
479 236 526 264 tu,
554 234 586 258 ut
611 228 692 257 decet
709 227 856 256 dominum
870 246 878 259 ,
907 228 970 252 ante
992 230 1037 250 me
1054 220 1211 262 itojnanis.
1251 215 1330 246 idem

222 268 308 298 merc.
322 277 345 303 3.
360 277 382 297 1.
399 278 439 296 10.
462 266 579 303 Quintil.
592 265 640 294 lib.
653 269 713 294 6.1.
737 265 792 300 Ego
802 272 829 291 te
843 261 963 303 baiulare
973 269 1029 288 non
1039 259 1156 299 poslum.
1302 292 1308 297 ο

186 305 352 340 ΒΑ]ῠι,υε
363 327 371 339 ,
393 306 408 333 i.
431 315 466 333 m.
489 301 645 340 [ωας-πώς]
666 302 723 338 Qui
739 300 875 330 mercedis
885 306 968 336 gratia
984 306 1070 325 onera
1091 304 1159 324 terre
1181 292 1331 322 consuevit.

223 343 254 372 V.
269 343 331 372 Lex.
344 342 430 372 Pitisc.
873 374 878 379 ¹
1065 371 1071 377 ·

222 380 332 414 Baiulos
350 380 481 408 dicebant
494 378 618 415 antiqui,
638 385 707 413 quos
726 384 802 404 nunc
825 374 942 402 dielmus
957 372 1114 408 Operarios.
1148 369 1213 412 Haec
1230 367 1331 411 Festus.

243 419 300 448 Cic.
314 419 342 446 in
355 417 445 446 Parad.
462 427 485 453 3.
508 416 605 445 Utrum
615 415 707 451 potius
725 413 760 441 de
772 412 851 440 bonis
862 411 900 440 est
917 408 1095 446 quaerendum
1110 407 1178 444 quid
1197 405 1282 441 bajuli
1297 413 1336 434 at-

243 466 296 493 que
305 455 439 493 operarii,
464 464 498 483 an
513 454 579 490 quid
588 452 715 480 homines
726 449 871 478 doctillimi
883 446 1038 489 senserint?
1189 481 1195 486 ᾖ

223 493 333 527 Baiulus
343 499 439 521 orator.
478 492 534 519 Cic.
551 500 573 518 2.
586 490 620 518 de
629 489 705 517 Orat.
716 498 760 523 40.
782 487 925 523 Remigem
935 484 1057 521 ahquem
1069 505 1077 518 ,
1097 489 1144 511 aut
1152 480 1275 517 bajulum
1286 490 1335 509 no-

243 531 285 560 bis
301 539 436 559 oratorem
450 527 633 563 descripseras.
919 561 924 566 .
1119 558 1124 563 ⁸

225 569 311 602 Baiuli
332 568 413 596 etiam
425 567 490 595 dicti
500 588 507 599 ,
529 566 585 600 Qui
598 570 720 592 mortuos
729 561 856 591 efferunt.
897 560 1026 597 Sicapud
1039 560 1171 588 Ammian.
1184 566 1226 592 14.
1238 566 1263 593 7.
1288 555 1337 584 Ba-

243 606 363 643 julorum
379 612 530 641 praecentor
550 602 652 630 dicitur
666 601 705 634 iS,
726 601 773 636 qui
798 597 996 636 vespillonibus
1013 595 1188 635 przecinebat.
1210 593 1334 635 Chr5sol3

244 645 329 672 Serm.
344 652 402 671 121.
419 642 514 670 Sidon.
527 639 607 677 Epist.
622 648 644 674 3.
658 648 699 667 12.
714 637 838 674 fulgent.
852 635 952 674 Expos.
964 636 1048 665 Serm.
1062 640 1117 663 ant.
1130 643 1159 662 n.
1174 642 1200 662 2.
1214 635 1239 661 ἕξ
1251 631 1333 661 Gloss.

268 682 293 708 id
316 690 336 709 r.

225 681 334 754 Biiiusiis
349 717 430 745 etiam
444 715 531 743 dit-“tus
542 714 639 743 Servus
655 712 701 749 qui
723 712 758 740 ad
777 712 922 740 docendos
939 719 1039 748 pueros
1063 708 1130 737 olim
1144 705 1335 749 adhibebatur.

246 756 349 792 Pignor.
365 756 398 782 de
406 754 482 782 Serv.
493 762 520 789 p.
536 757 597 785 380.
622 750 650 779 V.
666 751 694 778 in
705 750 776 778 hanc
785 759 843 778 rem
858 749 938 777 testes
946 747 1140 785 compluresin
1152 745 1215 787 Lex.
1230 744 1316 785 Pitrssc.

225 792 335 826 Baiulus
347 791 462 828 sequiori
470 800 526 818 {evo
539 790 682 817 Praetorem
699 787 831 821 notabat,
852 787 918 815 inde
931 786 1005 815 enim
1019 785 1157 814 Gallicum
1171 783 1256 818 Batlltf.
1276 781 1335 810 Ital.

250 826 353 865 &agrive
362 849 369 858 ‚
393 829 468 855 Balio.
508 828 529 855 ll
537 828 581 855 inc
592 826 678 855 Plinio
688 835 748 854 eam
758 834 856 854 vocem
866 824 982 853 restituit
997 823 1155 852 Harduinus
1167 821 1184 850 l.
1195 830 1238 850 20.
1253 819 1278 862 8
1291 823 1335 855 76.

245 867 297 896 Ubi
308 866 393 895 Baviii
404 873 465 894 ante
476 864 625 902 legebatur.
666 863 703 892 Ut
714 863 784 892 adeo
797 863 902 891 dicatur
913 862 1049 899 Hispania*
1058 860 1194 902 Baiulus,
1213 866 1259 894 qur
1270 865 1337 885 mox

243 911 355 933 vocatur
364 904 501 939 Princeps.
542 902 573 931 V.
595 902 660 930 Not.
674 901 740 936 Mai.
753 911 797 933 29-
819 900 905 929 Macri
918 921 926 934 ,
946 898 1049 936 Spelm.
1063 901 1088 927 R
1099 894 1287 941 ClanguGloff.

188 943 208 972 B
220 952 237 971 A
248 950 286 977 Ju
297 953 312 969 L
322 952 341 970 A
352 951 370 969 *r
380 952 387 968 1
399 951 415 969 o
426 963 432 975 ,
455 940 524 969 onis.
544 940 563 968 f.
585 938 667 968 Gloff.
680 938 738 968 Vet.
760 939 826 967 Haec
835 937 982 973 bajulatio,
1003 935 1148 968 ἔαςιιγμειτ.
1219 972 1224 976 .

188 974 209 1009 Β
219 990 255 1014 AJ
268 990 285 1008 u
294 990 310 1007 ι,
319 989 337 1008 Α
347 988 366 1007 'r
375 988 392 1007 o
403 989 417 1006 a
428 1000 435 1012 ,
458 979 522 1006 oris.
544 988 581 1006 m.
612 976 690 1006 Idem
705 977 752 1014 qui
765 975 885 1011 Bajulus.
918 974 1044 1004 &maaian
1066 971 1149 1002 Gloff.
1162 970 1256 1009 Cyrrll.
1270 968 1335 1007 Ulp.

226 1017 244 1046 l.
260 1029 282 1051 ς.
297 1017 318 1053 ξ.
334 1028 357 1046 1.
380 1016 439 1053 Dig.
452 1016 487 1044 de
497 1015 632 1044 Usufrudt.

188 1055 363 1090 BAJULAT
374 1064 411 1082 οε.
424 1064 455 1081 ru
468 1064 495 1087 s,
517 1063 548 1087 a,
570 1062 626 1082 um.
648 1058 697 1086 ut,
717 1050 881 1086 Bajulatoria
891 1049 963 1078 sella.
987 1048 1051 1078 Cael.
1067 1047 1155 1077 Aurel.
1166 1047 1244 1076 Acut.
1261 1054 1335 1075 1.11.

226 1092 252 1121 S.
263 1099 307 1128 83.
329 1102 388 1128 quze
404 1091 551 1120 Gesttrtoria
563 1091 696 1119 Suetonio
707 1112 715 1124 ,
736 1089 886 1118 Scamnum
897 1086 984 1116 Celso.
1033 1119 1038 1129 Ι
1308 1119 1323 1126 ..

190 1129 238 1159 BA
249 1141 256 1157 x
268 1140 322 1165 us,
362 1129 457 1158 Servio
471 1151 479 1163 ,
521 1129 603 1158 13ch&-
614 1150 623 1162 ,
651 1127 671 1156 B
682 1138 697 1156 A
710 1138 718 1155 1
731 1137 748 1154 A
759 1136 770 1155 s
782 1148 789 1160 Ἰ
819 1125 945 1154 Straboni
956 1146 964 1159 ,
995 1128 1081 1158 Bonus,
1111 1121 1189 1152 Unus
1209 1131 1244 1151 ex
1259 1120 1339 1150 soene

227 1166 325 1204 Ulyffis
336 1167 403 1201 fuit,
425 1177 440 1194 a
451 1166 530 1201 cujus
541 1166 655 1194 nomine
666 1165 737 1194 Baiae
745 1163 889 1201 appellatae
898 1162 1056 1192 creduntur.
1099 1160 1131 1190 V.
1152 1170 1167 1189 Β
1177 1170 1197 1189 A
1206 1170 1215 1188 1
1224 1169 1258 1189 a.

189 1204 310 1235 Baius
327 1204 426 1239 Color,
449 1204 479 1233 V.
503 1213 642 1232 nAorus
659 1204 684 1232 ἃ
705 1211 862 1231 BALith..

613 1279 638 1313 B
737 1279 762 1312 A
861 1276 888 1310 L

187 1351 208 1382 B
218 1361 234 1380 A
245 1363 261 1380 L
272 1373 279 1385 .
301 1351 379 1381 Idem
390 1351 464 1389 quod
475 1353 500 1381 5<
510 1351 572 1380 Baal
582 1374 590 1385 ,
611 1350 715 1388 Lingua
728 1350 829 1379 Punica
846 1349 920 1378 Deus
938 1347 1040 1377 dicitur
1051 1368 1059 1381 ,
1080 1351 1111 1375 ut
1123 1346 1213 1383 inquit
1229 1345 1339 1389 Servius

226 1391 255 1417 in
276 1400 298 1418 1.
313 1390 410 1425 AEn.73
420 1390 538 1454 3.1Apt{ld
549 1389 665 1426 All'yrios
675 1395 767 1417 autem
783 1387 831 1417 Bel
844 1387 948 1416 dicitur
957 1385 1075 1423 quadam
1084 1385 1221 1414 sacrorum
1233 1390 1340 1412 ratione

225 1428 357 1456 Saturnus
370 1430 395 1456 Sc
408 1428 442 1455 So
457 1449 462 1455 .
528 1449 534 1456 .

187 1464 235 1495 BA
245 1474 287 1493 LA
299 1487 307 1499 ,
329 1465 439 1500 [nciam
453 1463 561 1502 Joseph.
573 1464 682 1498 nomm]
703 1472 861 1500 cognomen
875 1460 1021 1491 Alexandri
1037 1460 1119 1496 Syria:
1133 1460 1205 1502 regis
1215 1482 1223 1494 ,
1246 1459 1293 1496 qui
1311 1458 1338 1488 se

225 1502 354 1531 Antiochi
368 1502 517 1540 Epiphanis
527 1501 614 1530 filium
626 1502 769 1537 mentitus,
780 1499 1040 1537 regnumDemetrio
1050 1499 1148 1532 Soteri,
1158 1508 1250 1540 pugna
1259 1496 1338 1531 caeso,

225 1541 380 1576 eripuerat,
404 1539 477 1576 quod
493 1539 539 1576 ipsi
550 1540 742 1576 quinquennio
754 1539 814 1576 post
825 1548 840 1567 a
854 1537 1000 1567 Ptolemaeo
1022 1535 1206 1565 Philometore
1223 1537 1316 1564 (ocero
1328 1557 1336 1570 ‚

225 1577 400 1607 &Demetrio
411 1578 546 1606 Nicanore
559 1577 786 1614 rursuserepturn
801 1575 862 1605 fuit.
905 1575 936 1604 V.
959 1574 1026 1604 Hist.
1039 1571 1165 1602 Maccub.
1179 1573 1198 1603 l.
1213 1582 1236 1603 1.
1255 1582 1279 1602 c.
1295 1582 1337 1601 10.

225 1615 279 1650 Jos.
292 1623 407 1651 αςχαηολ.
429 1615 444 1643 l.
461 1625 500 1651 ¹3·
524 1614 619 1650 Justin.
633 1614 651 1644 l.
667 1624 709 1650 3<-
725 1614 794 1652 Epit.
808 1614 864 1643 Liv.
877 1613 893 1643 l.
909 1623 952 1647 51.
964 1611 1051 1641 Strab.
1067 1611 1084 1640 l.
1099 1615 1140 1640 16.

188 1651 235 1682 BA
246 1662 324 1681 ΜΕΝ
336 1666 351 1682 A
363 1675 371 1687 ,
393 1663 424 1682 ει».
445 1652 462 1682 f.
485 1653 643 1688 [ΦάΛωιιοι]
676 1652 783 1686 Festus,
805 1651 943 1681 Balaenam
960 1649 1079 1679 belluam
1099 1649 1235 1677 marinam
1250 1647 1337 1686 ipsam

225 1691 322 1720 dicunt
332 1691 384 1720 else
392 1691 527 1728 pistricem
538 1713 546 1725 ,
567 1689 652 1728 ipsam
665 1689 719 1719 esse
731 1692 756 1720 δε
770 1696 872 1719 cetum.
894 1688 994 1724 Juven.
1008 1697 1049 1716 10.
1062 1687 1116 1715 Sat.
1134 1697 1174 1715 12.

280 1728 393 1764 Quanto
405 1728 543 1766 delphinis
556 1727 659 1757 balaena
670 1728 827 1758 Britannica
838 1726 936 1763 major.
1009 1725 1111 1767 Auson,
1121 1722 1229 1753 Mosell.
1241 1731 1266 1753 v.
1275 1733 1336 1759 ¹⁴4·

224 1764 295 1832 {iius
307 1766 354 1795 lib.
369 1776 394 1802 9.
407 1775 466 1804 cap.
481 1769 506 1796 6.
539 1766 581 1796 De
595 1765 709 1802 balaena,
719 1765 764 1795 cui
774 1764 949 1795 Andromeda
959 1763 1050 1793 fuiffet
1066 1762 1194 1798 objecta,
1217 1761 1246 1790 V.
1268 1761 1336 1790 Lex.

245 1812 275 1832 iti
290 1813 314 1833 c.

185 1839 288 1871 BALAE
299 1850 320 1869 Ν
329 1851 348 1870 A
357 1850 403 1870 Tu
413 1851 424 1870 s
435 1864 443 1876 ,
466 1841 524 1876 Adj.
546 1848 576 1870 ut
585 1863 594 1876 ,
613 1840 749 1870 Balaenata
758 1842 852 1878 virga,
876 1850 936 1878 quae
957 1840 1010 1875 (ut
1025 1837 1147 1877 opinor)
1167 1846 1182 1866 e
1202 1836 1338 1873 cartilagi-

222 1887 259 1907 ne
273 1877 382 1909 balaenae
400 1879 430 1908 fit
441 1901 448 1914 ,
470 1878 559 1916 qualia
566 1880 692 1908 videmus
702 1879 852 1908 calatorum
860 1878 981 1908 eccleliae
989 1874 1212 1906 commentacula
1223 1897 1230 1910 ,
1252 1881 1337 1904 utve-

221 1921 294 1945 teres
303 1916 488 1955 appellabant.
522 1916 626 1946 Petron.
640 1927 700 1955 cap.
717 1927 761 1946 21.
784 1917 881 1946 Donec
901 1914 1037 1953 Quartilla
1059 1913 1220 1943 balaenatam
1240 1920 1338 1941 tenens

221 1954 334 1991 virgam,
343 1954 451 1991 alteque
461 1955 607 1989 succincta,
615 1954 688 1990 jullit
696 1954 854 1983 infelicibus
863 1954 920 1983 dari
931 1952 1169 1982 miffionemflaec
1176 1951 1334 1980 Turnebus.

185 1990 206 2022 B
214 2001 235 2020 A
245 2002 261 2020 L
272 2001 290 2020 A
298 2001 318 2020 N
329 2002 342 2021 a
351 2002 369 2021 A
390 1994 533 2028 [Βαλανεψι
546 1993 711 2029 Stephano]
732 1993 879 2030 Oppidum
889 1991 927 2022 est
936 1992 966 2020 in
976 1991 1100 2020 confinio
1116 1989 1199 2027 Syriae
1215 1991 1241 2019 ἂ
1256 1988 1338 2018 Phoe-

223 2029 299 2059 nices
310 2051 317 2064 ,
337 2030 416 2066 cujus
425 2031 569 2065 meminit,
591 2030 658 2060 Ptin.
673 2030 720 2059 lib.
735 2041 758 2066 ς.
772 2040 831 2068 cap.
846 2039 891 2059 20.

183 2066 205 2097 B
213 2076 233 2095 A
243 2078 259 2095 L
268 2077 288 2095 A
298 2077 356 2096 N1s
366 2078 383 2096 c
394 2078 409 2096 u
419 2078 431 2097 s
442 2090 450 2102 ,
471 2068 487 2097 i.
506 2078 543 2097 m.
565 2066 771 2104 [summates]
792 2069 808 2097 i.
823 2078 847 2097 e.
868 2067 1022 2097 Balneator.
1065 2065 1104 2095 Ita
1116 2064 1183 2101 legit
1194 2064 1336 2094 Reinesius

221 2105 256 2134 ad
271 2105 378 2135 Petron.
390 2105 495 2143 Fragm.
508 2116 536 2143 p.
550 2110 594 2135 62.
615 2107 640 2135 &
650 2106 751 2135 retinet
759 2106 800 2136 M.
813 2105 920 2135 Nodot.
939 2115 967 2142 p.
981 2114 1045 2140 204.
1067 2102 1116 2132 ubi
1135 2103 1187 2132 fuit
1205 2102 1333 2132 Baliscus.

222 2143 297 2172 conf.
309 2143 401 2172 Burm.
420 2153 447 2181 p.
462 2149 522 2175 188.
545 2145 591 2180 qui
602 2144 744 2181 proprium
755 2153 858 2173 nomen
873 2148 961 2180 putat.
1245 2177 1251 2184 ι

183 2179 204 2210 Β
213 2189 231 2208 A
241 2191 257 2208 L
266 2190 284 2209 A
294 2190 314 2209 N
322 2192 331 2209 1
342 2190 361 2209 ‘r
370 2191 383 2209 a
391 2190 402 2210 s
411 2202 418 2215 ‚
439 2191 469 2210 «τε.
492 2182 669 2216 [anamim]
690 2181 805 2211 Gemma
813 2180 966 2214 subviridis,
979 2181 1004 2209 &
1015 2178 1160 2208 Corinthio
1171 2177 1266 2208 similis
1277 2178 1333 2213 aeri,

219 2217 329 2247 secante
337 2219 458 2248 mediam
473 2218 601 2248 flammea
614 2228 692 2248 vena.
716 2219 783 2248 Plin.
795 2219 842 2248 lib.
859 2228 901 2254 37.
915 2227 975 2255 cap.
994 2227 1036 2246 10.

182 2253 419 2290 BALAN1T1s,
439 2257 503 2285 idis.
527 2257 694 2292 [emmim]
717 2256 810 2286 Genus
831 2256 961 2286 castaneae
980 2254 1143 2289 rotundius,
1165 2255 1191 2283 ἃ
1212 2254 1335 2283 maxime

218 2292 362 2360 pprgaibbile
375 2315 383 2328 ,
405 2295 430 2323 ἃ
444 2293 541 2331 sponte
550 2293 706 2332 prosiliens,
727 2304 743 2323 a
752 2295 871 2324 rotunda
880 2292 987 2331 glandis
994 2292 1084 2329 effigie
1102 2293 1140 2321 ita
1153 2291 1333 2329 appellatum.

250 2341 346 2360 in.1.
362 2341 428 2366 5.ca
451 2341 516 2366 .23.

180 2367 202 2398 B
211 2377 230 2397 A
241 2379 256 2395 L
266 2378 283 2396 A
294 2378 343 2397 NT
353 2379 361 2396 1
372 2379 389 2397 υ
398 2379 418 2397 M
430 2341 448 2402 Ξ)
461 2368 626 2404 [βαλάντιον]
646 2368 815 2406 Marsupium
825 2368 957 2406 fignificat
971 2379 977 2398 :
1002 2368 1079 2398 unde
1097 2368 1123 2396 ἃ
1137 2366 1334 2395 Balantiotomi

218 2406 292 2442 apud
303 2406 531 2443 Aristophanem,
553 2406 610 2442 Qui
629 2406 664 2436 de
683 2416 754 2436 zona
774 2407 982 2445 propendentes
1004 2414 1148 2436 crumenas
1166 2405 1332 2442 praecidunt.

219 2444 321 2472 Auctor
329 2443 429 2473 Caelius
439 2444 485 2473 lib.
505 2455 543 2473 ·.0.
559 2454 618 2481 cap.
630 2454 655 2473 2.

217 2480 262 2510 Est
279 2481 346 2510 item
362 2481 532 2517 Balantium,
555 2482 664 2511 Pondus
689 2482 847 2519 quoddam,
870 2481 973 2511 Phollis
993 2486 1187 2518 nuncupatum
1202 2502 1210 2515 ‚
1242 2480 1332 2509 donos

236 2519 383 2548 continens
391 2519 526 2549 ducentos
536 2520 741 2556 quinquaginta.
784 2520 874 2549 Habet
883 2529 948 2549 vero
960 2519 1051 2548 donus
1062 2519 1160 2548 libram
1173 2527 1268 2553 unam,
1283 2528 1334 2547 un-

237 2557 293 2586 cias
303 2556 462 2587 duodecim.
501 2557 531 2586 V.
553 2557 674 2586 eundem
685 2556 748 2586 Cael.
763 2556 809 2586 lib.
825 2568 866 2587 10.
882 2561 978 2594 cap.6.

180 2593 226 2624 Bi
237 2596 355 2623 LANus
367 2616 374 2629 ,
395 2594 414 2624 i.
435 2595 452 2623 f.
475 2595 645 2630 [ssdessb-u]
671 2594 809 2624 Glandem
826 2595 945 2632 generali
963 2595 1077 2624 nomine
1099 2593 1239 2631 fignificat.
1259 2593 1329 2623 Plin.

218 2631 266 2660 lib.
280 2640 319 2666 17.
333 2641 394 2668 cap.
406 2641 448 2661 20.
472 2632 503 2661 ln
517 2642 680 2670 quacunque
691 2639 762 2662 terra
776 2633 871 2662 seritur
880 2655 888 2668 ,
898 2633 1018 2662 nascitur
1029 2643 1044 2661 e
1056 2632 1164 2661 balano.
1187 2631 1228 2661 De
1240 2631 1333 2662 AEscu-

215 2668 384 2707 Ioloquitur.
424 2669 584 2706 Specialiter
596 2676 689 2699 tamen
702 2671 736 2699 de
749 2670 877 2700 Palmulis
889 2693 896 2705 ,
917 2680 983 2708 quas
1005 2670 1087 2707 vulgo
1108 2669 1231 2706 dactylos
1250 2679 1331 2698 voca-

215 2716 297 2742 mus,
319 2707 462 2744 accipitur.
502 2707 570 2737 Plin.
584 2707 630 2737 lib.
648 2717 688 2742 13.
701 2718 760 2746 cap.
770 2719 796 2743 4.
819 2709 891 2738 Nam
901 2709 929 2737 in
940 2708 993 2737 alia
1011 2716 1087 2746 parte
1101 2708 1264 2742 Phoenices,
1287 2707 1331 2736 Ci-

212 2744 339 2782 liciaeque
348 2766 356 2779 ‚
373 2744 499 2782 populari
510 2745 593 2774 etiam
602 2746 716 2775 nomine
725 2756 739 2774 a
749 2745 830 2775 nobis
841 2745 1015 2783 appellantur
1025 2745 1124 2775 balani.
1149 2745 1190 2774 De
1200 2744 1326 2783 dactylis,

213 2781 367 2819 palmarum
382 2782 577 2812 fruetunconf.
598 2783 702 2820 Spanh.
716 2784 750 2813 de
762 2783 815 2813 Usu
832 2784 945 2813 Numm.
961 2783 1020 2813 diff.
1035 2787 1059 2812 6.
1077 2794 1104 2821 p.
1121 2789 1182 2819 348·

214 2819 256 2849 Ex
268 2819 366 2849 balano
375 2830 409 2850 ex
420 2820 581 2850 wrimebatur
596 2828 770 2858 unguentum
784 2821 932 2851 odoratum
943 2843 951 2857 ,
973 2831 1029 2859 quo
1050 2822 1083 2851 ab
1104 2820 1224 2858 antiquis
1244 2830 1331 2858 unge-

234 2857 333 2887 bantur
342 2867 373 2887 ca
395 2831 445 2887 illi.
467 2858 585 2888 Martial.
600 2857 648 2888 lib.
661 2869 702 2895 14.
720 2865 764 2896 57.

294 2895 358 2933 Quo
389 2906 442 2925 nec
451 2896 577 2932 Virgilius
587 2918 595 2931 ,
615 2906 667 2925 nec
678 2898 800 2926 carmine
814 2897 885 2925 dixit
894 2896 1032 2926 Homerus
1043 2918 1051 2931 ,

331 2933 393 2963 Hoc
404 2943 438 2962 ex
448 2941 590 2971 unguento
599 2934 704 2963 constat
715 2936 740 2964 Sc
751 2944 785 2963 ex
797 2935 906 2964 balano.
1003 2932 1215 2971 Myrobalanum
1226 2933 1329 2962 intelli-

234 2970 273 3007 git
281 2977 378 3008 poeta:
401 2981 461 3009 quae
474 2981 529 3001 vox
547 2971 652 3009 ingredi
669 2982 726 3000 non
745 2973 834 3010 potest
853 2971 958 3002 versum
978 2973 1142 3006 heroicum,
1162 2971 1255 3008 quales
1269 2971 1330 3000 sunt

234 3009 410 3039 Homerici&
423 3009 570 3046 Virgiliani.
592 3009 658 3038 Plin.
674 3009 721 3039 hb.
740 3019 780 3045 13.
793 3020 854 3048 cap.
869 3020 892 3039 1.
914 3010 1026 3039 Constat
1038 3009 1132 3038 oleum
1145 3019 1178 3038 ex
1190 3009 1270 3044 ciliis,
1284 3009 1330 3038 ba-

233 3045 312 3082 lano,
335 3046 440 3076 calamo
452 3069 460 3082 ,
482 3047 564 3076 melle
576 3069 583 3082 ,
605 3047 802 3083 cinnamomo,
829 3057 913 3077 croco
922 3069 931 3082 ,
961 3048 1070 3086 myrrha
1080 3069 1088 3083 ,
1115 3047 1264 3086 aspalatho.
1286 3047 1329 3077 De

232 3085 389 3121 unguentis.
429 3085 471 3114 De
482 3085 536 3114 hoc
546 3085 611 3114 Hor.
627 3094 650 3120 3.
662 3084 752 3115 Carm.
765 3095 810 3120 29.
822 3096 847 3120 4.

294 3122 377 3152 Pressa
389 3123 443 3152 tuis
455 3123 567 3152 balanos
577 3122 692 3160 capillis.
786 3122 859 3152 conf.
874 3121 965 3153 Diosc.
980 3133 1007 3158 4.
1026 3126 1086 3152 ¹60.

213 3157 328 3189 Balanus
338 3160 505 3198 myrepsrce,
527 3160 738 3197 (inquitRuell.
751 3159 800 3190 lib.
816 3172 838 3190 1.
855 3170 918 3198 cap.
935 3161 1001 3196 56.)
1023 3161 1048 3190 h.
1064 3170 1088 3189 e.
1111 3159 1195 3189 Glans
1205 3169 1330 3197 unguen-

232 3197 298 3226 taria
308 3219 317 3232 ,
338 3198 441 3228 fructus
453 3200 490 3227 est
502 3199 604 3228 arboris
616 3199 726 3236 myricae
736 3198 847 3233 similis,
869 3198 1062 3235 magnitudine
1080 3198 1267 3226 avellanarum
1277 3207 1330 3226 nu-

234 3244 297 3263 cum
306 3257 314 3270 ,
331 3245 384 3272 qua
395 3236 518 3274 expressa
531 3259 538 3271 ,
559 3237 794 3274 quemadmodum
802 3245 837 3265 ex
848 3235 1000 3273 amygdalis
1011 3236 1109 3264 amaris
1120 3257 1127 3269 ,
1149 3236 1286 3273 excipitur
1296 3235 1329 3264 li-

233 3281 301 3308 quor
312 3294 320 3308 ,
341 3283 395 3309 quo
406 3274 433 3302 in
446 3274 563 3312 pretiosa
574 3282 714 3312 unguenta
733 3275 794 3303 vice
807 3273 863 3302 olei
882 3280 1005 3303 utuntur.
1047 3272 1172 3302 Nascitur
1183 3273 1212 3301 in
1225 3272 1328 3302 AEthio-

232 3309 477 3378 Pda'b'rshebaissq'
499 3312 615 3378 Affirbiab,
628 3314 663 3378 1&
672 3312 818 3378 qusslecus
828 3311 953 3347 Judaeam
965 3333 974 3345 ,
996 3310 1074 3339 Petra
1083 3311 1194 3340 dicitur.
1218 3310 1248 3339 V.
1267 3310 1328 3348 plu-

274 3357 283 3374 r
306 3357 312 3374 1
335 3357 386 3376 em.
455 3359 500 3378 inc
562 3360 591 3378 ro
613 3360 627 3379 a
640 3360 707 3379 anus
737 3359 826 3379 icitur.

215 3382 348 3419 Balanus,
371 3385 448 3415 Piscis
466 3360 594 3417 mansilis.
637 3387 704 3417 Plin.
723 3387 769 3416 lib.
791 3397 834 3422 32.
860 3396 921 3424 cap.
945 3395 986 3415 11.
1027 3384 1113 3414 Plaut.
1132 3384 1203 3415 Rud.
1219 3395 1244 3415 2.
1263 3395 1285 3414 1.
1300 3391 1326 3419 8.

234 3420 341 3450 Ostreas
350 3443 358 3455 ,
379 3423 489 3452 balanos
499 3432 640 3462 captamus
651 3447 659 3460 ‚
676 3426 796 3454 conchas
809 3447 817 3459 ,
839 3425 973 3453 marinam
986 3423 1112 3452 urticam.

215 3457 309 3486 Balani
319 3480 326 3492 ,
347 3459 407 3488 sunt
417 3461 535 3491 Glandes
544 3485 551 3493 .
573 3463 636 3492 &id
645 3464 720 3500 quod
733 3463 840 3499 glandis
850 3463 937 3491 forma
949 3461 984 3489 ad
992 3459 1201 3489 subducendam
1213 3459 1305 3489 alvum
1315 3482 1325 3495 ‚

234 3496 261 3522 in
273 3496 401 3531 podicem
411 3507 492 3528 manu
502 3501 604 3529 inditur
614 3523 621 3535 ,
643 3501 717 3538 apud
725 3502 849 3530 auctores
860 3499 1016 3528 medicinae.
1056 3498 1182 3527 Budaeus.
1225 3497 1327 3535 Vulgus

233 3532 448 3568 Supposrtorium
465 3545 553 3567 vocat.

214 3568 307 3599 Balani
318 3591 325 3603 ,
347 3570 535 3603 Castanearum
547 3585 632 3611 genus
645 3574 793 3605 excellens.
837 3574 905 3604 Plin.
921 3573 970 3602 lib.
983 3582 1026 3607 15.
1047 3582 1108 3610 cap.
1120 3580 1166 3608 23.
1196 3571 1327 3602 Sardibus

234 3615 273 3635 eae
283 3616 434 3649 provenere
445 3612 571 3646 primum.
613 3612 678 3641 ldeo
689 3613 763 3649 apud
773 3614 882 3642 Graecos
890 3611 1038 3640 Sardianos
1050 3610 1163 3639 balanos
1173 3609 1325 3647 appellant.

234 3643 386 3687 nauidivus
399 3646 527 3676 Tiberius
540 3650 632 3685 postea
645 3650 775 3679 balanum
797 3659 900 3678 nornen
916 3647 1047 3686 imposuit
1057 3670 1065 3683 ,
1086 3646 1329 3676 excellentioribus

231 3680 402 3747 satugaffis}
430 3684 480 3713 llic
494 3685 625 3722 balanus,
646 3694 692 3716 aut
702 3688 739 3716 est
750 3688 833 3716 etiam
847 3686 1046 3721 masculinum,
1066 3691 1116 3715 aut
1133 3684 1277 3714 Sardianas
1290 3685 1329 3713 le-

233 3727 286 3754 gen
310 3728 355 3746 um
365 3725 389 3747 ei
405 3742 410 3747 .

215 3755 346 3799 Balanurn
355 3757 436 3785 etiarn
447 3765 547 3788 vocant
560 3759 646 3788 Graeci
655 3782 663 3794 .
684 3761 771 3797 Virgae
782 3761 867 3790 virilis
879 3768 1030 3790 extremam
1041 3766 1157 3797 partem.

177 3792 199 3823 Β
208 3803 226 3821 A
236 3804 252 3820 L
261 3803 279 3820 A
289 3802 308 3819 N
320 3802 334 3820 A
346 3802 363 3820 τ
373 3803 389 3820 U
398 3803 409 3822 s
421 3815 427 3827 2
449 3796 635 3838 [βωῇᾒνωτὶς]
657 3798 716 3831 Adi.
738 3799 869 3828 Balanino
882 3799 945 3827 oleo
960 3798 1092 3835 perfusus.
1103 3797 1171 3827 Pers.
1181 3807 1208 3833 4.
1219 3796 1326 3834 Sat.37.

294 3828 338 3857 Tu
349 3839 431 3866 quum
443 3832 559 3861 maxillis
569 3833 724 3863 balanatum
733 3836 848 3873 gausape
860 3840 962 3873 pectas.

178 3867 199 3897 Β
210 3877 226 3895 Α
238 3877 253 3910 ι..
263 3868 278 3894 3
288 3868 354 3908 uin
366 3877 382 3894 υ
392 3877 404 3896 s
417 3889 424 3900 .
442 3870 499 3904 Atlj.
519 3871 687 3906 [eamn-bs]
709 3872 746 3901 hx
758 3873 855 3901 balano
864 3873 976 3902 tactum.
989 3881 1030 3907 ut,
1042 3871 1208 3904 Balaninum
1219 3871 1324 3904 oleum·

216 3903 281 3934 Phn.
295 3903 343 3948 lib.
358 3913 399 3936 2³.
415 3914 474 3941 cap.
487 3919 514 3939 4-
536 3905 697 3937 Balaninum
706 3910 799 3938 oleum
811 3917 940 3946 repurgat
950 3921 1037 3939 varos.

178 3939 199 3971 B
208 3952 228 3972 Α
236 3952 252 3970 1..
261 3950 280 3970 A
288 3949 308 3970 N
316 3949 327 3970 1
336 3950 353 3969 ἰ’
362 3951 375 3969 13
383 3950 394 3970 S
406 3963 414 3975 ‚
435 3952 465 3971 ιε.
487 3953 525 3973 m.
547 3945 721 3981 [Cumauam]
742 3946 867 3976 Gemma,
888 3948 956 3977 Plin,
972 3957 1015 3985 37,
1030 3956 1071 3978 ιο,

560 1437 666 1456 ΒΑΛΙ..

1852 136 1876 169 Β
1972 136 2001 170 Α
2089 135 2118 170 L

1382 215 1402 245 B
1414 226 1457 244 AL
1467 226 1482 244 A
1494 225 1528 244 ar
1542 237 1550 250 ,
1571 214 1727 251 [Βκλοίεοι]
1747 215 1845 251 Populi
1861 215 2061 245 Montanorum
2079 216 2228 246 Sardorum
2239 239 2247 252 ,
2272 217 2318 254 qui
2340 215 2482 254 speluncas
2498 217 2537 247 in-

1420 254 1544 282 hubitant
1556 275 1562 285 .
1585 262 1615 281 ut
1638 253 1728 289 inquit
1738 254 1833 282 Strabo
1848 253 1895 283 lib.
1910 265 1933 288 ς.

1420 291 1523 325 Balari,
1546 290 1633 319 Corlis
1655 290 1750 319 exules
1766 292 1912 325 dicuntur,
1927 291 1994 320 teste
2017 291 2160 319 Pausania:
2182 291 2258 323 quod
2280 300 2382 320 nornen
2405 291 2535 322 Sardiniae
2591 306 2594 322 s

1441 336 1573 357 montana
1587 327 1789 358 incolentibus,
1808 329 1935 362 adhresrt,
1958 337 2020 357 cum
2039 329 2105 357 illuc
2119 328 2308 358 secelfissenta
2321 328 2535 365 Carthaginenfi-
2591 347 2593 351 ι

1444 367 1493 395 bus
1506 366 1676 395 deficientes.
1700 365 1729 394 V.
1753 365 1816 395 Caei.
1836 365 1882 395 lib.
1899 376 1940 400 19.
1959 376 2017 402 cap.
2032 376 2076 394 22.

1385 404 1405 433 B
1415 407 1429 432 Ᾰ
1442 416 1456 431 L
1466 408 1481 432 A
1491 414 1507 431 a
1519 414 1536 432 υ
1545 413 1557 432 s
1567 425 1575 438 ,
1596 403 1613 431 i.
1635 412 1671 431 m.
1693 403 1808 439 Strategi
1819 413 1921 432 nomen
1933 405 2006 441 apud
2017 403 2115 432 Silium
2125 425 2133 438 ,
2157 412 2181 438 3.
2201 408 2263 438 378.

1385 442 1429 471 BA
1440 446 1558 470 LATRO
1570 463 1578 475 ,
1602 441 1671 469 onis.
1693 450 1730 468 m.
1764 441 1856 469 Homo
1872 441 1953 470 nihili
1965 452 1979 469 a
1990 440 2112 469 Balando
2130 440 2164 470 sic
2177 441 2275 470 dictus.
2301 440 2383 469 Varro
2404 441 2438 470 de
2449 440 2482 470 R.
2499 440 2531 471 R.

1424 479 1471 508 lib.
1485 489 1509 507 2.
1521 488 1581 515 cap.
1598 488 1622 512 ς.
1645 477 1752 506 Videbo
1764 478 1819 514 jam
1832 489 1880 507 vos
1891 501 1899 513 ,
1912 480 2018 516 inquit,
2030 478 2185 507 balatrones
2196 500 2204 514 ,
2221 478 2309 509 &huc
2320 477 2432 508 afferam
2443 488 2536 509 meum

1425 517 1532 545 corium
1549 518 1574 544 Sc
1588 516 1678 552 flagra.
1702 515 1767 545 Hor.
1785 525 1808 544 1.
1828 516 1913 545 Serm.
1928 526 1954 545 2.
1967 526 1992 545 2.

1467 553 1615 587 Mendici,
1637 553 1728 581 mimae
1743 575 1750 587 ,
1772 552 1945 588 balatrones,
1958 555 2009 583 See.
2032 553 2162 590 Porphyr.
2185 553 2223 582 ait
2238 553 2397 583 Balatrones
2410 563 2425 582 a
2442 553 2536 584 Balatu
2588 585 2589 589 ,

1425 593 1450 621 St
1461 591 1669 627 vaniloquentia
1679 591 1777 619 dictos.
1820 592 1907 620 Acron
1917 592 1946 620 in
1957 591 2026 620 illud
2039 592 2105 620 Hor.
2121 601 2147 619 2.
2161 591 2246 620 Serm.
2257 601 2281 628 7.
2293 600 2337 626 35.

1638 638 1702 656 cum
1712 638 1811 665 magno
1825 628 1939 658 blateras
1949 629 2069 658 clamore
2082 638 2088 657 ε
2112 628 2147 657 sic
2155 629 2193 657 ait
2202 651 2210 664 ,
2229 628 2349 658 Blateras
2359 650 2368 662 ,
2389 626 2535 665 Vociferas,

1424 666 1525 695 clamas
1536 666 1589 694 [ine
1599 666 1712 694 ratione.
1738 666 1816 694 Unde
1826 666 1983 696 Balatrones
1995 690 2002 702 ,
2027 666 2099 703 quali
2111 666 2270 695 Blaterones
2280 688 2288 701 ,
2311 665 2444 695 Blaterare
2451 666 2535 702 enim,

1424 704 1534 741 proprie
1548 703 1586 732 est
1606 703 1701 740 Inepte
1713 703 1838 732 clamare.
1861 704 1931 733 Galli
1952 705 2090 740 integrum
2107 713 2194 740 prope
2222 705 2276 732 hoc
2293 702 2461 732 vocabulum
2474 703 2538 733 reti.

1424 750 1499 769 nent.
1522 740 1669 769 vernacula
1683 739 1728 769 sua
1738 740 1831 778 lingua
1842 742 1988 770 Beliehtanes
1999 742 2075 770 enim
2087 740 2230 779 appellant
2236 741 2371 771 Homines
2390 750 2448 770 non
2457 740 2536 771 bonae

1425 779 1495 815 frugi
1508 800 1516 812 ,
1538 780 1563 808 ἃ
1576 777 1666 807 nihili.

1424 816 1532 846 Balatro
1545 837 1554 850 ,
1575 816 1660 845 etiam
1669 817 1813 853 proprium
1821 816 1872 844 viri
1883 816 1958 853 apud
1968 816 2034 845 Hor.
2044 826 2070 845 2.
2080 816 2166 845 Serm.
2176 822 2202 851 8.
2211 825 2258 846 21.

1659 869 1697 873 -
1707 863 1771 882 cum
1779 853 1896 883 Servilio
1908 853 2051 883 Balatrone

1501 890 1626 920 Vibidius
1637 900 1704 927 quos
1714 891 1852 920 Maecenas
1865 892 2017 921 adduxerat
2028 891 2145 921 umbras.

1425 938 1509 958 mune
1521 928 1672 957 Balatronis
1681 938 1784 957 nomen
1796 929 1949 959 deducunt.
1990 929 2022 959 V.
2045 929 2140 958 Franc.
2153 928 2252 959 Luifin.
2267 930 2372 966 Parerg.
2390 940 2411 957 1.
2423 934 2449 958 6.

1423 966 1581 996 Balatrones
1599 963 1721 1002 [ὲδϊνες]
1743 968 1768 996 δι
1781 966 1888 996 Blateas
1901 989 1909 1002 ,
1930 966 2021 996 Bullas
2042 967 2092 996 luti
2102 976 2136 996 ex
2151 967 2313 1004 itineribus,
2334 973 2381 996 aut
2393 966 2469 1004 quod
2484 966 2536 998 cal·

1444 1011 1652 1033 ceamentorum
1665 1003 1744 1033 soleis
1755 1005 1893 1040 eraditur,
1915 1005 2101 1042 appellabant.
2138 1004 2238 1034 Festus.

1388 1042 1592 1077 BALA'rro,
1612 1042 1799 1072 BALATus.
1841 1042 1871 1072 V.
1893 1053 2005 1077 BALo,
2027 1053 2065 1072 as.

1388 1080 1661 1114 BALAusTmM,
1683 1080 1702 1108 i.
1724 1090 1751 1108 n.
1774 1077 1951 1115 [βειλοαὶςιον]

1424 1118 1456 1147 ln
1465 1118 1519 1146 hoc
1527 1117 1586 1155 ipso
1596 1118 1690 1155 cytino
1700 1117 1805 1146 flosculi
1819 1117 1898 1154 sunt,
1918 1125 2066 1156 antequam
2085 1118 2188 1148 scilicet
2199 1117 2303 1147 malurn
2313 1118 2402 1156 ipsum
2411 1119 2534 1155 prodeat.

2236 891 2277 921 Ab
2289 892 2344 921 hoc
2363 890 2447 928 aliqui
2463 900 2535 923 com.

1971 1080 2034 1110 Flos
2044 1080 2108 1110 mali
2118 1080 2226 1117 punici.
2248 1080 2315 1109 Plin.
2326 1079 2375 1110 lib.
2387 1083 2534 1117 23.cap.6.
2580 1096 2581 1104 κ
2601 1092 2604 1100 ·

1424 1162 1618 1199 erumpentes,
1639 1164 1708 1192 quos
1724 1155 1884 1185 balaustium
1901 1157 2145 1200 vocari-diximus.
2185 1156 2264 1200 Idem
2280 1156 2329 1186 lib.
2344 1165 2386 1199 13.
2408 1165 2469 1199 cap..
2489 1165 2532 1191 19.
2582 1184 2583 1188 ,
2599 1170 2604 1174 ·

1424 1193 2033 1275 {stubs{titt¹32J0ffi²3¹5315300¹¹33350¹¹¹13⁵.
2044 1195 2234 1269 ffffi‘cffffia‘iss,
2242 1194 2386 1269 ἥὲἰῗῗὲἶῖὃ
2399 1193 2536 1262 afflat
2578 1252 2580 1273 1
2602 1254 2604 1258 Α

1426 1269 1522 1298 Galen.
1531 1267 1708 1312 *Balaustium
1719 1268 1841 1298 filvestns
1851 1270 1917 1298 mall
1927 1270 2022 1307 punici
2033 1270 2129 1299 florem
2139 1269 2192 1299 effe
2200 1270 2331 1307 produnt.
2352 1269 2536 1299 Columel.10.
2578 1282 2579 1299 ι
2596 1295 2599 1298 Α

1425 1317 1489 1343 297.
1503 1306 1594 1336 Diosc.
1607 1316 1629 1336 1.
1642 1315 1703 1341 132.
1719 1306 1760 1335 De
1771 1306 1906 1336 Balaustio
1916 1307 1945 1336 in
1955 1309 2076 1337 nummis
2086 1307 2259 1338 Rhodiorum
2268 1306 2380 1345 copiose
2389 1307 2491 1344 Spanh.
2500 1307 2535 1340 de,
2576 1316 2582 1351 γ·
2602 1336 2604 1341 ,

1426 1344 1479 1374 Usu
1490 1346 1515 1374 ἅ
1531 1344 1614 1374 Praest.
1634 1344 1719 1374 Num.
1730 1343 1788 1373 diff.
1799 1348 1825 1373 6.
1847 1355 1875 1382 p.
1891 1355 1953 1381 315.

1385 1382 1406 1413 B
1416 1392 1435 1411 A
1445 1394 1460 1411 L
1472 1393 1490 1411 A
1500 1392 1519 1411 u
1529 1392 1541 1412 s
1549 1392 1569 1411 *r
1579 1393 1588 1410 1
1597 1392 1619 1411 N
1628 1391 1667 1411 us
1680 1404 1688 1417 ,
1710 1382 1768 1417 Adj.
1795 1383 1988 1418 [βκλοωςινὸς]
2009 1388 2040 1413 ut
2050 1405 2058 1419 ‚
2075 1382 2247 1413 Balaustinus
2257 1381 2334 1412 color
2344 1404 2353 1419 ‚
2373 1381 2466 1412 similis
2474 1382 2536 1414 flori
2577 1363 2581 1401 Ἰ

1425 1420 1491 1449 mali
1502 1420 1609 1458 punici.
1630 1419 1699 1449 Plin.
1718 1428 1760 1456 13.
1776 1429 1818 1455 ¹9-

1384 1458 1405 1488 Β
1414 1469 1433 1487 A
1443 1470 1459 1487 L
1467 1468 1511 1487 Ax
1523 1480 1531 1493 ,
1552 1459 1617 1487 acis.
1640 1459 1666 1487 &
1681 1457 1701 1486 B
1712 1467 1730 1486 A
1741 1468 1757 1486 L
1767 1468 1785 1487 υ
1795 1467 1812 1486 x
1821 1480 1830 1494 ,
1851 1459 1920 1488 ficis.
1937 1458 2027 1488 Plinio
2040 1459 2141 1488 dicitur
2152 1458 2294 1489 Minuturn
2303 1464 2459 1488 ramentum
2467 1458 2535 1497 auri,

1424 1505 1466 1533 33.
1479 1506 1506 1530 a..
1540 1495 1570 1525 V.
1593 1494 1704 1525 Salmas.
1720 1495 1816 1525 Exere.
1833 1495 1900 1525 Plin.
1911 1506 1939 1534 p.
1951 1506 2014 1534 277.
2036 1497 2179 1527 Salmasius
2189 1496 2400 1526 scribitBalluca
2411 1498 2437 1527 ἃ.
2448 1506 2464 1526 a
2473 1496 2533 1525 ζάλ-

1422 1534 1472 1567 Aa}
1490 1533 1620 1568 deducit,
1640 1543 1667 1571 p.
1684 1543 1747 1570 239.
1762 1533 1809 1562 fin.
1821 1533 1871 1563 Ed.
1883 1534 1982 1572 poster.
2012 1534 2042 1565 V.
2065 1545 2081 1563 Β
2091 1545 2110 1563 A
2120 1545 2164 1563 LU
2173 1544 2226 1564 CA.

1384 1571 1406 1602 B
1414 1582 1434 1601 A
1443 1583 1459 1600 L
1469 1582 1483 1599 Β
1492 1576 1505 1600 ῑ
1513 1581 1534 1600 N
1544 1581 1564 1600 A
1573 1593 1581 1607 ,
1603 1573 1618 1608 [
1629 1570 1753 1606 BaeAClm]
1777 1571 1856 1609 Virgo
1867 1572 1991 1602 Romana
2002 1574 2027 1602 δι
2035 1578 2136 1610 martyr
2146 1594 2155 1608 ,
2176 1572 2288 1609 Quirini
2299 1571 2356 1601 filia
2366 1594 2375 1606 ,
2395 1571 2508 1602 liberata
2516 1582 2536 1603 a

1422 1610 1530 1639 strumae
1541 1609 1610 1639 vitio
1625 1619 1675 1646 per
1684 1608 1870 1639 Alexandrum
1883 1610 2047 1647 pontificem
2059 1633 2067 1646 ,
2087 1610 2194 1647 sepulta
2203 1611 2233 1639 in
2247 1611 2291 1640 via
2304 1611 2392 1648 Appia
2398 1611 2476 1646 juxta
2487 1619 2534 1648 pa·-

1424 1654 1510 1682 trem,
1532 1648 1580 1684 qui
1598 1646 1680 1676 ambo
1690 1646 1739 1676 sub
1751 1647 1871 1683 Trajano
1884 1647 1947 1678 sunt
1954 1648 2031 1686 palli.
2068 1649 2170 1677 Auctor
2179 1648 2293 1678 Volater.

1384 1684 1406 1715 B
1415 1695 1434 1714 A
1444 1696 1460 1713 L
1470 1696 1483 1713 B
1495 1696 1512 1714 u
1522 1695 1534 1714 s
1543 1707 1552 1721 ‚
1573 1695 1588 1714 a
1597 1707 1606 1721 ,
1627 1695 1684 1714 um.
1707 1683 1819 1721 [φελλὸς
1829 1707 1838 1721 ,
1857 1685 1980 1721 παυλὶς]
2002 1686 2059 1722 Qui
2079 1685 2174 1723 lingua
2193 1686 2344 1724 impeditus
2358 1685 2404 1714 est.
2436 1684 2493 1715 Cic.
2506 1694 2530 1717 1.

1423 1723 1459 1752 de
1467 1723 1545 1753 Orat.
1558 1727 1622 1752 260.
1646 1722 1796 1760 Quumque
1806 1723 1843 1752 ita
1855 1723 1951 1754 balbus
1965 1723 2031 1754 esset
2041 1746 2049 1759 ‚
2070 1731 2101 1753 ut
2113 1725 2172 1760 ejus
2181 1724 2264 1762 ipsius
2273 1724 2337 1753 artis
2348 1724 2392 1753 cui
2402 1723 2531 1759 studeret.

1423 1762 1542 1799 primam
1552 1761 1658 1790 literam
1668 1770 1726 1789 non
1737 1760 1825 1798 poffet
1837 1761 1945 1797 dicere,
1962 1762 2079 1800 perfecit
2089 1762 2250 1791 meditando
2261 1783 2270 1797 ,
2287 1768 2317 1791 ut
2331 1770 2415 1790 nemo
2446 1760 2534 1790 lanius

1422 1809 1456 1828 eo
1469 1799 1599 1836 loquutus
1616 1805 1765 1836 putaretur.
1805 1799 1847 1828 De
1863 1800 2059 1830 Demosthene.
2090 1800 2170 1830 Idem
2184 1808 2210 1830 α.
2228 1800 2303 1830 Fam.
2318 1809 2361 1829 10.
2381 1799 2428 1829 Bal
2448 1799 2458 1828 i
2475 1808 2535 1830 non

1421 1837 1513 1866 sumus
1529 1859 1536 1871 ,
1558 1837 1593 1866 ad
1607 1846 1665 1865 rem
1680 1836 1833 1867 redeamus.

1421 1874 1505 1904 Balba
1516 1875 1551 1904 de
1561 1884 1626 1903 nare
1638 1874 1722 1911 loqui.
1753 1873 1823 1904 Vide
1839 1884 1861 1903 N
1869 1884 1888 1903 A
1898 1884 1915 1903 R
1925 1885 1934 1903 1
1942 1884 1965 1905 s.
1986 1874 2022 1906 H.
2036 1875 2074 1906 St.

1420 1913 1460 1942 Os
1470 1912 1590 1941 balbum.
1614 1912 1680 1942 Hor.
1692 1921 1718 1941 2·
1733 1912 1815 1950 Epist.
1832 1923 1854 1942 1.
1870 1916 1930 1942 126.

1420 1951 1553 1980 Senectus
1564 1950 1651 1979 balba.
1670 1949 1737 1979 Hor.
1752 1960 1775 1980 1.
1788 1950 1869 1988 Epist.
1884 1960 1930 1981 20.
1946 1956 1989 1986 18.

1423 1988 1518 2017 Verba.
1544 1988 1610 2017 Hor.
1625 1997 1651 2017 2.
1670 1988 1758 2017 Serm.
1773 1997 1797 2024 3.
1810 1998 1864 2025 274

1382 2025 1404 2056 B
1415 2037 1434 2055 A
1444 2037 1460 2054 L
1471 2037 1485 2053 iz
1496 2036 1514 2055 U
1523 2036 1535 2055 s
1543 2048 1551 2061 ,
1573 2026 1736 2061 Cognomen
1747 2025 1798 2054 firit
1812 2011 1962 2055 Aciliorum
1971 2037 1987 2056 a
1998 2025 2121 2057 balbutie
2135 2028 2256 2065 primum
2269 2026 2319 2057 uni
2335 2035 2369 2056 ex
2380 2025 2434 2056 illis
2445 2026 2530 2064 impo-
2566 2020 2568 2027 ’

2040 2065 2143 2101 [Quin
2158 2066 2234 2095 idem
2252 2066 2278 2095 &
2298 2064 2417 2095 aliorum
2434 2073 2532 2102 cogno·
2564 2077 2571 2107 μ

1421 2064 1500 2093 situm
1511 2086 1518 2098 ,
1541 2065 1566 2093 ὁὶ
1576 2064 1670 2102 postea
1680 2073 1695 2092 a
1707 2064 1820 2100 posteris
1832 2070 1979 2094 retentum.

1420 2112 1486 2131 men
1495 2101 1557 2136 fuit,
1570 2109 1602 2131 ut
1613 2102 1688 2136 Atiae,
1703 2103 1837 2137 Antoniae,
1850 2101 1997 2138 Corneliae,
2016 2102 2129 2138 Naeviae,
2149 2103 2260 2133 Thoriae
2274 2103 2376 2140 gentis.

1420 2139 1484 2169 Fuit
1501 2140 1584 2168 etiam
1601 2139 1655 2169 hoc
1665 2140 1834 2182 cognomine
1849 2139 1994 2169 Cornelius
2003 2140 2050 2169 Iste
2062 2140 2162 2170 Balbus
2175 2163 2184 2177 ,
2205 2150 2256 2179 pro
2272 2150 2327 2178 quo
2337 2145 2413 2170 extat

1439 2179 1483 2206 nis
1498 2178 1586 2206 oratio
1596 2199 1604 2212 ,
1628 2177 1730 2214 aliique
1740 2177 1906 2215 complures.
1945 2178 1976 2208 V.
1999 2178 2064 2208 Lex.
2078 2178 2166 2208 Pitisc.

1383 2215 1404 2246 B
1416 2226 1435 2244 A
1446 2226 1462 2243 L
1470 2225 1485 2244 Β
1496 2225 1510 2244 Ε
1521 2237 1530 2250 ,
1551 2216 1706 2258 [τεσωξῡς]
1726 2214 1858 2258 Obscure.
1880 2215 1993 2260 'Nonius
2007 2226 2033 2245 2.
2044 2221 2089 2250 89·
2125 2217 2191 2246 citat
2201 2214 2362 2260 exemplum
2371 2224 2407 2244 ex
2416 2214 2532 2245 Varrone
2556 2209 2568 2261 l:

1417 2253 1480 2283 Rer.
1492 2253 1612 2282 Human.
1625 2252 1673 2282 lib.
1685 2262 1730 2282 20.
1751 2263 1781 2282 1n
1791 2263 1846 2290 quo
1857 2252 1944 2283 drc'tio
1953 2253 2010 2292 ipsa
2023 2254 2106 2284 Balbe
2118 2264 2177 2284 non
2184 2254 2302 2294 legitur3
2323 2253 2398 2283 unde
2412 2261 2480 2291 puto
2490 2253 2530 2282 lo-
2559 2269 2563 2286 ς

1419 2300 1484 2320 cum
1495 2291 1548 2319 esse
1560 2296 1730 2328 corruptum.

1418 2327 1503 2358 Balbe
1513 2328 1671 2366 significare.
1695 2328 1799 2358 Lucret.
1811 2329 1859 2358 lib.
1876 2339 1901 2365 ς.
1919 2338 1999 2359 1021.

1657 2382 1732 2387 —
1739 2377 1803 2396 curn
1815 2366 1895 2396 balbe
1904 2367 2087 2404 significarent

1509 2402 1717 2433 Imbecillorum
1725 2405 1779 2434 effe
1791 2415 1900 2441 aequum
1915 2405 2065 2434 misererier
2076 2405 2211 2435 omnium.

1378 2441 1400 2471 B
1412 2451 1430 2470 A
1440 2452 1456 2470 L
1464 2452 1479 2470 Β
1488 2451 1507 2469 u
1516 2450 1532 2470 c
1541 2452 1550 2469 1
1561 2451 1581 2470 N
1592 2452 1612 2470 A
1623 2452 1638 2470 R
1648 2453 1657 2470 1
1665 2464 1673 2477 ,
1696 2442 1827 2479 significat
1842 2442 1946 2479 Lingua
1958 2443 2038 2472 balba
2047 2443 2124 2480 loqui
2137 2465 2145 2478 ,
2167 2443 2234 2472 sicut
2247 2442 2334 2472 senes.
2356 2442 2450 2482 Calep.

1379 2480 1400 2509 B
1411 2489 1429 2507 A
1440 2483 1503 2508 LsU
1513 2488 1531 2507 τ
1543 2490 1551 2507 ι
1562 2489 1576 2508 a
1586 2489 1598 2509 s
1607 2501 1615 2514 ,
1636 2480 1671 2510 ei.
1695 2480 1714 2509 f.
1738 2480 1894 2509 Haefitantia
1907 2480 2016 2518 linguae.
2038 2481 2091 2510 Etfi
2109 2480 2268 2518 pervulgata
2280 2481 2311 2510 lit
2326 2481 2384 2510 haec
2403 2490 2456 2510 vox
2466 2502 2474 2515 ‚

1417 2523 1510 2546 tamen
1523 2516 1646 2547 barbara.
1681 2517 1711 2547 V.
1735 2517 1805 2547 Vols.
1818 2519 1853 2548 de
1864 2518 1916 2547 Vit.
1930 2518 1957 2547 L.
1971 2518 1998 2548 L.
2015 2527 2040 2554 3.
2052 2529 2078 2548 2.
2092 2520 2118 2548 δι
2129 2518 2374 2549 Cellar.Antibarb.
2391 2529 2417 2556 p.
2435 2528 2475 2547 ιο.

1420 2593 1532 2621 datione
1546 2592 1631 2629 loqui.
1646 2593 1866 2630 Cic.5.Tusc.75.
1877 2594 1985 2623 Transl.
1997 2594 2045 2624 Me
2059 2594 2173 2632 quidem
2185 2595 2296 2623 auctore
2306 2595 2389 2623 etiam
2401 2593 2532 2631 Peripate-

1418 2631 1484 2665 tici,
1506 2638 1664 2668 veteresque
1677 2632 1833 2660 Academici
1845 2631 1979 2661 balbutire
1988 2632 2113 2661 desinant
2125 2631 2285 2668 aliquando.
2308 2632 2387 2661 Idem
2400 2641 2423 2661 1.
2441 2632 2475 2660 de
2484 2631 2530 2660 Di-

1417 2670 1476 2697 vin.
1492 2679 1514 2703 ς.
1557 2668 1667 2705 Reliqui
1677 2678 1741 2697 vero
1761 2676 1876 2704 omnes,
1892 2677 1989 2707 praeter
2008 2670 2159 2707 Epicurum
2172 2669 2373 2699 balbutientem
2390 2669 2424 2698 de
2438 2674 2529 2698 natura
2558 2694 2559 2714 ;

2426 2741 2530 2773 Merula
2548 2719 2559 2779 i
2600 2765 2604 2775 .

1415 2706 1531 2735 deorum
1543 2728 1550 2741 ,
1571 2706 1774 2735 divinationem
1789 2707 1984 2744 probaverunt.
2030 2708 2048 2736 i.
2060 2717 2085 2737 e.
2106 2707 2205 2737 Inscite
2214 2707 2387 2744 loquentem.

1415 2743 1538 2773 Balbutit
1550 2745 1576 2773 &
1589 2744 1645 2773 avis
1657 2766 1665 2778 ,
1688 2745 1732 2773 cui
1752 2744 1856 2774 Canere
1878 2746 2039 2783 opponitur.
2081 2745 2149 2774 Plin.
2165 2745 2212 2774 lib.
2225 2754 2267 2775 10.
2282 2755 2343 2783 cap.
2354 2753 2398 2780 29.

1435 2782 1524 2810 aestate
1537 2782 1627 2817 canit,
1654 2782 1754 2818 hyeme
1771 2782 1898 2812 balbutit.

1412 2819 1554 2849 Balbutire
1569 2820 1702 2848 Scaurum
1716 2842 1724 2853 ,
1751 2820 1769 2849 i.
1789 2830 1812 2849 e.
1833 2820 2020 2850 Balbutiendo
2039 2820 2198 2859 appellare,
2219 2820 2308 2849 active
2327 2819 2446 2858 pofitum
2466 2828 2527 2850 cum
2549 2814 2554 2856 l

1433 2857 1522 2886 accus.
1539 2857 1604 2886 Hor.
1623 2868 1646 2886 1.
1665 2858 1751 2886 Serm.
1766 2867 1790 2893 3.
1803 2864 1849 2893 48.

1375 2894 1397 2925 B
1408 2905 1427 2924 A
1438 2906 1453 2923 L
1465 2905 1481 2923 o
1491 2905 1506 2922 R
1516 2905 1535 2924 A
1544 2905 1561 2924 c
1571 2905 1589 2923 A
1599 2917 1607 2930 ,
1629 2893 1803 2931 [Βωλέὶωέκη]
1829 2895 1920 2925 Puella
1941 2896 2047 2933 generis
2064 2895 2190 2930 obscuri,
2217 2895 2423 2933 peregrinaeque
2437 2893 2528 2924 condi-

1414 2933 1509 2967 tionis,
1535 2943 1595 2970 quae
1604 2933 1728 2969 quamvis
1737 2933 1884 2963 multarum
1894 2943 1986 2962 rerum
1995 2934 2031 2963 ob
2042 2940 2233 2971 paupertatem
2243 2933 2309 2963 esset
2318 2933 2412 2969 indiga
2420 2954 2428 2968 ,
2442 2931 2528 2962 noluit

1413 2977 1506 3000 tamen
1517 2971 1641 3008 corporis
1651 2970 1786 3000 suifacere
1799 2973 1908 3009 copiam
1921 2971 2031 3000 Othoni
2042 2971 2222 3009 Imperatori,
2240 2971 2363 3008 quamvis
2376 2970 2461 2999 multa
2468 2979 2527 3008 pro-

1413 3009 1549 3044 mittenti,
1572 3015 1602 3038 ut
1612 3008 1705 3038 scribit
1716 3008 1958 3047 Volaterr.Geogr.
1973 3009 2021 3038 lib.
2033 3019 2057 3046 3.
2081 3009 2132 3038 Ubi
2143 3009 2178 3038 de
2194 3007 2350 3038 Comitibus
2373 3008 2470 3038 Guidis
2486 3007 2524 3038 lo-
2578 3041 2579 3045 η
2597 3030 2604 3049 2

1379 3054 1593 3119 Bpm{u{.RES'
1614 3084 1681 3113 ium.
1703 3093 1740 3113 m.
1761 3083 1799 3122 pl.
1831 3082 1982 3119 [Γυμνησὲαφ
2003 3084 2060 3112 riam
2073 3106 2081 3119 ,
2102 3080 2275 3118 Βηλωιεέδεε]
2305 3082 2402 3113 Insulae
2422 3083 2481 3112 duae
2498 3081 2527 3112 in

1417 3122 1570 3159 Hispanico
1581 3123 1650 3151 mari
1661 3122 1746 3150 funda
1759 3121 1908 3156 bellicosae,
1931 3128 1962 3150 ut
1979 3121 2071 3151 scribit
2087 3122 2199 3151 Diodor.
2214 3121 2298 3151 Sicul.
2313 3121 2341 3150 in
2360 3121 2407 3150 lib.
2429 3117 2481 3150 w&
2492 3119 2524 3149 'u'-

1415 3170 1474 3193 mv;
1499 3160 1585 3189 Graeci
1604 3159 1762 3197 Gymnesias
1773 3160 1903 3188 dixerunt
1916 3181 1924 3193 ,
1945 3161 2057 3189 auctore
2068 3159 2135 3189 Plin.
2151 3159 2199 3188 lib.
2213 3168 2307 3196 3.cap.
2326 3169 2350 3194 5.
2378 3159 2460 3188 Nunc
2469 3157 2526 3188 Ma·
2549 3161 2551 3169 ¹

1412 3198 1563 3234 joricam&
1575 3197 1740 3226 minoricam
1758 3197 1904 3226 nominant
1923 3207 1939 3226 a
1962 3197 2061 3235 dispari
2080 3197 2247 3234 quantitate:
2268 3196 2351 3233 vulgo
2371 3197 2486 3223 Mallorca
2499 3195 2524 3226 ἂ

1414 3239 1540 3263 Menorca.
1584 3235 1677 3264 Diftas
1695 3234 1748 3263 else
1768 3234 1874 3263 constat
1890 3234 2005 3269 aCoe'mw,
2027 3235 2102 3271 quod
2115 3235 2199 3264 Mitto
2208 3234 2261 3263 live
2273 3235 2378 3271 Sagitto
2390 3232 2522 3270 fignificat.
2575 3253 2579 3261 .
2598 3260 2599 3263 ,

1413 3271 1550 3302 Nonnulli
1563 3279 1656 3301 tamen
1673 3283 1687 3301 a
1699 3271 1781 3301 Baleo
1793 3294 1801 3307 ,
1824 3272 1950 3302 Herculis
1967 3274 2070 3302 comite
2081 3294 2088 3307 ,
2110 3282 2213 3301 nomen
2229 3272 2381 3301 deducunt.
2418 3271 2445 3300 V.
2467 3269 2520 3300 Liv.
2547 3271 2549 3297 4ἶ
2593 3273 2601 3308 ‘f

1413 3316 1459 3343 28.
1472 3320 1515 3346 37.
1539 3311 1564 3339 &
1582 3310 1652 3347 Epit.
1674 3309 1731 3339 Liv.
1745 3309 1792 3338 lib.
1803 3313 1847 3338 60.
1871 3310 2022 3347 Gymnesm·
2039 3320 2102 3338 vero
2121 3311 2216 3345 dictae,
2247 3310 2322 3345 quod
2342 3308 2438 3338 incolae
2457 3305 2520 3337 nudi
2576 3309 2604 3344 ,³³

1415 3348 1511 3377 aestatis
1522 3354 1649 3385 tempore
1660 3370 1668 3382 ,
1687 3348 1761 3383 jactu
1773 3347 1919 3376 fundarum
1935 3347 1988 3376 sese
1996 3354 2133 3376 exercent.
2175 3348 2216 3377 De
2235 3346 2338 3376 summa
2354 3348 2442 3384 gentis
2453 3343 2522 3375 inla-

1414 3385 1671 3422 pidibusjaciendis
1682 3385 1795 3422 peritia,
1818 3386 1843 3414 Sc
1855 3386 1996 3420 quomodo
2014 3395 2073 3414 eam
2089 3394 2248 3422 comparare
2261 3385 2307 3414 libi
2326 3385 2377 3413 lint
2388 3384 2473 3419 soliti,
2491 3380 2519 3412 V.

1413 3423 1501 3452 Strab.
1513 3423 1560 3453 lib.
1578 3433 1620 3458 14.
1636 3422 1788 3460 Polyb.lib.
1805 3431 1827 3458 3.
1843 3422 1932 3457 Veget.
1949 3433 1970 3451 1.
1987 3426 2027 3451 16.
2045 3422 2116 3452 Flor.
2129 3431 2152 3457 3.
2166 3428 2191 3455 8.
2204 3422 2250 3452 Sil.
2265 3422 2311 3451 lib.
2325 3433 2348 3458 ς.
2365 3431 2423 3458 193.

1598 3462 1749 3490 —Sctorta
1762 3459 1877 3488 Balearis
1887 3460 1969 3489 sevus
1984 3460 2092 3489 habena
2123 3459 2199 3489 ldem
2216 3470 2239 3495 3.
2255 3464 2316 3494 36<-

1377 3497 1397 3527 B
1408 3508 1426 3526 A
1436 3509 1452 3526 L
1463 3507 1476 3526 a
1486 3507 1504 3526 A
1514 3508 1529 3526 a
1540 3508 1548 3526 1
1558 3507 1570 3527 s
1579 3519 1587 3533 ,
1610 3507 1634 3527 e.
1658 3498 1716 3531 Adi.
1740 3498 1774 3526 de
1785 3497 1887 3526 Incolis
1900 3500 1925 3527 ok
1934 3497 2013 3526 rebus
2023 3497 2179 3534 usurpatum
2188 3520 2195 3531 ,
2217 3498 2327 3534 quando
2338 3497 2372 3525 de
2383 3492 2522 3524 insulisab-

1414 3535 1502 3564 solute
1511 3535 1611 3564 dicitur
1631 3534 1830 3571 (insularum)
1852 3534 2018 3564 vocabulum
2035 3536 2142 3572 semper
2158 3535 2326 3564 subauditur.
2348 3533 2411 3563 Caes.
2421 3543 2445 3563 2.
2456 3529 2518 3562 Bell.
2544 3548 2545 3559 κ
2595 3531 2601 3544 ⁸

1414 3572 1483 3601 Gall.
1499 3582 1524 3609 7.
1546 3573 1706 3609 Sagittarios
1716 3574 1742 3602 ὀὶ
1750 3572 1903 3601 funditores
1913 3572 2035 3602 Baleares
2045 3572 2162 3603 subsidio
2173 3573 2322 3612 oppidanis
2331 3572 2422 3603 mittit.

1413 3610 1530 3639 Balearis
1542 3610 1634 3639 funda.
1660 3610 1730 3648 Virg.
1750 3620 1771 3638 ι.
1786 3610 1883 3646 Geor-g.
1898 3619 1959 3644 309.

1493 3648 1596 3684 Stupea
1606 3654 1784 3684 torquentem
1797 3647 1914 3677 Balearis
1924 3647 2035 3677 verbera
2044 3648 2146 3679 fundae.

1415 3684 1518 3713 Tortor
1530 3685 1647 3714 Balearis
1658 3685 1781 3714 habenae.
1802 3684 1903 3714 Lucan.
1921 3684 1968 3714 lib.
1981 3694 2005 3721 3.
2020 3695 2083 3722 705.

1415 3721 1526 3751 Baleare
1537 3723 1631 3752 telum.
1654 3723 1699 3752 Sil.
1715 3722 1761 3752 lib.
1775 3731 1800 3759 7.
1814 3732 1876 3757 297·

1415 3759 1547 3788 Scribitur
1559 3760 1720 3795 &Baliaris‚
1742 3769 1766 3789 e.
1790 3759 1820 3789 V.
1843 3758 1981 3788 Drakenb.
1992 3760 2028 3789 ad
2038 3760 2087 3790 Sil.
2099 3769 2125 3797 3.
2137 3763 2199 3797 365·

1377 3795 1399 3827 B
1408 3806 1426 3825 A
1436 3808 1451 3824 L
1462 3807 1474 3824 s
1485 3801 1499 3825 A
1511 3807 1526 3825 R
1536 3799 1572 3826 fc
1580 3808 1597 3826 υ
1606 3808 1618 3827 s
1629 3819 1637 3831 ,
1661 3795 1868 3835 [Γνμνησ-ικιῑὲς]
1896 3796 2016 3827 slmifiter
2033 3798 2092 3833 Adj.
2115 3804 2146 3828 ut
2155 3820 2164 3834 ‚
2186 3797 2330 3828 Balearicae
2346 3806 2432 3835 grues.
2452 3794 2515 3827 PER·
2540 3787 2541 3790 i
2586 3789 2596 3815 '¹

1414 3833 1462 3863 lib.
1479 3844 1588 3871 11.cap.
1602 3844 1645 3872 37.

1415 3871 1520 3901 Funda.
1543 3872 1627 3902 Ovid.
1642 3882 1667 3901 2.
1680 3872 1748 3902 Met.
1761 3881 1824 3908 727.

1413 3908 1501 3939 Mare.
1546 3909 1610 3939 Plio.
1623 3910 1671 3940 lib.
1686 3920 1709 3944 3·
1723 3919 1782 3952 cap.
1796 3919 1820 3943 5·
1842 3908 1994 3948 Hispanum
2008 3910 2294 3951 quatenusfflspanias
2303 3910 2397 3941 alluit:
2415 3908 2451 3939 -ab
2461 3905 2517 3937 aliis
2566 3907 2567 3911 ’
2591 3912 2604 3956 ι·

1436 3945 1575 3977 Ibericum
1584 3954 1631 3977 aut
1640 3948 1818 3978 Balearicum.

2427 3981 2514 4020 reem

2425 2138 2533 2169 Cicero-
2563 2115 2570 2174 l:

2493 2450 2564 2525 ..i

1379 2555 1400 2585 B
1409 2565 1428 2584 A
1437 2566 1453 2583 1.
1462 2565 1475 2582 a
1484 2558 1502 2583 ῦ
1515 2564 1529 2583 r
1539 2566 1547 2583 1
1558 2565 1574 2584 o
1583 2577 1590 2590 ,
1605 2554 1852 2591 [ψεῆιζομειᾳᾞῐε.
1871 2556 1908 2585 est
1918 2556 1989 2585 Cum
2000 2558 2119 2593 quadam
2128 2556 2228 2594 linguae
2239 2556 2406 2586 haesitatione
2416 2557 2441 2586 8<
2450 2555 2528 2594 trepi-
2582 2555 2586 2561 ¹
2602 2577 2604 2589 ‹

2600 1398 2604 1414 .

2574 1463 2604 1535 ³⁴.

2573 1555 2579 1613 l

2573 1651 2577 1668 Ι

2572 1692 2577 1730 3

2570 1741 2577 1810 l
