2600 4177
23 3167 249 3202 iCssRVTCAL,
270 3169 315 3197 vel
337 3169 574 3206 Caerciitiz,
594 3171 625 3201 is.
649 3181 677 3200 n.

441 167 470 202 C
567 164 594 199 E
689 162 719 199 R

77 247 213 277 inflexam
225 249 360 277 cervicem
371 257 485 285 ponere.
508 246 580 281 Virg.
594 255 617 282 3.
631 246 691 289 AEn.
701 249 733 282 63
743 256 764 276 r.

159 286 229 314 Nam
243 286 329 319 simul,
340 285 467 322 expletus
479 284 596 321 dapibus
609 306 616 318 ,
638 293 759 321 vinoque
769 284 901 321 sepultus⁷

159 322 301 352 Cervicein
314 323 442 351 inflexam
456 322 562 359 posuit,
583 322 724 357 jacuitque
740 333 787 359 per
798 330 916 352 autrum..

77 358 197 388 intenta.
220 361 283 390 sen.
296 361 323 388 in
337 362 427 397 Algam.
447 369 486 395 11.
507 360 622 389 subaud.
636 359 675 387 Ad
690 360 785 389 ictum.

77 395 178 430 Jundta
194 397 231 425 est
242 398 366 426 huinerO.
391 398 474 426 Ovid.
490 407 530 426 12.
548 397 615 426 Met.
629 406 691 431 299.

77 433 189 463 Locata.
230 434 328 470 Juven.
343 446 368 469 9.
381 435 436 464 Sat.
453 445 514 471 143.
538 434 580 464 De
590 435 671 463 servis
687 435 789 464 Moesiit‘
808 436 944 472 regionis,
966 447 1027 474 quae
1043 437 1081 467 est
1096 436 1204 468 Panno-

98 471 150 536 piae
158 471 275 537 slipitinia
288 494 295 507 ‚
315 473 436 510 loquitur
447 495 455 508 ,
477 473 541 511 qui,
564 480 594 501 ut
602 472 750 507 fortislinii,
767 474 802 502 ad
813 473 939 504 leelicam
949 475 1092 505 ferendam
1106 476 1201 506 Roma.-

111 518 162 537 oca
185 517 272 538 antur.

77 545 156 575 Natae
180 547 214 575 ad
229 548 326 584 jugum
348 547 435 577 boum
456 548 586 577 cervices.
629 547 687 577 Cic.
703 557 728 577 2.
742 547 777 576 de
796 548 857 577 Nat.
873 549 956 579 Deor.
978 561 1036 586 ¹59-
1071 551 1147 588 Quid
1165 552 1202 580 de

98 582 188 612 bubus
199 584 315 621 loquar?
331 595 448 622 quorum
461 586 517 623 ipsa
529 593 603 622 terga
613 586 755 614 declarant
767 595 822 614 non
835 586 887 615 esse
902 587 926 617 sc
939 588 972 617 ad
981 598 1054 618 onus
1064 590 1204 626 accipien-

96 620 162 649 dum
176 621 290 657 figurata
300 644 307 653 .
330 624 450 652 cervices
463 631 556 652 autem
569 631 639 652 natae
651 624 685 652 atl
696 624 808 659 jugum,
821 626 872 653 610.

77 653 171 687 Petere
180 667 277 689 terram
287 661 394 689 cervice
404 684 412 693 .
434 661 464 690 111
474 668 573 690 terram
585 662 722 690 cervicem
737 660 879 719 incviare.
913 663 976 692 Seri.
994 664 1074 694 Herc.
1091 664 1141 693 sur.
1155 675 1182 701 9.

78 695 191 725 Portant
202 698 284 727 funus
296 699 426 728 cervices.
448 699 575 734 Juvenal.
591 709 633 728 io.
650 700 709 728 Sat.
720 702 783 728 260.

76 733 199 763 Praebere
209 736 340 765 cervices.
364 736 422 765 Cic.
438 738 534 774 ilnteq.
547 738 599 766 iret
610 738 638 765 iri
651 737 716 766 exil.
729 746 773 765 21.
789 736 842 766 Sed
852 737 920 766 illud
933 748 1043 774 queror,
1055 739 1130 776 quod
1144 749 1202 768 non

97 771 151 805 jam
161 772 197 801 ad
207 774 289 802 unius
299 775 452 811 perniciem
465 797 473 809 ,
494 777 546 805 Sec.
568 784 616 803 ore
626 774 754 811 oppresso
765 776 888 804 cervices
902 776 956 805 esse
967 777 1136 813 praebendas.

76 807 196 838 Recessit
204 818 289 848 caput
299 813 414 841 cervice.
434 812 452 841 i.
464 822 488 842 e.
500 812 628 842 Avulsum
640 819 685 841 aut
694 811 838 842 abscissum
849 813 895 843 est.
907 813 991 844 Ovid.
1005 825 1031 845 2.
1041 816 1200 852 Ρο111.8.6ς.

74 845 227 877 Refleeiere
241 849 390 879 cervicem.
413 850 479 879 Stat.
494 861 516 879 1.
532 850 620 879 Achil.
636 856 697 887 382.

74 883 189 918 Reflexa
199 887 302 915 cervix.
329 887 400 925 Virg.
416 898 457 917 io.
470 888 532 918 AEn.
547 897 608 923 535.

75 922 229 960 Reponunt
239 925 376 955 cervicem
387 935 517 955 oratores.
542 925 662 962 Quintil.
675 924 725 954 lib.
734 934 761 960 4.
773 935 833 963 cap.
845 935 872 955 2.

74 959 176 989 Rotare
185 963 322 992 cervicem
336 985 344 997 ,
366 970 456 993 rotata
466 964 568 993 cervix.
591 963 737 992 Lucan.ad
749 963 836 994 Pison.
851 973 894 1001 53.

73 997 170 1028 Soluta
179 1001 271 1029 cervix
284 1022 292 1034 ,
315 1001 414 1038 Rupta.
437 1002 500 1030 Seri.
519 1001 660 1031 Herc.sur.
681 1011 723 1031 12-

73 1036 192 1065 Subacta
202 1039 310 1067 cervice
321 1039 419 1075 jugum
429 1039 508 1068 ferre.
533 1039 600 1068 Hor.
614 1049 638 1068 2.
654 1039 743 1068 Carni.
757 1049 780 1074 ς.
793 1049 819 1069 2.

74 1073 191 1104 Suberat
201 1076 341 1113 amphorae
354 1077 457 1106 cervix.
479 1077 599 1107 Martial.
610 1077 656 1106 lib.
673 1087 714 1106 12.
728 1086 771 1112 32.

155 1111 259 1142 Focum
272 1114 386 1144 ferentis
397 1113 505 1144 suberat
512 1116 653 1153 ainphorae
668 1116 770 1144 cervix.

73 1147 215 1188 Sustinere
226 1151 300 1180 collo
311 1153 337 1182 Sc
346 1153 501 1183 cervicibus
513 1163 627 1190 poenam
637 1153 756 1182 avaritiae
768 1152 892 1189 alicujus.
918 1153 975 1184 Cic.
990 1161 1014 1191 7.
1028 1153 1102 1184 Verr.
1118 1162 1179 1190 107.

71 1187 211 1218 Sustinere
224 1190 378 1219 cervicibus
397 1190 535 1229 Rempub.
577 1191 635 1220 Cic.
646 1201 696 1228 pro
710 1190 802 1219 Domo
819 1200 878 1227 142.
902 1191 971 1228 Quae
981 1202 1066 1230 quum
1082 1194 1119 1221 ita
1137 1193 1200 1228 sint,

91 1223 241 1256 Pontifices
252 1249 260 1262 ,
282 1235 411 1258 revocate
423 1229 452 1258 in
461 1229 570 1258 animos
578 1229 678 1258 vestros
690 1228 724 1257 ab
736 1229 788 1258 hac
801 1228 893 1258 subtili
904 1231 994 1259 nostra
1012 1230 1201 1269 disputatione

84 1263 290 1299 ¹aduniversam
304 1266 454 1303 Rempubl.
478 1276 561 1304 quarn
573 1274 653 1296 antea
673 1276 738 1296 cum
758 1267 821 1296 viris
833 1267 951 1297 fortibus
967 1268 1080 1305 multis,
1101 1269 1130 1298 in
1148 1269 1201 1298 hae

72 1333 76 1336 .
91 1307 158 1330 vero
168 1302 246 1331 causa
257 1303 320 1333 solis
330 1305 424 1333 vestris
433 1305 588 1334 cervicibus
599 1304 744 1334 sustinetis.

71 1338 197 1369 Securim
218 1342 327 1371 cervice
346 1342 453 1380 tingere
470 1343 590 1377 d-icitur.
613 1343 666 1372 Cui
679 1343 773 1373 cervix
794 1342 882 1373 securi
902 1350 1070 1382 amputatur.
1091 1344 1160 1375 Hor.
1175 1353 1198 1382 ς..

90 1376 180 1407 Carni.
194 1387 239 1415 23.
258 1388 297 1414 13.

228 1416 346 1446 Victima
356 1418 525 1455 pontificum
536 1418 645 1448 secures

154 1452 271 1484 Cervice
282 1455 380 1493 tinget.
1166 1495 1169 1496 .

72 1484 186 1521 Tollere
197 1494 360 1523 cervicibus.
372 1493 718 1533 Qiintil.lib.4.cap.2.p.3
727 1504 768 1530 50.
787 1494 858 1531 Quae
867 1502 961 1525 tamen
973 1496 1136 1526 exanimatae
1146 1501 1201 1526 tet-

91 1531 161 1564 1016,
183 1530 301 1561 hostiurn
310 1533 431 1561 adventu
442 1541 586 1570 perceptO,
596 1534 718 1563 excitare
731 1533 886 1563 Antonium
896 1534 1079 1569 conabantur,
1092 1544 1199 1564 nomen

89 1567 280 1598 inclamabant
291 1591 299 1604 ‚
319 1570 414 1600 frustra
425 1571 581 1601 cervicibus
593 1571 730 1600 tollebant
742 1593 749 1605 ,
770 1571 899 1602 blandius
907 1572 961 1602 alia
970 1573 1005 1602 ad
1016 1582 1110 1602 aurem
1120 1574 1200 1602 invo-

72 1637 74 1639 ,
91 1605 189 1641 cahat,
211 1607 407 1638 vehementius
423 1609 508 1638 etiam
517 1609 654 1639 nonnulla
668 1610 792 1638 feriebat.

72 1641 171 1674 Tutari
183 1647 316 1675 cervices.
355 1646 412 1675 Cic.
426 1657 477 1684 pro
487 1647 562 1677 Sext.
573 1658 617 1683 90.
641 1649 681 1677 An
695 1648 742 1684 qui
759 1647 804 1676 sua
816 1648 887 1676 16613
901 1647 1031 1677 defendit
1041 1669 1048 1682 ,
1064 1649 1116 1677 &c.
1138 1658 1199 1677 moa-

91 1687 174 1711 netur
184 1690 214 1712 ut
226 1683 319 1721 aliquo
330 1684 455 1722 praesidio
467 1692 551 1722 caput
561 1708 569 1721 ,
590 1687 616 1715 δι
625 1685 748 1715 cervices
760 1707 768 1721 ,
790 1685 957 1723 &jugulum
968 1708 976 1722 ,
997 1696 1029 1716 ac
1048 1685 1133 1716 latera
1155 1694 1199 1716 tu-

91 1725 181 1749 tetur:
204 1720 280 1750 hunc
294 1722 329 1751 de
340 1723 365 1752 vi
381 1723 566 1752 accusandum
580 1724 684 1761 putas‘.>

70 1756 104 1788 I'n
124 1759 278 1788 cervicibus
298 1760 379 1790 nobis
396 1760 451 1790 esse
465 1761 616 1797 dicuntur,
638 1771 699 1798 quae
713 1770 778 1790 cum
797 1760 923 1797 periculo
937 1761 1029 1790 nostro
1048 1762 1079 1791 in
1097 1762 1199 1792 vicinia

89 1795 152 1830 sunt
165 1818 172 1831 ‚
198 1804 245 1826 aut
256 1797 358 1835 alioqui
374 1800 464 1835 gravia
474 1800 648 1837 impendent.
688 1799 784 1834 Justin.
797 1799 845 1828 lib.
860 1809 904 1834 29.
924 1809 946 1835 3.
965 1807 1035 1828 extr.
1068 1800 1123 1830 Sed
1143 1811 1198 1830 1166

89 1832 229 1871 Romani,
251 1836 352 1873 quibus
367 1837 480 1867 Poeni&
495 1837 612 1867 Annibal
622 1838 651 1866 in
669 1837 824 1867 cervicibus
841 1844 935 1873 erant,
956 1837 1038 1867 soluti
1049 1844 1124 1868 metu
1137 1838 1198 1869 Ma-

90 1873 231 1902 cedonico
245 1874 418 1904 videbantur.

70 1908 104 1940 ln
116 1911 269 1941 cervicibus
281 1912 383 1942 bellum
396 1912 450 1942 esse
460 1935 468 1947 ,
488 1922 540 1951 pro
550 1912 680 1942 Vicinum
691 1912 746 1942 esse
762 1918 811 1942 aut
827 1913 983 1943 imminere.
1024 1914 1082 1943 Liv.
1095 1922 1139 1943 22.
1152 1923 1196 1951 33.

89 1948 167 1977 Adeo
180 1949 225 1978 etsi
239 1949 344 1979 bellum
353 1949 527 1988 essetingens
536 1951 565 1980 in
574 1952 728 1981 cervicibus
740 1973 748 1985 ‚
770 1950 876 1980 nullius
892 1951 1005 1988 usquam
1016 1959 1147 1982 terrarum
1157 1953 1198 1983 rei

88 1995 154 2015 cura
166 1986 324 2024 Romanos,
346 1999 381 2018 ne
397 1989 547 2027 longinqua
563 1990 676 2026 quidem
690 2012 696 2023 ,
719 1988 878 2026 effugiebat.

69 2023 199 2054 Avertere
210 2026 330 2062 aliquem
346 2037 361 2056 a
373 2027 536 2057 cervicibus.
578 2027 636 2057 Cic.
656 2028 730 2057 Brut.
747 2031 785 2056 i6.
810 2027 966 2057 Praesidium
978 2038 1063 2057 omne
1080 2028 1147 2058 esset
1166 2029 1197 2058 iri

89 2072 177 2129 puilero
188 2085 196 2097 ,
219 2065 265 2101 qui
279 2074 294 2094 a
305 2065 458 2096 cervicibus
471 2065 569 2095 nostris
579 2065 717 2096 avertisset
729 2066 890 2096 Antonium.
926 2065 969 2095 De
981 2066 1099 2096 Ostavio
1112 2066 1197 2097 Caesa-

90 2107 119 2130 16
144 2111 160 2129 o
181 2102 263 2131 uitur.

70 2111 214 2168 Colloc‘ire
222 2139 346 2178 legiones
357 2140 457 2179 populi
467 2142 496 2171 in
510 2141 674 2171 cervicibus.
715 2141 774 2172 Cic.
790 2152 830 2172 12.
846 2142 921 2172 Fam.
938 2151 982 2177 2³·
1013 2141 1197 2172 Brundusium

89 2183 147 2205 erat
158 2178 298 2214 profectus
308 2201 315 2214 ‚
331 2181 381 2209 816.
406 2179 503 2216 easque
518 2180 553 2208 ad
563 2179 662 2209 urbem
674 2180 816 2210 adducere
826 2203 835 2216 ,
855 2182 881 2211 &
893 2181 923 2210 in
932 2180 1086 2211 cervicibus
1098 2181 1196 2211 nostris

89 2214 236 2245 collocare.
274 2216 315 2246 De
327 2218 448 2246 Antonio
461 2218 592 2254 loquitur.

69 2249 217 2290 Depellere
232 2254 352 2292 aliquem
368 2266 384 2285 a
398 2256 564 2285 cervicibus.
605 2255 664 2285 Cic.
678 2265 702 2292 3.
717 2256 837 2295 Philipp.
853 2262 879 2290 8.
903 2255 1010 2286 Virtute
1021 2256 1098 2286 enim
1109 2257 1197 2287 admi-

89 2291 168 2320 rabili
183 2292 292 2322 Caesaris
307 2315 315 2327 ,
331 2294 383 2323 &c.
405 2303 420 2323 a
434 2294 589 2324 cervicibus
600 2294 698 2323 nostris
712 2295 749 2323 est
763 2294 893 2332 depulsus
906 2295 1050 2324 Antonius.

70 2324 219 2368 imponere
230 2331 393 2360 cervicibus.
433 2333 451 2361 i.
465 2342 488 2361 e.
513 2332 585 2370 quasi
596 2332 699 2370 Jugum
713 2332 850 2362 servitutis
860 2332 1016 2370 injungere.
1058 2332 1134 2362 Curt.
1145 2333 1195 2363 lib.

91 2376 116 2402 7.
129 2377 153 2404 7.
168 2378 207 2406 pr.
218 2368 302 2399 Rarus
314 2379 374 2398 eam
388 2369 494 2405 urbem,
507 2381 589 2407 quain
603 2372 631 2399 in
644 2371 704 2409 ripa
715 2371 804 2400 amnis
816 2370 989 2400 Macedones
1000 2371 1196 2407 condiderant,

89 2404 142 2435 suis
154 2406 309 2444 impositam
319 2408 371 2436 esse
382 2408 546 2438 cervicibus.
568 2408 640 2438 Bud.
1147 2447 1154 2453 ·

68 2442 216 2481 Imponere
227 2445 374 2474 dominum
390 2447 418 2475 in
428 2446 591 2476 cervicibus.
632 2447 689 2476 Cic.
709 2454 730 2476 1.
748 2447 784 2476 de
794 2446 858 2476 Nat.
870 2447 954 2476 Deor.
974 2455 1017 2482 54.
1040 2447 1198 2484 Itaqueim-

87 2481 213 2520 posuistis
224 2483 253 2512 in
269 2484 424 2514 cervicibus
433 2485 530 2515 nostris
538 2484 740 2523 sempiternum
750 2485 900 2515 dominum
911 2507 919 2521 ,
943 2494 1028 2522 quem
1039 2485 1098 2515 dies
1110 2487 1136 2515 &
1148 2495 1198 2515 no-

88 2522 146 2550 6165
157 2521 328 2551 timeremus.

69 2552 414 2597 Repellereacervicibus.
456 2559 514 2590 cic.
525 2569 575 2598 pro
589 2560 689 2590 Milon.
707 2567 753 2597 78.
775 2560 803 2590 P.
824 2560 956 2590 Clodium
968 2560 1114 2604 interfeci,
1134 2562 1196 2598 ejus

89 2596 194 2627 furores
205 2619 213 2632 ‚
231 2599 282 2628 Sec.
304 2598 359 2628 hoc
371 2598 443 2628 ferro
455 2621 462 2634 ‚
485 2600 510 2629 &
522 2599 575 2629 hac
586 2600 702 2629 dextera
714 2609 728 2628 a
739 2599 894 2629 cervicibus
905 2599 998 2628 vestris
1013 2599 1113 2637 repuli.

69 2633 178 2664 Restare
191 2636 220 2664 in
231 2637 324 2675 capite
335 2638 362 2666 δι
377 2637 532 2666 cervicibus
543 2637 671 2674 alicujus.
712 2637 769 2677 Cic.
783 2647 835 2674 pro
849 2638 960 2667 Muren.
976 2647 1020 2673 79.
1042 2639 1107 2666 Non
1118 2639 1196 2668 enim

88 2672 268 2703 deseruerunt
277 2697 284 2708 ,
309 2674 356 2704 sed
366 2674 400 2703 ab
408 2674 456 2704 illo
465 2676 493 2704 in
504 2674 623 2712 speculis
633 2683 716 2713 atque
724 2676 829 2705 insidiis
838 2676 943 2708 1611611,
966 2675 996 2704 in
1007 2676 1100 2714 capite
1112 2684 1196 2714 atque

86 2711 118 2740 iri
129 2712 281 2742 cervicibus
297 2712 394 2742 nosti-is
405 2713 570 2743 restiterunt.

68 2747 170 2779 Plumae
181 2749 375 2780 columbarum
387 2751 440 2781 sitae
452 2752 557 2782 circum
569 2752 717 2782 cervicem.
737 2750 847 2782 Lucret.
858 2751 905 2781 lib.
919 2761 944 2781 2.
959 2757 1021 2786 801.

69 2786 168 2817 Cerviii
181 2789 252 2818 vitis.
294 2788 432 2818 Columel.
446 2789 493 2819 lib.
507 2801 534 2825 4.
552 2800 613 2828 cap.
631 2799 656 2827 7.
679 2790 776 2826 Quum
793 2790 828 2819 ad
847 2799 936 2819 unum
958 2789 1122 2827 pampinum
1138 2790 1196 2826 jam

90 2826 226 2863 redegeris
237 2848 244 2861 ,
262 2827 288 2856 81
299 2827 356 2865 ipse
366 2827 511 2857 excesserit
520 2828 651 2865 pedalem
660 2828 869 2865 longitudinem
878 2850 886 2863 ,
904 2828 1118 2871 decacuminare
1128 2838 1196 2859 con-

55 2889 58 2891 .
74 2864 182 2895 ‚veniet
196 2886 204 2898 ,
232 2865 303 2894 utin
316 2865 453 2895 cervicem
469 2867 562 2903 potius
571 2867 753 2896 confirmetur
764 2888 772 2901 ,
793 2868 819 2896 &
830 2866 861 2896 sit
873 2865 1019 2895 robustior.

70 2900 212 2932 Cervicem
224 2903 260 2932 de
277 2903 378 2932 Arbore
393 2903 539 2934 dixitStat.
554 2904 601 2934 lib.
615 2909 640 2934 6.
653 2904 744 2934 Theb.
757 2910 822 2940 852.

147 2939 197 2976 1116
207 2948 300 2970 autem
311 2941 406 2979 Alpini
416 2941 502 2971 veluti
513 2944 608 2980 regina
619 2942 759 2980 cupressus

147 2978 264 3008 Verticis
274 3000 282 3014 ‚
304 2985 434 3016 urgentes
446 2981 584 3010 cervicem
594 2981 713 3010 inclinat
722 2981 751 3009 in
767 2980 886 3010 Austros.

69 3014 197 3045 Cervices
208 3017 319 3052 ligneae,
339 3026 390 3055 per
401 3018 602 3055 metaphoram.
645 3019 786 3048 Vitruvius
801 3018 849 3047 lib.
864 3028 905 3047 10.
919 3026 980 3061 cap.
991 3026 1033 3062 11.
1055 3016 1196 3062 Emodio-

87 3053 121 3083 lis
132 3060 226 3084 autem
236 3054 330 3084 fistulae
348 3056 411 3085 sunt
422 3057 602 3086 continenter
613 3058 772 3093 conjuncsae
785 3057 885 3094 ligneis
900 3056 1055 3085 cerVicibus
1064 3078 1072 3091 ‚
1093 3063 1196 3093 pertin-

87 3092 235 3129 gentesque
245 3093 280 3122 ad
290 3103 370 3122 nares
382 3103 442 3131 quae
451 3094 555 3125 suntin
565 3095 666 3130 arcula,
686 3095 715 3124 in
731 3094 831 3132 quibus
838 3104 903 3124 axes
910 3093 973 3123 sunt
984 3103 1019 3124 ex
1027 3101 1108 3123 torno
1119 3093 1198 3124 suba-

88 3131 141 3162 cti.
162 3130 389 3161 &ibicollocats

699 3169 949 3207 [ωερεκεφοέλοαον]
970 3169 1084 3199 denom.
1101 3179 1118 3199 a
1133 3169 1196 3199 Cer-

68 3207 192 3237 vicibus:
214 3207 347 3241 significat
358 3207 480 3238 Cervicis
491 3209 747 3239 sustentamentum.
768 3208 893 3244 Juvenal.
905 3212 931 3236 6.
949 3208 1004 3251 3³}-
1020 3217 1081 3251 ³5²·

123 3245 267 3274 Conducit
279 3246 407 3281 comites,
427 3246 532 3283 sellam,
553 3248 684 3283 cervical,
705 3248 818 3277 amicas.
899 3245 1071 3276 Martial.lib.
1081 3248 1191 3283 14.146.

123 3283 216 3319 Tinge
226 3290 311 3320 caput
321 3284 398 3313 nardi
416 3282 485 3313 folio
497 3307 505 3320 ‚
527 3285 647 3315 cervical
655 3285 750 3315 olebit.

70 3320 257 3351 Cervicalibus
271 3322 376 3358 aliquid
392 3321 536 3359 subjicere.
560 3323 628 3353 Plin.
642 3333 687 3352 20.
702 3333 746 3352 20.
1046 3359 1051 3365 ¹

70 3357 223 3389 Tribunale
232 3382 239 3395 ,
261 3369 319 3389 non
327 3359 465 3390 Tribunal
475 3360 608 3399 quosdam
619 3361 714 3391 ‘dicere
724 3359 841 3390 voluisse
852 3359 944 3389 scribit
955 3358 1020 3389 Fab.
1032 3358 1080 3388 lib.
1097 3368 1119 3388 1.
1129 3369 1192 3397 cap.

32 3395 33 3398 ’
54 3409 59 3415 ·
89 3400 115 3426 6.
136 3399 181 3434 qui
195 3398 358 3432 Analogiam
368 3398 561 3435 sequebantur.
584 3399 617 3430 H.
634 3400 674 3429 St.
697 3398 818 3429 Tametsi
831 3398 923 3427 nullus
932 3397 1043 3432 dubito,
1065 3398 1196 3432 quinhu-

88 3435 131 3471 jus
141 3436 237 3465 formae
247 3437 363 3465 nomina
374 3437 408 3465 ab
420 3437 479 3472 Adj.
499 3447 525 3466 n.
539 3444 588 3475 per
604 3446 752 3476 apocopen
763 3437 881 3466 formata
898 3436 1002 3479 fuerint
1013 3458 1021 3469 ,
1043 3440 1074 3479 ut
1086 3435 1195 3465 Animal

88 3472 122 3502 ab
136 3474 267 3503 Animalis
278 3496 286 3508 ,
307 3484 333 3508 e,
358 3474 418 3511 Adj.
451 3475 497 3505 Sic
511 3475 636 3505 Cervical
649 3486 664 3505 a
677 3474 826 3505 Cervicalis
838 3497 846 3510 ‚
868 3483 893 3509 e,
912 3473 1138 3517 AdnCervicale
1154 3480 1195 3502 ta-

87 3520 152 3540 men
164 3534 172 3546 ,
193 3519 224 3541 ut
232 3511 389 3542 obsoletum
399 3534 407 3547 ,
419 3522 497 3550 aeque
506 3513 696 3551 respuendum
708 3520 777 3550 puto
790 3535 797 3548 ‚
819 3522 851 3542 ac
863 3512 880 3541 si
895 3521 955 3547 quis
965 3511 983 3541 Za
998 3511 1123 3541 Animale
1133 3510 1195 3541 sub-

87 3549 202 3579 stantive
212 3559 339 3588 poneret.
395 3552 426 3579 At
436 3551 497 3580 usus
508 3552 628 3589 postulat
639 3551 782 3582 Penetrale
792 3572 800 3586 ,
822 3560 882 3580 non
894 3549 1031 3579 Penetral.

43 3595 127 3616 ,nav
136 3599 145 3616 i
156 3598 172 3617 c
181 3591 225 3617 ΚΤ
235 3598 253 3617 u
262 3598 275 3618 s
285 3610 293 3624 ‚
315 3588 376 3624 Adj.
399 3588 571 3619 Obstinatus.
595 3589 673 3627 Vulg.
688 3590 788 3627 lnterp.
1161 3626 1166 3632 ι

37 3612 285 3762 1311111166565,
307 3627 368 3663 Adj.
390 3626 479 3658 Idem.
501 3636 542 3663 ut,
564 3626 810 3663 CervicosiJudaei.
834 3625 927 3656 Ambr.
949 3625 981 3655 V.
1003 3623 1076 3655 Voss.
1089 3626 1124 3655 de
1134 3624 1190 3656 Vit.

35 3671 37 3673 ’
71 3662 176 3701 L.L.3.
191 3675 218 3700 4.

43 3698 313 3732 Zaii'vicosi'rns
328 3725 336 3738 ‚
357 3702 418 3733 atis.
439 3703 458 3732 f.
479 3703 576 3733 Sidon.
590 3713 615 3740 7.
631 3702 712 3741 Epist.
724 3712 750 3737 9.

0 3746 1 3752 ¹
44 3736 270 3777 JntviCfiLA‚
292 3752 322 3771 ae.
344 3741 362 3770 f.
389 3738 542 3777 [αὐχένων]
563 3742 662 3771 dimin.
676 3752 690 3770 a
704 3741 815 3770 Cervix.
859 3738 917 3768 Cic.
932 3749 957 3775 ς.
976 3738 1052 3768 Verr.
1062 3749 1108 3774 49.
1137 3738 1192 3769 Ta.

0 3861 3 3874 l

40 3763 43 3808 1
69 3785 133 3806 men
144 3786 179 3807 ne
190 3785 319 3815 putamus
331 3785 479 3817 patronum
489 3786 570 3809 tuum
581 3780 610 3809 in
622 3780 677 3809 hoc
689 3779 805 3808 crimine
815 3777 987 3808 cerviculam
1004 3778 1169 3814 jactaturum
1181 3794 1190 3814 1

41 3810 44 3853 l
70 3815 96 3844 ἃ
107 3816 214 3854 populo
226 3816 253 3844 se
262 3817 297 3845 ad
308 3826 441 3846 coronam
448 3818 578 3847 daturum
588 3818 601 3847 ‘2

42 3850 201 3889 1331111611,
223 3854 255 3883 111
275 3864 379 3884 6111111.

0 3905 5 3914 1
43 3888 247 3926 sumnus,
280 3892 310 3921 ln
329 3900 540 3923 CAERULRUS.
748 3925 751 3927 ,

0 3938 5 3952 -2
42 3921 151 3964 (lituus
161 3934 177 3965 ,’
192 3930 254 3966 Adj.
276 3930 351 3968 apud
362 3937 466 3961 veteres
483 3932 599 3962 Sanetus
610 3953 619 3968 ,
639 3931 718 3961 unde
734 3930 903 3961 Ceremonia
913 3952 922 3966 ,
943 3934 975 3960 ut
991 3927 1052 3959 vult
1066 3927 1136 3959 Scal.
1159 3929 1190 3958 in

0 3970 3 3990 ἒ
43 3969 46 4004 ξ
67 3965 183 3996 Festum.
205 3978 230 3997 v.
252 3967 438 4007 Caeremoniae„
964 4001 971 4011 -.
996 4006 1002 4012 ·
1161 4004 1167 4011 .

0 4003 10 4030 '0¹
43 4001 129 4034 Canu
137 4015 149 4034 5
159 4017 179 4034 Μ
189 4016 208 4034 A
218 4015 239 4034 N
250 4016 268 4035 u
278 4015 289 4035 s
302 4028 309 4042 ,
331 4007 359 4034 in
371 4007 495 4036 carmine
509 4006 623 4041 Saliari,
645 4006 759 4037 Creator
770 4007 862 4037 bonus
881 4005 1057 4042 intelhgitur.
1078 4005 1146 4036 Fest.
1159 4014 1190 4034 in

0 4047 7 4066 i

45 4035 47 4086 1
70 4040 159 4075 Mater
168 4043 286 4074 Matuta.
307 4043 429 4083 Scaliger
439 4044 458 4075 l.
472 4054 497 4075 6.
515 4044 602 4075 divise
615 4044 711 4076 scribit
720 4046 806 4076 Cetus
816 4045 929 4076 Manus.

46 4090 47 4112 1

1249 3557 1275 3588 Ε
1285 3569 1298 3588 iz
1309 3569 1322 3587 R
1332 3562 1370 3588 vi
1380 3569 1399 3588 N
1411 3569 1426 3588 υ
1438 3568 1449 3588 s
1459 3581 1467 3593 ,
1489 3554 1652 3594 [εἱαφέῶω]
1674 3558 1749 3586 aliud
1764 3558 1821 3593 Adj.

1636 174 1665 209 C
1762 176 1791 211 E
1888 178 1918 212 R
2353 195 2419 233 493

1259 252 1305 285 ΟΞ
1316 262 1332 280 a
1344 262 1361 281 ti
1371 262 1382 280 s
1393 262 1405 281 5
1415 263 1443 287 Α,
1454 263 1484 284 as.
1501 254 1520 283 s.
1543 252 1706 290 [ψιιιμύθιον
1720 257 1736 292 ]
1757 257 1852 286 Genus
1864 260 2000 295 pigmenti
2011 262 2133 296 candidi,
2145 273 2179 292 ex
2193 266 2323 295 ramentis
2335 267 2426 303 plum.

1297 290 1497 334 bicompositi:
1521 293 1596 328 quod
1609 293 1703 324 Graece
1720 295 1929 333 Psimmythium
1943 306 2065 328 vocatur.
2110 301 2175 330 l’lin.
2189 302 2234 331 lib.
2249 313 2290 338 34.
2303 315 2362 340 cup.
2382 313 2423 338 15³.

1296 325 1506 371 l'sinimyiliium
1525 352 1532 364 ‚
1556 330 1610 359 1106
1623 333 1659 360 cst
1674 334 1806 362 cerussam
1827 334 1990 370 plumbariae
2013 338 2080 366 dant
2100 339 2226 368 officinae.
2266 339 2426 372 [1111113111ῐῖ-

1297 366 1547 409 1111111111111110110.4
1563 368 1696 398 ἧ131116111
1722 373 1854 400 ramentis
1869 373 1976 409 plumbi
1998 376 2161 406 tenuissimis
2181 378 2261 414 super
2286 390 2332 409 vas
2355 384 2426 411 aceti

1296 402 1438 438 asperrimi
1454 405 1587 447 impositis
1600 428 1606 439 ,
1629 414 1710 443 atque
1727 410 1763 438 ita
1780 409 1986 441 distillantibus.
2029 414 2115 449 Quod
2126 425 2161 444 ex
2177 426 2211 444 eo
2227 418 2330 446 cecidit
2346 419 2372 447 in
2386 421 2427 456 ip-

1296 439 1478 484 sum-acetum
1492 464 1498 475 ,
1522 445 1672 473 arciatrum
1685 447 1800 475 molitur
1814 448 1839 476 ὃ(
1850 449 2003 485 cribratur,
2026 452 2181 489 iterumque
2199 462 2277 484 aceto
2301 457 2381 485 millo
2397 459 2425 486 in

1295 477 1418 513 pastillos
1433 479 1567 523 dividitur
1578 503 1584 511 .
1608 483 1632 511 ἃ
1646 484 1672 511 in
1690 483 1746 513 sole
1756 485 1870 514 siccatur
1880 487 1979 517 testate.
2022 489 2054 518 Et
2067 491 2148 527 paulo
2160 491 2219 528 post
2229 514 2237 525 ,
2260 493 2305 522 Vis
2317 495 2375 529 ejus
2384 506 2428 524 ea-

1296 515 1362 543 dem
1375 525 1436 557 qua:
1448 516 1609 559 supradit‘lis
1619 542 1626 553 ,
1654 520 1788 551 levissima
1800 529 1909 553 tantum
1921 524 1959 554 cx‘
1970 528 2118 557 omnibus:
2142 537 2296 567 praeterque
2315 533 2348 560 ad
2363 543 2428 562 can-

1297 552 1395 581 dorem
1409 554 1585 598 scminariim.
1627 557 1668 586 Est
1681 568 1773 589 autem
1786 559 1896 591 lethalis
1908 570 1991 600 potus
2003 586 2010 598 ,
2034 566 2100 594 sicut
2115 565 2211 603 spuma
2233 570 2355 605 argenti:
2378 580 2430 608 po-

1296 590 1468 632 stea-cerussa
1485 593 1540 635 ipsa
1551 595 1566 621 si
1579 604 1716 630 coquatur
1727 620 1734 632 ,
1752 599 1872 628 rufescit.
1916 600 2026 631 Plautus
2042 603 2122 633 Most.
2138 615 2160 633 i.
2173 614 2197 639 3.
2213 616 2270 634 101.
2293 608 2371 637 Cedo
2382 619 2428 638 ce-

1296 628 1404 656 16113111.
1427 638 1448 657 S.
1472 631 1537 665 quid
1554 632 1657 661 cerussa
1670 644 1741 671 opus
1751 636 1809 664 est‘?
1836 646 1956 668 PHiLE.
1982 649 2044 669 nam
2067 644 2112 678 qui
2131 643 2215 672 malas
2232 644 2380 675 oblinam?
2401 657 2424 677 s.

1298 665 1358 694 Una
1369 676 1453 709 opera
1461 667 1529 695 ebur
1539 676 1693 700 atramento
1705 674 1887 703 candefacere
1897 677 2026 712 postules.
2070 679 2105 708 Ea
2117 682 2191 709 enim
2203 689 2317 712 utuntur
2328 685 2427 715 mulie-

1295 713 1338 732 res
1348 703 1382 732 ad
1398 704 1498 733 faciem
1514 706 1697 750 dealbandum
1710 712 1735 739 Sc
1755 710 1928 742 illinendum.
1952 715 2038 746 Ovid.
2050 717 2085 746 de
2099 717 2175 748 Med.
2187 719 2267 749 faciei
2277 743 2284 756 ,
2297 731 2342 758 73.

1386 741 1448 771 Nec
1461 744 1563 772 cerusla
1576 745 1624 773 tibi
1639 768 1647 780 ,
1669 757 1722 776 nec
1733 749 1795 777 nitri
1807 749 1901 786 spuma
1914 752 2037 782 rubentis
2179 757 2260 788 Desit.

1257 777 1280 807 C
1289 781 1304 806 ἒ
1313 788 1328 806 a
1339 788 1357 807 u
1367 788 1378 807 s
1388 783 1424 807 ssi
1436 789 1455 807 T
1464 790 1480 808 u
1490 790 1502 809 s
1512 803 1518 815 ‚
1542 782 1598 816 Adi.
1623 782 1848 822 [ψῃιιμηθιωτιές]
1870 796 1900 816 ut
1911 811 1918 823 ,
1941 791 2087 821 Cerusl'atae
2105 794 2236 825 mulieres
2249 818 2258 832 ,
2279 807 2340 835 qua:
2360 807 2426 828 can.

1297 816 1372 845 doris
1384 820 1566 860 comparandi
1580 822 1666 855 gratia
1680 823 1783 852 cerussa
1799 831 1921 856 utuntur.
1942 829 2063 860 Martias.
2079 830 2127 861 lib.
2142 842 2169 862 2.
2184 843 2228 868 41.

1376 854 1516 884 Cerussata
1532 858 1731 889 timetSabella
1744 860 1839 891 solem.

1296 890 1434 922 Cerussata
1446 894 1518 922 cutis
1528 917 1535 929 ,
1558 897 1696 926 cerussata:
1708 898 1811 928 buccae.
1835 900 1954 931 Martias.
1971 903 2018 933 lib.
2032 914 2057 941 7.
2071 915 2116 941 24.
2140 907 2197 937 Cic.
2213 909 2242 938 in
2253 909 2341 940 Pison.
2358 921 2403 947 25.

1257 928 1426 965 Cervus,
1449 931 1465 960 i.
1490 941 1526 962 m.
1550 933 1705 970 [ἕλαφῶ]
1729 937 1961 968 Ληίη131110111111ε
1985 942 2091 973 dit‘lum
2107 946 2227 982 quod-m)
2245 947 2346 984 aiffa,
2369 959 2424 980 i.e.

1294 967 1405 997 Cornua
1425 976 1520 1005 gerat,
1544 973 1656 1001 aut‘lore
1678 973 1762 1003 Festo.
1786 975 1858 1004 Varr.
1881 977 1916 1005 de
1930 977 1956 1006 L.
1970 978 1998 1008 L.
2010 992 2036 1015 4.
2048 990 2093 1015 24.
2126 983 2206 1012 Gervi
2226 986 2300 1023 quod
2323 996 2423 1022 magna

1292 1014 1524 1082 lcirngu'eicggruziizt,
1534 1009 1629 1077 CCequqsi
1641 1014 1855 1085 hungutatatpsin
1869 1024 1886 1043 6
1896 1036 1903 1049 ,
1918 1022 1956 1081 ¹ut
1970 1017 1999 1060 in
2013 1017 2116 1055 multis,
2140 1022 2212 1057 quasi
2224 1024 2326 1090 Gelruli.
2345 1025 2422 1091 [slin-

1337 1065 1341 1070 .
1355 1067 1378 1087 .·
1449 1067 1455 1073 .
1507 1069 1512 1074 .
1701 1060 1755 1087 que
1767 1060 1781 1080 e
1828 1061 1862 1080 ua
1871 1062 1915 1081 ma
1929 1061 2028 1091 ignitas
2039 1078 2047 1092 ,
2069 1067 2226 1096 quanquam
2239 1071 2255 1099 p
2269 1063 2340 1091 acidi
2366 1073 2423 1092 imo

1292 1082 1518 1157 1111111113ᾜέἓὲἓέὖῄ
1561 1122 1669 1153 Lucret.
1684 1124 1734 1154 lib.
1752 1128 1852 1163 6-766.
1874 1127 2008 1166 significat
2026 1131 2138 1163 Celeres
2182 1136 2255 1173 quasi
2270 1136 2361 1168 Alatos
2377 1148 2426 1177 pe-
2449 1164 2452 1166 .

1310 1158 1361 1186 des
1376 1156 1520 1189 habentes.
2150 1156 2158 1171 ²

1294 1195 1372 1224 Alati.
1399 1197 1484 1226 ovid.
1506 1208 1528 1227 1.
1542 1198 1611 1228 Met.
1627 1203 1690 1234 306.

1293 1233 1413 1264 Celeres.
1436 1236 1502 1265 Stat.
1515 1239 1540 1265 6.
1555 1236 1646 1267 Theb.
1662 1243 1722 1272 598.

1293 1271 1447 1310 Cornigeri.
1472 1273 1570 1303 Lucret
1590 1275 1635 1303 lib.
1652 1285 1674 1311 3.
1688 1286 1754 1312 751.

1293 1309 1430 1341 Errantes.
1452 1312 1516 1349 Virg
1538 1323 1560 1347 ς,
1577 1314 1711 1349 Ριῐηαςς.

1292 1347 1397 1385 Fugax.
1421 1350 1504 1379 Ovid.
1519 1360 1543 1385 3.
1556 1351 1636 1380 Trist.
1654 1361 1694 1380 11.
1714 1362 1755 1382 11.

1249 1416 1255 1423 ,
1292 1385 1433 1417 Imbelles.
1456 1388 1526 1425 Virg.
1543 1398 1566 1424 3.
1582 1389 1757 1426 Georg.265.

1291 1424 1423 1454 inermes.
1449 1427 1514 1455 Stat.
1528 1432 1553 1456 6.
1567 1427 1658 1456 Theb.
1675 1434 1736 1464 598.

1291 1462 1437 1499 Ingentem
1449 1474 1561 1494 cervum
1573 1466 1607 1494 ad
1621 1466 1688 1494 retia
1700 1474 1826 1504 premere
1840 1468 1971 1500 clamore.
1994 1470 2068 1509 Virg.
2085 1481 2110 1509 3.
2124 1473 2223 1511 Georg.
2241 1486 2307 1512 4¹³-

1288 1499 1411 1538 Jugales.
1425 1502 1512 1531 Claud
1527 1504 1562 1532 de
1571 1503 1773 1539 Bell.Get.286.
1785 1507 1829 1535 Sic
1841 1506 1903 1537 illos
1914 1515 1996 1538 vocat
2007 1512 2053 1547 qui
2065 1511 2159 1542 Dianae
2174 1523 2285 1544 currum
2296 1517 2420 1547 trahunt.

1291 1539 1387 1569 Leves.
1412 1540 1483 1577 Virg.
1499 1551 1521 1570 i.
1549 1541 1603 1570 Ecl.
1621 1546 1665 1570 60.

1373 1579 1442 1607 Ante
1452 1578 1526 1608 leves
1542 1589 1607 1617 ergo
1621 1579 1767 1616 pascentur
1778 1581 1807 1610 in
1818 1583 1920 1613 :ethere
1929 1585 2012 1615 cervi.

1309 1620 1338 1644 te
1353 1617 1427 1645 cervi
1443 1616 1586 1646 volabunt.
1615 1619 1734 1648 Servius.

1291 1653 1380 1682 Ocior
1399 1655 1497 1684 cervis.
1522 1655 1586 1684 l-lor.
1599 1665 1624 1685 2.
1642 1656 1732 1686 Carm.
1753 1662 1792 1687 16.
1806 1668 1851 1694 ²3-

1291 1690 1386 1721 Pavidi
1400 1693 1559 1722 sormidine.
1582 1693 1667 1723 Ovid.
1685 1705 1708 1730 5.
1727 1695 1795 1725 Fast.
1814 1706 1874 1733 173·

1291 1729 1409 1759 Timidi.
1435 1731 1499 1760 Seri.
1513 1731 1628 1769 Hippos.
1641 1743 1663 1767 3.

1290 1767 1418 1798 Veloces.
1443 1769 1514 1806 Virg.
1529 1781 1550 1804 ς.
1566 1770 1628 1800 11Ξ11.
1643 1779 1709 1805 253.

1290 1804 1410 1836 Ventosa
1420 1816 1565 1837 cervorum
1576 1818 1664 1844 mens,
1676 1809 1721 1838 i.e.
1732 1807 2032 1850 Instabilis„trepida‚&
2042 1814 2318 1849 timidaLucretJib.
2327 1829 2421 1856 3400.

1291 1843 1387 1873 Vivax.
1412 1845 1480 1883 Virg.
1495 1855 1519 1881 7.
1532 1846 1664 1882 Ecl.48⁷,.

2095 1588 2114 1617 i.
2127 1597 2152 1618 e.
2177 1589 2279 1621 Avium
2288 1602 2366 1623 more
2377 1604 2425 1624 an.

1243 1885 1249 1888 “
1291 1882 1432 1912 Glocitare
1443 1906 1451 1917 ,
1477 1883 1630 1913 Cervorum
1642 1884 1695 1914 esse
1705 1895 1803 1915 vocem
1816 1887 1856 1915 ait
1869 1886 1928 1923 ille,
1947 1890 1993 1924 qui
2015 1889 2177 1921 Philomtlae
2186 1903 2296 1924 carmm
2309 1906 2428 1936 compo-

1309 1919 1379 1955 suit,
1401 1922 1474 1950 inter
1488 1922 1584 1951 Ovidii
1598 1933 1681 1960 opera
1692 1924 1841 1961 repositum
1851 1947 1860 1959 ,

1374 1959 1405 1988 Et
1417 1959 1511 1988 barrus
1522 1960 1605 1989 barrit
1616 1983 1622 1990 .
1645 1963 1719 1991 cervi
1737 1963 1871 2000 glocitant
1881 1985 1889 1999 ,
1912 1965 1938 1993 &
1948 1967 2053 2002 onagri.

1311 1997 1472 2027 adhibenda
1482 1997 1513 2027 sit
1525 1999 1640 2028 aue'tori.

1290 2035 1374 2064 Cervi
1386 2037 1469 2065 etiam
1480 2036 1508 2065 in
1523 2036 1629 2067 aedibus
1645 2038 1749 2068 rusticis
1758 2038 1842 2068 furcae
1853 2039 1994 2070 dicuntur.
2021 2041 2093 2079 Virg.
2109 2053 2135 2073 2.
2155 2044 2214 2074 Ecl.
2228 2057 2274 2081 ao.

1388 2077 1474 2110 :itque
1487 2074 1608 2103 humiles
1620 2075 1745 2105 habitare
1757 2077 1829 2106 casas
1843 2079 1868 2107 Sc
1884 2077 1966 2109 sigere
1980 2083 2094 2110 cervos?
2171 2082 2224 2112 Ubi
2236 2086 2354 2122 Servius,
2372 2088 2428 2120 Aut

1309 2111 1409 2142 Furcas,
1426 2122 1485 2149 quae
1498 2113 1620 2149 figuntur
1635 2114 1670 2143 ad
1683 2114 1750 2143 casae
1766 2115 2010 2146 sustentationem:
2033 2128 2094 2156 quae
2106 2119 2187 2149 didiae
2202 2122 2264 2152 sunt
2282 2126 2367 2158 cervi,
2389 2126 2426 2155 ad

1310 2149 1522 2180 similitudinem
1549 2161 1687 2181 cornuum
1706 2154 1889 2183 cervinorum.
1949 2158 2001 2184 llut
2023 2158 2122 2194 (quod
2137 2159 2238 2189 melius
2258 2166 2296 2190 est
2313 2166 2320 2192 i
2343 2163 2428 2201 figere

1308 2197 1407 2217 cervos
1419 2211 1425 2221 .
1446 2189 1461 2216 i.
1475 2199 1498 2217 6,
1527 2189 1624 2218 Venari
1637 2192 1660 2219 ὁὶ
1674 2191 1787 2225 jaculari
1800 2214 1807 2225 ,
1830 2191 2018 2229 intelligamus
2031 2204 2037 2224 :
2060 2203 2091 2224 ut
2104 2200 2192 2235 magis
2203 2199 2238 2228 ad
2250 2200 2426 2240 voluptatem

1311 2236 1375 2255 eum
1387 2249 1394 2259 ,
1418 2237 1499 2261 quam
1512 2227 1546 2256 ad
1557 2227 1682 2258 laborem
1693 2229 1811 2259 invitare
1822 2230 1957 2260 videatur.

1290 2263 1373 2293 Cervi
1386 2265 1415 2293 in
1429 2275 1458 2293 re
1470 2265 1602 2299 militari,
1624 2276 1713 2304 genus
1725 2267 1807 2301 valli,
1831 2267 2044 2299 Asimilitudine
2063 2281 2201 2303 cornuum
2221 2276 2296 2305 cervi
2316 2277 2424 2308 dietum

1310 2309 1341 2332 ut
1352 2305 1391 2332 ait
1406 2302 1489 2332 Varro
1501 2304 1536 2332 de
1551 2303 1577 2332 L.
1590 2303 1619 2333 L.
1632 2316 1656 2338 4.
1671 2314 1715 2340 ²4·
1741 2305 1873 2335 Meminit
1884 2306 1974 2336 Caesar
1988 2308 2024 2337 de
2039 2308 2106 2339 Bell.
2128 2311 2198 2342 Gall.
2213 2322 2238 2350 7.
2254 2322 2297 2350 72.
2318 2313 2366 2344 ubi
2378 2314 2428 2346 ‘ru'-

1310 2347 1383 2368 >amu
1403 2342 1515 2370 Graecus
1525 2342 1628 2380 lnterp.
1642 2344 1800 2377 convertit,
1826 2345 1902 2381 quod
1913 2345 1991 2374 Suid.
2014 2348 2147 2376 παω-άλκς
2165 2350 2269 2381 reddit.
2300 2353 2318 2381 i.
2332 2363 2356 2382 e.
2380 2353 2429 2383 Pa-

1310 2378 1402 2408 xillos.
1415 2379 1444 2408 V.
1461 2379 1529 2417 Lips.
1545 2380 1658 2410 Poliorc.
1674 2391 1718 2411 22.
1730 2381 1844 2411 Broekh.
1857 2383 1893 2411 ad
1906 2382 2012 2414 Tibull.
2024 2396 2050 2421 4.
2073 2396 2095 2415 i.
2107 2392 2151 2422 84·
2163 2388 2206 2417 vel
2220 2399 2290 2426 quos
2303 2390 2341 2420 ibi
2355 2392 2429 2422 indi-

1312 2424 1356 2446 cat
1368 2418 1463 2455 potius
1474 2419 1608 2448 auctores.

1290 2454 1396 2484 Cervus
1408 2478 1415 2490 ,
1435 2466 1487 2493 pro
1498 2455 1637 2493 Fugitivo.
1661 2456 1738 2486 Sext.
1752 2456 1899 2495 Pompeius
1911 2456 1958 2487 lib.
1975 2468 2016 2494 17.
2039 2461 2190 2493 Servorum
2202 2464 2262 2495 dies
2271 2465 2354 2496 festus
2369 2468 2428 2497 exi—

1311 2493 1435 2522 stimatur
1450 2494 1544 2523 Idibus
1562 2494 1670 2531 Augusti
1682 2517 1691 2529 ,
1713 2495 1789 2532 quod
1804 2505 1838 2524 eo
1860 2496 1972 2526 Servius
1993 2497 2105 2529 Tullius
2124 2509 2203 2531 natus
2221 2503 2312 2540 serva,
2336 2507 2427 2536 aedem

1310 2530 1409 2561 Dianae
1419 2532 1592 2561 dicaveritin
1606 2533 1742 2562 Aventino
1752 2555 1758 2567 ,
1780 2534 1861 2570 cujus
1871 2534 1965 2564 tutelae
1979 2535 2041 2566 sunt
2053 2539 2128 2567 cervi
2140 2560 2147 2575 ,
2169 2550 2184 2569 a
2196 2550 2315 2578 quorum
2328 2543 2426 2573 celeri-

1312 2575 1369 2598 tate
1381 2570 1524 2607 Fugitivos
1537 2576 1638 2599 vocant
1653 2570 1766 2600 Cervos.

2153 1967 2198 1998 Tu
2208 1970 2283 2007 vide,
2303 1981 2338 2001 an
2354 1972 2427 2004 fides

1253 2607 1278 2637 C
1287 2617 1300 2636 iz
1311 2617 1324 2635 R
1336 2618 1353 2636 v
1364 2617 1383 2636 A
1395 2630 1402 2642 ,
1424 2618 1455 2637 ae.
1475 2607 1495 2637 f.
1523 2608 1590 2637 Plin.
1605 2609 1651 2637 lib.
1665 2619 1708 2643 ις.
1718 2614 1811 2647 cap.8.
1833 2610 1996 2649 Simplicius
2008 2622 2093 2643 cervae
2105 2616 2293 2648 monstravere
2305 2618 2428 2658 Elapho-

1295 2645 1399 2674 boscon
1409 2668 1416 2680 ,
1440 2646 1475 2675 de
1489 2656 1542 2683 qua
1561 2646 1692 2676 diximus.
1716 2647 1789 2676 Item
1800 2647 1885 2678 Seseli
1896 2651 1986 2679 enixae
2002 2660 2017 2680 a
2027 2659 2119 2689 partu.

1291 2684 1401 2722 AEripes
1415 2693 1505 2713 cerva.
1530 2684 1595 2721 Virg
1620 2688 1644 2714 6.
1659 2684 1720 2714 AEri.
1733 2690 1797 2718 802.

1374 2722 1435 2751 Nec
1444 2732 1510 2751 vero
1521 2722 1629 2752 Alcides
1643 2729 1754 2752 tantuna
1763 2722 1872 2754 telluris
1884 2724 1992 2763 obivit,

1374 2760 1478 2789 Fixerit
1490 2761 1641 2796 aeripedem
1653 2770 1762 2791 cervam
1775 2761 1850 2791 licet.

1291 2797 1361 2827 Alba
1371 2808 1462 2827 cerva.
1486 2797 1556 2828 Gell.
1570 2799 1618 2827 lib.
1635 2809 1675 2836 ις.
1689 2808 1751 2837 cap.
1763 2809 1808 2830 22.
1840 2799 1873 2830 V.
1894 2801 1926 2830 in
1947 2811 1959 2831 s
1968 2812 1983 2832 a
1991 2812 2009 2831 R
2017 2811 2038 2832 T
2048 2813 2065 2832 0
2073 2813 2108 2833 iti
2119 2814 2137 2834 υ
2146 2814 2169 2835 5.

1290 2836 1400 2866 Cretaea
1410 2845 1500 2865 cerva.
1522 2837 1586 2866 Seri.
1601 2837 1716 2874 Hippol.

1292 2874 1465 2903 Silvicultrix
1476 2884 1566 2904 cerva.
1590 2874 1679 2904 Catul.
1693 2875 1785 2913 Epigr.
1797 2879 1842 2911 64.
1856 2886 1901 2913 7²-

1291 2912 1411 2950 Tragica
1423 2922 1520 2946 cerva,
1541 2912 1597 2942 scil.
1621 2913 1691 2950 Quae
1705 2913 1735 2942 in
1756 2914 1906 2952 Tragoedia
1925 2915 2074 2954 Sophoclis
2094 2918 2198 2948 dicitur
2208 2929 2260 2958 pro
2279 2920 2426 2959 Iphigenia

1310 2950 1487 2980 immolanda
1497 2950 1626 2986 subiec'ia.
1648 2951 1747 2987 Juven.
1765 2962 1806 2981 12.
1822 2954 1877 2982 Sat.
1894 2963 1903 2981 1
1914 2959 1956 2987 18.

1531 3005 1568 3009 —
1584 2990 1609 3018 8(
1621 2989 1638 3018 si
1655 3000 1708 3026 qua
1719 2991 1757 3019 est
1765 2989 1869 3020 nubilis
1881 2990 1920 3022 illi

1334 3026 1483 3063 Iphigenia
1497 3027 1575 3055 domi
1592 3049 1600 3062 ,
1622 3028 1700 3056 dabit
1712 3028 1787 3058 “nanc
1799 3029 1931 3058 altaribus
1943 3051 1951 3064 ,
1973 3030 2022 3059 etsi

1335 3063 1402 3093 Non
1414 3064 1505 3102 sperat
1516 3065 1640 3102 Tragicae
1653 3065 1753 3094 furtiva
1765 3066 1874 3104 piacula
1884 3076 1980 3097 cervae.
2064 3068 2186 3099 Martial.
2200 3078 2225 3107 3.
2239 3081 2285 3107 49.

1335 3102 1512 3140 Suppositam
1522 3102 1596 3132 ‘fama
1604 3105 1641 3147 611
1652 3105 1795 3141 quondam
1808 3115 1860 3143 pro
1871 3106 1977 3143 virgine
1985 3115 2104 3135 cervam.

1253 3141 1453 3175 CEvaJLA,
1475 3150 1505 3169 ae.
1528 3140 1546 3169 f.
1571 3142 1670 3170 dimin.

1255 3179 1480 3213 Csiivutus,
1502 3180 1520 3207 i.
1536 3189 1573 3208 m.
1597 3180 1696 3209 dimin.
1718 3179 1844 3209 Frontin.

1254 3217 1496 3251 CERVARius,
1518 3218 1681 3252 [ἐωὲφέῶψ]
1705 3219 1763 3252 Adj.
1788 3226 1838 3252 ut,
1860 3218 2019 3247 Cervarium
2035 3228 2186 3250 venenum.
2228 3220 2298 3251 Plin.
2312 3221 2360 3252 lib.
2374 3233 2420 3261 ²7·

1291 3263 1353 3291 cap.
1370 3265 1379 3283 1
1390 3265 1411 3283 i.
1435 3254 1561 3284 Limeum
1575 3256 1658 3285 herba
1668 3256 1826 3293 appellatur
1838 3265 1852 3284 3
1862 3255 1957 3291 Gallis,
1969 3267 2021 3293 qua
2034 3257 2142 3295 sagittas
2154 3259 2184 3287 in
2195 3267 2298 3289 venatu
2309 3262 2424 3299 tingunt

1291 3293 1501 3321 medicamento
1513 3315 1521 3329 ‚
1542 3295 1618 3330 quod
1633 3304 1773 3323 venenum
1785 3294 1939 3322 cervarium
1952 3304 2061 3324 vocant.

1292 3330 1419 3359 Cervaria
1430 3332 1504 3364 ovis,
1529 3331 1599 3367 Quae
1610 3342 1660 3369 pro
1669 3342 1750 3360 cerva
1760 3332 1964 3360 immolabatur.
1993 3333 2095 3362 Festus.

1291 3369 1437 3398 Certi-arius
1447 3369 1538 3405 lupus,
1552 3370 1701 3405 animatur
1711 3370 1810 3401 femur,
1823 3378 1857 3398 ex
1870 3379 1949 3398 cerva
1958 3371 1984 3399 &
1997 3370 2128 3408 lup0‚aut
2138 3371 2205 3409 lupa
2214 3374 2240 3402 &
2250 3383 2334 3403 cervo
2344 3375 2425 3411 geni-

1311 3413 1372 3435 tum
1384 3417 1416 3436 36
1425 3408 1554 3436 mistum:
1573 3409 1608 3436 de
1618 3418 1674 3444 quo
1687 3407 1722 3436 sic
1736 3406 1998 3444 Plin.lib.8.cap.22.
2014 3410 2049 3437 de
2059 3409 2142 3447 lupis,
2152 3411 2222 3439 Sunt
2236 3411 2263 3440 in
2274 3422 2308 3440 eo
2320 3422 2424 3449 genere

1311 3446 1358 3482 qui
1369 3446 1630 3474 cervariivocantur
1640 3467 1648 3479 ,
1670 3444 1780 3482 qualem
1793 3445 1821 3473 in
1839 3444 1954 3474 Galliae
1969 3446 2094 3484 Pompeii
2113 3449 2206 3485 Magni
2220 3459 2303 3479 arena
2316 3453 2423 3488 {pecta-

1309 3490 1371 3511 tum
1387 3483 1518 3512 diximus.
1560 3483 1633 3511 Huic
1645 3483 1769 3519 quamvis
1782 3483 1810 3510 in
1825 3482 1897 3511 fame
1917 3485 2081 3519 mandenti,
2105 3485 2120 3514 si
2142 3486 2283 3524 respexit,
2304 3488 2424 3518 oblivio-

1308 3530 1375 3549 nem
1388 3521 1442 3550 cibi
1453 3521 1594 3552 surrepere
1606 3521 1683 3549 aiunt
1692 3542 1699 3554 ,
1718 3519 1922 3557 digressumque
1932 3531 2052 3558 quaerere
2061 3523 2146 3552 aliud.

1845 3558 1930 3594 Quod
1946 3561 2068 3596 pertinet
2087 3562 2122 3591 ad
2137 3571 2259 3599 cervum,
2280 3564 2313 3593 ut
2325 3585 2333 3599 ‚
2356 3564 2422 3593 Cer-

1290 3597 1386 3626 vinum
1401 3606 1488 3626 cornu
1499 3619 1505 3630 .
1528 3596 1610 3624 Varro
1627 3605 1650 3631 3.
1673 3596 1708 3624 de
1723 3595 1753 3624 R.
1768 3595 1801 3624 R.
1816 3605 1877 3633 cap.
1892 3607 1918 3630 o.
1940 3597 2009 3627 Plin.
2022 3598 2071 3627 lib.
2083 3605 2128 3633 28.
2153 3610 2213 3639 cap.
2226 3612 2252 3636 9.
2281 3602 2423 3639 Sanguine

1290 3644 1403 3672 quoque
1417 3635 1529 3663 cervino
1539 3655 1547 3667 ,
1565 3634 1582 3661 si
1595 3643 1649 3662 una
1661 3641 1791 3667 urantur,
1811 3635 1862 3662 816.

1291 3672 1376 3703 Color
1385 3673 1523 3704 cervinus,
1536 3671 1623 3706 qualis
1633 3671 1671 3699 est
1682 3671 1763 3708 pellis
1775 3672 1858 3706 cervi,
1870 3671 1913 3701 vel
1922 3672 2073 3703 custaneaes
2087 3674 2189 3705 Pallad.
2200 3675 2249 3706 lib.
2262 3688 2288 3710 4.
2299 3687 2360 3715 cap.
2376 3687 2419 3714 ¹3·

1309 3711 1425 3739 Colores
1435 3711 1463 3738 hi
1474 3710 1603 3745 praecipui
1616 3731 1622 3741 ,
1646 3709 1744 3737 badius
1755 3731 1763 3742 .,
1785 3719 1894 3744 aureus,
1915 3710 2050 3746 albineus,
2071 3713 2186 3749 russeus,
2207 3724 2342 3750 murtetis,
2362 3725 2424 3744 cer-

1308 3749 1400 3783 vinus,
1421 3747 1523 3784 gilbus,
1545 3746 1705 3779 scutulatus.
1719 3747 1808 3782 albus,
1829 3756 1962 3784 guttatus,
1978 3750 2199 3790 candidissimus,
2214 3753 2294 3791 niger
2303 3752 2419 3791 pressus.

1289 3786 1399 3817 Halitus
1414 3785 1549 3814 cervinus.
1575 3784 1694 3813 Martial.
1709 3784 1755 3812 lib.
1772 3794 1812 3813 12.
1828 3794 1872 3814 20.

1384 3823 1518 3852 Cervinus
1529 3821 1652 3859 gelidum
1667 3821 1759 3851 sorbet
1769 3822 1804 3852 sic
1816 3822 1918 3853 halitus
1931 3834 2061 3863 anguem.

1291 3861 1380 3892 Pellis.
1406 3861 1472 3890 tior.
1490 3871 1511 3889 i.
1527 3860 1606 3897 Epist.
1620 3870 1645 3889 2.
1656 3864 1701 3889 66.

1291 3899 1415 3936 Sanguis.
1440 3897 1508 3927 Plin.
1520 3897 1568 3927 lib.
1581 3904 1625 3931 28.
1638 3907 1699 3935 cap.
1711 3908 1735 3932 9.

1290 3936 1399 3967 Vellera
1408 3936 1527 3965 cervina.
1551 3936 1636 3964 Ovid.
1649 3940 1675 3965 6.
1690 3936 1759 3965 Met.
1775 3944 1837 3971 592.

1252 3976 1275 4009 C
1283 3979 1301 4005 ἓ
1311 3985 1326 4003 R
1336 3975 1355 4004 {r
1364 3984 1381 4003 c
1389 3978 1401 4002 ῑ
1412 3984 1429 4002 υ
1438 3984 1458 4001 Μ
1468 3996 1474 4007 ,
1497 3973 1514 4002 i.
1537 3983 1564 4002 n.
1586 3974 1751 4017 [monetas]
1773 3973 1893 4011 Lignum
1904 3981 1963 4004 erat
1970 3978 2076 4006 16616111
2087 3998 2096 4013 ‚
2116 3977 2247 4014 utrinque
2264 3977 2334 4007 duos
2349 3986 2419 4007 con-

1289 4013 1383 4043 tinens
1393 4010 1535 4049 serpentes
1545 4011 1683 4050 implexos
1695 4033 1703 4047 ,
1724 4020 1811 4086 ηειᾶ(
1828 4012 1854 4041 se
1874 4020 1973 4043 mutuo
1992 4020 2018 4044 σι
2035 4023 2072 4044 ex
2088 4016 2202 4045 adverso
2221 4016 2415 4082 intuerentplr,

1805 4060 1848 4087 qq
1870 4059 1884 4086 3
2321 4063 2364 4091 qu*
2387 4063 2417 4082 es
