2600 4177
467 164 496 197 A
592 161 623 197 T
718 162 752 197 H

32 244 49 275 Α
61 253 80 272 τ
88 253 102 271 a
111 243 123 272 ἲ
132 251 151 271 τ
161 252 178 272 A
187 253 199 272 s
209 265 216 278 ,
229 242 287 273 atis.
301 244 413 273 denum.
424 241 508 272 Plaut.
522 243 598 272 Poen.
614 254 636 277 ς.
650 255 673 278 ς.
689 255 699 273 r
708 255 731 274 1.
753 244 792 274 lta
802 244 916 283 replebo
926 248 1043 280 atritatc,
1056 253 1087 277 ut
1097 248 1180 276 atrior

69 281 157 310 multo
169 281 216 310 siet
227 291 309 318 quam
322 280 451 317 AEgyptii.
475 281 582 315 Festus,
602 281 716 316 Atritas,
738 283 792 311 Atti
806 283 916 313 coloris.
958 285 1126 314 inusitatum.

34 320 52 349 Λ
63 328 82 347 'r
92 329 105 346 ῃ
117 329 125 346 1
135 328 154 346 T
164 321 180 347 [i
190 329 208 348 p
219 329 244 351 o5
265 320 328 347 Ynig,
348 318 368 347 f
391 319 546 354 [μελανία]
569 319 652 348 idem.
669 319 750 348 Gloss'
763 320 808 349 ΟΥ.
822 320 878 351 Lat.

2 371 4 373 >
33 357 104 387 Art<
115 366 131 384 O
141 366 157 383 R
167 378 175 388 ,
197 357 258 385 siris.
283 355 442 391 [μελανία]
463 365 512 392 pro
524 357 643 385 AtrIrate.
685 357 755 386 Gell.
769 357 815 387 lib.
826 367 852 387 2.
862 368 922 396 cap.
936 363 980 388 26.
1002 358 1128 388 Rubidus
1136 368 1184 388 au-

69 399 125 421 tem
139 393 176 422 est
188 416 196 427 ‚
217 393 292 422 rufus
304 415 311 427 ,
329 401 418 421 atrore
434 393 598 430 nigroreque
608 394 699 423 multo
711 394 812 424 mistus.

32 431 80 461 Ar
89 440 105 458 R
115 441 131 459 A
142 442 161 458 Μ
172 441 184 458 r
196 441 214 459 N
224 441 243 458 T
252 441 270 458 u
280 442 299 458 Μ
310 453 317 464 ,
341 431 357 460 i.
382 441 408 458 n.
440 429 634 466 [usmfflacsi'oe]
661 432 695 461 ab
717 434 781 461 Atro
803 433 897 463 colore
916 434 1079 463 deducitur:
1103 433 1182 468 cujus

21 490 24 496 .
70 468 125 497 duo
136 477 235 505 genera
247 468 326 497 sunt:
349 474 533 497 atramentum
551 468 725 506 scriptorium
737 492 744 504 ,
766 471 841 506 quod
858 473 883 500 r&
900 470 1042 500 librarium
1061 472 1182 505 dicitur,

70 508 96 535 &
108 515 123 534 a
139 506 258 534 tectoriis
269 528 276 539 ,
299 506 445 534 tefiorium
454 528 462 539 ,
480 516 536 542 quo
546 506 575 534 in
587 506 731 535 scribendo
742 517 773 536 ac
784 509 926 545 pingendo
936 511 1057 538 utimur:
1082 511 1108 539 ἃ
1117 514 1184 537 atra-

69 549 195 611 inentum
215 543 346 572 sutorium
358 566 365 579 ,
387 543 463 580 quod
481 543 639 573 inficiendis
662 543 784 583 pellibus
806 545 910 575 sutores
937 547 1077 584 usurpant.
1116 546 1183 575 Haec

91 587 202 609 erottus.
1160 590 1164 598 ·

70 620 258 648 Atramentum
268 618 451 655 scriptorium,
471 617 525 648 five
534 618 676 648 librarium
697 618 817 655 [μέλαν]
838 620 897 650 Cic.
908 631 933 650 2.
948 621 982 657 Q.
996 622 1056 650 frat.
1071 630 1112 656 14.
1134 620 1185 650 Ca-

88 654 162 685 lamo
173 657 198 685 &
210 663 363 684 atramento
374 663 539 693 temperato,
552 657 644 686 charta
652 658 736 686 etiam
746 658 858 687 dentata
867 668 909 688 res
921 669 1022 695 agetur.
1030 658 1183 687 Vitruv.lib.

89 703 178 730 7.‹:ap.
188 694 301 728 mQuae
311 693 424 730 (fuligo)
438 694 510 723 circa
522 696 655 731 parietem
668 697 694 725 ὃς
706 705 819 724 camerae
831 704 1003 725 curvaturam
1015 696 1184 729 adhaerescit,

88 731 154 760 inde
169 731 285 760 collecta
298 731 396 768 partim
414 733 592 769 componitur
612 742 648 761 ex
665 734 770 770 gummi
782 733 894 762 subacto
907 735 942 763 ad
952 735 1029 763 usum
1040 734 1185 763 atramenti

90 767 191 836 {librarii
203 769 337 835 :Erqllqna
356 770 475 798 tectores
489 769 628 807 glutinum
646 770 829 800 admiscentes
847 772 876 800 in
888 772 1038 809 parietibus
1058 778 1183 801 utuntur.

117 816 156 835 or.
170 816 195 835 2.
256 817 263 835 i
290 817 334 835 .i.
351 817 414 842 235.

0 843 4 877 ἓ,
40 846 48 858 ·’
69 817 259 874 Atramentuiii
271 843 403 873 sutorium
425 841 620 880 [2⁰3³20‘09&⁴]
642 845 709 875 Plin.
720 845 766 875 lib.
780 856 826 875 20.
838 855 898 883 cap.
917 856 959 876 12.
996 846 1127 876 Verrucas
1136 845 1186 875 mi-

87 882 125 911 sto
137 889 290 911 atramento
301 881 404 911 sutorio
415 882 499 911 tollit.
539 883 607 912 Cels.
620 883 668 912 lib.
682 888 707 913 6.
720 894 779 921 cap.
791 890 817 917 8.
855 884 912 913 Cic.
927 895 952 920 9.
968 884 1041 914 Fam.
1052 894 1096 914 21.
1115 892 1184 913 extr.

39 931 42 934 ⁴
87 919 147 955 Jam
159 926 236 957 pater
245 920 303 955 ejus
314 919 453 949 accusatus
464 930 478 949 a
491 919 531 950 M.
545 921 683 956 Antonio,
704 921 806 951 sutorio
821 927 974 951 atramento
984 922 1123 951 absolutus
1136 932 1186 959 pu-

88 963 168 987 tatur.
193 958 210 986 i.
222 968 245 986 e.
268 957 399 993 Judicuni
409 958 565 995 corruptela
576 981 583 993 ,
608 969 664 987 non
677 960 743 988 citra
753 960 896 988 infamiam
908 970 913 989 z
937 960 974 989 est
984 961 1060 989 enim
1070 959 1187 996 ejusmo-

88 995 116 1025 di
125 994 256 1024 sutorium
270 1002 451 1025 atramentum
463 1018 471 1031 ‚
493 1002 523 1024 ut
533 1006 623 1033 neque
633 1006 801 1035 magnopere
815 1004 899 1026 atram
916 998 1056 1035 imprimat
1073 1004 1185 1033 notam,

94 1042 184 1070 neque
194 1033 298 1062 nullam
311 1040 404 1062 tamen
415 1033 505 1062 illinat
513 1033 660 1064 maculam.
681 1034 749 1064 Plin.
763 1035 812 1065 lib.
827 1044 869 1071 34.
888 1044 948 1073 cap.
963 1045 1003 1064 12.
1043 1036 1129 1065 Graeci
1142 1045 1187 1063 co-

88 1071 248 1109 gnationem
261 1072 320 1101 aeris
336 1071 464 1100 fecerunt
482 1073 597 1102 nomine
607 1074 633 1102 Sc
643 1078 796 1102 atramento
808 1072 909 1103 sutorio
920 1095 928 1108 ‚
949 1072 1092 1111 appellant
1110 1073 1187 1102 enim

0 1138 3 1143 ‚
89 1107 294 1138 chalcanthum.
319 1109 384 1138 Haec
392 1109 461 1138 Plin.
505 1109 649 1148 Colligitur
658 1120 691 1140 ex
700 1121 752 1140 aere
764 1132 772 1144 ,
792 1112 868 1140 unde
887 1112 987 1140 Graecis
1006 1121 1107 1141 nomen
1118 1108 1186 1146 χείλ-

0 1124 18 1178 ,1
88 1150 185 1176 xmo&
196 1168 204 1181 ,
226 1148 297 1184 quasi
311 1148 386 1176 dicas
400 1169 407 1182 ‚
431 1146 494 1177 Flos
505 1149 564 1177 aeris
576 1170 583 1183 ‚
600 1148 683 1186 vulgo
693 1147 881 1185 Vitriolfimple.
903 1149 932 1178 V.
956 1148 1052 1178 Erasm.
1062 1150 1090 1178 in
1104 1149 1185 1185 Adag.

473 1185 528 1221 [V.
552 1188 577 1215 &
594 1186 662 1215 Viris
681 1186 769 1215 docftis
779 1186 814 1214 ad
825 1187 882 1215 Cic.
898 1194 1001 1216 notata.
1039 1187 1188 1216 Probabilis

88 1222 198 1252 videtur
215 1222 239 1252 P.
255 1223 376 1252 Manutii
385 1223 537 1259 sententia,
560 1224 711 1262 Papirium,
728 1224 894 1253 chalcantho
913 1224 1022 1262 sumpto
1033 1225 1189 1254 voluntaria

88 1184 228 1213 Sutorium
239 1192 431 1214 atramentum.

4 1330 5 1334 Ἰ
88 1297 202 1327 Tacitus
212 1297 415 1335 loquitui·,Ann.
423 1309 432 1327 1
440 1308 510 1335 3.30.
518 1299 574 1328 Alia
586 1299 714 1338 exempla
728 1300 757 1329 in
768 1300 893 1329 Romana
902 1301 1013 1330 historia
1024 1301 1106 1330 obvia
1115 1300 1187 1336 sunt,

0 1325 5 1355 l
88 1335 158 1365 utin
173 1336 270 1365 eadem
284 1336 341 1366 Cic.
355 1336 404 1374 Ep.
417 1336 447 1366 C.
463 1337 597 1366 Carbonis
607 1360 615 1372 ,
637 1339 663 1367 ἂ
675 1338 706 1367 C.
721 1337 818 1367 Licinii
832 1338 917 1367 Macri
936 1339 1010 1376 apud
1029 1338 1116 1368 Valer.
1129 1338 1146 1367 l.
1159 1348 1185 1373 9.

0 1356 7 1424 l
89 1383 113 1403 c.
133 1384 173 1403 12.
185 1382 210 1410 7.
233 1374 366 1410 Quamvis
377 1375 452 1403 enim
460 1375 520 1404 haec
529 1385 592 1404 vera
604 1375 744 1405 Absolutio
756 1376 875 1410 nonsit,
897 1385 989 1405 tamen
1001 1377 1063 1414 quia
1075 1386 1189 1414 poenam

91 1413 117 1442 &
140 1412 326 1441 damnationis
347 1412 490 1442 infamiam
511 1414 550 1442 ita
571 1424 633 1443 reus
647 1413 814 1451 effugiebat,
848 1414 992 1443 Absolutus
1011 1415 1066 1443 dici
1090 1414 1187 1452 potest.

88 1449 160 1480 Nam
174 1450 250 1486 quod
271 1450 311 1479 Cl.
330 1450 496 1487 Verburgius
510 1452 625 1489 simplici
644 1452 728 1481 verbo
745 1451 857 1481 Solutus
874 1452 1024 1489 legendum
1042 1458 1138 1490 putat,
1159 1452 1190 1480 id

89 1487 156 1516 mihi
169 1497 226 1517 non
241 1488 394 1525 persuadet.
435 1489 534 1526 Neque
541 1490 618 1518 enim
628 1512 635 1523 ,
661 1497 691 1518 ut
702 1489 804 1518 Morbo
815 1512 824 1524 ,
846 1491 994 1519 Senectute
1005 1513 1014 1527 ,
1037 1490 1080 1519 vel
1092 1490 1190 1519 Inedia

87 1524 154 1554 solvi
164 1526 224 1562 quis
232 1526 350 1561 dicitur,
372 1527 410 1555 ita
419 1525 534 1557 Veneno
547 1537 657 1565 quoque
666 1527 771 1557 solutus
789 1529 864 1557 redte
876 1528 982 1558 dicetur
991 1551 999 1564 ,
1021 1529 1068 1566 qui
1078 1537 1188 1558 veneno

89 1563 198 1601 sumpto
207 1571 331 1593 mortuus
342 1565 387 1593 est.

70 1602 258 1631 Atramentum
279 1601 323 1638 [a
336 1607 425 1636 μέλαν,
448 1602 537 1637 9ολός]
558 1602 660 1640 Liquor
667 1604 744 1641 niger
753 1603 842 1641 Sepiae
853 1603 933 1642 piscis
944 1626 952 1639 ,
970 1614 1053 1642 quem
1064 1614 1114 1642 pro
1122 1601 1190 1634 San-

88 1640 171 1677 guine
183 1641 208 1669 ei
218 1639 271 1669 esse
281 1647 360 1678 putat
375 1640 442 1670 Plin.
455 1640 502 1669 lib.
515 1651 540 1676 9.
552 1651 611 1678 cap.
627 1652 668 1677 19.
712 1641 798 1671 Cic.2.
815 1642 850 1671 de
861 1642 924 1671 Nat.
938 1642 1017 1671 Deor.
1032 1652 1094 1678 127.
1117 1643 1190 1672 Atra-

89 1677 317 1708 mentieffulione
326 1678 406 1716 sepiae
417 1684 550 1708 tutantur.
574 1680 603 1708 V.
627 1679 773 1709 Rondelet.
788 1680 824 1709 de
835 1680 932 1709 Piscib.
956 1680 974 1709 l.
990 1690 1030 1717 17.
1043 1691 1068 1709 c.
1080 1690 1106 1709 2.

35 1717 84 1748 AT
93 1725 108 1744 R
118 1726 165 1744 AM
175 1726 188 1744 a
200 1726 220 1745 N
231 1726 250 1745 r
260 1727 277 1745 A
289 1727 304 1745 A
314 1727 321 1745 i
333 1726 378 1745 υΜ
388 1739 397 1751 ,
420 1717 437 1746 i.
459 1727 486 1746 n.
508 1714 738 1753 [μελοωωδὶχᾶον]
764 1717 907 1747 Vasculum
919 1719 995 1756 quod
1004 1722 1190 1748 atramentum

44 1764 45 1767 ’
70 1754 204 1785 continet.
245 1753 318 1784 Valla
338 1765 360 1784 1.
374 1758 400 1784 6.

35 1793 82 1823 ΛΤ
92 1802 105 1821 11
113 1802 157 1820 ΕΑ
166 1803 186 1821 Μ
197 1801 218 1820 Ν
226 1802 246 1821 A
256 1814 264 1828 ,
286 1789 460 1829 [άτὲρῳμνα]
488 1792 509 1822 Α
531 1792 724 1830 Theophrasto
741 1793 916 1831 appellantur
936 1793 1089 1831 Legumina
1107 1795 1190 1823 codtu

72 1831 262 1860 contumacia:
283 1830 437 1866 cujusmodi
448 1829 522 1861 Plato
533 1841 565 1860 ea
577 1831 632 1860 esse
641 1831 771 1865 tradidit,
793 1842 853 1869 quae
866 1842 914 1870 per
929 1833 1013 1861 boum
1031 1842 1135 1862 cornua
1153 1832 1192 1861 se-

72 1868 160 1897 rendo
170 1869 198 1897 in
207 1875 306 1898 terram
315 1868 485 1898 ceciderunt.
527 1869 629 1898 Graecis
642 1869 718 1898 enim
727 1867 873 1905 ἁτέραμνῶ-
891 1870 964 1899 idem
985 1870 1023 1899 est
1033 1892 1040 1905 ,
1063 1870 1137 1907 quod
1148 1869 1192 1899 ln-

7 1909 21 1940 ’,
71 1906 382 1973 ἒέὶὶίἱεῗείηάοηύῑιιε.
406 1906 435 1936 V.
454 1906 546 1936 Ruell.
559 1906 605 1936 lib.
620 1916 646 1937 2.
662 1916 721 1945 cap.
734 1913 778 1944 38.
794 1907 925 1938 &Galen
941 1908 1037 1937 lib.de
1050 1907 1112 1937 Cib.
1122 1907 1190 1938 bon.

113 1954 157 1973 ma
170 1967 176 1973 .
204 1954 262 1974 ucC.

11 2015 14 2018 ,
36 1975 85 2012 Ἀἰ-
94 1992 131 2010 ar.
141 1992 159 2011 A
168 1993 188 2010 Μ
198 1992 216 2010 Ν
227 1993 243 2011 o
252 1991 265 2012 s
274 2004 281 2017 ,
303 1980 492 2019 [ia-zigaepv&]
512 1982 613 2013 Herba.
652 1983 722 2013 Plin.
734 1982 784 2012 lib.
797 1988 839 2017 18.
854 1993 915 2021 cap.
933 1991 976 2020 17.
998 1983 1078 2014 Circa
1089 1982 1194 2022 Philip-

70 2029 121 2058 pos
131 2026 291 2049 ateramnon
300 2020 448 2050 nominant
460 2042 468 2057 ,
490 2021 519 2050 in
530 2021 627 2059 pingui
640 2020 697 2050 solo
708 2021 822 2050 herbam
832 2043 839 2056 ‚
861 2031 913 2057 qua
925 2021 987 2051 faba
998 2029 1130 2051 necatur:
1151 2029 1192 2050 te-

71 2067 189 2088 ramnon
199 2080 207 2093 ,
229 2059 319 2096 quain
328 2068 421 2087 macro
433 2080 441 2093 ‚
463 2068 527 2088 cum
539 2059 623 2088 udam
638 2060 753 2097 quidam
762 2066 860 2089 ventus
871 2059 980 2089 afflavit.
1001 2059 1048 2089 ubi
1061 2059 1144 2089 Hard.
1159 2059 1191 2089 V.

36 2097 83 2127 AT
93 2106 107 2125 s
115 2106 131 2124 R
140 2106 158 2125 c
166 2099 183 2125 A
193 2105 213 2124 T
222 2107 231 2124 1
239 2106 251 2126 s
260 2119 268 2132 ,
289 2094 479 2133 [Ἀπξγκτὶς]
500 2097 557 2126 Dea
567 2097 605 2126 est
616 2097 796 2126 Sidoniorum
808 2120 816 2133 ,
838 2107 897 2135 quae
908 2099 933 2127 St
946 2098 1042 2127 Athara
1053 2120 1060 2133 ,
1082 2099 1108 2128 ἃ
1119 2100 1193 2127 Atar-

9 2147 12 2151 ·
70 2141 145 2171 gata,
172 2136 198 2164 &
208 2134 326 2164 Derceto
338 2157 345 2169 ,
367 2136 393 2164 ἃ
403 2133 503 2172 Dagon
512 2135 650 2173 appellata
668 2135 713 2165 est.
754 2135 785 2164 V.
811 2136 838 2164 in
861 2136 984 2165 dictione
1007 2146 1025 2165 D
1037 2146 1050 2164 a
1059 2146 1076 2165 R
1086 2145 1103 2165 c
1112 2145 1126 2164 a
1137 2145 1189 2165 To.

71 2173 98 2202 «Sc
107 2171 215 2210 plenius
226 2173 285 2202 liaec
296 2173 495 2210 disquirentem
505 2173 657 2203 Seldenum
673 2173 708 2203 de
723 2172 780 2202 Diis
790 2173 872 2211 Syris,
884 2174 961 2211 Synt.
975 2183 1000 2203 2.
1016 2184 1039 2203 c.
1053 2183 1076 2210 3.

6 2202 23 2238 'i
35 2210 81 2240 AT
92 2220 129 2239 iziz
139 2220 176 2239 iN
186 2220 205 2239 A
223 2210 278 2240 Lex
290 2233 297 2245 ,
319 2211 382 2247 Qua
392 2211 533 2240 constituti
548 2211 650 2241 suntin
664 2221 729 2241 oves
747 2211 864 2247 lingulas
877 2212 936 2240 aeris
952 2212 1037 2247 deni,
1058 2212 1086 2240 in
1105 2211 1191 2241 boves

0 2221 23 2290 11
71 2248 129 2277 aeris
140 2249 251 2278 centeni
264 2259 270 2278 :
292 2259 347 2286 quo
361 2255 488 2286 tempore
503 2248 607 2279 mulcta
623 2249 769 2280 dicebatur
783 2260 798 2278 a
811 2250 1013 2287 magistratibus
1034 2250 1143 2287 pecoris
1163 2252 1190 2280 ἃ

71 2287 196 2315 armenti.
237 2287 370 2316 Meminit
380 2287 449 2316 Gell.
465 2286 513 2316 lib.
530 2297 540 2316 1
550 2297 572 2316 1.
587 2297 648 2325 cap.
661 2297 682 2317 ι.
724 2287 776 2316 Alii
786 2287 905 2317 Ateriam
914 2288 1015 2317 rectius
1023 2295 1132 2317 vocant.
1157 2288 1188 2318 V.

19 2293 23 2363 l
42 2350 45 2353 .
72 2324 221 2354 Hotoman.
234 2325 302 2354 &ad
315 2325 368 2355 loc.
384 2325 505 2355 Gronov.
528 2327 554 2355 ἃ
568 2335 591 2355 v.
604 2325 658 2363 seq.

36 2362 84 2395 ΔΤ
92 2372 106 2391 iz
115 2372 131 2391 ιι.
139 2374 149 2391 1
157 2373 176 2392 U
184 2373 196 2392 s
207 2385 215 2398 ,
246 2363 355 2392 Orator.
390 2362 421 2393 V.
451 2373 471 2392 A
481 2373 499 2392 c
508 2371 529 2392 Η
539 2373 576 2392 iziz
587 2374 595 2392 i
608 2374 625 2392 u
634 2373 655 2392 s.
696 2363 887 2400 [Quanquam
904 2364 1005 2393 restius
1026 2363 1081 2393 hoc
1102 2363 1189 2393 modo

71 2400 150 2430 scribi
163 2407 260 2438 putem
272 2402 300 2430 id
312 2411 415 2431 nornen
427 2422 434 2436 ,
456 2400 500 2430 vel
508 2408 540 2431 ut
548 2401 594 2431 alii
606 2423 614 2435 ,
636 2410 701 2430 cum
714 2401 858 2439 adspirata.
881 2411 924 2438 ap.
943 2402 1058 2430 Sueton.
1081 2402 1110 2430 in
1122 2402 1186 2431 Tib.

71 2448 94 2468 c.
109 2448 153 2474 29.
173 2439 208 2476 Q
225 2439 330 2468 Haterii
341 2440 447 2468 mentio
460 2438 489 2468 fit
499 2461 506 2475 ,
520 2449 563 2477 ap.
580 2439 639 2469 Cic.
650 2449 675 2475 9.
689 2439 762 2468 Fam.
778 2445 819 2474 18.
844 2439 983 2468 Atheriani
995 2439 1037 2468 vel
1048 2440 1188 2469 Hateriani

72 2477 147 2512 juris.
186 2477 295 2514 Quibus
315 2477 399 2521 addas
418 2477 485 2506 licet
504 2478 648 2507 Haterium
663 2477 838 2521 Agrippam,
861 2478 887 2507 Sc
907 2477 993 2506 alium
1013 2478 1189 2507 Antoninum

18 2565 19 2569 κ
37 2525 237 2587 Αἱῖῗὲᾞῗέῒῗ
248 2515 732 2583 ἕῧίῷνῖιέῗὲᾼιῑὲἵηῗὲῗὲἰέἓὲῗέἒοὲ·
745 2515 935 2583 Ῑῖᾖῖιῖἱῗῑηῑη.
956 2553 1041 2583 Nunc
1051 2553 1135 2591 vulgo
1147 2553 1189 2583 di-

71 2591 141 2620 citur
153 2591 274 2620 Pesciria
282 2592 391 2621 fluvius.
429 2591 517 2621 Testis
527 2591 665 2622 Olivarius
676 2592 706 2621 in
716 2591 831 2621 Melam.

37 2629 244 2664 Usamus,
266 2630 421 2666 [A'vimn'r]
442 2629 531 2659 Fluvii
548 2640 669 2665 nomen,
701 2637 733 2659 ut
749 2631 825 2659 docti
846 2629 977 2664 censent,
1004 2635 1167 2667 corruptum
1178 2652 1186 2665 ,

69 2677 152 2735 guiem
154 2667 258 2735 1Straibp
268 2668 286 2698 1.
296 2679 323 2704 4.
345 2668 386 2699 Ex
402 2666 517 2706 Alpibus
529 2668 661 2698 Penninis
680 2668 709 2697 in
725 2667 821 2698 Istrum
837 2667 928 2697 delabi
944 2668 1040 2698 docet.
1079 2667 1136 2698 Sed
1155 2668 1187 2697 V.

93 2715 106 2734 a
119 2715 151 2735 au
175 2729 180 2735 .
194 2716 208 2735 a
251 2729 258 2735 .

16 2743 178 2782 Arimis,
219 2744 250 2773 V.
273 2753 444 2775 A‘rnsssxs.

17 2786 19 2790 ⁴
36 2781 189 2818 Arasmi,
209 2779 338 2818 [Ἀτέςη]
359 2783 463 2812 Civitas
475 2782 595 2820 regionis
604 2782 730 2819 Venetae,
752 2788 783 2812 ut
795 2781 879 2812 tradit
892 2780 961 2812 Plin.

12 2850 15 2854 ,
34 2820 267 2857 ΛτῑετῑΝυε,
289 2821 350 2857 Adj.
371 2821 492 2851 Atestina
505 2819 615 2851 Sabina.
656 2820 775 2851 Martial.
791 2831 834 2850 10.
846 2829 890 2858 93.

36 2933 82 2962 ΛΤ
90 2936 110 2962 Η
120 2943 139 2962 A
147 2944 168 2963 M
176 2937 192 2963 A
203 2943 222 2962 N
233 2944 246 2962 a
254 2943 266 2963 s
276 2955 285 2969 ,
306 2927 491 2969 [Ἀῖῡίμοινες]
511 2932 609 2971 Populi
625 2932 687 2962 sunt
697 2931 805 2962 JEtoh'ae
815 2954 824 2969 ,
845 2932 881 2962 de
899 2932 999 2970 quibus
1015 2931 1083 2963 Plin.
1096 2931 1145 2962 lib.
1158 2942 1185 2969 4.

71 2981 130 3009 cap.
142 2981 167 3001 2.
189 2981 306 3008 quorum
320 2970 396 3008 regio
418 2971 464 2999 AT
475 2981 494 3000 Η
505 2981 551 3000 AM
561 2982 580 3001 A
590 2981 609 2999 N
620 2982 628 2999 r
642 2982 668 2999 A.

38 3007 83 3039 AT
92 3011 136 3039 ΗᾸ
145 3021 165 3039 Μ
177 3020 195 3038 A
205 3019 217 3039 s
229 3032 237 3046 ‚
259 3011 337 3038 antis.
361 3005 518 3044 [Ἀῖτίμιις]
532 3009 612 3040 ¹lsEoli
623 3008 695 3038 filius
706 3031 714 3044 ,
735 3015 814 3046 pater
823 3007 923 3046 Phryxi
939 3009 965 3038 &
977 3007 1079 3042 Helles,
1093 3014 1188 3045 poeta-

65 3054 130 3076 ·rum
141 3047 308 3077 carminibus
319 3045 484 3076 notiffimus.
505 3047 621 3083 Ovid.4.
638 3046 777 3081 Met.420.
809 3045 839 3075 V.
862 3046 932 3075 infra
942 3047 969 3075 in
987 3046 1112 3074 dictione
1124 3055 1185 3075 iNo.

55 3100 58 3101 ⁷
71 3085 195 3115 Athamas
206 3108 214 3121 ,
235 3086 318 3114 etiam
331 3085 369 3114 est
379 3084 524 3114 Theffaliae
540 3095 621 3114 mons
636 3107 644 3120 ,
666 3092 696 3114 ut
704 3084 788 3113 habet
798 3084 865 3114 Plin.
877 3084 925 3113 lib.
937 3096 963 3119 4.
975 3094 1034 3121 cap.
1049 3089 1074 3116 8.
1095 3121 1101 3126 ι

22 3150 26 3151 .
70 3121 114 3154 Est
125 3125 208 3153 etiarn
222 3123 312 3154 Fluvii
322 3132 426 3152 nornen
436 3144 444 3158 ,
465 3123 512 3160 qui
521 3123 698 3153 decrescente
705 3122 783 3152 Luna
794 3145 803 3158 ,
823 3122 900 3160 ligna
909 3122 958 3152 sibi
972 3122 1084 3151 admota
1093 3130 1190 3151 incen—

89 3161 137 3191 dit.
159 3162 244 3192 kal.
262 3172 304 3197 ις.
317 3161 386 3190 Met.
399 3170 461 3197 311.

148 3200 272 3230 Admotis
287 3198 457 3228 Athamantis
469 3199 547 3236 aquis
558 3198 709 3228 incendere
719 3197 827 3235 lignum

148 3238 280 3267 Narratur
289 3259 296 3272 ,
318 3237 450 3266 minimos
462 3246 526 3266 cum
536 3236 602 3266 luna
613 3236 721 3266 recellit
731 3237 762 3265 in
773 3236 862 3267 orbes.

15 3283 19 3290 ‘
65 3274 246 3311 Athamanta,
268 3274 384 3304 accusat.
408 3274 492 3303 Ovid.
504 3285 530 3310 4.
553 3274 622 3304 Met.
641 3277 705 3311 466.

217 3331 253 3335 —
271 3313 433 3342 Athamanta
442 3312 592 3350 superbum

14 3355 16 3357 ’
47 3375 51 3379 .
148 3351 234 3389 Regia
245 3351 323 3380 dives
339 3350 430 3379 habet.

16 3411 21 3424 5
66 3388 196 3419 Athamas
208 3389 314 3419 infelix.
340 3389 406 3418 Stat.
421 3399 444 3418 1.
455 3387 546 3418 Theb.
561 3397 603 3425 η.

72 3426 184 3456 Torvus.
205 3428 271 3457 Stat.
285 3437 310 3456 2.
325 3426 398 3463 Sylv.
412 3437 435 3455 1.
453 3436 514 3462 143-

67 3473 86 3493 τ
95 3474 142 3494 ΗΑ
150 3475 170 3493 Μ
180 3475 199 3494 A
210 3475 229 3494 N
239 3475 257 3493 ‘r
267 3468 283 3494 ἓ
294 3475 331 3494 us
341 3486 349 3499 ,
370 3464 432 3500 Adj.
454 3464 672 3500 [wamiam]
693 3463 777 3494 Ovid.
791 3474 818 3500 4.
837 3462 908 3493 Met.
918 3471 964 3498 49.
1068 3499 1075 3507 ·
1165 3500 1171 3506 Ι

15 3512 19 3530 i
40 3501 83 3533 ΛΤ
91 3504 169 3532 Η“ΛΜ
181 3513 199 3531 A
210 3513 230 3532 N
241 3505 369 3537 ricus,
391 3502 466 3532 aliud
488 3502 547 3537 Adj.
588 3501 656 3532 Plin.
676 3501 725 3531 lib.
744 3511 789 3531 20.
810 3511 871 3538 cap.
884 3509 928 3536 23.
951 3498 1048 3529 Meum
1066 3509 1095 3529 in
1109 3499 1190 3530 Italia

73 3549 128 3569 non
141 3541 189 3569 nisi
205 3551 220 3569 a
235 3541 350 3569 medicis
374 3539 470 3570 seritur
481 3562 489 3575 ‚
512 3541 538 3569 &
557 3540 591 3569 iis
612 3540 765 3570 admodum
776 3539 882 3578 paucis.
923 3537 986 3567 Duo
1001 3547 1102 3574 genera
1117 3539 1186 3574 ejus.

73 3577 199 3607 Nobilius
214 3579 435 3607 Athamanticum
446 3584 566 3612 vocant,
586 3577 626 3607 illi
638 3586 770 3615 tanquam
790 3577 824 3606 ab
843 3576 1006 3606 Athamante
1022 3576 1188 3612 inventum,

72 3615 100 3645 hi
111 3617 240 3654 quoniam
249 3616 464 3645 laudatissimum
473 3616 503 3645 in
513 3615 676 3645 Athamania
690 3616 850 3659 reperiatur.

16 3666 20 3679 ι
41 3653 58 3683 A
66 3662 85 3682 τ
94 3662 114 3682 Η
115 3664 143 3721 ὦ
152 3665 172 3683 M
180 3663 227 3683 AN
236 3664 256 3682 T
265 3665 274 3682 i
285 3657 303 3683 A
312 3664 330 3682 r>
340 3663 388 3690 ss,
409 3655 427 3682 i.
440 3663 464 3683 e.
486 3653 609 3691 Phryxus
619 3676 627 3690 ‚
647 3653 807 3684 Melicertes
815 3675 824 3688 ,
845 3653 872 3682 Sc
887 3650 1026 3680 Learchus
1043 3651 1191 3681 Athaman-

19 3696 22 3699 ·
73 3691 107 3721 tis
144 3692 172 3721 ii.

12 3727 24 3755 'i
42 3727 302 3764 ΑτΗΑΜΑΝτιε,
321 3729 393 3758 idos.
414 3728 434 3758 f.
455 3726 655 3765 [‘A9u,uasn‘s]
675 3728 726 3759 Ino
738 3751 747 3765 ‚
769 3729 815 3759 vel
833 3726 1002 3757 Leucothea.
1024 3726 1145 3765 Propert.
1162 3736 1186 3758 ι.

20 3769 26 3806 l
73 3775 117 3798 20.
134 3777 176 3802 19.

149 3805 184 3836 Et
193 3805 247 3841 jam
259 3805 403 3842 praeteritis
412 3804 553 3834 labentem
565 3804 773 3835 Athamantidos
782 3803 866 3833 undis
1029 3839 1035 3845 ι
1049 3839 1055 3845 ,

833 3841 875 3870 De
889 3839 961 3877 Argo
973 3848 1037 3868 nam
1047 3839 1136 3869 intelli
1157 3840 1187 3870 it.

0 3830 12 3852 ν
190 3842 332 3880 Mysorum
343 3842 464 3880 scopulis
481 3842 645 3880 applicuisse
656 3850 752 3872 ratem.
996 3877 1001 3883 ¹

0 3860 24 3918 [fi
65 3879 165 3910 *undas
181 3888 273 3910 autem
284 3880 493 3910 Athamantidos
503 3903 511 3915 ,
533 3880 643 3910 lonium
659 3890 734 3909 mare
747 3879 895 3921 intelligit,⁸
917 3886 1050 3921 quoniam
1068 3878 1106 3921 in·
1117 3878 1136 3907 il
1150 3878 1189 3907 ud

20 3918 26 3941 ἰ
90 3917 140 3949 Ino
152 3928 216 3948 cum
235 3918 379 3948 Melicerta
394 3928 480 3956 puero
494 3928 529 3947 ex
542 3918 671 3947 altiffimo
687 3918 802 3956 scopulo
814 3922 986 3955 praecipitem
1003 3914 1030 3944 se
1043 3915 1121 3945 dedit
1132 3938 1139 3951 ‚
1162 3918 1189 3946 δι

23 3966 26 3967 ’
93 3965 108 3986 a
116 3956 248 3994 Neptuno
259 3957 290 3985 in
298 3956 365 3986 deos
375 3957 474 3985 mutati
484 3978 492 3992 ,
513 3956 560 3985 hic
572 3956 720 3993 Palaemon,
739 3956 787 3987 illa
798 3954 958 3985 Leucothea
966 3953 1105 3991 appellata
1113 3954 1190 3994 post-

93 3995 207 4026 modum
217 3993 277 4025 fuit.
309 3994 384 4025 conf.
397 3994 480 4025 Ovid.
492 4005 520 4031 4.
531 3994 604 4029 Met.
621 4003 683 4026 120.

0 3995 15 4022 [υ

41 1270 44 1272 ’
88 1268 177 1289 morte
191 1260 399 1290 damnationem
411 1261 603 1297 antevenisse,
624 1269 655 1291 ut
672 1263 707 1291 de
727 1262 807 1291 simili
828 1262 919 1292 Clodii
939 1263 1091 1299 Quirinalis
1113 1263 1186 1292 facto
1240 1274 1241 1278 ¹

1671 165 1698 200 A
1794 164 1825 200 T
1922 165 1956 199 H
2316 175 2381 213 285

1237 247 1258 275 A
1268 255 1287 274 ἰ’
1298 256 1316 274 Η
1326 256 1345 275 A
1356 256 1376 275 N
1388 256 1404 275 A
1415 256 1445 275 si
1457 256 1476 276 u
1485 256 1497 276 s
1507 268 1517 281 ,
1537 245 1723 282 [wardan]
1747 246 1843 276 Praesul
1862 246 2063 277 Alexandrinus
2078 247 2171 277 seculo
2185 255 2280 286 quarto
2291 249 2392 279 educa-

1275 289 1318 312 tus
1332 284 1365 312 ab
1385 284 1538 313 Alexandro
1545 285 1604 319 ejus
1614 284 1731 313 civitatis
1743 284 1854 322 praesule
1864 306 1872 319 ,
1894 284 1959 313 olim
1971 284 2104 314 diaconus
2113 287 2142 314 in
2150 285 2271 314 concilio
2282 287 2391 317 Niceno

1273 321 1334 350 fuit.
1375 322 1548 350 Arrizinorum
1575 322 1677 350 deinde
1702 321 1832 359 plurimas
1851 321 1990 360 perpessus
2010 322 2119 351 inlidias
2132 345 2139 356 ,
2161 323 2196 351 ad
2214 324 2391 354 Constantem

1279 358 1426 387 (ialliiirum
1439 360 1592 401 principem
1609 360 1722 395 aufugit.
1764 359 1805 388 De
1818 370 1873 396 quo
1883 359 1961 396 plura
1972 361 2046 397 apud
2056 360 2186 390 Volaterr.
2237 360 2394 393 Athanasios

1274 397 1364 424 varios
1380 397 1503 424 recenset
1520 396 1622 425 lubrie.
1638 396 1706 425 llibl.
1721 396 1807 426 Graec.
1826 397 1879 426 vol.
1895 408 1917 431 ς.
1935 407 1961 434 p.
1975 403 2038 431 298.

1237 432 1259 461 A
1270 442 1290 460 'r
1301 442 1319 460 Η
1329 442 1346 461 A
1357 443 1375 461 Ν
1387 443 1405 461 A
1416 443 1434 461 τ
1444 444 1461 462 υ
1470 444 1497 467 s,
1519 429 1699 469 [affabar-520]
1727 434 1772 463 Vir
1785 434 1999 472 prodigiosarum
2012 435 2111 464 virium
2120 456 2128 470 ,
2153 433 2189 464 de
2209 445 2263 471 quo
2276 435 2310 464 fic
2321 436 2392 467 Plin.

1275 469 1462 507 lib.7.cap.20.
1476 471 1535 499 Nos
1549 480 1658 507 quoque
1671 472 1790 501 vidimus
1806 472 1969 501 Athanatum
1981 473 2095 501 nomine
2106 492 2112 502 ‚
2131 473 2292 510 prodigiosa?
2306 474 2393 502 osten-

1276 507 1389 536 tationis
1401 529 1409 539 ,
1423 508 1602 544 quingenario
1615 510 1726 538 thorace
1740 509 1874 546 plumbeo
1887 510 2017 540 indutum
2028 532 2035 546 ,
2057 510 2253 547 cothurnisque
2262 511 2397 549 quingen,-

1278 553 1369 573 torum
1386 545 1483 581 pondo
1495 545 1640 574 calciatum
1650 556 1699 583 per
1712 547 1819 576 scenam
1829 548 1947 585 ingredi.

1239 583 1317 610 Arii
1332 591 1425 616 ΑΕΔ,
1448 582 1477 610 V.
1501 592 1726 612 ArsacA‘ris.

1240 620 1260 648 A
1270 629 1288 647 'r
1299 628 1317 646 Η
1329 629 1347 647 A
1357 628 1372 646 R
1384 629 1402 646 A
1413 640 1422 654 ,
1444 615 1568 655 [άῖιίξκ]
1590 620 1830 651 Medicamentum
1852 632 1886 652 cx
1905 622 1981 660 olyra
1992 646 2000 659 ,
2021 622 2075 652 sive
2098 622 2204 660 siligine
2213 645 2221 659 ,
2243 623 2397 654 infantibus

1279 655 1452 700 utilillimuym
1464 678 1472 691 ,
1494 667 1549 692 quo
1568 666 1660 686 tamen
1677 660 1703 687 ot
1721 659 1831 689 adultos
1847 661 1968 689 illinunt.
2009 661 2040 690 V.
2064 660 2131 690 Plin.
2148 660 2195 690 lib.
2209 671 2252 690 22.
2270 671 2330 698 cap.
2348 672 2395 698 25.

1277 693 1402 722 Dioscor.
1419 694 1509 729 αἳηρα*
1525 700 1604 722 vocat
1615 695 1661 736 lib.
1674 706 1699 724 2.
1718 707 1778 733 cap.
1793 703 1835 732 ὃς.
1861 700 1926 727 ut&
1940 698 2035 727 Galen.
2052 698 2099 728 lib.
2117 709 2138 728 ι.
2158 699 2193 728 de
2205 699 2283 729 Alim.
2299 700 2395 729 facult.

1241 732 1288 761 Λί·
1301 741 1319 759 Η
1329 741 1371 759 AR
1382 741 1396 758 a
1409 740 1428 759 Η
1439 741 1479 759 AB
1489 742 1497 759 1
1507 740 1526 759 T
1537 741 1550 759 c
1570 732 1749 767 Praefectum,
1779 735 1959 770 [Ἀθτιὸραὲηη
1977 737 2067 771 ιόως]
2096 736 2156 766 Una
2174 737 2212 766 est
2232 747 2266 766 cx
2285 738 2396 776 ffigyptj

1280 768 1465 806 praefecturis:
1489 769 1523 797 de
1536 777 1589 805 qua
1612 769 1639 797 V.
1657 770 1724 798 Plin.
1742 770 1789 800 lib.
1806 783 1829 807 5.
1850 783 1910 809 cap.
1921 783 1947 808 9.

1242 807 1292 836 A‘r
1303 817 1321 835 Η
1332 809 1374 834 EN
1386 816 1404 834 A
1420 827 1427 841 ,
1449 803 1557 850 [ἱῑΑἳῇνη
1569 828 1576 840 ,
1594 817 1627 850 {c-
1643 807 1688 841 a]
1711 814 1740 836 ut
1752 810 1879 838 nonnulli
1894 817 1991 847 putant
2002 833 2009 844 ‚
2032 811 2105 840 dic‘ta
2114 811 2152 840 est
2162 811 2287 842 Minerva
2300 835 2306 847 ,
2324 813 2399 850 quasi

1282 845 1419 877 Athrena,
1441 848 1486 869 >m
1504 855 1534 870 τε
1546 844 1618 879 αἳρειν
1630 866 1638 878 ,
1660 845 1735 880 quod
1747 845 1845 875 Videre
1866 848 2003 884 lignilicat.
2045 848 2182 878 Palladem
2200 851 2275 879 enirn
2297 851 2399 880 intelli-

1282 888 1350 919 gunt
1364 881 1540 918 prudentiam
1554 903 1561 915 ,
1583 891 1651 924 quat-
1664 883 1757 924 omnia
1780 883 1942 921 prospiciat,
1965 888 1990 915 δι
2007 886 2224 916 intellectualem
2251 889 2400 926 providen-

1281 921 1359 948 tiam.
1400 918 1518 956 Mythici
1530 925 1623 948 tamen
1635 920 1670 948 lic
1680 920 1783 949 dietam
1800 922 1927 957 tradunt,
1949 925 2023 959 quod
2041 924 2075 952 de
2086 924 2162 959 Jovis
2178 926 2267 962 capite
2281 926 2400 963 prosilie-

1281 958 1436 994 ritintegrae
1447 956 1540 994 puella
1549 957 1635 985 zet-atis
1647 979 1654 991 ‚
1677 967 1729 985 nec
1741 958 1823 987 ubera
1837 959 1931 996 sugere
1945 961 2027 989 fuerit
2045 961 2150 991 neceise
2172 965 2183 998 <
2195 966 2270 999 quod
2289 964 2400 999 θηλάζειν

1281 995 1381 1024 dicunt
1403 994 1515 1029 Graeci)
1538 1001 1568 1023 ut
1587 994 1680 1023 scribit
1699 995 1867 1025 Eustathius:
1894 1005 1923 1026 ut
1937 998 2010 1027 dicta
2025 999 2055 1027 lit
2074 1000 2118 1033 029ss
2131 1011 2158 1034 n,
2183 1001 2287 1031 Athena
2299 1023 2307 1037 ‚
2327 1001 2400 1041 quasi

1283 1032 1379 1061 Athela
1391 1054 1399 1067 ‚
1420 1032 1495 1067 ἀθήλη
1507 1054 1515 1067 ,
1540 1033 1615 1068 quod
1628 1032 1727 1062 lactata
1737 1043 1794 1062 non
1806 1034 1844 1063 lit.
1865 1034 1929 1064 caei.
1944 1035 1990 1064 lib.
2010 1046 2051 1070 14.
2065 1046 2125 1074 cap.
2143 1043 2183 1071 ¹8·

1244 1070 1427 1103 A’riiENAz,
1448 1079 1534 1099 arum.
1557 1070 1704 1106 [Ἀθῆναι]
1735 1071 1837 1101 Civitas
1855 1072 1966 1102 Graeciae
1987 1073 2166 1104 celeberrima
2186 1076 2257 1105 inter
2275 1077 2403 1107 Achaiam

1283 1110 1309 1137 ὀὶ
1318 1108 1516 1137 Macedoniam
1529 1118 1536 1137 2
1557 1118 1618 1145 quae
1632 1118 1736 1137 nomen
1751 1110 1860 1147 accepit
1872 1120 1887 1139 a
1900 1110 2007 1140 Pallade
2024 1112 2074 1140 dea
2083 1111 2223 1147 sapientiae
2233 1136 2240 1148 ,
2261 1125 2321 1152 quae
2331 1115 2403 1145 Grae-

1283 1155 1315 1175 ce
1326 1145 1428 1174 dicitur
1440 1143 1533 1179 Ἀθήνη.
1573 1146 1656 1175 Varro
1669 1156 1694 1183 7.
1713 1146 1748 1175 de
1759 1146 1785 1176 L.
1803 1147 1831 1176 L.
1848 1154 1889 1181 ig.
1912 1147 2205 1185 Quumtrinaefuerint
2216 1152 2345 1188 Athenae,
2367 1153 2402 1182 ab

1282 1194 1337 1213 una
1351 1183 1418 1212 dieti
1431 1184 1563 1218 Athenaei,
1583 1184 1616 1212 ab
1628 1184 1711 1213 altera
1724 1185 1917 1221 Athenienses,
1938 1196 1953 1215 a
1966 1188 2045 1216 tertia
2059 1184 2404 1226 Athenaeopolitae.‘[infra

1282 1228 1377 1251 tamen
1386 1221 1783 1252 abAthenisAtticisAthenaeus
1791 1223 2128 1260 &Athenienfis.]Serv.in
2141 1225 2210 1255 illud
2226 1237 2236 1256 1
2243 1227 2351 1266 .Georg.
2360 1240 2367 1257 i
2375 1238 2402 1259 2.

1401 1266 1530 1296 —tuque
1546 1260 1563 1289 ὁ
1577 1282 1586 1295 ,
1606 1259 1650 1289 cui
1665 1261 1752 1298 prima
1763 1261 1928 1290 frementem

1361 1296 1449 1327 Fudit
1463 1307 1567 1334 equum
1579 1307 1679 1334 magno
1690 1298 1772 1328 tellus
1782 1298 1906 1336 percussa
1916 1299 2030 1329 tridenti
2041 1322 2049 1335 ,

1363 1335 1506 1372 Neptune.
1600 1336 1697 1372 Quum
1715 1337 1845 1373 (inquit)
1868 1337 2015 1375 Neptunus
2036 1339 2062 1367 6<
2082 1337 2207 1368 Minerva
2231 1338 2266 1370 de
2287 1340 2405 1371 Athena-

1283 1382 1345 1402 rum
1355 1374 1471 1402 nomine
1481 1374 1685 1403 contenderent
1697 1396 1705 1410 ‚
1726 1374 1833 1412 placuit
1846 1375 1900 1404 diis
1910 1383 1940 1404 ut
1949 1376 2007 1412 ejus
2017 1376 2131 1405 nomine
2148 1376 2244 1406 civitas
2254 1377 2405 1415 appellare-

1282 1417 1327 1440 tur
1338 1433 1345 1446 ,
1366 1412 1412 1448 qui
1424 1420 1524 1441 munus
1535 1411 1634 1441 melius
1650 1412 1813 1442 mortalibus
1823 1412 1971 1443 obtulisset.
2012 1413 2094 1443 Tunc
2114 1414 2262 1452 Neptunus
2278 1416 2404 1452 percusso

1283 1448 1366 1478 litore
1376 1471 1383 1484 ‚
1404 1459 1506 1486 equum
1519 1450 1621 1479 animal
1636 1449 1714 1479 bellis
1726 1458 1821 1488 aptum
1833 1451 1975 1489 produxit.
2016 1451 2143 1481 Minerva
2154 1474 2162 1487 ,
2178 1453 2250 1487 jacta
2258 1452 2339 1487 hasta,
2355 1455 2406 1483 oli-

1283 1497 1347 1516 vam
1359 1488 1479 1522 creavit,
1499 1497 1559 1524 qua:
1572 1498 1614 1517 res
1624 1488 1662 1517 est
1673 1489 1771 1517 melior
1782 1489 1979 1526 comprobata,
2002 1490 2028 1519 δι
2046 1490 2121 1527 pacis
2141 1489 2254 1527 inligne.
2296 1491 2402 1528 Equum

1284 1532 1377 1553 autem
1391 1534 1406 1554 a
1420 1525 1552 1563 Neptuno
1566 1527 1742 1563 progenitum
1749 1526 1796 1556 alii
1806 1527 1950 1564 Scythium
1962 1549 1970 1562 ,
1991 1527 2035 1556 alii
2047 1528 2181 1565 Syronem
2193 1549 2200 1562 ,
2222 1527 2267 1557 alii
2277 1529 2406 1560 Arionem

1285 1563 1384 1592 dicunt
1394 1562 1471 1592 fuisse
1481 1564 1665 1594 nominatum.
1702 1564 1737 1593 Et
1753 1564 1818 1594 ideo
1835 1565 1937 1594 dicitur
1955 1574 2057 1602 equum
2073 1565 2223 1600 invenisse,
2234 1567 2308 1602 -quia
2323 1567 2406 1598 velox

1284 1600 1323 1629 est
1335 1601 1394 1636 ejus
1406 1610 1511 1630 numen
1523 1603 1549 1630 &
1559 1601 1663 1630 mobile
1671 1624 1679 1637 ,
1702 1602 1771 1632 sicut
1781 1612 1864 1632 mare.
1907 1603 1987 1632 Unde
1995 1603 2079 1632 etiam
2089 1603 2182 1632 Castor
2191 1604 2216 1633 &
2224 1603 2330 1639 Pollux,
2343 1607 2408 1642 quia

1283 1648 1382 1667 eorum
1396 1639 1570 1669 velocissimae
1586 1640 1668 1668 stellae
1685 1639 1764 1676 sunt,
1787 1650 1873 1678 equos
1893 1641 1923 1670 in
1940 1640 2026 1670 tutela
2044 1641 2145 1670 habere
2160 1641 2299 1671 dicuntur.
2340 1644 2407 1673 Haec

1283 1677 1396 1706 Servius
1407 1699 1414 1711 ‚
1438 1677 1486 1714 qui
1497 1677 1581 1706 etiam
1588 1678 1718 1706 meminit
1728 1679 1757 1707 in
1767 1678 1839 1716 Virg.
1852 1685 1877 1712 8.
1886 1679 1948 1708 AEn.
1988 1678 2106 1708 Sabinus
2117 1679 2200 1716 paulo
2209 1679 2288 1708 aliter
2300 1681 2405 1711 recitat.

1284 1714 1317 1744 V.
1339 1714 1458 1752 Rhodig.
1471 1715 1519 1745 lib.
1537 1725 1579 1750 14.
1591 1725 1651 1753 cap.
1666 1721 1708 1749 ¹8·
1750 1717 1869 1746 Athenas
1879 1716 1924 1746 sex
1932 1724 2070 1747 memorat
2077 1717 2173 1755 steph.
2184 1717 2249 1755 Byz.
2272 1727 2296 1755 q.
2310 1718 2341 1749 V.

1285 1751 1370 1782 Bonae
1382 1753 1503 1782 Athenae.
1524 1753 1593 1783 Hor.
1607 1764 1633 1782 2.
1652 1753 1733 1791 Epist.
1746 1763 1772 1783 2.
1785 1763 1830 1791 43.

1366 1791 1499 1827 Adjecere
1510 1791 1592 1820 bonae
1604 1791 1689 1829 paulo
1702 1792 1765 1830 plus
1777 1793 1840 1822 artis
1853 1792 1976 1822 Athenae.

1285 1827 1381 1857 Clarae.
1405 1829 1488 1858 Ovid.
1503 1840 1526 1864 5·
1543 1829 1612 1859 Met.
1625 1834 1687 1865 ⁶52·

1286 1865 1391 1895 Doctae.
1418 1866 1501 1896 Ovid.
1514 1876 1539 1896 2.
1553 1866 1634 1905 Epist.
1648 1873 1692 1904 83.
1707 1867 1830 1906 Propert.
1847 1878 1869 1897 1.
1883 1871 1909 1898 6.
1923 1877 1964 1904 13.

1285 1903 1457 1934 Inventrices
1465 1905 1592 1934 omnium
1602 1905 1799 1935 doctrinarum.
1841 1906 1898 1937 Cic.
1915 1916 1936 1935 1.
1949 1905 1984 1935 de
1992 1905 2068 1935 Orat.
2087 1914 2128 1941 13.
2152 1904 2189 1935 Ut
2199 1906 2325 1936 omittam
2337 1906 2410 1937 Grae-

1306 1943 1378 1971 ciam
1390 1964 1397 1978 ,
1419 1953 1478 1980 quae
1485 1942 1592 1980 semper
1603 1943 1770 1980 eloquentia:
1778 1944 1908 1982 princeps
1921 1943 1974 1973 ess'e
1984 1943 2091 1972 voluit:
2113 1949 2194 1980 atque
2208 1944 2267 1974 illas
2278 1945 2411 1975 inventri-

1306 1990 1353 2010 ces
1365 1982 1492 2010 omnium
1503 1981 1690 2011 doctrinarum
1705 1982 1824 2012 Athenas
1836 2004 1844 2018 ,
1865 1984 1895 2012 in
1905 1982 2007 2019 quibus
2023 1981 2130 2012 summa
2144 1982 2259 2013 dicendi
2278 1983 2318 2013 vis
2330 1985 2356 2013 &
2368 1984 2410 2013 in·-

1305 2024 1387 2047 venta
1398 2019 1472 2048 est&
1482 2019 1613 2056 perfecta.

1285 2054 1406 2086 Invic‘tae.
1429 2057 1495 2086 Stat.
1511 2067 1553 2086 12.
1568 2057 1660 2086 Theb.
1678 2060 1739 2092 586.

1286 2093 1422 2123 Palladiae.
1446 2094 1529 2124 Ovid.
1543 2105 1568 2124 7.
1586 2095 1655 2125 Met.
1670 2104 1734 2133 723.

1286 2131 1455 2162 Pandioniae.
1482 2133 1566 2161 Ovid.
1578 2143 1589 2162 1
1598 2144 1620 2168 ς.
1635 2133 1703 2163 Met.
1716 2142 1779 2170 430.
1799 2143 1814 2163 a
1827 2143 1892 2172 rege
1901 2132 2045 2164 Pandione
2054 2132 2190 2169 simlictae.

1287 2170 1404 2206 Vacuae,
1425 2171 1443 2199 i.
1456 2180 1480 2200 e.
1505 2171 1573 2200 Otio
1584 2171 1723 2200 literarum
1735 2171 1844 2201 deditae.
1869 2172 1935 2201 Hor.
1949 2182 1975 2201 2.
1989 2171 2072 2209 Epist.
2087 2182 2113 2201 2.
2126 2177 2171 2206 81.

1287 2209 1401 2238 Athenis
1410 2208 1631 2239 dimidiumlicet
1639 2231 1647 2245 ,
1670 2209 1840 2239 Alexandriae
1849 2216 1950 2240 toturn.
1971 2210 2034 2239 Sen.
2047 2211 2076 2239 in
2086 2208 2324 2248 Apocolocyntosi,
2335 2209 2411 2247 Qua-

1307 2256 1336 2275 re
1349 2269 1356 2281 ,
1377 2247 1486 2283 inquit,
1507 2257 1599 2284 quaero
1610 2253 1719 2277 tanturn
1730 2247 1850 2277 sororem
1866 2247 1941 2277 suam
1960 2247 2040 2277 stulte
2051 2248 2176 2277 studere:
2199 2247 2312 2278 Athenis
2330 2248 2412 2278 dimi.

1307 2284 1385 2313 dium
1397 2284 1463 2314 licet
1475 2307 1482 2320 ‚
1505 2284 1677 2314 Alexandriae
1687 2292 1785 2316 totum.
1827 2285 2006 2315 Proverbialis
2016 2286 2100 2323 figura
2114 2285 2169 2315 hoc
2178 2284 2254 2314 sensu
2266 2308 2273 2321 ,
2294 2286 2412 2316 Alexan-

1307 2323 1373 2351 driae
1383 2323 1684 2359 quidvisfacerelicet,
1708 2325 1734 2353 δι
1750 2323 1892 2353 Ptolemaei
1904 2323 1963 2353 suas
1974 2323 2078 2353 sorores
2089 2323 2273 2353 incestarunt:
2296 2324 2413 2354 Athenis

1307 2360 1373 2389 licet
1385 2361 1542 2390 dimidium.
1582 2361 1619 2391 Le
1639 2362 1710 2391 imus
1728 2362 1804 2391 enim
1820 2362 1895 2398 apud
1910 2361 2086 2391 Athenienses
2107 2361 2185 2391 fuisse
2197 2360 2300 2391 sorores
2315 2363 2343 2390 in
2354 2373 2412 2391 ma.

1307 2399 1440 2427 trimonio
1455 2399 1578 2429 fratrum.
1642 2400 1720 2428 imon
1738 2400 1814 2428 enim
1832 2399 1952 2428 sororem
1970 2399 2119 2437 Elpinicen
2140 2399 2258 2428 duxerat
2278 2409 2408 2430 uxorem:

1306 2436 1354 2466 sed
1365 2437 1445 2472 huius
1456 2437 1551 2466 incesti
1563 2437 1650 2469 maior
1660 2442 1719 2467 erat
1737 2439 1764 2467 &
1780 2438 1932 2475 impunitas
1944 2439 1970 2467 δι
1981 2436 2096 2467 licentia
2112 2437 2187 2475 apud
2199 2436 2409 2468 Alexandrinos.

1306 2475 1359 2504 Aut
1370 2475 1424 2504 hoc
1433 2476 1471 2504 ait
1481 2497 1489 2509 ,
1511 2475 1574 2512 quia
1584 2475 1698 2505 Athenis
1710 2475 1830 2505 uterinas
1843 2475 1946 2505 ducere
1958 2485 2017 2505 non
2025 2475 2129 2505 licebat
2144 2497 2153 2511 ,
2174 2485 2239 2505 cum
2249 2475 2345 2505 liceret
2355 2486 2413 2513 ger.

1306 2523 1400 2542 manas
1413 2513 1514 2542 eodem
1520 2519 1598 2550 patre
1611 2522 1688 2542 natas
1697 2535 1705 2549 ‚
1727 2519 1758 2543 ut
1769 2523 1804 2542 ex
1813 2513 1929 2542 Philone
1940 2518 2026 2551 patet.
2066 2513 2171 2543 Contra
2185 2512 2324 2551 Lycurgus
2338 2514 2413 2544 ince-

1306 2551 1357 2580 stas
1370 2552 1483 2589 nuptias
1494 2549 1600 2579 censuit
1610 2561 1801 2588 germanarum
1810 2550 1948 2586 sororum,
1970 2551 2140 2580 uterinarum
2152 2551 2282 2589 permisit.
2320 2552 2412 2581 Sicilli

1306 2589 1456 2618 dimidium
1471 2588 1636 2618 concessere.
1678 2590 1732 2619 Sed
1742 2589 1864 2627 AEgyptii
1876 2589 2004 2618 omnium
2015 2589 2139 2618 sororum
2151 2590 2262 2627 nuptias
2274 2589 2412 2627 legitimas

1306 2626 1435 2656 habuere.
1473 2626 1597 2656 Turneb.
1620 2627 1687 2656 Adv.
1704 2632 1746 2661 18.
1759 2636 1801 2663 13.

1248 2665 1271 2695 A
1280 2674 1299 2693 T
1310 2675 1329 2693 Η
1340 2675 1353 2693 a
1362 2675 1401 2693 Ni
1413 2675 1426 2693 Ε
1436 2674 1475 2694 Ns
1486 2675 1494 2693 1
1505 2674 1517 2694 s
1527 2687 1534 2700 ,
1557 2665 1615 2701 Adj.
1638 2665 1796 2700 [α’θψαῖος]
1818 2664 1876 2695 Cic.
1890 2675 1941 2703 pro
1953 2664 2042 2694 Flacc.
2060 2667 2105 2694 62.
2146 2664 2253 2694 Adsunt
2265 2665 2412 2695 Athenien-

1285 2703 1325 2732 ses
1336 2725 1343 2738 ‚
1365 2703 1440 2732 unde
1452 2702 1608 2732 humanitas
1619 2725 1626 2736 ,
1648 2703 1773 2733 doctrina
1783 2725 1792 2738 ,
1812 2702 1909 2741 religio
1919 2725 1927 2739 ,
1947 2702 2038 2741 fruges
2049 2725 2057 2739 ,
2077 2703 2138 2739 jura
2148 2724 2157 2739 ,
2178 2703 2254 2741 leges
2266 2711 2332 2733 ortae
2343 2725 2351 2740 ,
2373 2711 2411 2733 at-

1287 2741 1377 2778 quein
1389 2751 1487 2770 omnes
1497 2748 1582 2770 terras
1597 2740 1748 2770 distributae
1758 2746 1900 2779 putantur.

1248 2780 1298 2809 AT
1312 2780 1638 2808 FICA&ATT1CUS.
1663 2779 1693 2808 V.
1716 2778 1764 2809 s.l.

1248 2818 1269 2846 A
1278 2826 1297 2845 τ
1309 2827 1328 2846 Η
1338 2827 1352 2845 a
1362 2826 1383 2845 N
1392 2828 1415 2845 ιιι
1424 2827 1442 2845 υ
1452 2826 1479 2851 s,
1500 2816 1577 2846 aliud
1594 2817 1653 2853 Adj.
1693 2816 1738 2846 Est
1756 2817 1782 2847 ὃς
1794 2817 1932 2847 Athenaeis
1952 2816 1982 2846 in
1998 2815 2148 2846 moenibus.
2181 2815 2289 2845 Lucret.
2305 2819 2330 2845 6.
2344 2825 2408 2854 749.

1287 2855 1319 2885 V.
1340 2855 1376 2884 ad.
1385 2855 1514 2884 Varronis
1525 2854 1578 2885 loc.
1590 2855 1636 2884 cit.
1650 2855 1680 2884 in
1703 2865 1722 2884 A
1731 2864 1752 2884 T
1760 2865 1781 2884 H
1790 2865 1805 2885 Ε
1814 2864 1835 2885 N
1842 2866 1867 2884 ,ιε
1877 2854 1966 2893 supra.

1247 2893 1270 2924 A
1278 2903 1297 2921 T
1309 2903 1328 2922 Η
1339 2897 1354 2922 Ξ
1363 2903 1383 2922 Ν
1393 2904 1416 2922 AE
1426 2903 1445 2922 u
1453 2903 1490 2927 M,
1513 2890 1680 2929 [Ἀθήναιον]
1694 2892 1784 2923 Locus
1793 2900 1850 2923 erat
1858 2893 1955 2923 Romae
1963 2915 1971 2929 ‚
1992 2892 2127 2922 Minervae
2137 2892 2258 2927 dicatus,
2280 2891 2327 2920 ubi
2336 2891 2409 2921 Rhe-

1286 2931 1379 2960 thores
1390 2933 1415 2961 ἃ
1426 2933 1516 2969 poetae
1525 2930 1624 2968 scripta
1635 2930 1681 2960 sua
1690 2931 1850 2961 recitabant.
1875 2931 1929 2967 Jul.
1941 2930 2061 2968 Capitol.
2072 2932 2101 2959 in
2113 2930 2215 2960 Gordd.
2228 2939 2251 2958 c.
2265 2938 2287 2965 3.
2317 2929 2409 2959 Postea

1286 2979 1362 3005 vero,
1373 2968 1420 2998 ubi
1431 2968 1562 3004 adolevit,
1575 2970 1603 2998 in
1613 2969 1744 2999 Athenaeo
1756 2969 1953 2999 controversias
1964 2969 2134 2998 declamavit.
2161 2967 2189 2996 V.
2211 2967 2296 2996 eund.
2308 2968 2337 2996 in
2349 2967 2410 2997 Per-

1288 3008 1338 3036 tin.
1353 3017 1394 3037 c.1
1406 3018 1426 3036 i.
1440 3009 1465 3036 Sc
1479 3006 1618 3045 Lainprid.
1630 3007 1659 3036 iri
1677 3007 1752 3037 Alex.
1766 3008 1859 3038 Sever.
1872 3015 1981 3045 cap.35.
1994 3008 2020 3037 ἃ
2034 3006 2218 3043 Henr.Steph.
2230 3004 2255 3034 T
2257 3004 2407 3048 hes-Graec.

1284 3045 1449 3075 Athenaeum
1470 3045 1641 3081 [Ἀθήναιον]
1662 3045 1821 3084 Campaniae
1830 3045 2062 3084 promontorium.
2084 3042 2172 3073 strab.
2194 3042 2332 3085 Pompeiis
2339 3053 2409 3086 ‘con-

1304 3084 1411 3120 tiguum
1423 3082 1460 3112 est
1472 3083 1679 3121 Campanorum
1699 3084 1878 3114 Surrentum:
1900 3083 1977 3112 unde
1994 3083 2155 3124 Athenaeum
2177 3081 2227 3116 (id
2245 3081 2283 3109 est
2303 3081 2408 3124 Miner-

1303 3122 1381 3150 vium
1394 3122 1405 3156 )
1426 3121 1581 3159 prominet,
1607 3121 1683 3158 quod
1702 3122 1815 3159 quidam
1828 3120 1988 3151 Prenusl'um
2006 3125 2152 3149 nominant
2164 3126 2387 3155 promontorium
2398 3141 2406 3154 ‚

1302 3159 1342 3226 {nb
1353 3159 1432 3195 quus
1446 3168 1571 3189 exrremo
1592 3159 1728 3189 Minervae
1746 3159 1843 3189 fanum
1858 3159 1897 3189 est
1912 3159 1946 3188 ab
1967 3156 2056 3195 Ulysse
2077 3156 2234 3186 conditum.
2276 3156 2343 3186 flaec
2360 3157 2409 3186 ille

1315 3207 1322 3226 1
1346 3220 1352 3226 .
1385 3220 1391 3227 .

1246 3234 1268 3264 A
1276 3244 1296 3263 T
1306 3245 1326 3264 H
1337 3245 1350 3263 a
1359 3207 1379 3263 ri
1387 3246 1411 3263 Η.
1420 3245 1439 3263 υ
1448 3244 1460 3264 s
1472 3257 1480 3270 ,
1503 3236 1518 3271 [
1530 3231 1683 3271 ‘AssvWQQ
1704 3234 1889 3272 Philosophus
1910 3243 1926 3262 e
1946 3231 2072 3263 Seleucia
2087 3230 2191 3260 Ciliciae
2207 3232 2406 3270 peripateticus

1285 3272 1459 3302 doetissimus
1471 3295 1479 3308 ,
1500 3273 1610 3310 Augusti
1622 3279 1766 3310 tempore,
1788 3274 1917 3311 princeps
1927 3270 2086 3307 aliquandiu
2100 3270 2195 3306 patriae
2212 3269 2279 3299 suae:
2302 3270 2407 3300 deinde

1284 3312 1427 3340 contracta
1444 3311 1567 3340 amicitia
1584 3321 1649 3340 cuin
1669 3311 1794 3340 Muraena
1805 3332 1813 3346 ,
1835 3310 1883 3347 qui
1901 3315 1997 3337 contra
2011 3308 2160 3344 Augustum
2179 3307 2383 3345 conspiraverat
2396 3331 2404 3345 ,

1284 3358 1349 3378 cum
1359 3348 1408 3377 illo
1419 3348 1526 3387 aufugit
1537 3355 1688 3386 captusque
1700 3358 1731 3377 ac
1742 3347 1865 3377 dimissus
1876 3368 1884 3382 ,
1906 3356 1992 3383 quum
2009 3345 2102 3388 insons
2126 3346 2299 3389 reperiretur.
2319 3356 2409 3376 rever-

1284 3392 1346 3415 tens
1362 3392 1456 3416 autem
1470 3387 1588 3416 Romam
1599 3408 1606 3421 ,
1628 3386 1723 3415 multis
1737 3395 1802 3415 eum
1817 3384 1997 3414 salutantibus
2018 3385 2045 3413 ἅ
2063 3384 2295 3420 interrogantibus
2306 3406 2313 3420 ,
2335 3384 2408 3415 illud

1284 3423 1426 3462 Euripidis
1436 3425 1467 3454 in
1482 3425 1598 3454 Hecuba
1606 3423 1766 3461 respondit,
2089 3458 2096 3464 ·

1362 3461 1430 3489 ’'l-11⁶1
1446 3464 1526 3499 vrzgc'Jv
1543 3462 1681 3494 xdsspcfim
1699 3473 1719 3497 “a
1731 3462 1805 3487 σκότε
1823 3461 1902 3487 πύλακ
1921 3456 2005 3488 him-lv.
2088 3468 2106 3487 1.
2117 3468 2141 3488 e.
2164 3459 2289 3489 Advenit)
2300 3459 2334 3489 ab
2344 3460 2407 3490 imis

1284 3506 1367 3537 atque
1378 3500 1458 3529 caeeis
1469 3500 1587 3529 inferum
1595 3498 1725 3528 tenebris.
1764 3497 1820 3527 Sed
1830 3497 1911 3526 breve
1921 3505 2031 3534 tempus
2041 3495 2193 3534 supervixit
2203 3519 2210 3532 ,
2236 3507 2251 3526 a
2263 3499 2342 3527 ruina
2358 3499 2408 3527 do-

1285 3548 1347 3567 mus
1358 3560 1366 3573 ‚
1388 3538 1436 3567 ubi
1448 3538 1589 3567 habitabat
1600 3559 1608 3572 ,
1631 3546 1679 3574 per
1690 3537 1801 3565 noctem
1817 3534 1967 3572 oppressus.
2011 3534 2078 3563 Haec
2089 3534 2175 3564 Strab.
2189 3534 2236 3564 lib.
2252 3546 2291 3571 14.

1285 3576 1433 3605 Athenaeus
1453 3576 1522 3605 alius
1537 3598 1545 3611 ,
1567 3574 1725 3604 Naucratita
1742 3573 1934 3610 grammaticus
1956 3573 2029 3607 fuit,
2058 3571 2097 3601 M.
2121 3573 2255 3602 Antonini
2272 3573 2408 3611 principis

1303 3620 1438 3652 tempore.
1454 3613 1616 3643 Hiclibrum
1627 3610 1904 3649 Dipnosophistaruni
1913 3609 2188 3647 composuit,varium
2198 3620 2269 3648 opus
2280 3613 2305 3640 ἃ
2316 3612 2408 3641 erudi-

1304 3658 1382 3688 tum,
1404 3658 1434 3680 ut
1447 3651 1549 3680 Plinius
1559 3650 1625 3679 alter
1636 3649 1747 3678 Graecus
1757 3648 1813 3677 fere
1828 3648 1886 3677 dici
1907 3647 2008 3685 poss'it:
2030 3648 2105 3684 quod
2123 3649 2158 3677 ad
2175 3658 2226 3678 nos
2242 3649 2304 3678 sane
2324 3649 2410 3678 haud-

1304 3699 1441 3728 quaquam
1453 3690 1590 3725 integrum
1600 3687 1744 3724 pervenit,
1767 3686 1826 3721 ejus
1837 3686 1961 3723 epitome
1981 3685 2015 3715 ab
2034 3685 2184 3716 Hermolao
2196 3686 2330 3726 Byzantio
2351 3694 2409 3716 tan-

1304 3734 1365 3757 tum
1380 3727 1483 3756 relicta.
1512 3725 1589 3754 Auth.
1604 3724 1682 3754 Suid.

1284 3765 1347 3795 Fuit
1359 3770 1489 3802 praeter'ea
1500 3763 1554 3792 hoc
1564 3762 1677 3791 nomine
1687 3783 1695 3796 ,
1718 3760 1841 3798 Quidam
1853 3761 1994 3791 statuarius
2006 3761 2088 3799 Olym
2113 3760 2174 3790 iade
2195 3771 2213 3790 c
2223 3773 2239 3790 L
2247 3772 2265 3790 v
2276 3784 2283 3798 ,
2308 3761 2343 3791 de
2353 3772 2423 3798 quoa

1304 3803 1371 3832 Plin.
1391 3802 1437 3831 lib.
1453 3811 1495 3836 ³4·
1514 3811 1574 3838 cap.
1594 3804 1618 3833 8-
1660 3799 1804 3828 Athenaeos
1822 3809 1923 3828 novem
1944 3806 2042 3837 praeter
2096 3799 2249 3829 aucratiten
2272 3806 2410 3829 memorat

1305 3840 1411 3870 Fabric.
1425 3837 1625 3868 Bibl.Graec.1.
1640 3847 1667 3872 4.
1681 3847 1705 3866 c.
1716 3847 1760 3866 20.
1778 3838 1799 3874 §.
1817 3848 1839 3872 ς.
1863 3847 1889 3874 q.
1906 3837 1936 3867 V.

1247 3879 1268 3909 A
1276 3887 1296 3907 T
1307 3888 1325 3907 Η
1337 3888 1350 3906 a
1360 3887 1379 3906 N
1391 3886 1410 3905 A
1418 3886 1437 3904 G
1447 3887 1464 3905 o
1473 3886 1488 3904 R
1500 3886 1519 3904 A
1531 3886 1552 3909 s,
1565 3872 1768 3911 ['A9mu29‘eac]e
1778 3874 1945 3912 philosopho
1958 3874 2235 3912 gentiliChristianus,
2247 3875 2292 3912 qui
2302 3874 2410 3904 Sclrolae

1284 3914 1477 3945 Alexandrinae
1487 3914 1595 3951 praesuit
1605 3914 1630 3943 ἃ.
1643 3913 1804 3950 Apologiam
1814 3922 1863 3950 pro
1873 3913 2006 3950 religione
2018 3912 2170 3942 Christiana
2180 3911 2282 3950 scripiit
2291 3934 2298 3946 ,
2321 3913 2355 3940 ad
2366 3912 2406 3941 M.

1284 3952 1425 3983 Aurelium
1439 3952 1610 3981 Antoninum
1621 3951 1646 3981 Sc
1659 3951 1688 3980 L.
1701 3950 1903 3987 Commodum,
1924 3952 2047 3987 itemque
2059 3950 2094 3979 de
2105 3950 2281 3979 Mortuorum
2297 3949 2413 3978 resurre-

1286 3991 1379 4022 etione
1388 3988 1499 4021 librum.

1770 4023 1830 4057 Nn
1860 4035 1871 4064 3
2340 4023 2412 4053 Item
