2604 4222
147 153 219 196 476
612 141 641 175 C
736 136 765 172 E
868 135 894 168 L

191 229 354 259 Gradientes
366 227 468 258 celsius.
489 224 568 254 Idem
580 227 624 254 28.
642 232 663 249 1.
685 218 759 249 cons.
778 218 802 247 Sc
813 211 948 244 Columcl.
962 221 987 246 4.
1002 219 1045 251 rt).
1285 240 1292 246 ·

156 267 343 297 Carsi'rAs
360 289 367 297 .
388 267 449 294 atis.
470 263 488 292 f.
513 258 696 297 Magnitudo,
718 254 844 284 altitudo.
883 248 1103 285 Cic.3.Of'i.24.
1126 240 1307 273 Celsitasani-

194 304 451 339 misamaqnitudo.
492 299 542 329 Alii
561 299 676 333 legunt,
702 292 856 322 Excelsitas.
942 323 949 330 1
971 322 976 328 ⁶
1152 318 1156 324 Ι

159 342 182 372 C
192 352 228 371 at
238 345 297 371 εῖτ
307 338 349 370 ssu
361 351 377 370 0
390 362 398 375 ,
418 339 481 368 Tnis.
503 337 520 366 f.
544 335 612 364 Vell.
629 334 728 362 Patere.
741 330 787 358 lib.
801 337 827 357 2.
839 336 884 361 94.
896 333 922 353 2.
949 322 1038 365 siber.
1060 318 1192 362 Claudius
1208 316 1284 360 Nero
1297 336 1306 350 ,

194 381 303 416 juvenis
315 388 428 416 genere,
450 376 550 407 forma,
572 370 732 401 celsitudine
749 364 888 403 corporis,
909 366 1025 398 optimis
1039 357 1150 392 studiis,
1174 363 1308 384 maximo-

195 427 249 453 que
259 418 371 453 ingenio
381 411 605 443 instructissimus.

196 456 309 484 Summa
319 452 460 482 celsitudo.
483 447 561 485 Apul.
575 447 610 475 de
623 443 732 473 Mundo
741 451 767 478 p.
782 446 827 476 73.

197 491 364 529 Superabilis
375 488 515 518 celsitudo.
538 483 671 513 Ammian.
689 490 729 513 ις.
747 488 788 506 10.

162 529 184 558 C
193 539 206 558 iz
215 540 231 557 L
239 539 250 558 s
259 530 270 557 ῑ
280 539 298 557 τ
308 531 325 557 ὅ
336 537 354 556 Ν
364 538 381 556 A
393 536 411 554 N
424 535 436 554 s
445 547 453 559 ,
473 523 551 552 antis.
573 517 756 550 Theodulfus.
779 514 867 543 Carni.
881 520 907 541 2.
921 517 986 547 447.

279 566 356 595 Hanc
366 564 416 593 tibi
429 561 590 591 celsitonans
601 566 674 586 aram
688 552 844 584 Teudulfus
856 549 971 579 adorno.

825 588 888 617 sunt
906 585 1002 615 Galliae
1021 584 1093 612 inter
1107 581 1263 618 Sequanam
1284 579 1310 608 ἀ

162 603 206 633 Ca
217 612 290 631 trra
302 625 310 637 ,
331 610 414 631 arum.
437 609 474 628 m.
495 596 533 634 pl.
556 593 684 631 [Κελπὶ]
706 588 802 628 Populi
827 627 832 631 .
875 626 880 631 ⁴
934 625 939 630 .
974 624 978 629 .
1100 620 1105 626 .
1130 620 1135 625 .
1225 618 1229 623 ¹

199 641 365 669 Garumnam
376 646 469 666 amnes
479 657 487 669 ,
509 634 543 662 fic
554 643 568 662 a
581 631 660 661 Celto
673 628 833 666 Polyphemi
843 625 901 655 filio
913 625 991 657 dicti,
1013 629 1044 651 ut
1058 620 1151 649 scribit
1162 621 1312 656 Appianus.

199 678 337 706 Celtarum
350 682 441 704 autem
455 670 591 702 clarissimi
606 669 668 698 sunt
679 667 771 696 Hedui
781 686 788 699 ,
811 670 841 693 ut
854 663 1052 699 Aquitanorum
1065 658 1158 691 Ausci,
1181 659 1206 685 ὅ(
1219 654 1312 691 Belga-

196 725 258 743 rum
274 714 396 743 Treveri.
418 711 551 746 Pompon.
564 708 611 736 lib.
626 716 650 743 3.
666 714 726 742 cap.
738 713 763 733 2.
785 702 814 731 V.
839 700 904 730 Caes.
918 699 985 729 Bell.
1002 697 1072 727 Gall.
1086 706 1108 725 1.
1124 705 1144 724 1.
1157 703 1199 738 Pl(-

198 752 291 781 Celtae.
305 753 330 780 ἃ
342 751 376 779 de
387 747 540 779 Germanis.
560 745 580 774 C
592 754 606 773 iz
616 755 631 772 L
641 753 660 771 T
669 752 685 771 0
696 752 714 770 c
724 749 743 769 A
753 752 769 769 L
778 750 798 768 A
808 749 828 768 T
838 750 847 767 i
856 749 885 768 A.
916 736 1010 766 1<=>m7v
1025 735 1128 770 γίξτινες
1141 754 1149 767 ,
1174 733 1201 758 2'55
1216 726 1242 758 δὲ
1259 733 1313 765 feg-

218 789 299 822 μρωὲς
314 788 433 822 &histem
455 786 535 811 otv‘fmie
556 780 593 810 vii
612 778 671 810 αἰὲς
689 777 725 813 7315
737 779 792 814 Pn‘vqa
815 776 929 805 Κελτικὴν
948 771 1104 808 &sazava-25,
1118 767 1255 805 Γεξιφινίαω
1266 768 1313 792 ὀνο-

217 825 318 861 κςίζεοῧς
335 825 449 852 kmi'nnu.
471 822 525 851 Dio
544 820 591 849 lib.
606 828 647 855 53.
663 827 724 856 pag.
739 825 801 852 341.
813 815 868 844 Par.
887 813 954 841 Vide
965 811 1033 848 Xyl.
1053 814 1146 838 annot.
1164 805 1312 848 principio.

215 863 311 901 Steph.
336 860 467 895 Λέγὲενιι,
485 857 555 885 πέλις
571 852 775 890 Κελπφαλοιτᾶοις.
818 854 857 879 Ἐς
870 848 907 880 'niv
925 851 1053 882 κελπκὴν,
1073 848 1113 875 τὴν
1136 847 1169 871 νῦν
1193 840 1314 880 λενμὶμην

216 899 351 928 Γαλατίαι.
374 899 488 936 Appian.
501 898 529 925 in
540 893 666 925 Annibal.
680 903 708 930 p.
725 900 785 920 122.
802 891 831 919 in
844 896 905 923 avo.
920 887 947 916 in
960 885 1108 924 principio.
1132 883 1164 912 H.
1179 883 1217 911 St.

161 939 327 968 CitiercA
339 959 347 970 ,
369 946 399 965 ae.
422 936 440 964 f.
464 933 608 970 [κελπκὴ]
628 931 723 960 Tertia
732 928 827 959 Gallim
837 936 906 965 pars.
930 925 998 954 Plin.
1010 923 1057 952 lib.
1071 933 1094 957 4.
1109 931 1171 958 cap.
1188 929 1229 956 17·
1251 917 1314 947 Gal-

196 976 232 1004 lia
252 977 263 1010 (
277 975 366 1011 inquit
379 975 390 1009 )
412 973 526 1002 Comata
536 980 592 999 uno
607 969 720 998 nomine
731 966 869 1004 appellata
881 986 889 999 ,
910 963 939 992 in
956 962 1007 991 tria
1026 959 1196 998 populorum
1213 965 1314 998 genera

196 1013 327 1042 dividitur
337 1034 344 1046 ,
365 1010 492 1040 amnibus
503 1009 624 1037 maxime
636 1006 770 1035 distin6‘ta.
813 1006 832 1032 A
848 1001 946 1031 Scalde
956 1022 964 1034 ,
985 999 1020 1028 ad
1029 999 1185 1033 Sequanam
1196 1017 1204 1029 ,
1225 993 1314 1030 Belgi-

196 1060 246 1080 ca:
268 1050 301 1079 ab
314 1059 347 1078 eo
357 1049 391 1077 ad
401 1048 569 1078 Garumnam
580 1067 588 1080 ,
611 1044 726 1077 Celtica,
747 1042 900 1076 eademque
910 1035 1113 1075 Lugdunenlis:
1137 1033 1205 1063 Inde
1217 1033 1251 1062 ad
1260 1032 1312 1074 'Py-

195 1084 581 1154 Eenifehmpntisuexcursum,
603 1080 765 1119 Aquitania,
787 1077 944 1108 Aremorica
965 1080 1029 1104 ante
1049 1073 1130 1102 dicta.
1173 1070 1203 1100 V.
1230 1076 1314 1099 etiam

208 1126 262 1154 “ae.
298 1124 395 1154 el.Ga
420 1146 426 1153 .
445 1132 503 1152 1.1.

159 1163 204 1192 CR
216 1172 276 1191 i.Ti
288 1172 351 1191 cus
365 1183 372 1194 ,
393 1172 408 1190 a
422 1183 429 1196 ,
450 1170 508 1190 um.
533 1159 592 1195 Adj.
614 1159 628 1193 [
643 1153 774 1189 Κελτυιέε]
795 1159 826 1183 ut
836 1151 959 1182 Celticus
968 1158 1058 1179 cruor.
1078 1146 1126 1178 Sil.
1141 1146 1189 1176 lib.
1206 1156 1230 1182 ς.
1249 1153 1312 1181 144.

194 1201 280 1230 Furor
299 1199 429 1229 Celticus.
451 1198 499 1227 Sil.
514 1197 602 1232 lib.-4.
619 1205 678 1231 190.

196 1238 269 1268 Rura
280 1237 393 1267 Celtica.
416 1236 463 1266 Sil.
476 1235 523 1264 lib.
542 1245 564 1263 r.
575 1237 620 1268 46.

159 1275 183 1306 C
192 1286 205 1305 Ε
213 1285 302 1304 LT1C
312 1285 329 1304 u
338 1286 376 1309 M,
398 1270 553 1310 [Ktawoe‘v]
576 1266 798 1301 promontorium
809 1265 847 1295 est
858 1263 997 1302 Hispaniae
1012 1259 1148 1292 citerioris
1158 1281 1165 1295 ,
1189 1259 1218 1288 in
1232 1257 1315 1287 Celti-

197 1323 294 1343 coruni
303 1314 389 1342 tractu
401 1313 429 1340 in
439 1311 584 1340 Oceanum
595 1331 603 1343 ,
622 1307 809 1337 Occidentem
818 1303 909 1332 versus
920 1324 928 1337 ,
949 1310 1030 1338 quam
1046 1298 1203 1335 longiffime
1216 1306 1315 1326 excur-

195 1361 268 1381 rens.
309 1351 385 1380 ldem
397 1359 461 1379 cum
471 1358 505 1378 eo
518 1348 593 1385 quod
606 1345 767 1375 Ptolemaeus
776 1342 902 1375 Nerium,
923 1341 950 1369 ἃ
962 1338 1060 1377 vulgus
1071 1342 1218 1366 nautarum
1227 1335 1314 1363 hodie

196 1392 279 1417 Finem
289 1396 356 1415 terra
370 1386 499 1425 appellat.
538 1385 569 1428 V:
593 1378 867 1424 Pompon31Vle131ib.
883 1387 914 1421 3¹.
925 1387 947 1406 1.
971 1414 978 1420 ι
1200 1411 1205 1417 ·

158 1426 183 1457 C
193 1437 207 1456 Β
215 1438 231 1455 L
240 1436 259 1455 T
268 1437 277 1455 1
287 1435 305 1454 A
315 1436 332 1454 c
341 1436 359 1454 A
371 1447 380 1459 ,
401 1435 431 1454 ae.
453 1424 472 1453 f.
494 1422 640 1461 Oppidum
652 1420 689 1449 est
698 1418 835 1455 Hispaniae
847 1416 956 1446 Baeticae
970 1423 1001 1443 in
1016 1417 1160 1443 conventu
1170 1409 1315 1448 Hispalen-

196 1464 234 1500 si,
256 1471 286 1493 ut
297 1463 388 1492 scribit
401 1462 467 1492 Plin.
481 1461 528 1490 lib.
549 1470 572 1497 3.
593 1469 653 1496 cap.
669 1468 691 1486 1.

159 1501 388 1534 crtrrnrin,
410 1509 499 1529 orum.
520 1508 557 1527 m.
579 1497 619 1535 pl.
642 1492 826 1532 [κελ-ήέηςες]
848 1490 945 1534 Populi
957 1488 1115 1532 Hispaniae,
1136 1485 1185 1523 qui
1198 1494 1213 1514 a
1229 1484 1315 1515 Celtis

195 1540 333 1576 originem
349 1539 464 1568 ducunt.
504 1537 576 1565 Nam
589 1534 674 1564 Celtae
689 1531 832 1562 Gallorum
845 1528 943 1567 populi
953 1550 961 1563 ,
982 1527 1077 1556 relicta
1098 1524 1240 1561 quondam
1253 1533 1316 1561 pro-

196 1577 308 1611 vincia,
339 1576 457 1605 Iberiam
476 1574 613 1612 Hispaniae
631 1571 775 1608 regionem
791 1567 957 1597 habitavere.
998 1564 1080 1594 Unde
1099 1561 1253 1599 composito
1279 1570 1315 1590 ex

194 1621 311 1683 ptraliqgie
321 1613 533 1681 ςῑζῐζπῇ-ῃοῗζιὲηε
544 1634 553 1647 ,
573 1608 706 1675 Celtibe?
719 1605 854 1672 appelllakgti
866 1605 937 1634 sunt.
976 1603 1083 1633 Horum
1100 1599 1230 1629 meminit
1243 1600 1316 1630 Stra-

218 1660 332 1688 0¹·3·
410 1656 659 1685 in.i.3.ca.3.
702 1653 928 1680 nean-i.4.9.

353 1706 389 1710 -
401 1688 564 1726 profugique
576 1659 685 1723 apgente
700 1682 805 1712 vetusta

276 1726 420 1758 Gallorum
430 1725 513 1757 Celtae
523 1725 667 1754 miscentes
678 1729 782 1751 nomen
794 1718 887 1749 Iberis.

276 1765 382 1794 Venere
394 1765 419 1794 δι
433 1763 517 1793 Celtae
531 1762 623 1792 sociati
633 1769 738 1789 nomen
751 1758 850 1788 Iberis.

159 1803 276 1837 CELTT
286 1814 299 1831 B
310 1806 325 1832 Ξ
336 1812 351 1831 R
362 1813 371 1830 1
381 1812 399 1830 A
410 1823 418 1836 ,
439 1811 469 1830 ae.
490 1801 508 1830 f,
530 1796 720 1836 [κελπζηφέα]
742 1795 830 1832 Regio
851 1792 1074 1823 Celtiberorum:
1097 1791 1124 1820 ἃ
1143 1788 1182 1819 est
1200 1786 1315 1826 proprie

197 1851 230 1870 ea
243 1851 316 1879 pars,
327 1849 385 1876 quie
394 1840 464 1868 intra
480 1838 588 1868 [berum
598 1836 766 1866 continetur.
788 1833 858 1862 Plin.
869 1831 917 1860 lib.
927 1842 953 1865 4.
965 1839 1025 1867 cap.
1036 1837 1082 1857 22.

197 1879 348 1909 Celtiberia
359 1876 526 1907 cuniculosa.
568 1874 656 1904 Catul.
668 1872 760 1910 Epigr.
770 1881 816 1905 40.
830 1880 840 1899 1
849 1879 871 1898 r.
894 1868 980 1905 Quod
987 1867 1022 1896 ad
1034 1864 1181 1895 cuniculos
1190 1862 1315 1892 metallo,

214 1927 277 1946 rum
295 1916 391 1945 inscite
401 1925 416 1944 a
428 1912 570 1944 nonnullis
587 1911 682 1942 referri
697 1909 833 1945 intelligo.
855 1906 979 1937 abundat
1003 1904 1078 1933 enim
1100 1902 1237 1932 cuniculis
1257 1908 1316 1930 tota

215 1954 362 1992 Hispania,
383 1953 429 1990 qui
441 1952 593 1981 suffodiunt
601 1957 700 1979 terram
712 1969 719 1983 ,
740 1946 836 1976 melses
855 1944 1044 1982 populantur,
1066 1941 1173 1970 radices
1189 1940 1316 1969 exedunt:

215 1992 341 2030 stirpium
351 2013 359 2026 ,
380 1991 446 2019 teste
455 1989 591 2019 Strabone
602 2010 610 2022 ,
632 1996 714 2024 quem
725 1985 799 2014 vide.
822 1982 894 2012 Voss.
912 1982 979 2018 legit
991 1979 1078 2010 Celtis
1089 1977 1201 2017 perosae.

161 2032 184 2062 C
195 2041 209 2060 n
218 2042 235 2059 1..
245 2040 264 2059 τ
273 2041 281 2058 1
290 2040 305 2057 Β
314 2039 328 2058 ε
337 2039 352 2057 R
363 2050 372 2064 ,
393 2031 438 2058 era
449 2050 457 2065 ,
478 2031 564 2056 erum.
586 2025 662 2055 aliud
678 2024 744 2052 item
756 2022 814 2058 Adj.
837 2027 869 2051 ut
882 2019 1022 2050 Celtibera
1030 2023 1111 2047 terra.
1132 2014 1253 2047 martial.
1263 2013 1313 2044 lib.

202 2077 245 2099 12.
262 2068 354 2104 Epigr.
371 2071 413 2100 18.
574 2061 768 2091 —Celtiberis

278 2105 345 2134 Haec
357 2103 419 2133 sunt
432 2103 547 2132 nomina
557 2100 682 2131 crassiora
693 2099 780 2128 terris.

200 2144 305 2173 Gentes
314 2142 465 2171 Celtiberae.
489 2139 604 2170 Martial.
621 2148 643 2168 r.
658 2148 701 2174 50.

199 2182 264 2210 Orae
280 2179 434 2210 Celtiberae.
455 2178 533 2208 Idem
548 2187 589 2206 10.
599 2186 645 2205 20.

199 2219 288 2248 Urbes
300 2217 454 2247 Celtiberae.
480 2215 566 2245 valer.
580 2215 656 2244 Max.
670 2223 693 2248 ς.
710 2221 733 2241 ῐ.
747 2222 771 2247 ς.

163 2257 187 2287 C
195 2267 210 2286 Β
218 2268 234 2285 1..
242 2266 262 2285 T
272 2266 303 2284 is
313 2265 327 2284 e
335 2265 350 2284 a
360 2266 368 2283 1
379 2265 397 2283 u
405 2264 428 2289 s,
440 2264 464 2289 a,
484 2263 541 2282 um.
561 2252 636 2281 aliud
651 2251 710 2286 Adj.
731 2256 763 2279 ut
776 2246 924 2278 Celtiberia
931 2250 1011 2274 terra.
1024 2243 1113 2273 Catul.
1123 2241 1313 2280 Epigr.4o.2n

163 2296 186 2325 C
195 2305 209 2324 a
219 2305 236 2322 1.
244 2303 264 2322 τ
273 2304 282 2322 ι
291 2303 306 2321 iz
314 2303 328 2321 Ε
337 2303 351 2321 R
359 2293 394 2321 ic
402 2302 420 2320 u
430 2301 441 2320 s
452 2313 461 2325 ,
483 2291 542 2324 Adi.
564 2285 772 2326 [κελπέηςικρς]
793 2296 808 2315 a
823 2284 972 2314 Celtiberia
983 2283 1144 2311 deduetum.
1167 2280 1241 2309 unde
1257 2280 1318 2308 Cel-

200 2332 347 2362 tibericum
357 2329 472 2363 bellum,
482 2330 507 2358 ἃ
516 2327 711 2357 Celtibericam
724 2324 832 2354 cladem
840 2322 968 2352 dicimus.
990 2320 1019 2349 V.
1035 2319 1103 2348 Plin.
1117 2319 1164 2348 lib.
1173 2327 1183 2351 3
1191 2327 1214 2353 3.
1224 2326 1315 2355 capa.

165 2371 187 2401 C
196 2380 210 2399 n
220 2378 264 2398 ιτ
275 2378 305 2397 is
317 2389 326 2403 ,
346 2368 377 2397 is.
400 2367 418 2396 f.
442 2366 535 2395 Genus
543 2366 580 2395 est
591 2364 699 2393 eximiae
711 2361 853 2391 testudinis
866 2381 874 2394 ,
899 2359 945 2387 sed
956 2368 1018 2386 rarae
1030 2379 1038 2391 ,
1061 2367 1144 2393 quam
1162 2355 1317 2392 Troglody-

201 2414 236 2438 tae
248 2429 256 2442 ,
276 2406 311 2435 ad
321 2414 389 2442 quos
399 2405 529 2440 adnatat,
549 2409 580 2432 ut
590 2402 690 2432 sacram
702 2402 826 2430 adorant.
863 2397 1011 2433 Cornigera
1020 2395 1057 2423 est
1069 2417 1077 2429 ,
1097 2401 1128 2423 ut
1142 2395 1169 2422 in
1181 2393 1247 2431 lyra,
1269 2402 1318 2421 an-

201 2445 280 2475 nexis
291 2442 421 2473 cornibus
431 2442 508 2477 latis,
529 2440 577 2470 sed
586 2438 736 2470 mobilibus
748 2460 757 2473 ,
777 2444 895 2474 quorum
907 2435 935 2463 in
947 2432 1069 2462 natando
1084 2432 1200 2469 remigio
1221 2431 1247 2460 se
1271 2430 1318 2459 ad-

200 2485 286 2520 juvat.
309 2481 349 2510 Ex
361 2479 428 2509 Plin.
440 2479 487 2508 lib.
500 2489 524 2514 9.
539 2488 600 2516 cap.
615 2488 656 2506 io.

201 2520 288 2550 Celtis
300 2540 308 2553 ,
330 2518 456 2554 [h6r&]
476 2517 514 2546 est
524 2516 609 2545 Arbor
621 2513 732 2552 insignis
744 2534 753 2547 ,
772 2509 964 2547 magnitudine
976 2508 1054 2546 pyri,
1075 2507 1104 2535 in
1124 2506 1213 2535 Africa
1231 2507 1256 2536 δι
1268 2515 1318 2543 po-

221 2557 354 2587 tissimum
367 2556 438 2584 circa
450 2555 541 2592 Syrtes
554 2553 668 2582 nascens
677 2574 685 2587 ,
706 2560 765 2587 quae
776 2549 829 2578 alio
841 2548 955 2577 nomine
967 2546 1050 2575 totos
1071 2544 1233 2582 appellatur.
1275 2544 1318 2573 In-

221 2595 314 2625 cisurae
326 2594 355 2622 in
367 2592 440 2621 foliis
451 2592 600 2621 crebriores
611 2590 716 2619 faciunt
725 2598 759 2617 ne
767 2587 844 2616 ilices
854 2585 998 2615 videantur
1011 2594 1017 2613 :
1039 2583 1140 2612 fructui
1152 2581 1317 2619 magnitudo

222 2633 292 2663 fabae
302 2653 310 2664 ,
332 2631 408 2660 color
419 2630 492 2659 croci
506 2639 512 2658 :
531 2635 587 2657 tam
602 2627 691 2657 dulcis
705 2626 744 2655 ibi
764 2625 843 2654 cibus
859 2624 897 2652 est
905 2644 914 2658 ,
936 2629 966 2651 ut
985 2630 1090 2650 nomen
1104 2619 1180 2658 genti
1198 2619 1317 2649 dederit.

219 2669 365 2708 SiquIdem
373 2667 527 2705 Lotophagi
539 2666 726 2695 nominantur.
754 2661 822 2693 Plin.
834 2660 882 2690 lib.
896 2669 937 2696 13.
949 2669 1009 2698 cap.
1025 2668 1066 2696 17.

165 2711 385 2741 Cumanus,
405 2704 477 2742 Lege
495 2711 727 2733 cancrosus.

167 2829 188 2859 C
197 2838 219 2896 1}
221 2838 240 2858 M
250 2824 496 2895 AsslNaibkpnensis
509 2775 661 2862 provingae
670 2772 770 2851 fluvi-iis
781 2840 790 2852 ,
809 2828 845 2848 ex
851 2770 966 2856 leIPium
975 2821 1072 2846 monte
1089 2815 1214 2845 Cemeno
1225 2814 1319 2853 profu-

216 2876 254 2895 us.
307 2874 342 2893 in.
368 2874 376 2892 i
400 2872 443 2904 33.
462 2872 522 2899 cap.
534 2872 561 2896 4.

970 1714 1018 1746 Sil.
1030 1714 1078 1744 lib.
1088 1722 1112 1751 3.
1125 1720 1190 1751 339.

167 2905 189 2934 C
200 2913 290 2933 amai.
300 2913 308 2930 1
319 2911 336 2930 o
346 2911 366 2930 N
379 2923 387 2936 ,
408 2909 425 2929 1.
442 2910 469 2929 n.
492 2899 639 2937 Oppidum
649 2895 765 2934 Liguria:
775 2916 784 2930 ,
804 2903 862 2923 non
876 2892 973 2931 procul
991 2901 1006 2921 a
1019 2897 1101 2929 portu
1112 2889 1241 2921 Herculis
1255 2890 1320 2919 Mo-

204 2940 297 3007 nlrieci:
320 2940 398 2982 cujus
415 2938 546 2967 meminit
567 2936 637 2966 Plin.
650 2934 702 2964 lib:
714 2942 808 2971 3.cap.
825 2943 848 2968 ς.
873 2931 996 2968 Quidam
1015 2929 1158 2959 Cemelleo
1175 2928 1318 2963 scribunt,

168 2976 443 3048 Ciirihsixieiiisiiii'in,
465 3013 484 3042 i.
504 3021 533 3041 n.
563 3009 749 3046 [Repatir'aeou]
777 3006 848 3037 Urbs
868 3006 898 3035 in
913 3004 1027 3042 Alpibus
1046 3005 1183 3039 littoreis,
1204 3005 1318 3033 auctore

203 3053 359 3082 Ptolemaeo.
382 3051 470 3087 Vulgo
485 3050 606 3077 Cemellio.

167 3091 394 3123 CEMRNTUM,
418 3089 449 3118 In
470 3094 697 3117 cfflrinNTum.

166 3129 360 3161 citamus,
382 3127 399 3155 i.
421 3136 459 3155 m.
481 3121 759 3155 MonsNarbonensis
771 3118 885 3154 Gallke,
907 3126 965 3146 non
980 3115 1078 3154 procul
1097 3126 1112 3145 a
1130 3115 1201 3144 Varo
1213 3115 1317 3150 fluvio,

204 3175 238 3194 ci<
250 3175 305 3202 quo
316 3165 401 3193 Cema
410 3161 618 3200 amnisprossuit
630 3182 638 3197 ,
658 3160 734 3189 unde
748 3160 773 3188 ὁὶ
788 3157 877 3187 monti
892 3164 997 3184 nomen
1008 3155 1112 3183 factum
1123 3153 1240 3183 videtur.
1283 3153 1315 3182 V.

203 3203 272 3232 Plin.
284 3201 330 3231 lib.
341 3211 364 3237 3.
377 3211 438 3238 cap.
447 3212 474 3236 4.

169 3240 214 3270 Cr.
225 3251 243 3268 M
255 3249 310 3274 us,
331 3239 348 3267 i.
370 3239 389 3268 f.
412 3234 536 3274 [κεμδς]
557 3236 646 3266 Herba
659 3235 697 3264 est
707 3233 781 3272 apud
800 3231 869 3262 Plin.
880 3230 929 3260 lib.
944 3237 987 3265 27.
1009 3238 1068 3266 cap.
1080 3233 1104 3261 8.
1127 3228 1206 3263 cujus
1219 3227 1318 3257 descri-

203 3278 332 3343 ptionem
344 3276 368 3305 se
380 3276 483 3305 idcirco
495 3274 706 3312 praetermittere
715 3273 770 3306 ait,
795 3270 870 3306 quod
887 3267 951 3297 solis
968 3268 996 3295 in
1017 3266 1155 3295 amatoriis
1175 3265 1253 3294 usum
1272 3266 1318 3294 ha.

224 3320 276 3342 eat.
300 3313 472 3342 Dioscorides
487 3313 535 3342 lib.
547 3323 572 3347 4.
590 3312 708 3340 eandem
725 3309 779 3339 effe
789 3306 908 3337 ostendit
922 3314 986 3334 cum
1001 3303 1205 3340 Leontopodio.

205 3352 407 3394 Ccmusautem
424 3351 532 3379 videtur
548 3349 704 3387 appellata,
726 3356 761 3376 ex
775 3346 851 3375 floris
864 3344 917 3373 sive
935 3341 1037 3378 calycis
1053 3341 1152 3375 ligurii:
1184 3340 1315 3375 quoniam

224 3388 382 3426 pyxidicula
393 3387 506 3417 Athenis
517 3389 554 3416 ita
570 3385 784 3419 nominabatur,
804 3392 854 3421 per
875 3390 958 3418 quam
974 3376 1099 3415 suffragia
1113 3378 1142 3406 in
1162 3377 1316 3413 subjet‘tum

224 3425 361 3454 vasculum
374 3447 381 3459 ,
403 3425 477 3462 quod
489 3424 634 3455 Cadiscum
644 3423 801 3457 vocabant,
822 3419 933 3450 demitti
943 3416 1152 3447 consueverant.
1175 3415 1205 3444 V.
1225 3415 1314 3445 l'xuell.

223 3462 271 3492 lib.
284 3471 308 3498 3.
321 3472 378 3500 cap.
395 3472 455 3498 130.

595 3500 624 3533 C
721 3497 749 3531 E
838 3496 873 3531 N

168 3572 329 3603 Ctuaeuii
342 3592 349 3604 ,
371 3571 387 3599 i.
405 3581 432 3601 n.
453 3571 593 3608 [κένωσιν]
613 3570 726 3600 Euboea:
747 3566 987 3607 promontorium,
1015 3563 1051 3594 ad
1071 3562 1314 3600 Septentrionem,

203 3611 314 3638 auctore
331 3608 416 3651 Strab.
432 3608 479 3638 lib.
495 3620 535 3637 io.
552 3609 618 3638 Pliii.
634 3621 660 3644 4.
678 3618 718 3636 i2.
741 3607 793 3636 Ubi
815 3605 947 3635 Hercules
961 3613 977 3632 a
993 3603 1102 3631 devicta
1117 3600 1257 3629 OEchalia
1275 3609 1315 3627 re·-

203 3645 474 3712 gzrsslgs'eiilsglamm
483 3647 612 3675 extruxit.
653 3646 727 3675 Hinc
736 3645 850 3674 Cenaeus
861 3642 997 3681 juppiter.
1019 3639 1103 3669 Ovid.
1123 3648 1149 3674 9.
1168 3638 1237 3667 Met.
1250 3640 1312 3672 136.

296 3719 436 3789 &Jttnriiig‘ixbi
445 3719 583 3749 OEchalia
594 3720 694 3749 Cenaeo
708 3719 778 3748 sacra
789 3717 903 3756 parabat

166 3797 188 3826 C
199 3805 240 3824 itN
252 3805 268 3836 ς’.
278 3804 294 3837 Ιῐῐ
306 3805 313 3821 1
327 3805 335 3821 ι
346 3815 354 3827 ,
375 3779 464 3835 orum.
483 3802 520 3821 m.
542 3795 640 3823 Auri&
653 3794 755 3831 argenti
768 3798 964 3830 expurgatores
975 3813 983 3825 ,
1002 3789 1156 3819 secundum
1165 3785 1254 3816 Pitisci
1265 3794 1313 3815 err-

225 3835 368 3861 olitionem
379 3840 477 3858 veteris
490 3830 608 3866 liiscript.
625 3834 726 3859 Κηφεῖ,
750 3833 818 3860 lits).
845 3830 958 3859 lAcbs.
984 3827 1142 3856 NONHNE.
1169 3825 1218 3854 Ma
1231 3823 1314 3852 PRO-

236 3873 261 3898 il.
284 3870 313 3897 C.
332 3868 358 3896 F.
382 3868 428 3896 ΙΝ.
452 3867 544 3895 Pace.
570 3868 680 3896 VXOR.
709 3868 878 3896 comesi.
909 3865 1104 3895 PRIMit'ERi.
1135 3861 1313 3892 CENiiRio-

204 3907 293 3937 RVlVl.
315 3906 412 3935 FlLlA.
436 3904 630 3933 i’oRPrioiti.
654 3905 848 3934 i’Riinicfflii.
873 3901 1189 3933 MONETARiORVM.

166 3946 189 3975 C
199 3956 212 3974 E
221 3955 240 3974 N
250 3954 267 3973 c
276 3954 295 3973 Η
306 3954 321 3972 R
332 3957 350 3971 A
363 3954 382 3971 ra
393 3953 401 3970 i
411 3952 428 3970 D
437 3952 451 3970 ix
460 3952 486 3976 s,
508 3951 563 3970 um.
586 3939 795 3980 [κεγχςοιμιδω]
816 3942 942 3970 Ficorum
956 3950 1055 3977 grana,
1076 3941 1115 3967 ita
1127 3939 1201 3967 dista
1215 3946 1231 3966 a
1242 3935 1314 3965 milii

1815 111 1845 145 C
1940 102 1968 143 E
2064 104 2104 142 M

1393 196 1575 228 similitudine
1589 217 1596 229 ,
1623 194 1699 231 quod
1713 193 1799 223 Grrc'ci
1814 190 1915 228 κεήξον
1928 194 2040 219 vocant.
2062 187 2123 217 Plin
2145 186 2194 215 lib.
2208 194 2250 221 ῐς.
2266 194 2326 222 cap.
2342 193 2383 220 19.
2400 185 2521 216 frumen..

1394 243 1421 265 ἵει
1432 235 1556 273 appellat
1566 256 1573 267 ,
1594 233 1665 263 ficis
1680 231 1772 260 mollis
1789 230 1919 258 omnibus
1935 229 2042 256 taetus:
2065 225 2179 254 maturis
2193 223 2332 252 frumenta
2345 223 2426 252 intus.

1358 274 1380 304 C
1393 285 1405 303 F.
1416 284 1433 302 N
1444 284 1459 301 c
1470 283 1489 302 Η
1500 284 1513 301 a
1525 283 1539 301 r.
1551 283 1570 300 ff
1584 293 1591 303 ,
1614 279 1701 298 arum.
1724 269 1742 297 f.
1765 266 1938 304 [szpcztsus]
1960 262 2141 301 Peloponnesi
2158 262 2294 298 oppidum
2311 260 2348 288 est
2366 270 2454 297 prope
2466 261 2517 291 Co.

1395 312 1520 340 rinthum
1538 311 1564 337 ir.
1577 308 1678 337 lsthmo
1693 305 1768 343 ipso,
1789 300 1973 339 juxtasiinum
1984 301 2110 339 Neptuni
2122 322 2128 333 .
2149 308 2233 336 quem
2254 297 2352 328 Strabo
2369 298 2405 326 ob
2417 298 2446 326 id
2456 299 2520 328 lsth.

1396 350 1482 378 mium
1496 346 1627 385 appellat.
1651 345 1752 373 Auctor
1764 343 1897 379 Pompon.
1910 340 1959 369 lib.
1976 348 2032 375 2.3.
2045 340 2071 368 δι
2087 337 2153 367 Plin.
2164 336 2212 365 lib.
2223 347 2249 370 4.
2263 345 2323 372 cap.
2335 345 2360 369 4.
2377 337 2402 364 ἃ
2416 346 2438 371 5.

1360 387 1381 417 C
1394 396 1434 415 RN
1445 396 1462 415 c
1473 396 1492 415 Η
1504 397 1517 414 r<
1529 389 1544 413 ἓ
1556 395 1570 412 c
1583 394 1611 418 s,
1631 392 1646 411 a
1660 404 1668 416 ,
1690 390 1747 410 um.
1771 380 1831 415 Adj.
1859 377 2048 417 [Κέγλςαίῷι]
2077 382 2125 411 ut,
2155 374 2305 404 Cenchreae
2329 381 2429 402 manus
2443 370 2517 410 apud

1361 462 1384 491 C
1395 425 1464 491 ἔξιτε
1472 421 1607 492 gR‘ll'lfixeSb'
1619 424 1796 493 zosimam]
1817 453 1946 497 Herpetis
1960 461 2048 490 genus
2061 450 2099 479 est
2109 472 2116 485 ,
2138 450 2184 487 qui
2201 447 2313 478 morbus
2334 457 2349 476 a
2366 446 2480 476 medicis
2492 448 2521 477 fi-

1398 501 1452 529 niri
1463 498 1549 531 solet,
1572 494 1691 526 Nlembri
1703 492 1880 522 mortificatio
1890 514 1898 527 ,
1920 501 1953 520 ac
1967 500 2031 519 cum
2046 488 2195 526 putredine
2208 489 2235 516 St
2250 485 2459 514 mollificatione
2470 486 2522 515 dis-

1398 537 1504 574 sipatio.
1547 534 1653 563 Dicitur
1665 538 1758 560 autem
1770 530 1912 559 cenchrias
1927 550 1935 563 ,
1957 527 2090 565 quoniam
2102 524 2217 562 pustulae
2228 523 2401 553 succrescunt
2412 522 2481 552 milii
2490 522 2520 552 sr-

1397 574 1558 604 niilitudine
1568 594 1575 607 ,
1598 570 1672 608 quod
1681 568 1833 598 cenchrum
1844 572 1955 596 vocant.
1997 564 2026 593 V.
2052 563 2116 591 Cael.
2132 562 2179 591 lib.
2191 571 2234 598 30.
2245 571 2305 598 cap.
2319 570 2360 595 ις.
2603 569 2604 574 ¹

1361 613 1405 642 Cia
1415 623 1433 641 N
1446 622 1462 641 c
1473 622 1491 640 Η
1503 620 1555 639 ais
1565 632 1572 645 ,
1594 609 1625 638 is.
1647 618 1684 636 m.
1708 606 1800 635 Genus
1809 605 1940 642 serpentis
1952 600 2091 632 venenosi.
2122 599 2189 629 Plin.
2207 599 2255 627 lib.
2268 608 2310 627 20.
2326 607 2386 635 cap.
2401 605 2444 626 22.
2469 597 2524 627 Ad.
2586 597 2587 612 ¹
2601 583 2604 609 ¹

1399 650 1490 679 versus
1502 648 1643 685 serpentes
1653 645 1750 674 efficax
1761 666 1769 679 ,
1791 644 1913 672 maxime
1933 640 2067 671 cenchrin
2081 639 2108 668 &
2125 636 2324 674 scolopendras
2338 635 2475 665 terrestres
2487 643 2519 666 ae

1398 689 1527 717 marinas.
1561 685 1594 714 Et
1604 684 1705 713 Lucan.
1721 692 1744 716 9.
1756 690 1820 718 7¹2-

1491 725 1526 754 Et
1538 723 1645 758 semper
1655 721 1731 750 resto
1745 718 1868 757 lapsurus
1879 717 1969 746 limite
1980 714 2114 745 cenchris.
2169 738 2170 743 ,

1362 764 1383 793 C
1394 774 1407 792 Ε
1416 773 1435 792 Ν
1444 773 1461 792 c
1470 772 1489 791 H
1498 772 1514 790 a
1525 772 1534 789 1
1544 771 1571 796 s,
1591 760 1656 789 idis.
1678 759 1697 787 f.
1720 757 1813 787 Genus
1825 755 1972 793 accipitris.
2015 752 2084 782 Plin.
2096 751 2144 780 lib.
2160 759 2205 785 29.
2219 759 2279 787 cap.
2291 751 2317 778 6.
2348 747 2475 778 Turturis
2490 745 2522 778 fi-

1398 810 1476 830 mum
1490 799 1635 836 albugines
1653 802 1800 825 extenuat:
1822 795 1889 823 item
1910 791 2090 822 cochlearum
2112 788 2181 819 cinis
2195 810 2203 823 ,
2224 787 2322 817 fimum
2344 785 2518 817 cenchridis:

1398 839 1563 875 accipitrum
1575 835 1681 873 generis
1693 835 1764 862 hanc
1775 833 1861 862 Graeci
1872 832 1987 860 faciunt.

1363 877 1386 907 C
1397 887 1411 906 a
1421 887 1439 905 N
1453 886 1469 904 c
1479 885 1496 904 Η
1508 878 1573 904 RTT
1583 884 1595 902 a
1605 883 1617 902 s
1628 895 1635 908 ,
1657 882 1689 901 ae.
1710 881 1746 900 m.
1769 870 1892 900 Gemmae
1910 868 2016 906 species
2030 888 2038 902 ,
2060 875 2121 903 quae
2139 862 2226 893 veluti
2241 860 2329 900 sparsa
2349 859 2421 890 milii
2438 870 2522 898 grana

1399 914 1501 943 habere
1510 912 1629 942 videtur.
1664 910 1693 938 V.
1716 909 1785 938 Plin.
1800 918 1843 943 ³7·
1855 917 1916 944 cap.
1932 915 1974 935 11.

1362 953 1384 983 C
1395 963 1408 981 Ε
1419 962 1439 981 Ν
1451 961 1467 980 c
1478 960 1497 979 H
1508 961 1524 979 R
1533 961 1542 978 1
1552 960 1569 978 u
1578 959 1590 978 s
1602 971 1609 984 ,
1631 946 1806 984 [κίγχςιῶυ]
1827 945 1912 975 loniae
1927 943 2016 973 amnis
2027 941 2065 972 est
2072 940 2107 970 ad
2121 938 2259 977 Ephesum
2273 959 2282 972 ,
2304 935 2415 974 Caystro
2426 936 2517 973 proxi-

1399 999 1471 1023 mus,
1481 998 1529 1026 per
1540 987 1637 1016 lucum
1649 986 1793 1022 Ortygiam
1807 983 1905 1017 fluens,
1919 982 1947 1010 in
1968 990 2023 1018 quo
2038 980 2173 1009 Latonam
2184 975 2344 1006 fabulantur
2355 973 2390 1002 ab
2404 973 2517 1011 Ortygia

1399 1028 1507 1057 nutrice
1517 1026 1604 1054 lotam
1615 1033 1650 1053 ex
1658 1030 1745 1061 partu.
1765 1016 2111 1057 Tacit.llib.3.cap.61.ubi
2127 1016 2162 1044 de
2177 1014 2277 1043 horum
2289 1011 2473 1049 legationibus
2485 1011 2520 1041 ad

1399 1067 1531 1096 Senatum
1546 1062 1632 1092 missis
1643 1084 1651 1096 ,
1674 1061 1795 1090 Primum
1805 1082 1813 1095 ,
1833 1059 1941 1095 inquit,
1963 1056 2090 1085 omniurn
2100 1052 2208 1090 Ephesii
2222 1051 2314 1081 adiere
2325 1057 2519 1084 memorantes,
2580 1051 2582 1077 l
2599 1074 2604 1081 ,

1399 1113 1457 1133 non
1473 1108 1503 1131 ut
1521 1101 1619 1138 vulgus
1640 1099 1782 1133 crederet,
1812 1097 1930 1127 Dianam
1948 1101 2031 1131 atque
2055 1092 2211 1130 Apollinem
2237 1088 2307 1118 Delo
2323 1088 2447 1125 genitos,
2468 1086 2521 1116 esse
2580 1083 2604 1113 Η

1399 1142 1475 1179 apud
1487 1139 1513 1169 se
1524 1138 1695 1168 Cenchrium
1705 1145 1834 1171 amnem,
1856 1134 1950 1163 lucum
1964 1131 2109 1169 Ortygiam
2125 1151 2134 1164 ,
2155 1128 2204 1157 ubi
2229 1127 2363 1156 Latonam
2376 1130 2454 1162 partu
2467 1134 2522 1162 gra-

1399 1179 1493 1208 vidam
1505 1200 1512 1212 ,
1535 1179 1559 1207 δι
1572 1175 1657 1209 oleae,
1679 1184 1740 1211 quae
1757 1180 1818 1203 tum
1836 1173 1920 1202 etiam
1933 1175 2063 1205 maneat,
2090 1166 2214 1197 adnisam
2226 1187 2234 1201 ,
2256 1161 2372 1195 edi-disse
2386 1162 2521 1199 numina,
2579 1159 2596 1198 ll

1400 1218 1572 1252 deorumque
1585 1213 1694 1243 monitu
1705 1212 1838 1241 sacratum
1851 1218 1959 1239 nemus.
2578 1202 2580 1210 ¹

1364 1255 1410 1285 Cu
1420 1265 1439 1284 N
1450 1264 1467 1283 c
1479 1264 1497 1282 Η
1508 1264 1521 1282 a
1534 1263 1550 1282 o
1560 1262 1582 1281 Ν
1592 1274 1600 1286 ,
1621 1252 1638 1280 i.
1661 1260 1689 1279 n.
1710 1250 1872 1279 Adamantis
1892 1256 1980 1284 genus
2000 1245 2039 1276 est
2049 1266 2057 1279 ‚
2078 1242 2154 1281 quod
2171 1241 2203 1271 sit
2223 1238 2294 1270 milii
2319 1237 2521 1276 magnitudine.

1399 1295 1516 1331 nime&
1528 1291 1603 1320 enim
1615 1288 1725 1318 milium
1736 1287 1845 1317 dicitur.
1869 1286 1938 1315 Plin.
1958 1284 2007 1314 lib.
2022 1291 2065 1318 37.
2078 1291 2138 1318 cap.
2150 1291 2177 1315 4.
2423 1310 2426 1312 Ὗ

1361 1331 1435 1361 ΟΕΝ
1446 1340 1463 1359 D
1475 1340 1488 1358 a
1499 1338 1514 1358 v
1526 1340 1533 1357 1
1543 1338 1563 1357 A
1574 1350 1582 1363 ,
1604 1337 1634 1357 ae.
1656 1326 1673 1355 f.
1697 1325 1776 1355 Palus
1787 1325 1816 1354 in
1831 1324 1978 1358 Phoenice,
1999 1322 2070 1350 intra
2078 1319 2181 1348 montis
2197 1315 2317 1346 Carmeli
2338 1314 2444 1344 radices
2456 1335 2464 1348 ,
2484 1322 2520 1346 ex
2576 1347 2577 1350 Ἴ

1399 1378 1451 1405 qua
1463 1367 1584 1397 creditur
1594 1364 1667 1394 nasci
1677 1363 1758 1393 Belus
1768 1363 1857 1393 amnis
1869 1384 1877 1398 ,
1898 1361 2022 1398 quinque
2038 1370 2059 1387 M
2076 1356 2142 1395 paff.
2157 1355 2245 1393 spatio
2256 1355 2285 1384 in
2296 1362 2372 1383 mare
2380 1351 2522 1390 perfluens
2576 1355 2580 1375 ἲ
2592 1371 2604 1387 ,,

1399 1407 1477 1442 juxta
1490 1403 1690 1434 Ptolemaidem
1703 1402 1851 1431 coloniam.
1874 1400 1914 1429 Ex
1927 1398 1994 1427 Plin.
2008 1396 2055 1426 lib.
2072 1399 2114 1431 36.
2130 1404 2161 1423 ca
2185 1416 2191 1422 .
2201 1397 2247 1422 26.
2576 1388 2580 1414 Γ

1362 1443 1385 1475 C
1396 1448 1411 1474 Ξ
1422 1454 1441 1473 N
1452 1445 1514 1472 {TA
1525 1464 1533 1478 ,
1555 1452 1586 1471 ae.
1609 1441 1628 1470 f.
1651 1440 1773 1476 [Κενηὶε]
1794 1438 1861 1469 Filia
1872 1436 1969 1467 Cenei.
1991 1434 2075 1466 Ovid.
2091 1443 2133 1462 10.
2178 1438 2215 1461 et.
2227 1435 2290 1466 609.

1452 1481 1532 1511 Talia
1541 1481 1683 1510 dicentem
1694 1477 1772 1509 molli
1787 1476 1891 1506 Ceneia
1898 1474 1978 1504 vultu
2058 1470 2171 1509 Aspicit.
2240 1468 2342 1507 legitur
2362 1464 2518 1497 Schoeneia.

1399 1520 1431 1549 V.
1454 1530 1473 1548 A
1482 1529 1502 1547 T
1510 1529 1529 1547 A
1537 1530 1553 1547 L
1562 1528 1581 1547 A
1591 1527 1611 1547 Ν
1620 1527 1640 1546 T
1647 1526 1677 1546 A.

1362 1558 1528 1592 caurus,
1551 1556 1583 1586 In
1603 1562 1764 1584 CAENEUS.

1362 1597 1384 1625 C
1394 1600 1409 1625 Ξ
1419 1597 1488 1624 ΝῑΝ
1498 1602 1516 1622 A
1528 1616 1536 1630 ,
1556 1604 1587 1623 ae.
1610 1593 1629 1622 f.
1649 1591 1720 1622 Urbs
1730 1600 1790 1629 quae
1799 1588 1853 1619 fuit
1861 1587 1953 1618 vicina
1962 1586 2060 1617 Romae
2069 1606 2077 1621 ,
2097 1594 2113 1614 a
2126 1584 2224 1615 Cenite
2238 1580 2395 1613 conditore.
2417 1578 2525 1611 Festuss
2541 1584 2548 1604 i
2592 1590 2601 1611 η

1400 1634 1434 1663 Et
1446 1633 1529 1663 Ovid.
1543 1642 1569 1661 2.
1582 1631 1648 1661 Fast.
1664 1639 1693 1667 13
1702 1640 1726 1665 5.

1477 1671 1520 1700 Te
1530 1670 1629 1700 Tatius
1644 1690 1652 1705 ,
1673 1667 1806 1706 parvique
1816 1664 1902 1695 Cures
1915 1686 1925 1700 ,
1946 1662 2109 1699 Ceninaque
2122 1660 2213 1691 sensit.
2290 1657 2327 1689 V.
2357 1657 2442 1687 etiam
2455 1655 2517 1686 Pro·

2591 1723 2604 1754 *l

1399 1715 1468 1748 pert.
1481 1720 1507 1745 4.
1522 1718 1564 1738 11.
1577 1718 1603 1744 9.
2576 1699 2577 1715 ἒ

1362 1746 1494 1782 CsNis,
1520 1747 1553 1776 In
1571 1752 1697 1775 cffiNis.
2574 1743 2598 1762 -.i

1362 1786 1385 1815 C
1397 1795 1436 1814 EN
1447 1789 1486 1814 ῑτ
1495 1795 1509 1814 r.
1518 1795 1529 1814 s
1541 1807 1549 1820 ,
1570 1784 1602 1813 is.
1622 1793 1659 1812 rn.
1681 1781 1738 1810 Viri
1756 1779 1902 1819 proprium
1913 1799 1921 1813 ‚
1942 1777 1990 1815 qui
2003 1775 2139 1806 Ceninam
2151 1773 2249 1804 urbem
2264 1770 2402 1803 condidit.
2420 1768 2520 1799 Festus.
2570 1778 2598 1800 ..η

1363 1824 1385 1852 C
1395 1833 1409 1852 iz
1420 1833 1441 1852 N
1450 1833 1467 1852 o
1477 1834 1497 1852 M
1508 1833 1526 1852 A
1537 1832 1556 1852 N
1567 1831 1587 1851 N
1598 1832 1623 1856 1,
1640 1829 1728 1849 orum.
1750 1829 1788 1848 m.
1831 1818 1849 1846 l.
1869 1815 2044 1853 [Κειομρινοὶ]
2065 1813 2161 1844 Galliae
2169 1811 2281 1841 Celtica:
2292 1811 2345 1840 sive
2354 1808 2517 1846 Lugdunen-
2574 1809 2597 1839 ,¹:1¹

1399 1861 1432 1890 sis
1444 1860 1541 1898 populi
1552 1859 1634 1897 vulgo
1648 1856 1789 1887 notissimi.
1840 1864 1920 1884 orum
1936 1853 2066 1883 meminit
2082 1852 2152 1881 Plin.
2167 1850 2216 1880 lib.
2229 1860 2256 1886 4.
2272 1858 2334 1886 cap.
2349 1852 2392 1881 18.
2415 1844 2478 1875 Caes.
2490 1851 2517 1881 7.
2570 1854 2604 1889 pff„

2574 1897 2575 1908 i
2592 1890 2603 1907 ,Ν

1399 1899 1468 1936 Bell.
1482 1898 1551 1929 Gall.
1565 1907 1610 1934 75.
1632 1896 1740 1926 Horum
1751 1894 1826 1931 regio
1836 1893 1920 1930 vulgo
1936 1895 1970 1919 Le
1986 1892 2083 1919 Maine.

1399 1933 1745 1967 Fuerunt&Cenomanni
1759 1931 1843 1962 Italiae
1852 1929 1952 1969 populi
1964 1951 1973 1965 ,
1994 1928 2023 1957 in
2045 1936 2163 1965 quorum
2184 1935 2250 1964 agro
2271 1924 2410 1953 Cremona
2428 1920 2479 1950 fuit
2493 1920 2520 1950 ἀ
2567 1947 2570 1960 ,
2586 1938 2592 1950 .

1420 1976 1511 2005 Brixia
1523 1997 1531 2010 ,
1552 1974 1654 2003 eodem
1665 1971 1755 2001 Plinio
1774 1971 1885 1999 auctore
1901 1968 1948 1997 lib.
1963 1976 1988 2005 3.
2000 1976 2061 2003 cap.
2076 1976 2118 2001 19.
2158 1964 2192 1994 V.
2212 1964 2270 1993 Liv.
2292 1974 2315 1998 ς.
2328 1971 2371 1997 35.
2570 1961 2581 1997 ly

1363 2013 1385 2042 C
1396 2022 1411 2042 ε
1421 2024 1440 2042 Ν
1449 2023 1466 2042 o
1476 2023 1496 2042 T
1506 2023 1525 2042 A
1533 2023 1547 2041 P
1557 2022 1577 2041 H
1586 2023 1595 2040 1
1605 2021 1624 2040 υ
1632 2021 1653 2039 M
1665 2032 1673 2045 ,
1701 2010 1719 2039 i.
1742 2018 1770 2037 n.
1802 2005 1989 2043 [κενοτάφιον]
2020 2003 2217 2041 Imaginarium
2238 2000 2395 2039 sepulcrum
2409 2007 2416 2027 :
2438 1994 2518 2033 quale
2571 1994 2582 2022 ⁴>

1400 2051 1529 2089 Virgilius
1540 2048 1671 2079 describit
1683 2057 1707 2083 3.
1719 2047 1780 2077 AEn.
1794 2054 1856 2082 301.
2522 2048 2524 2050 v

1480 2089 1614 2118 Solennes
1624 2092 1685 2116 tum
1694 2086 1765 2114 forte
1775 2084 1860 2121 dapes
1871 2083 1896 2112 ἃ
1907 2080 1990 2110 tristia
2007 2080 2081 2109 dona
2092 2101 2100 2115 ,
2120 2079 2173 2108 &c.
2251 2076 2316 2113 Quo
2327 2074 2391 2104 loco
2409 2071 2517 2102 Servius
2564 2071 2585 2103 12¹,

1399 2125 1555 2157 Tumulum
1565 2127 1676 2154 inanem
1686 2146 1695 2158 ,
1717 2120 1923 2159 Cenotaphium
1934 2118 1988 2148 effe
2000 2118 2077 2147 dicit.
2107 2116 2200 2146 Graece
2215 2113 2278 2141 κειὶις
2288 2113 2377 2142 inanis
2394 2111 2516 2140 diciturt
2564 2122 2580 2142 ν,

1400 2167 1427 2196 ἃ
1438 2162 1528 2199 πέφίῷυ
1539 2163 1711 2202 sepulcrum:
1735 2160 1811 2199 unde
1821 2167 1925 2188 nomen
1935 2155 2129 2194 compositum.
2169 2153 2322 2183 Suetonius
2333 2148 2520 2179 Honorarium
2564 2145 2565 2151 ¹

1400 2202 1540 2233 tumulum
1551 2200 1675 2239 appellat
1687 2200 1716 2228 in
1727 2197 1847 2228 Claudio
1859 2218 1867 2231 ,
1889 2205 1949 2233 cap.
1967 2205 1989 2223 1.
2019 2194 2151 2223 Ceterum
2174 2190 2304 2227 (inquit)
2324 2187 2461 2217 exercitus
2470 2184 2519 2213 ho-

1400 2241 1540 2270 norarium
1548 2241 1573 2269 ei
1585 2238 1724 2268 tumulum
1735 2235 1867 2266 excitavit
1879 2243 1886 2263 :
1907 2235 1980 2262 circa
1992 2241 2075 2269 quem
2085 2231 2218 2267 deinceps
2228 2229 2295 2257 stato
2306 2226 2352 2255 die
2371 2222 2517 2262 quotannis
2562 2221 2570 2256 ίΞ

1400 2279 1481 2308 miles
1490 2279 1664 2311 decurreret,
1687 2274 1893 2310 Galliarumque
1904 2271 2030 2300 civitates
2046 2268 2160 2307 publice
2172 2266 2367 2304 supplicarent.
2408 2260 2516 2298 Quibus

1401 2316 1492 2346 verbis
1504 2315 1634 2353 significat
1647 2312 1855 2349 Cenotaphium
1870 2308 1956 2339 Druso
1967 2309 1996 2337 in
2008 2306 2156 2337 Germania
2170 2305 2328 2334 extructum
2339 2324 2346 2336 ,
2369 2309 2452 2337 quum
2461 2307 2518 2327 cora·
2561 2319 2580 2335 Μ

1399 2364 1454 2422 pus
1464 2355 1522 2390 ejus
1532 2354 1648 2383 Romani
1662 2352 1810 2380 devectum
1818 2348 1893 2377 effer.
1933 2346 1978 2375 Sic
1988 2345 2080 2375 vocari
2091 2343 2202 2382 possunt
2214 2342 2301 2371 hodie
2312 2362 2319 2374 ,
2342 2347 2407 2376 quas
2424 2340 2518 2374 reprae·
2566 2343 2567 2359 1
2582 2357 2586 2363 .
2601 2344 2604 2363 ε

1412 2392 1605 2421 curationesin
1616 2387 1808 2419 anniversariis
1821 2384 1944 2422 exequiis
1956 2392 2096 2413 vocamus.
2118 2381 2186 2411 Haec
2203 2389 2238 2410 ex
2258 2379 2369 2408 Buriaeo.
2410 2374 2517 2404 Florem
2560 2403 2561 2407 ,
2600 2382 2604 2401 i

1400 2431 1475 2459 tinus
1488 2430 1516 2458 in
1530 2430 1549 2458 1.
1562 2433 1786 2458 monumentum.
1799 2424 1831 2454 D.
1844 2424 1879 2452 de
1897 2422 1973 2459 relig.
1987 2420 2123 2458 &sumpt
2135 2419 2195 2448 fun.
2211 2418 2429 2448 Monumentum
2439 2419 2518 2450 gene·
2600 2412 2604 2439 l

1400 2468 1491 2497 taliter
1501 2477 1543 2496 res
1556 2467 1593 2496 est
1605 2465 1745 2495 memoriae
1755 2462 1834 2492 causa
1849 2461 1879 2490 in
1888 2460 2026 2498 posterum
2036 2458 2163 2496 prodita:
2186 2457 2216 2485 in
2234 2465 2287 2493 qua
2304 2453 2321 2482 si
2338 2460 2456 2489 corpus,
2473 2447 2515 2478 vel
2558 2458 2565 2497 '¹
2579 2457 2582 2464 ¹
2599 2458 2604 2476 i

1400 2506 1523 2543 reliquiae
1534 2502 1745 2535 inferantiir,i‘iet
1754 2500 1930 2538 sepulchrum
1942 2507 1947 2527 :
1960 2497 1977 2526 si
1987 2507 2052 2526 vero
2062 2494 2132 2524 nihil
2142 2504 2239 2524 eorum
2249 2493 2390 2524 inferatur,
2399 2488 2450 2517 erit
2458 2495 2515 2516 mo·
2558 2491 2571 2523 γ’
2585 2479 2604 2514 “i

1402 2549 1567 2573 numentum
1581 2541 1721 2570 memoriae
1733 2538 1811 2568 causa
1822 2538 1940 2566 factum:
1964 2535 2039 2572 quod
2054 2533 2141 2563 Graeci
2155 2530 2358 2568 cenotaphium
2368 2524 2514 2564 appellant.
2558 2532 2559 2535 ¹
2582 2496 2604 2596 ῨΓ

1364 2582 1508 2612 crus-ro
1522 2603 1530 2615 ,
1552 2580 1600 2615 ui,
1622 2579 1682 2607 sum
1693 2600 1700 2610 .
1723 2575 1826 2613 [elopem
1838 2597 1846 2610 ,
1874 2573 1978 2609 νομίζω,
1998 2572 2088 2607 algida]
2112 2573 2166 2600 Ere.
2189 2570 2285 2599 Putare
2305 2565 2452 2604 fignificat,
2471 2570 2516 2591 au·
2556 2575 2557 2595 1
2597 2573 2604 2591 ii

1401 2621 1476 2649 {rore
1487 2618 1579 2647 Festo:
1602 2617 1655 2646 sive
1667 2615 1807 2649 Arbitrari,
1830 2618 1861 2642 ut
1871 2612 1931 2642 vult
1940 2611 2074 2640 Donatus.
2096 2609 2161 2639 Ter.
2176 2606 2292 2645 Adelph.
2302 2616 2330 2641 4.
2341 2613 2367 2633 2.
2380 2612 2424 2638 40.
2447 2599 2514 2629 Cen·
2556 2606 2557 2626 1
2578 2597 2589 2631 π’

1400 2657 1455 2685 sen'
1468 2657 1612 2685 hominem
1624 2664 1669 2683 me
1681 2653 1735 2682 effe
1744 2653 1758 2681 ‘i’
2565 2647 2568 2650 ’
2583 2634 2589 2648 ’

1401 2695 1519 2724 Censere
1531 2696 1555 2723 ot
1568 2692 1694 2722 Arbitrari
1705 2698 1811 2720 veteres
1823 2686 1989 2724 cognatione
2001 2684 2120 2723 quadam
2133 2705 2141 2718 ,
2162 2682 2236 2712 socia
2252 2690 2284 2710 ac
2293 2678 2388 2708 similia
2397 2677 2450 2707 effe
2460 2682 2517 2704 ver-

1419 2733 1453 2761 ba
1466 2732 1621 2761 voluerunt.
1644 2730 1728 2759 Varro
1737 2729 1771 2757 de
1781 2725 1888 2763 Repub.
1900 2724 1949 2753 lib.
1961 2734 2006 2754 20.
2030 2722 2117 2760 Quod
2127 2720 2241 2752 verbum
2251 2717 2350 2748 censeo
2370 2718 2396 2746 ἃ
2405 2713 2516 2745 arbitret
2554 2719 2555 2759 J
2577 2724 2582 2731 r

1421 2771 1495 2798 idern
1508 2769 1625 2798 valebat.
1653 2768 1691 2796 Ex
1703 2766 1800 2796 Nonio
1812 2786 1820 2799 ,
1841 2775 1867 2799 4.
1882 2768 1945 2797 838.

1400 2807 1574 2844 Magnopere
1585 2804 1693 2835 censeo.
1728 2804 1760 2833 In
1784 2813 1805 2832 M
1814 2812 1831 2830 A
1843 2811 1861 2830 G
1872 2810 1890 2829 N
1900 2811 1917 2829 u
1928 2810 1950 2829 s.

1399 2845 1507 2875 Sentire
1518 2847 1543 2874 oz
1555 2844 1675 2873 censere.
1716 2842 1774 2871 Cic.
1792 2840 1827 2869 ad
1837 2839 1912 2868 Brut.
1929 2848 1970 2873 ις.

1419 2884 1521 2919 quidve
1531 2882 1681 2911 censuerim
1689 2902 1697 2915 ,
1719 2877 1824 2908 audisse
1834 2885 1861 2906 te
1871 2876 1996 2905 arbitror.
2449 2901 2454 2907 Ι

1400 2921 1518 2950 Censere
1531 2921 1614 2949 etiam
1626 2918 1769 2957 proprium
1781 2915 2010 2945 eratSenatorum
2023 2933 2030 2946 ,
2052 2912 2077 2941 ἃ
2088 2909 2220 2947 significat
2230 2907 2396 2937 Decernere.
2417 2901 2512 2935 Plin.9.
2550 2917 2552 2935 3
2577 2911 2582 2927 :

1420 2959 1501 2996 Epist.
1516 2968 1540 2994 3.
1561 2957 1623 2993 ,Iam
1633 2956 1893 2991 censenditempus.
1933 2952 2011 2981 Dicit
2027 2948 2169 2979 Domitius
2179 2944 2344 2984 Apollinaris
2359 2936 2460 2971 Consul
2469 2938 2513 2967 de·
2554 2952 2555 2957 =
2579 2949 2583 2954 *

1419 2997 1547 3034 signatus.
1570 2996 1602 3025 Et
1614 2995 1715 3024 Lucan.
1727 3002 1750 3029 3.
1768 3001 1829 3027 109.
2550 2995 2551 3004 i

1593 3049 1630 3053 —
1640 3032 1733 3061 sedere
1743 3036 1834 3068 patres
1846 3026 1956 3057 censere
1966 3025 2070 3064 parati,

1491 3071 1519 3101 Si
1531 3079 1647 3109 regnum
1659 3092 1667 3104 ,
1690 3069 1707 3097 si
1720 3067 1825 3105 templa
1838 3071 1921 3102 petat.
2035 3063 2068 3091 ln
2082 3060 2137 3090 sine
2146 3058 2345 3089 sententiarum
2361 3054 2448 3084 Patres
2459 3048 2509 3080 hac
2553 3064 2555 3068 ·

1418 3110 1525 3139 solenni
1537 3109 1626 3138 forma
1639 3107 1804 3137 utebantur:
1827 3104 1904 3140 Qias
1915 3101 1952 3131 ob
1963 3111 2005 3130 res
2024 3101 2062 3130 ita
2073 3098 2171 3129 censeo
2184 3108 2192 3134 ⁴,
2225 3097 2266 3125 De
2276 3105 2308 3125 ea
2319 3103 2348 3123 re
2360 3093 2396 3122 ita
2409 3088 2511 3121 censeo.

1419 3148 1451 3176 V.
1482 3148 1547 3176 Sall.
1561 3146 1641 3175 Catil.
1653 3155 1712 3182 cap.
1730 3154 1770 3180 5¹·
1785 3145 1811 3172 ἃ
1824 3152 1865 3177 52.
1879 3147 1948 3170 extr.

1399 3184 1508 3215 Bellum
1519 3184 1638 3214 censere.
1682 3183 1738 3211 Liv.
1753 3192 1794 3211 io.
1811 3189 1851 3209 12.
1874 3178 1983 3208 Bellum
1997 3173 2167 3206 Samnitibus
2178 3173 2203 3202 δι
2215 3169 2347 3200 censuere
2361 3173 2465 3210 patres;
2485 3162 2512 3192 ἃ

1421 3222 1631 3260 populusjuffit.
1678 3220 1711 3249 Et
1729 3220 1804 3248 idem
1818 3225 1891 3253 μη).
1912 3215 2051 3253 Sulpicius
2062 3211 2166 3241 Consul
2177 3208 2314 3248 populum
2327 3211 2461 3236 concione
2468 3199 2512 3230 ad·

1417 3260 1665 3296 vocataalloquens
1676 3280 1684 3293 .,
1705 3258 1768 3293 quia
1783 3263 1873 3294 patres
1884 3275 1893 3289 ‚
1912 3254 1968 3286 ait,
1989 3250 2120 3281 censuere
2132 3269 2141 3284 ,
2161 3246 2323 3282 vosjubete.
2435 3277 2441 3284 ι
2482 3274 2490 3282 ·

1400 3298 1506 3327 Censeo
1523 3304 1561 3326 ut.
1599 3296 1664 3326 Caes.
1680 3306 1701 3325 i.
1717 3290 1781 3324 Bell.
1794 3292 1876 3323 Civil.
1890 3299 1916 3320 2.
1941 3291 1982 3320 M.
2001 3288 2125 3319 Calidius
2140 3284 2318 3319 censebat,ut
2329 3280 2510 3317 Pompeium
2544 3279 2547 3305 l

1419 3336 1478 3364 suas
1491 3336 1647 3373 provincias
1662 3331 1890 3371 proficisceretur.
2435 3351 2441 3358 ,
2466 3350 2472 3357 ,
2599 3346 2604 3352 .

1401 3373 1518 3402 Censere
1531 3383 1575 3402 ne.
1616 3373 1691 3401 Suet.
1711 3372 1776 3407 Aug.
1793 3379 1838 3404 9⁴·
1860 3368 1993 3397 Senatum
2004 3363 2172 3394 exterritum
2184 3357 2329 3392 censuisse,
2349 3363 2385 3385 ne
2397 3361 2455 3391 quis
2465 3347 2512 3379 illo
2543 3368 2546 3395 3
2574 3360 2579 3377 i

1419 3421 1493 3440 anno
1505 3412 1613 3448 genitus
1625 3410 1797 3439 educaretur.

1401 3447 1534 3482 Censere,
1556 3448 1666 3477 Dicere.
1706 3445 1792 3475 Plaut.
1804 3443 1890 3473 Stich.
1905 3448 2024 3476 ³·2-22·
2053 3438 2119 3468 Non
2136 3434 2240 3473 edepol
2260 3431 2378 3471 possum.
2399 3437 2427 3458 o.
2448 3421 2512 3464 quid

1420 3487 1552 3523 gravare‘?
1571 3485 1691 3514 censeas.
1732 3482 1842 3519 Legitur
1855 3481 1948 3509 aliter.
1970 3473 2075 3506 Censeo
2088 3484 2142 3504 eas.
2440 3502 2446 3508 ·

1401 3523 1510 3553 Censeri
1531 3523 1670 3559 [masida]
1690 3521 1721 3549 ln
1737 3519 1848 3549 censum
1860 3516 1957 3547 ascribi
1973 3525 1988 3544 a
2002 3512 2174 3543 Censoribus.
2194 3508 2227 3537 V.
2250 3518 2267 3537 c
2277 3516 2339 3537 ith
2349 3515 2365 3534 υ
2375 3515 2395 3534 s.
2416 3502 2471 3532 Cic.
2483 3508 2509 3535 4.
2542 3527 2543 3530 ,
2592 3515 2604 3543 ,3

1420 3561 1494 3590 Vcrr.
1509 3571 1519 3590 1
1530 3570 1571 3596 39.
1595 3560 1704 3596 Quinto
1716 3567 1826 3594 quoque
1835 3564 1908 3585 anno
1919 3553 2013 3583 Sicilia
2024 3559 2084 3581 tota
2095 3549 2230 3579 censetur.
2247 3552 2305 3574 erat
2313 3542 2392 3573 censa
2399 3541 2509 3570 Praetore
2540 3551 2542 3563 ι
2591 3559 2594 3577 1

1418 3599 1561 3628 Peduceo:
1576 3599 1688 3633 quintus
1699 3605 1788 3624 annus
1796 3602 1881 3632 quum
1891 3600 1918 3621 te
1931 3592 2049 3621 Pectore
2058 3585 2208 3619 incidisset,
2217 3582 2296 3613 censa
2307 3583 2400 3610 denuo
2409 3576 2506 3608 est.&c.
2540 3609 2542 3620 k
2574 3582 2577 3603 1
2591 3587 2604 3615 1„

1399 3637 1457 3666 Sub
1467 3636 1579 3665 lustrum
1591 3634 1702 3664 censeri.
1743 3633 1801 3661 Cic.
1819 3642 1841 3660 i.
1854 3632 1907 3659 Att.
1925 3635 1967 3663 18.
1977 3634 2046 3657 extr.
2069 3626 2112 3655 Ne
2132 3623 2228 3653 absens
2246 3619 2389 3651 censeare,
2410 3611 2508 3645 curabo
2539 3648 2541 3660 ‹
2591 3635 2595 3653 Ι

1419 3674 1590 3703 edicendum
1605 3674 1630 3702 ἃ
1641 3670 1857 3710 proponendum
1872 3667 1941 3696 locis
1955 3665 2096 3694 omnibus.
2135 3661 2192 3691 Sub
2202 3658 2316 3689 lustrum
2325 3663 2416 3686 autem
2423 3648 2509 3681 cense-

1419 3713 1441 3739 ri
1453 3733 1459 3743 ,
1482 3711 1604 3746 germani
1617 3708 1796 3747 negotiatoris
1808 3706 1854 3736 est.
1883 3705 1901 3734 i.
1915 3714 1940 3733 c.
1963 3703 2048 3732 Lustri
2059 3708 2196 3738 tempore.
2349 3731 2355 3737 ·

1399 3747 1503 3778 Praedia
1513 3748 1633 3777 censere.
1674 3748 1733 3776 Cic.
1747 3755 1799 3783 pro
1811 3744 1909 3774 Flacco
1921 3763 1930 3778 ,
1947 3747 1993 3775 80·
2014 3740 2046 3770 ln
2060 3748 2113 3776 qua
2130 3735 2205 3766 tribu
2216 3734 2336 3771 denique
2348 3730 2394 3760 ista
2411 3723 2508 3766 praedin
2538 3746 2539 3781 ᾗ

1418 3786 1543 3814 censuisti
1554 3787 1567 3813 ‘?

1400 3823 1583 3853 Territorium
1595 3821 1705 3851 censere
1717 3843 1725 3855 ,
1747 3830 1797 3858 pro
1810 3841 1818 3854 ,
1840 3818 1979 3854 imperare
1989 3813 2127 3843 territorio
2141 3809 2262 3841 censum.
2284 3807 2302 3837 l.
2319 3817 2342 3836 1.
2354 3804 2385 3834 C.
2396 3802 2427 3833 In
2436 3796 2505 3837 quib.-
2536 3835 2537 3841 ¹
2555 3843 2566 3848 ff
2588 3823 2604 3845 W

2536 3853 2538 3864 )

1420 3861 1492 3890 caus.
1509 3861 1607 3897 pignus
1620 3859 1663 3888 vel
1679 3859 1797 3896 hypoth.
1808 3856 1881 3885 tacit.
1900 3851 2048 3882 contrahit.
2460 3874 2466 3881 ,
2490 3873 2496 3879 ,
2536 3874 2537 3880 ¹

1401 3898 1520 3929 Modum
1531 3899 1587 3934 agri
1599 3897 1711 3926 censeri.
1750 3896 1807 3924 Cic.
1821 3903 1871 3931 pro
1879 3892 1996 3924 Flacco,
2010 3894 2055 3923 80.
2095 3887 2197 3916 Verum
2207 3884 2273 3916 este,
2295 3878 2423 3919 gloriosus
2431 3872 2508 3906 fuisti,
2536 3892 2537 3914 i
2587 3893 2604 3921 Vel

1418 3936 1528 3966 voluisti
1543 3944 1674 3971 magnum
1685 3933 1743 3971 agri
1753 3932 1871 3962 modum
1884 3927 2006 3962 censeri,
2028 3928 2055 3956 ἃ.
2070 3926 2130 3961 ejus
2139 3924 2198 3962 agri
2208 3922 2257 3960 qui
2273 3918 2360 3951 dividi
2372 3911 2508 3979 plelztimlss}
2535 3923 2537 3963 ς
2586 3937 2604 3965 w(

2001 2836 2044 2866 De
2063 2834 2161 2865 ceteris
2184 2831 2266 2863 rebus
2281 2828 2348 2868 quid
2368 2825 2513 2860 senserim,
2552 2838 2554 2876 ἰ
2581 2811 2604 2857 iii
