2604 4222
165 68 184 93 ‘1
191 64 238 100 42
601 47 629 82 Α
725 46 753 81 L
848 43 879 78 C

207 142 302 171 neque
314 133 333 162 si
346 142 402 169 quo
411 131 517 161 afflictae
524 129 586 160 casu
598 126 785 159 conciderunt
799 149 807 161 ,
827 126 932 162 erigere
942 121 997 152 sese
1008 126 1054 150 aut
1062 118 1203 162 sublevare
1211 114 1334 155 possunt.

208 172 263 202 His
275 171 455 200 siiiitarbores
467 179 517 207 pro
531 168 669 197 cubilibus
683 188 689 200 ,
711 165 746 193 ad
763 174 808 192 eas
826 163 880 192 sese
890 161 1048 199 applicant:
1071 164 1152 194 atque
1164 164 1202 184 ita
1221 154 1337 198 paulum

211 209 300 240 modo
314 208 452 237 reclinatae
460 207 582 244 quietem
592 205 714 241 capiunt.
738 211 854 238 quarum
868 210 902 228 ex
913 197 1030 234 vestigiis
1040 218 1047 231 ,
1068 204 1154 231 quun-i
1166 193 1203 222 est
1213 191 1338 221 animad-

212 247 320 277 versum
335 257 349 275 a
357 245 534 274 venatoribus
545 253 600 280 quo
614 243 640 271 se
650 242 772 278 recipere
783 236 987 268 consueverint,
1000 242 1099 262 omnes
1115 241 1149 260 eo
1161 231 1225 260 loco
1236 252 1243 263 ,
1264 235 1312 259 aut
1322 239 1338 258 a

213 285 353 315 radicibus
367 283 519 316 subruunt,
541 279 762 310 autabscindunt
779 277 888 304 arbores
902 296 910 310 ,
934 279 1044 301 tantum
1062 277 1092 299 ut
1111 269 1216 298 summa
1230 268 1338 305 species

214 333 307 352 earum
320 322 450 350 stantium
458 319 636 356 relinquitur.
668 316 731 345 Huc
742 322 829 351 quum
840 311 866 340 se
877 318 911 340 ex
923 308 1126 339 consuetudine
1132 305 1338 341 reclinaverint,

214 361 337 391 infirmas
344 359 454 388 arbores
465 357 590 395 pondere
600 355 734 391 affligunt,
747 358 829 388 atque
840 359 896 378 una
906 347 970 385 ipsae
982 346 1146 388 concidunt.
1160 344 1236 387 Plin.
1248 343 1296 373 lib.
1310 349 1336 375 8.

215 408 276 436 cap.
292 408 333 432 15.
355 396 513 434 Septentrio
528 395 580 423 fert
597 395 623 423 ἃ
638 399 773 428 equorum
785 397 881 425 greges
891 386 1013 415 ferorum
1027 406 1035 419 ,
1056 385 1125 412 licut
1134 384 1270 411 almorum
1281 381 1340 412 Asia

217 438 244 466 δε
260 436 349 465 Αίῗίοᾶ
364 444 370 463 ι
395 440 527 472 praeterea
544 431 637 464 alcen,
660 429 689 456 ni
704 426 859 464 proceritas
873 424 982 453 aurium
1000 424 1027 452 ἃ
1042 421 1156 451 cervicis
1173 420 1339 457 distinguat,

216 475 343 510 jumento
353 471 480 501 similem.
514 469 587 499 conf.
607 465 757 504 Spanheni.
771 463 807 492 de
823 461 912 492 Usu&
923 461 963 490 l’r.
975 460 1060 489 Num.
1073 458 1139 489 Diss.
1151 470 1176 493 4.
1196 468 1224 495 p.
1241 462 1300 494 196.

179 512 201 543 A
211 524 227 541 L
237 522 253 541 c
264 521 296 540 ss
307 521 326 538 ·i·
334 520 348 538 a
359 532 366 544 ,
395 507 537 545 [A'Mz'sn]
568 506 619 534 sive
635 505 654 533 A
665 514 681 530 L
690 512 706 531 c
716 512 729 530 Ε
738 511 750 530 s
760 511 779 529 *r
790 511 799 529 1
809 510 821 529 s
833 523 842 535 ,
876 499 931 528 filia
940 499 993 528 fuit
1006 498 1084 527 Peliae
1095 496 1290 526 Thessalorum
1301 506 1341 525 re-

227 550 274 579 ⁷isz
297 557 357 585 qua:
369 545 498 584 persuasis
510 555 524 573 a
535 543 638 573 Medea
652 539 790 569 sororibus
804 560 812 573 ,
832 544 864 567 ut
873 537 977 566 Peliam
989 544 1096 574 patrem
1106 534 1263 572 jugularent
1272 556 1279 567 .
1301 533 1342 562 so-

231 598 246 616 a
269 592 372 615 tantam
393 584 567 620 impietatem
584 579 690 609 abnuit.
730 577 810 606 Hanc
825 575 907 612 Jason
925 582 1037 604 mortuo
1050 573 1123 603 Pelia
1142 573 1244 610 nuptui
1263 572 1347 600 dedit‘

217 625 336 655 Admeto
347 623 404 659 regi
420 619 563 651 Tlieffiiliae
577 640 585 653 ,
606 624 637 646 iit
653 616 765 645 testatur
780 613 921 643 Diodorus
930 612 1040 642 Siculus
1051 612 1099 641 lib.
1116 622 1139 646 ς.
1160 620 1221 649 cap.
1233 620 1257 646 3.
1281 619 1342 646 quat

218 672 270 700 pro
279 661 330 690 viri
341 659 425 689 salute
433 658 459 687 se
474 656 557 686 morti
567 654 690 685 tradidit.
728 653 803 683 Nam
821 661 884 689 rege
903 656 1053 689 <egrotante
1068 648 1228 687 responsum
1244 648 1297 676 fuit
1307 646 1341 676 ab

219 699 332 729 oraculo
345 697 419 725 brevi
435 695 617 727 moriturum,
638 691 688 721 nisi
703 692 765 729 quis
784 690 939 720 amicorum
958 699 1009 726 pro
1024 698 1058 717 eo
1077 687 1160 716 morti
1175 686 1201 715 se
1211 686 1340 715 traderet.

219 737 305 774 Quod
322 744 407 772 quum
431 742 529 762 omnes
540 730 697 760 recusarent
710 752 718 765 ,
745 728 803 768 ipsa
823 727 1054 765 promptissimam
1072 725 1098 754 se
1116 723 1228 754 obtulit.
1270 722 1342 758 Lege

219 774 358 812 Euripidis
370 771 534 809 tragoediam
546 770 606 806 ejus
621 768 754 798 nominis.
795 766 929 797 Meminit
941 766 967 795 Sc
981 764 1080 800 Juven.
1093 766 1119 793 6.
1141 763 1196 793 Sat.
1209 766 1273 799 651.
1308 760 1339 790 V.

218 818 239 843 A
249 823 265 841 o
280 823 299 840 m
309 822 322 839 r.
330 820 350 838 *r
358 820 377 839 u
386 819 406 839 s.

218 850 322 880 Alceste
336 847 473 884 Pagasaea,
495 844 614 882 aPagasa
623 844 690 874 urbe
699 842 854 873 Thessaliae.
888 841 972 871 Ovid.
985 849 1010 877 3.
1022 840 1057 869 de
1069 839 1132 868 Arte
1142 838 1201 867 Ain.
1217 847 1260 873 19.

217 888 321 918 Alceste
336 886 361 915 T
364 884 472 914 lieiiala.
494 883 591 913 Claud.
608 883 638 912 in
652 881 766 911 Laudib.
779 881 873 910 Seren.
889 889 933 909 22.
953 887 995 914 13.

178 927 199 957 A
210 937 226 955 L
235 936 251 954 c
262 935 274 954 E
283 934 302 953 T
313 935 331 953 A
340 934 352 953 s
362 946 371 959 ,
391 922 515 960 Tharypi
523 921 596 951 filius
607 944 615 956 ,
636 931 652 950 a
662 920 754 958 quoin
764 919 898 956 Pyrrhum
908 926 994 953 usque
1007 913 1121 944 Achillis
1136 912 1236 948 filium,
1262 912 1342 950 quin-

216 963 310 992 decim
326 962 448 990 virorum
460 960 652 998 generationes
669 958 740 987 sunt.
779 956 891 987 Pausan.
913 956 943 983 in
953 954 1034 983 Attic.

216 1001 323 1031 Alcetas
339 999 488 1067 Mbacesdo,P
497 999 569 1042 inter
587 1006 704 1035 magnos
721 996 927 1033 vinipotatores
937 992 1068 1026 refertur,
1091 989 1125 1019 ab
1135 989 1248 1020 AEliano
1259 987 1292 1018 V.
1303 986 1339 1017 H.

235 1049 261 1069 2.
272 1048 318 1075 41.
344 1048 362 1067 u
383 1048 392 1066 i
433 1060 440 1066 .
490 1045 556 1066 eriz.

176 1079 199 1109 A
209 1089 225 1106 L
234 1087 250 1106 c
261 1086 301 1105 ΕΤ
312 1086 326 1105 E
336 1086 348 1105 s
360 1098 368 1111 ,
389 1074 515 1112 iirymbae
530 1073 603 1103 filius
612 1095 619 1107 ,
641 1071 755 1103 AEacida
771 1071 854 1100 fratre
873 1074 939 1097 natu
949 1067 1037 1102 major
1046 1088 1054 1101 ,
1075 1065 1251 1103 Epirotarum
1270 1073 1319 1093 rex
1331 1085 1340 1099 ‚

213 1115 261 1145 sed
273 1114 438 1152 impotentis
456 1112 607 1142 iracundiae
620 1111 677 1145 vir,
699 1117 781 1146 atque
794 1108 924 1136 idcircoa
940 1112 1017 1143 patre
1036 1103 1182 1141 expulsus,
1205 1112 1291 1139 quum
1310 1102 1341 1130 in

213 1153 341 1191 Epirotas
353 1161 464 1189 quoque
482 1150 574 1179 saevire
594 1159 626 1178 ac
642 1149 731 1177 furere
751 1146 908 1184 inciperet,
930 1144 1015 1172 noctu
1032 1141 1238 1179 conspiratione
1250 1140 1340 1174 fasta,

214 1202 270 1221 una
289 1200 353 1220 cuni
364 1190 459 1219 liberis
470 1188 505 1218 de
519 1188 613 1217 medio
628 1186 749 1216 sublatus
759 1184 804 1214 est.
848 1182 900 1212 Cui
912 1181 1058 1211 interfeffto
1071 1179 1193 1218 Epirotae
1207 1178 1340 1217 Pyrrhum

212 1229 333 1259 AEacidae
351 1227 441 1257 filium
457 1226 662 1256 substituerunt.
703 1222 813 1252 Pausan.
830 1221 859 1249 in
877 1220 981 1249 Atticis.

174 1268 197 1298 A
206 1279 222 1296 L
231 1277 249 1297 c
258 1277 277 1296 H
288 1278 297 1295 1
308 1277 326 1295 D
336 1276 356 1295 A
366 1276 378 1295 s
398 1265 526 1295 Rhodius
537 1286 545 1300 ,
564 1262 735 1300 Cupidinem
745 1260 854 1289 nudum
865 1257 1008 1287 Praxitelis
1017 1266 1101 1286 manu
1112 1256 1218 1285 factum
1230 1253 1341 1284 adama-

213 1306 273 1340 vit,
294 1312 377 1342 atque
388 1304 418 1332 in
435 1313 468 1332 eo
479 1302 579 1331 amoris
591 1300 734 1337 vestigium
744 1298 864 1335 reliquit.
887 1295 956 1325 Plin.
976 1295 1025 1325 lib.
1041 1298 1085 1331 36.
1106 1304 1166 1332 cap.
1183 1304 1207 1330 ς.

132 1377 135 1379 μ
174 1344 442 1376 ALcnimLLA,
465 1351 495 1370 ae.
518 1340 536 1369 f.
558 1338 652 1369 Herba
666 1338 789 1367 Tabern.
802 1346 829 1374 p.
843 1340 908 1369 248·

144 1394 145 1399 ¹
175 1383 199 1412 A
208 1393 224 1410 L
233 1391 279 1411 CH
290 1391 299 1409 1
308 1390 325 1409 o
335 1390 354 1409 Ν
366 1390 378 1409 r
387 1402 395 1415 ,
418 1381 432 1416 [
445 1378 568 1415 Α’λχιόνη]
588 1377 673 1407 Mons
687 1373 871 1405 Macedoniae.
893 1371 962 1401 Plin.
982 1370 1031 1400 lib.
1044 1381 1072 1406 4.
1086 1379 1147 1408 cap.
1162 1379 1205 1399 10.

174 1421 383 1450 ALCHYMIA
397 1440 405 1452 ,
447 1416 476 1446 V.
500 1424 716 1445 ARcHYM1A.

174 1458 248 1488 ALc
259 1468 267 1485 1
278 1467 292 1485 s
302 1467 311 1484 i
322 1466 367 1485 AD
378 1465 412 1485 ss
422 1477 430 1490 ,
452 1456 466 1491 [
480 1449 649 1487 mnissa'zbis]
670 1451 747 1480 Patre
763 1449 854 1479 Clinia
868 1453 948 1478 natus
963 1470 971 1483 ,
993 1452 1081 1476 matre
1093 1442 1269 1475 Dinomache
1279 1465 1286 1478 ,
1306 1447 1339 1472 ut

212 1494 376 1526 Plutarchus
386 1516 394 1528 ,
415 1492 459 1522 vel
469 1498 499 1521 ut
508 1491 613 1520 Plinius
624 1489 765 1527 appellat,
784 1488 947 1517 Demarate:
971 1486 1017 1514 Vir
1028 1482 1199 1514 Atheniensis
1209 1481 1338 1520 pulcher-

210 1534 299 1563 rimus
311 1554 319 1567 ,
341 1530 525 1561 nobililliniiis
539 1551 547 1564 ,
570 1530 596 1558 ἃ
607 1529 645 1557 rei
665 1527 772 1557 bellicae
783 1524 969 1564 peritissimus.
1025 1523 1078 1553 Sed
1098 1522 1199 1559 linguae
1215 1520 1268 1548 fuit
1280 1519 1337 1548 bal-

210 1570 385 1603 butieiitis.&
397 1568 514 1608 proinde
527 1573 634 1596 taxatus
644 1566 677 1595 ab
692 1564 872 1602 Aristophane
885 1562 1003 1592 Comico
1015 1561 1125 1591 duobus
1135 1559 1178 1589 his
1189 1557 1336 1593 versiculis

292 1606 346 1635 Εἶτ’
374 1603 525 1635 Ἀλνιῖιοὶὶᾚς
547 1603 592 1632 εἶτα
614 1603 674 1634 mess
698 1613 730 1639 με
751 1602 895 1636 φξοινλώ-οις·

292 1646 364 1681 όλᾷς
387 1648 497 1679 Θέωλον,
526 1639 562 1672 τὴν
577 1642 682 1674 servazii»
702 1637 806 1673 »φ’λοωως
820 1639 881 1673 ἔχει.

210 1684 315 1717 Author
331 1683 465 1713 Plutarch.
498 1681 583 1711 Omni
595 1680 727 1709 vitiorum
740 1687 841 1716 genere
850 1676 1042 1710 deformatus3
1065 1673 1114 1703 nisi
1126 1678 1262 1710 quantum
1271 1681 1338 1702 eum

211 1723 247 1753 ab
265 1722 320 1752 illis
335 1722 447 1751 retraxit
462 1718 608 1756 disciplina
621 1718 757 1752 Socratis,
779 1716 825 1745 cui
837 1715 863 1744 se
882 1713 1070 1744 erudiendum
1080 1712 1204 1742 tradidit.
1245 1711 1338 1740 Vitam

211 1762 272 1797 ejus
283 1759 394 1798 copiose
401 1758 505 1796 scripsit
515 1756 675 1786 Plutarchus
684 1754 888 1789 Graece,Latine
899 1761 1032 1791 perquam
1043 1750 1182 1788 eleganter
1190 1748 1338 1779 Cornelius

210 1799 318 1836 Nepos.
341 1797 432 1828 Multa
445 1798 481 1826 de
492 1795 593 1825 eodem
603 1794 723 1824 historici
735 1792 849 1831 paffim,
868 1790 998 1825 Thucyd.
1014 1789 1062 1818 li'o.
1087 1799 1110 1823 5.
1124 1788 1178 1825 seq.
1199 1786 1335 1825 Xenoph.

208 1837 271 1868 hist.
294 1836 342 1866 lib.
365 1846 387 1865 1.
410 1836 437 1865 Sc
454 1835 488 1863 de
506 1834 578 1863 Diet.
604 1834 630 1863 Sc
658 1832 732 1862 Faci.
752 1831 829 1861 Socr.
863 1829 964 1860 IElian.
980 1828 1040 1857 Var.
1060 1827 1129 1857 Hist.
1152 1825 1290 1856 Plutarch.
1307 1825 1337 1853 in

209 1875 398 1913 Apophtegm.
418 1873 485 1902 Plin.
498 1871 545 1901 lib.
559 1881 603 1907 34.
616 1881 676 1908 cap.
691 1877 716 1904 8.
741 1871 767 1899 δι
784 1879 845 1907 cap.
864 1877 908 1898 22.

211 1912 362 1944 Alcibiadis
373 1911 476 1946 Sileni,
498 1911 527 1939 in
536 1909 717 1948 proverbium
730 1907 874 1937 abierunt:
898 1915 954 1943 quo
963 1903 1061 1933 licebit
1072 1903 1113 1933 uti
1124 1902 1169 1933 vel
1177 1902 1212 1931 de
1230 1911 1259 1931 re
1276 1909 1337 1938 quae

229 1961 295 1981 cuni
304 1951 333 1979 in
342 1950 463 1988 speciem
472 1971 480 1984 ,
502 1950 528 1978 ὁὶ
538 1948 629 1986 prima
638 1952 650 1983 t
658 1947 733 1984 quod
741 1946 840 1979 aiunt)
856 1944 948 1973 fronte
955 1942 1016 1972 vilis
1027 1952 1058 1971 ac
1068 1940 1189 1970 ridicula
1198 1940 1336 1974 videatur,

228 1995 322 2019 tamen
335 1988 448 2017 interius
459 1996 490 2015 ac
507 1986 620 2024 propius
640 1983 844 2021 contemplanti
855 1982 885 2011 sit
902 1979 1086 2010 admirabilis:
1108 1979 1176 2014 vel,
1199 1978 1234 2007 de
1247 1977 1338 2006 homi-

227 2037 280 2062 ne,
303 2027 350 2064 qui
358 2026 453 2055 habitu
465 2025 598 2061 vultuque
606 2023 689 2061 longe
698 2023 791 2051 minus
802 2030 859 2059 prae
873 2019 900 2050 se
909 2019 978 2049 ferat
987 2041 994 2055 ,
1017 2027 1100 2056 quam
1111 2018 1143 2046 in
1159 2016 1254 2046 animo
1263 2015 1339 2045 clau-

229 2066 285 2095 dat.
326 2064 357 2093 V.
379 2063 478 2093 Erasm.
502 2062 573 2092 Chii.
593 2071 616 2098 3.
635 2071 659 2098 3.
682 2071 704 2091 1.

170 2105 247 2136 ALc
257 2113 307 2132 131
317 2113 336 2131 A
346 2112 408 2131 D1O
418 2111 454 2136 N,
486 2098 680 2137 [ἀλκιζιοέὸων]
701 2098 768 2128 duas
787 2097 843 2127 hoc
862 2095 978 2126 nomine
993 2093 1102 2133 plantas
1117 2096 1256 2122 memorat
1270 2090 1339 2120 Dio-

210 2141 278 2171 scor.
290 2140 339 2169 lib.
355 2151 380 2176 4.
394 2149 455 2177 cap.
470 2149 514 2174 24.
527 2140 606 2175 &27.

169 2180 194 2211 A
203 2191 220 2209 L
229 2189 247 2209 c
256 2190 266 2208 1
276 2189 290 2207 B
300 2190 309 2207 1
319 2188 336 2208 o
347 2188 366 2207 N
376 2200 383 2212 ,
406 2177 535 2213 [ἁλιιζιον
547 2177 561 2211 ]
583 2174 674 2206 Herba
683 2173 810 2205 adversus
819 2171 992 2211 serpentium
1003 2169 1108 2200 morsus
1122 2167 1280 2199 remedium
1290 2166 1337 2196 has·

210 2218 288 2247 bens.
311 2216 379 2246 Plin.
391 2215 438 2244 lib.
455 2224 497 2252 27.
513 2224 544 2244 ca
567 2237 571 2243 .
594 2225 617 2250 5.
1272 2234 1280 2237 -

171 2257 244 2288 ALc
253 2266 262 2284 1
273 2265 290 2283 D
301 2264 320 2283 A
331 2276 339 2290 ,
373 2249 514 2289 [ἀλκίᾶὶι]
545 2224 613 2282 Pera
625 2250 761 2289 stupenda
772 2272 780 2285 ,
803 2259 837 2278 ex
852 2253 924 2278 terra
935 2253 1000 2276 nata
1009 2268 1017 2282 ‚
1038 2245 1192 2284 plurimum
1206 2244 1277 2283 ignis
1298 2252 1334 2274 ex

211 2303 258 2323 ore
268 2302 382 2322 vomens
396 2314 403 2325 ‚
424 2291 546 2329 primum
564 2291 592 2318 in
614 2289 728 2326 Phrygia
737 2287 865 2326 apparuit
876 2308 884 2321 ,
900 2286 1045 2323 regionem
1063 2283 1203 2321 quandam
1222 2281 1338 2312 combu-

208 2340 273 2361 rens
283 2353 291 2366 ,
314 2340 373 2367 quae
387 2329 530 2366 hucusque
542 2328 636 2357 exusta
646 2326 762 2364 Phrygia
776 2326 850 2354 dicia
861 2324 907 2354 est.
950 2322 1060 2352 Deinde
1075 2321 1111 2350 ad
1125 2327 1252 2350 montem
1262 2320 1337 2350 Tau-

209 2379 271 2400 rum
288 2367 502 2401 transcenderis,
523 2366 609 2404 sylvas
628 2366 775 2394 continuas
790 2372 877 2400 usque
900 2361 936 2391 ad
950 2361 1035 2390 ludos
1055 2359 1191 2388 incendio
1210 2359 1334 2388 vastavit.

208 2406 389 2437 Postmodum
406 2415 456 2443 per
470 2414 544 2433 mare
565 2405 595 2432 in
619 2403 790 2433 Phoeniciam
812 2400 931 2432 reversa,
964 2398 1051 2437 sylvas
1072 2397 1171 2426 Libani
1188 2397 1333 2426 incendit:

209 2448 317 2484 perque
324 2444 473 2481 AEgyptum
484 2443 513 2471 in
522 2442 637 2480 Libyam
646 2441 771 2479 profecta
779 2462 786 2475 ,
802 2439 836 2468 ad
851 2439 913 2467 loca
922 2436 1050 2475 pervenit
1062 2435 1190 2465 occidua.
1231 2434 1336 2464 Postre-

210 2493 258 2513 mo
268 2482 350 2520 sylvis
361 2482 433 2510 circa
452 2480 587 2510 Ceraunia
597 2479 740 2509 destructis
757 2500 765 2513 ,
787 2478 922 2514 omnique
937 2474 1050 2504 incensa
1060 2473 1149 2512 patria
1159 2495 1166 2508 ,
1188 2482 1275 2510 quum
1286 2472 1336 2501 ho-

209 2521 300 2551 mines
315 2519 414 2558 partim
429 2518 540 2548 flamma
549 2517 687 2556 absumpti
697 2516 800 2551 essent,
821 2515 922 2553 partim
934 2514 1034 2542 timore
1043 2513 1160 2550 patriam
1172 2511 1335 2548 linquentes

209 2559 245 2589 ad
257 2557 405 2587 remotiora
415 2556 583 2593 diffugerent
598 2555 659 2585 loca
670 2578 677 2591 ,
697 2554 855 2584 Minervam
864 2554 958 2581 ferunt
967 2558 1029 2580 tum
1044 2550 1177 2588 sapientia
1188 2555 1248 2578 tum
1258 2549 1335 2577 forti-

209 2597 310 2627 tudine
320 2605 351 2624 ac
363 2594 466 2624 viribus
478 2594 574 2623 fretam
586 2616 593 2629 ,
615 2604 675 2623 eam
686 2592 794 2622 necasse
802 2614 810 2627 ,
832 2590 991 2629 pellemque
1002 2588 1108 2627 peiftori
1118 2586 1332 2621 circumdedisse,

208 2643 271 2665 tum
284 2634 396 2663 vestitus
412 2631 561 2670 tutelaeque
576 2632 700 2669 corporis
710 2631 794 2668 gratia
804 2652 812 2664 ,
833 2636 894 2658 tum
908 2628 943 2658 ad
960 2627 1069 2656 virtutis
1086 2633 1225 2664 partaeque
1240 2624 1334 2662 gloriae

208 2672 374 2702 memoriam
388 2670 596 2700 ostendendam.
617 2672 651 2700 At
662 2679 726 2699 vero
737 2668 840 2698 Alcidae
857 2672 945 2696 mater
953 2665 1039 2695 Terra
1051 2662 1208 2698 comniota,'
1216 2663 1334 2692 deorum

207 2710 299 2741 hostes
309 2732 316 2745 ,
339 2710 462 2746 gigantes
473 2708 583 2745 peperit
595 2718 601 2737 τ
624 2718 692 2745 quos
701 2706 878 2744 postmodum
892 2704 1144 2741 JupiterMinervae
1152 2701 1334 2738 Dionysiique

209 2759 242 2779 ac
256 2754 420 2778 caeterorum
434 2747 551 2775 deorum
563 2755 617 2783 ope
628 2745 740 2775 delevit.
781 2743 887 2773 Author
897 2742 980 2772 Diod.
996 2742 1050 2771 Sic.
1062 2740 1111 2770 lib.
1124 2751 1150 2776 4.
1163 2749 1225 2777 cap.
1238 2738 1288 2768 ult.

170 2788 343 2856 Affimm
353 2794 409 2820 As,
451 2783 580 2814 Luitator
612 2783 733 2821 insignis.
770 2782 838 2812 Stat.
870 2790 924 2819 1oe
945 2779 1036 2810 Theb.
1061 2789 1124 2816 500.
1150 2779 1177 2808 ἃ
1197 2777 1281 2808 Ovid.
1304 2786 1331 2814 7.

242 2830 277 2854 et.
303 2826 364 2860 369.

206 2863 364 2894 Alcidamas
380 2859 507 2895 Eleates,
529 2857 712 2895 Philosophus
726 2880 734 2893 ,
763 2859 790 2888 Sc
810 2856 916 2886 Rhetor
933 2854 1060 2893 inprimis
1084 2852 1186 2883 nobilis
1207 2851 1333 2882 Isocratis

225 2899 337 2938 aequalis
353 2908 385 2928 ac
403 2896 554 2935 discipulus
563 2897 670 2934 Gorgiae
680 2895 820 2925 Leontini.
844 2895 927 2924 Hunc
939 2892 1167 2960 inteffcriptores
1178 2891 1333 2920 Rhetoricae

224 2944 354 2969 numerat
369 2936 488 2973 Quintil.
504 2934 552 2964 lib.
573 2944 597 2971 3.
614 2945 674 2972 cap.
696 2945 718 2964 1.
759 2933 895 2964 Meminit
916 2931 1004 2961 Laert'
1028 2940 1039 2959 s
1061 2930 1090 2958 in
1110 2928 1282 2967 Empedocle
1306 2930 1333 2958 Sc

225 2977 382 3013 Protagora.
439 2974 465 3004 Is
478 2973 576 3002 mortis
587 2972 778 3002 laudationem
791 2971 908 3008 scripsit,
931 2970 1046 2999 authore
1061 2968 1119 2997 Cic.
1140 2978 1163 2997 1.
1185 2966 1268 2996 Tusc.
1286 2972 1331 3001 48.

224 3015 328 3046 Extant
343 3013 402 3049 ejus
416 3012 523 3049 aliquot
533 3011 681 3041 Orationes
695 3010 724 3038 in
735 3009 884 3038 Voluiiiine
899 3007 1065 3037 Orationum
1082 3006 1238 3035 Rhetorum
1260 3004 1334 3033 Aldi-

225 3063 272 3082 no.
308 3053 327 3081 A
343 3050 488 3080 nonnullis
505 3058 650 3088 perperam
661 3054 776 3078 vocatur
787 3047 954 3077 Alcidamus.
998 3045 1027 3075 V.
1049 3044 1128 3074 Fabr.
1148 3042 1219 3073 Bibl.
1240 3042 1328 3072 Graec.

226 3090 286 3120 Vol.
300 3090 320 3119 I.
355 3112 360 3118 .
373 3099 436 3125 900.
450 3093 509 3117 not.

169 3100 353 3163 ALciDizsp,
385 3122 550 3163 [Α’λκεὶὣης]
570 3123 706 3154 Hercules
719 3123 809 3152 dictus
818 3121 852 3151 ab
870 3120 960 3151 Alcaeo
975 3130 1043 3155 avo,
1065 3124 1143 3157 patre
1156 3119 1334 3157 Amphitryo-

206 3168 269 3202 nis,
291 3165 387 3195 Servio
413 3163 546 3193 authore:
575 3162 652 3192 Sane
674 3161 790 3191 Alciden
811 3160 947 3196 (inquit)
968 3157 1068 3187 volunt
1080 3157 1193 3195 quidam
1210 3157 1333 3191 dictum,

205 3204 256 3232 ἀπὸ
274 3204 313 3232 τῖς
330 3203 423 3237 danic,
443 3202 461 3231 i.
479 3211 503 3231 e.
526 3211 542 3231 a
558 3200 674 3230 Virtute.
697 3199 772 3237 quod
787 3207 842 3226 non
861 3197 1006 3235 procedit:
1029 3195 1094 3232 quia
1111 3205 1126 3223 a
1148 3196 1236 3232 prima
1254 3201 1334 3224 aetate

206 3244 263 3310 {loc
273 3251 386 3308 nome&
388 3239 486 3270 habuit
502 3239 536 3269 ab
547 3238 638 3268 Alcaeo
657 3244 735 3277 patre
752 3236 970 3274 Amphitryonis.
1009 3233 1053 3263 De
1063 3242 1118 3271 quo
1131 3232 1242 3263 Charon
1259 3232 1335 3271 apud

231 3281 255 3309 ir
275 3303 281 3309 .
306 3282 331 3308 6.
389 3288 415 3307 n.
440 3287 501 3313 123.

256 3290 273 3318 g
286 3317 348 3355 Nee
365 3325 430 3345 vero
444 3315 563 3345 Alciden
582 3323 629 3344 me
644 3312 706 3344 sum
726 3311 834 3342 laetatus
853 3315 968 3340 euntem

287 3353 427 3391 Accepiffe
442 3353 523 3389 lacu,
545 3354 598 3383 &c.

207 3392 304 3423 Clarus
322 3391 438 3421 Alcides.
460 3391 525 3420 Seri.

206 3430 304 3461 Clusus
315 3429 422 3459 Alcides
434 3429 560 3466 tempora
575 3428 653 3457 hiatu
666 3426 806 3456 Cleonaeo.
837 3425 856 3454 i.
875 3433 899 3453 e.
920 3422 1033 3452 Habetis
1044 3426 1128 3458 caput
1145 3421 1249 3450 testum
1260 3418 1335 3457 pelle

225 3469 316 3498 leonis
328 3467 459 3496 Cleonaei.
482 3466 539 3495 Val.
550 3465 623 3496 Flac.
640 3476 662 3494 1.
686 3467 786 3502 Argon.
801 3473 845 3502 34.
866 3461 936 3492 Tale
947 3462 985 3491 est
994 3459 1065 3490 illud
1073 3461 1187 3490 Senecae
1197 3459 1228 3489 in
1240 3458 1332 3488 OEth.

224 3505 389 3541 vallantque
408 3505 459 3533 feri
471 3510 601 3542 tempora
620 3504 727 3533 dentes.

205 3544 294 3574 Deus.
324 3544 388 3573 Scn.
411 3542 508 3571 Octav.
529 3554 555 3578 4.

206 3582 300 3612 Ferus.
332 3581 400 3610 Stat.
417 3585 442 3614 8.
465 3580 555 3609 Theb.
572 3590 596 3615 ς.

206 3619 331 3649 Insanus.
354 3618 438 3647 Ovid.
457 3628 482 3653 9.
506 3617 588 3655 Epist.
608 3626 668 3653 133.

207 3657 307 3687 La‘tus.
348 3654 521 3684 ValenFlac.
538 3665 560 3691 3.
586 3657 684 3692 Argon.
703 3656 768 3691 633.

206 3694 413 3731 Magnanimus.
437 3692 538 3721 Lucan.
551 3692 598 3721 lib.
611 3705 638 3728 4.

205 3733 334 3767 Magnus.
358 3731 430 3767 Virg.
451 3741 473 3765 5.
498 3730 557 3759 [En.
579 3739 640 3766 123.

203 3770 340 3801 Mortalis.
362 3769 425 3797 Seri.
454 3767 544 3797 OEth.
568 3778 609 3802 ¹5-

204 3808 277 3837 Pius.
300 3809 366 3836 Stat.
384 3810 408 3834 6.
432 3805 523 3835 Theb.
550 3811 615 3838 282.

204 3846 291 3875 Trux.
329 3842 445 3872 Martini.
462 3842 511 3871 lib.
533 3853 558 3877 9·
575 3849 619 3871 ιο.
644 3842 673 3870 in
691 3841 794 3871 Afrum.

163 3884 211 3916 AL
222 3887 259 3914 ci
268 3884 374 3912 inicii
387 3890 444 3917 us,
475 3880 565 3911 Pictor
589 3879 702 3910 nobilis.
750 3879 820 3910 Plin.
846 3877 896 3910 lib.
923 3886 966 3915 35.
980 3876 1050 3915 cap.
1072 3884 1115 3906 ιι,
1156 3871 1334 3905 Alcimachu·

1841 29 2132 69 Ate
2573 0 2604 87 4!

1430 109 1532 152 pinxit
1549 111 1742 158 Dioxippum,
1764 114 1810 151 qui
1828 115 1972 159 pancratio
1987 113 2121 153 Olympia
2133 114 2200 144 citra
2211 114 2332 153 pulveris
2346 114 2449 148 tactum
2464 110 2561 155 (quod
2600 102 2604 147 ¹:

1435 156 1539 178 vocant
1554 154 1662 182 nanim)
1684 158 1766 180 ViC1t:
1790 164 1858 181 »zaim
1881 152 2023 181 Nemeaea.
2599 154 2604 176 ¹!

1397 186 1614 229 ALcimfzos,
1636 188 1748 225 Phylaci
1772 189 1836 218 filia.
2500 213 2504 217 ‹
2550 189 2552 191 v
2599 198 2602 217 Ι

1435 224 1542 255 Fuit&
1567 225 1709 255 Alcimede
1728 237 1798 255 uxor
1822 226 1946 262 JEsonis,
1977 225 2124 262 &Jasonis
2150 233 2254 263 mater,
2276 234 2307 257 ut
2327 229 2410 258 tradit
2431 219 2567 269 pherecy-⁸.
2599 219 2604 263 l

1456 263 1514 291 des.
1534 301 1538 306 Ι
1569 264 1736 307 Quanquam
1755 264 1869 294 Homeri
1887 271 2027 294 enarrator
2050 264 2178 293 IEsonem
2192 288 2198 300 ,
2229 275 2263 294 cx
2280 265 2419 304 Polymela
2435 267 2563 302 Jasonem
2598 266 2604 283 ¹‘'

1456 300 1579 337 genuisse
1599 302 1699 330 lcribit.
1738 301 1797 331 Val.
1819 302 1908 332 Flacc.
1935 314 1957 332 1.
1994 303 2094 339 Argon.
2116 312 2177 339 317.
2203 304 2229 332 ἃ*
2250 304 2315 333 Stat.
2341 315 2363 339 ς.
2387 305 2476 335 Theb.
2499 315 2565 344 235.=

1399 338 1470 368 ALc
1481 350 1519 384 {M
1529 349 1542 383 ξ
1553 349 1570 367 o
1581 349 1593 367 r,
1604 349 1632 372 s,
1654 340 1738 368 Poeta
1753 341 1873 383 tragicus
1887 363 1894 374 ,
1917 340 2084 378 Megireniis
2099 363 2107 375 ,
2129 346 2161 369 ut
2176 339 2277 379 scripsit
2293 342 2401 372 Suidas.
2579 333 2589 357 ‘¹

1399 379 1420 406 A
1431 386 1543 450 L3C1EMIE
1553 386 1570 404 D
1580 387 1596 404 o
1607 386 1627 405 N
1638 399 1645 411 ,
1667 377 1813 415 Proprium
1829 377 1932 408 nobilis
1947 378 2059 408 artificis
2079 377 2214 408 caelatoris
2224 401 2232 415 ,
2254 381 2333 417 cujus
2349 381 2481 410 meminit
2490 380 2572 421 Virg.›

1459 437 1464 442 .
1507 424 1521 443 c
1535 437 1542 444 .
1557 424 1598 450 37.
2581 433 2587 439 .

1538 489 1543 494 ¹
1559 468 1597 472 -
1615 451 1719 490 pocula
1737 462 1841 491 ponam

1480 489 1597 534 Pagina,
1619 489 1747 519 caelatum
1760 491 1849 520 divini
1865 501 1936 530 opus
1952 491 2163 521 Alcimedontis.
2178 502 2179 505 ¹

1400 527 1588 570 ALCIMUS,
1619 528 1721 571 Orator
1745 530 1871 561 omnium
1892 530 1939 565 qui
1956 530 1986 558 in
2001 529 2106 558 Graecia
2125 536 2187 558 tum
2206 529 2361 566 florebant,
2383 527 2574 564 eminentiffim

1438 574 1519 609 mus,
1549 565 1685 603 Stilponis
1706 567 1831 596 Auditor.
1872 567 1953 604 Diog.
1974 567 2061 596 Laert.
2081 567 2129 597 lib.
2151 577 2177 597 2.
2211 569 2240 597 in
2262 569 2324 598 Vita
2343 569 2424 607 Stilp.
2454 570 2481 600 S.
2503 538 2599 608 114³}'i

1440 601 1486 638 [Si
1509 603 1596 631 modo
1616 603 1788 647 locus-sanus
1807 606 1861 641 est,
1884 605 1956 634 Cuni
1977 604 2064 634 altum
2083 605 2114 634 sit
2133 606 2209 644 apud
2229 607 2365 645 Antiquos
2381 607 2416 637 de
2435 607 2491 638 hoc
2505 604 2578 665 tan{

1438 646 1469 668 to
1490 647 1598 682 oratore
1612 641 1760 672 silentium.
2596 639 2597 642 Ἴ

1438 677 1562 721 Alcimus
1576 678 1720 722 'Lydorum
1741 690 1807 715 rex,
1829 682 1970 718 praecipua
1983 681 2095 718 insignis
2114 681 2217 718 pietate
2234 682 2403 720 ingenioque
2421 672 2578 714 mitiffimo'

1457 716 1519 745 fuit.
1560 716 1692 760 'l'rmride
1714 719 1839 747 universo
1861 720 1921 752 eius
1942 726 2069 756 tempore
2094 718 2178 755 Lydis
2198 720 2326 750 altisliiiia
2352 722 2472 759 contigit
2488 717 2550 759 paci
2576 716 2585 726 '-

1456 754 1659 791 tranquillitas.
1681 758 1707 786 δε
1725 756 1827 786 divitiae
1845 756 2075 786 affluentissimae:
2107 758 2134 786 ἃ
2156 758 2192 786 ita
2206 759 2320 795 quidem
2335 782 2343 794 ,
2374 766 2406 789 ut
2425 759 2547 797 intrepid

1456 799 1551 858 {igjeret
1568 794 1775 861 unusqigisque,
1797 795 1970 832 omninoque
1988 795 2058 824 citra
2076 794 2237 825 inlidiaruni
2254 796 2345 826 ullum
2358 804 2475 827 metum.
2498 797 2543 827 Cae

1469 841 1506 873 ¹:
1528 840 1568 859 10.
1594 841 1655 868 cap.
1688 843 1713 867 9.
2555 830 2560 844 ‘

1438 867 1581 911 Alcimus,
1602 870 1760 914 AE'aciiilius
1772 893 1781 906 ,
1802 879 1973 900 memoratur
1991 881 2006 900 a
2022 870 2169 900 Theocriti
2188 871 2347 902 Scholiaste.
2578 892 2589 903 ν,

1437 905 1561 949 Alcimus
1574 929 1582 941 ,
1605 907 1756 951 Hnistoricus
1773 931 1780 943 ,
1801 909 1911 939 Siculus
1929 919 2028 946 genere
2044 931 2051 944 ,
2074 909 2143 944 qui,
2176 915 2207 938 ut
2233 910 2380 940 Athenaeus
2413 911 2510 940 auctor
2528 921 2542 941 e
2560 905 2588 939 ³3³¹

1456 943 1507 988 lib.
1521 954 1568 989 .¹0.·
1585 944 1689 982 scripsit
1705 947 1854 976 Historiam
1873 947 1996 976 Italicam
2008 969 2015 981 ,
2039 947 2118 983 cujus
2130 947 2215 976 etiam
2226 947 2318 978 Festus
2343 948 2493 986 Pompeius
2511 959 2548 978 m·
2566 974 2567 977 ,

1457 988 1540 1026 minit
1556 993 1585 1011 in
1596 993 1620 1012 v.
1637 984 1734 1014 Roma.
1756 985 1831 1014 conf.
1845 985 1964 1015 Martial.
1984 984 2031 1014 lib.
2047 995 2069 1014 1.
2084 990 2129 1020 89.
2568 1002 2570 1007 ·

1436 1020 1561 1064 Alcimus
1580 1021 1685 1051 Rhetor
1698 1044 1707 1057 ,
1731 1032 1747 1052 a
1765 1023 1884 1052 Sidonio
1910 1022 2062 1059 Apollinari
2077 1045 2086 1058 ,
2107 1023 2268 1053 nominatus
2284 1035 2306 1058 ς.
2327 1023 2349 1054 Ε
2372 1024 2410 1054 ist.
2428 1034 2470 1053 10.
2493 1025 2521 1054 Sc
2536 1029 2553 1060 8
2570 1019 2580 1054 32

1457 1058 1541 1096 Epist.
1559 1069 1599 1088 11.
1611 1059 1718 1090 V.Voff.
1727 1070 1752 1090 c.
1769 1072 1792 1097 5.
1803 1061 1838 1090 de
1846 1061 1921 1090 Poet.
1933 1061 1989 1090 Lat.
2001 1065 2079 1099 p.63.
2093 1060 2168 1090 Inter
2184 1035 2595 1100 Profefforesffiurdigalensu,

1455 1103 1626 1126 memoratur
1637 1097 1670 1127 ab
1681 1098 1777 1128 Aiison.
1808 1099 1898 1128 Carni.
1913 1109 1937 1128 2.
1958 1101 1985 1129 ὁὶ
2003 1099 2036 1129 ab
2054 1099 2218 1136 Hieronym.
2237 1100 2268 1128 in
2284 1100 2387 1130 Chron.
2399 1100 2496 1130 Euseb.
2509 1097 2535 1130 la
2566 1122 2575 1131 Α,

1457 1135 1538 1178 datur
1556 1136 1591 1164 ad
1613 1138 1684 1166 Ann.
1711 1136 1810 1166 Christi
1827 1137 1959 1167 CCCLX.
2572 1157 2575 1163 ·

1436 1172 1536 1209 Junior
1553 1183 1587 1217 eo
1605 1174 1659 1203 fuit
1679 1174 1801 1205 Alcimus
1823 1175 1954 1205 Ecdicius
1969 1175 2064 1205 Avitus
2091 1174 2321 1214 Archiepiscopiis
2339 1175 2499 1206 Viennensis
2517 1185 2533 1216 q
2562 1174 2579 1207 ΞΔ

1456 1211 1582 1255 Zenonis
1602 1214 1628 1242 <Sc
1650 1212 1776 1242 Anastaiii
1796 1213 1971 1251 temporibus
1996 1213 2104 1249 claruit,
2126 1214 2210 1243 Poeta
2228 1213 2407 1243 Christianus.
2445 1213 2483 1243 Ut
2494 1204 2584 1252 ades]

1455 1255 1529 1278 inter
1548 1250 1686 1294 Alcimum
1710 1251 1875 1281 Rhetorices
1900 1251 2083 1281 Profefforem
2097 1274 2105 1287 ,
2136 1253 2163 1282 <Sc
2182 1251 2322 1281 Alcimum
2347 1251 2518 1290 Episcopum

1453 1287 1667 1333 Poetanitotitis·
1683 1289 1714 1318 sit
1727 1288 1812 1318 seculi
1823 1289 2011 1320 intervallum.
2063 1290 2154 1324 Huius
2176 1289 2307 1323 Poemata
2324 1299 2415 1326 quaere
2435 1290 2466 1319 in
2482 1283 2570 1322 Geor?v
2586 1281 2593 1310 ’ἵ

1455 1325 1575 1370 Fabripii
1592 1326 1682 1356 Poetis
1696 1326 1868 1357 Christianis.
1908 1328 2025 1357 Seorlim
2034 1328 2126 1357 edidit
2138 1328 2234 1364 Joach.
2248 1327 2393 1357 Zehnerus
2403 1350 2412 1364 ,
2434 1329 2461 1358 Sc
2471 1334 2560 1359 emei'

1459 1364 1596 1410 datissinie
1607 1374 1663 1393 una
1673 1375 1738 1394 cum
1752 1365 1880 1403 Epistolis
1893 1367 1952 1401 ejus
1967 1365 2022 1401 Jac.
2040 1366 2214 1396 Sirmondus.
2291 1393 2300 1398 ,
2541 1361 2571 1401 ᾗ..

1398 1403 1614 1438 ΑιειΝουε,
1647 1402 1834 1446 [justified
1870 1404 2016 1433 Nausithoi
2045 1403 2138 1440 filius,
2172 1403 2239 1433 teste
2271 1403 2397 1433 Homero
2418 1413 2444 1442 7.
2468 1404 2533 1442 Ody
2550 1406 2567 1432 ri

1436 1450 1486 1516 ἕξ(
1494 1440 1648 1508 aPrtiaeacum
1668 1451 1699 1470 in
1721 1440 1841 1479 Corcyra
1858 1441 1947 1472 insula
1964 1442 2142 1479 justissimus,
2173 1441 2287 1472 dicente
2319 1441 2435 1480 Orpheo
2466 1442 2498 1472 in
2518 1443 2581 1484 Aia:

1473 1488 1492 1508 n
1511 1489 1527 1507 u
1543 1501 1550 1508 .
2556 1476 2565 1498 '²'
2590 1483 2591 1489 ¹

1559 1532 1596 1538 —
1615 1514 1754 1553 κςαένειθοω
1769 1514 1936 1560 ὣκῖάῆτατῶ-
1949 1518 2076 1550 [ammaim.
2153 1518 2272 1556 Fuitque
2284 1518 2404 1556 diligens
2421 1499 2577 1559 hortorunili'
2590 1515 2591 1539 ἶ

1436 1554 1537 1585 cultor.
1580 1554 1772 1591 Quamobrem
1793 1555 1866 1584 dunt
1883 1555 1954 1593 Virg.
1972 1566 1998 1586 2.
2012 1556 2112 1594 Georg.
2130 1561 2173 1593 87.
2555 1555 2576 1587 λ’,

1515 1593 1674 1637 Pomaque,
1709 1594 1736 1623 &
1751 1592 1862 1623 Alcinoi
1881 1592 1969 1631 sylvae.
2030 1595 2048 1624 i.
2069 1604 2093 1624 e.
2124 1595 2241 1624 Arbores
2275 1594 2428 1631 pomiferae.
2473 1586 2575 1634 Hujuffi.

1434 1637 1568 1675 meminit
1590 1630 1680 1674 *Qvid
1708 1641 1751 1661 12.
1790 1631 1861 1661 Met.
1887 1635 1948 1668 565.
1998 1631 2102 1661 Ferunt
2123 1631 2224 1661 horum
2248 1633 2437 1671 pomariorum
2460 1635 2573 1689 tantan}

1432 1669 1513 1737 fuisge
1525 1667 1707 1741 lfertiligitem
1724 1691 1733 1705 ,
1754 1674 1786 1699 ut
1805 1670 1920 1699 maturis
1937 1670 2072 1700 frutribus
2086 1671 2153 1700 novi
2167 1671 2258 1700 statim
2284 1670 2473 1700 succederent.
2496 1664 2574 1716 Statssr

1437 1717 1462 1737 1.
1535 1717 1560 1736 v.
1597 1730 1602 1736 .
1645 1718 1667 1736 1.

1507 1717 1595 1789 yQuid
1607 1745 1693 1774 bifera
1711 1744 1819 1776 Alcinoi
1836 1744 1950 1774 laudem
1971 1740 2121 1783 pomaria?
2151 1756 2256 1783 vosque
2550 1717 2566 1766 l

1434 1819 1475 1850 rb
1516 1783 1573 1820 Qui
1591 1793 1735 1821 nunquam
1749 1783 1831 1813 vacui
1847 1783 1978 1821 prodistis
1993 1784 2023 1812 in
2043 1784 2145 1814 aethera
2165 1786 2259 1814 rami‘?
2298 1783 2435 1815 Meminit
2451 1786 2479 1815 ἅ
2492 1783 2567 1819 Plim'
2588 1796 2589 1800 ¹

1446 1832 1455 1850 i
1478 1845 1484 1850 .
1502 1831 1544 1857 19.
1562 1831 1622 1860 cap.
1643 1833 1668 1857 4.
2560 1819 2568 1826 ³
2587 1824 2590 1851 l

1433 1859 1544 1889 Alcinoi
1562 1859 1684 1889 mensam
1699 1865 1780 1889 vocat
1795 1858 1943 1897 Gregorius
1963 1859 2126 1898 Theologus
2147 1860 2183 1889 ad
2201 1859 2347 1895 Basilium,
2380 1860 2507 1891 Mensam
2523 1860 2564 1895 lu..
2588 1854 2589 1862 ¹

1454 1907 1492 1927 xu
1510 1897 1724 1941 redundantem.
1765 1898 1832 1927 Non
1845 1898 1881 1927 ad
1898 1897 2126 1937 Lotophagorum
2144 1899 2280 1937 inopiam,
2301 1898 2349 1928 sed
2361 1899 2471 1929 Alcinoi
2484 1909 2588 1930 men-»i

1454 1935 1518 1979 sam.
1542 1935 1642 1965 Erasm.
1664 1945 1694 1964 in
1705 1935 1823 1965 Chiliad.

1433 1973 1545 2017 Alcinoi
1565 1974 1709 2017 apologus.
1759 1974 1862 2003 dicitur
1883 1974 1918 2003 de
1936 1973 2028 2012 longis
2050 1975 2077 2004 ὃς
2100 1974 2222 2004 anilibus
2251 1974 2360 2005 fabulis.
2402 1975 2531 2005 Refertur
2545 1984 2562 2006 a

1452 2012 1652 2055 Diogeniasno,
1674 2010 1790 2055 &julio
1803 2011 1933 2047 Polluce,
1954 2011 2004 2042 lib.
2027 2016 2052 2042 6.
2074 2012 2225 2051 Sumptum
2245 2023 2280 2043 ex
2298 2014 2413 2046 Homeri
2432 2008 2569 2052 Odyssea..

1451 2050 1501 2079 ubi
1518 2049 1621 2088 Ulysles
1638 2060 1667 2079 in
1682 2059 1810 2079 convivm
1825 2050 1932 2079 Alcinoi
1946 2050 2092 2080 Phaeacum
2113 2052 2203 2089 regis,
2225 2051 2397 2090 prodigiosas
2413 2061 2445 2081 ac
2462 2052 2564 2084 ridicu*
2583 2052 2587 2082 l

1453 2087 1494 2131 las
1510 2087 1617 2132 fabulas
1628 2111 1636 2124 ,
1659 2089 1685 2118 6¹<
1701 2088 1858 2126 portentosa
1872 2089 2019 2118 mendacia
2032 2096 2234 2119 commemorat
2246 2091 2282 2119 de
2302 2088 2474 2128 Lotophagis
2485 2112 2492 2125 ,
2513 2089 2562 2119 Less
2574 2089 2587 2116 -l

1451 2126 1634 2170 stngombus,
1657 2126 1755 2170 Circe,
1786 2125 1956 2163 Cyclopibus
1969 2149 1976 2161 ,
1998 2133 2080 2164 atque
2095 2128 2124 2156 id
2145 2138 2231 2165 genus
2250 2128 2310 2158 aliis
2335 2127 2463 2166 plurimis
2483 2128 2565 2158 mira-‘i

1451 2164 1540 2200 culis,
1561 2164 1646 2194 fretus
1657 2163 1791 2194 videlicet
1804 2164 2080 2194 Phaeacuininscitia:
2104 2172 2134 2195 ut
2151 2166 2182 2195 sit
2195 2165 2306 2196 Alcinoi
2318 2165 2454 2203 apologus
2469 2188 2477 2200 ‚
2501 2160 2562 2197 ficta

1451 2203 1572 2232 narratio
1589 2203 1665 2240 apud
1678 2201 1827 2232 Alc'inoum
1841 2202 1942 2232 habita.
1984 2203 2047 2232 Hoc
2070 2203 2218 2241 proverbio
2232 2204 2295 2233 usus
2309 2205 2348 2233 est
2364 2203 2438 2233 Plato
2456 2204 2492 2233 de
2510 2203 2562 2249 Rq-

2564 661 2570 671 ,
2596 655 2597 658 ,

1473 2241 1579 2308 [Pilllpfizlgb.
1594 2251 1636 2271 10.
1690 2239 1774 2270 Haud
1785 2240 1835 2270 tibi
1854 2240 1914 2270 sum
1923 2248 2079 2271 narraturus
2089 2241 2198 2272 Alcinoi
2218 2242 2380 2281 apologum.
2412 2241 2514 2272 Erasni.
2529 2241 2560 2287 ig

1432 2302 1572 2347 Alcinous
1581 2316 1741 2355 Corcyraeus
1757 2300 1822 2353 '.ab
1845 2316 1934 2346 insula
1955 2316 2098 2355 Corcyra,
2130 2318 2161 2347 in
2191 2327 2245 2355 qua
2268 2308 2402 2356 regnavit.
2440 2295 2577 2358 Martiali*

1450 2354 1498 2384 lib.
1513 2361 1537 2389 8.
1552 2359 1596 2390 68.
2560 2360 2567 2374 i

1430 2392 1562 2436 Alcinous
1581 2392 1739 2423 munificus.
1763 2391 1846 2422 Ovid.
1859 2401 1884 2422 2.
1908 2392 1944 2422 de
1957 2392 2047 2422 Ponto
2059 2403 2085 2430 9.
2108 2393 2184 2431 quod
2198 2392 2320 2432 Ulyffem
2339 2392 2461 2432 hospitio
2476 2392 2562 2436 suscej

1450 2438 1532 2469 perit.
2541 2432 2564 2458 .’·.

1430 2469 1495 2500 Fuit
1518 2470 1587 2498 item
1609 2468 1740 2499 Alcinous
1755 2467 1937 2506 philosophus
1962 2468 2138 2504 Platonicus,
2169 2469 2216 2507 qui
2238 2469 2383 2507 epitomen
2400 2468 2577 2507 composuit.

1448 2508 1626 2551 decretorum
1647 2506 1787 2537 Platonis:
1826 2506 1871 2535 sed
1889 2506 1972 2542 liujus
1997 2506 2085 2536 libelli
2106 2517 2202 2536 verum
2226 2515 2371 2544 parentem
2391 2507 2444 2536 effe
2467 2506 2560 2550 Arimi}
2579 2513 2581 2533 ⁴

1449 2545 1620 2584 Didymum,
1638 2555 1713 2579 non,
1736 2553 1766 2574 ut
1784 2543 1970 2582 suspicabatur
1982 2545 2143 2575 Praefatione
2159 2546 2188 2574 in
2204 2546 2353 2575 Alcinoum
2367 2546 2424 2582 Jae.
2439 2544 2554 2582 Carpen*
2579 2539 2581 2555 ἦ

1447 2585 1564 2627 πτῶμ’
1596 2583 1750 2621 Didymuni
1773 2581 2006 2620 Alexandrinum,
2035 2583 2120 2613 docet
2138 2583 2268 2621 Theoph.
2292 2583 2435 2622 Raynaud.
2458 2564 2580 2643 Th'eoli‘l

1448 2623 1513 2652 Nat.
1530 2621 1598 2655 Dist.
1613 2632 1636 2651 1.
1662 2631 1689 2651 n.
1706 2631 1751 2657 42.
1789 2624 1852 2650 .61.

1390 2661 1540 2692 AteioN
1553 2682 1561 2696 ‚
1584 2659 1733 2703 [’:⁴’.‘’“⁰'²']
1755 2630 1903 2692 Alledieus,
1925 2658 1960 2687 de
1983 2668 2038 2696 quo
2061 2658 2172 2697 Joseph.
2200 2659 2294 2697 Antiq.
2314 2658 2424 2695 Judaic.
2443 2660 2493 2691 lib.
2515 2660 2556 2697 ις’.
2577 2650 2580 2700 i

1429 2709 1490 2737 cap.
1506 2708 1528 2728 1.
1566 2697 1702 2727 Scribitur
1720 2698 1824 2723 Ἀλκύων
1837 2716 1844 2729 ,
1866 2695 1980 2734 Alcyon.
2544 2696 2558 2729 >ei
2577 2702 2579 2709 ¹

1389 2739 1632 2805 Atplipi-iigoixcri,
1664 2733 1846 2772 [Ἀλκίφςων]
1866 2734 2024 2773 Magnesius
2039 2758 2047 2771 ,
2076 2734 2226 2765 Alexandri
2246 2735 2422 2774 temporibus
2439 2734 2560 2767 philos&
2576 2755 2577 2762 κ

1470 2785 1509 2805 us.
1569 2785 1597 2803 ui
1621 2783 1657 2803 as.

1389 2787 1565 2855 Agerinus,
1589 2811 1742 2847 [Ἀλκίππη
1751 2810 1768 2854 ]·
1786 2810 1848 2840 Una
1859 2820 1893 2840 ex
1905 2809 2061 2849 Halcyonei
2079 2811 2198 2849 gigantis
2215 2810 2324 2841 filiabus
2336 2833 2344 2847 ,
2366 2821 2427 2849 quae
2441 2810 2557 2850 Halcyon
2576 2786 2577 2831 l

1426 2852 1507 2881 nides
1518 2850 1598 2879 dit‘tae
1612 2849 1682 2879 sunt.
1722 2848 1830 2878 Suidas.
2538 2847 2555 2878 li
2575 2833 2578 2877 l

1425 2889 1545 2956 Alciprbe
1563 2911 1571 2924 ‚
1600 2886 1775 2925 [Ἀλκίππη]
1803 2885 1903 2917 Martis
1932 2886 1996 2916 filia.
2036 2885 2079 2916 De
2103 2886 2155 2916 hac
2174 2886 2239 2917 vide
2263 2885 2434 2923 Pausan.„in
2460 2887 2516 2918 Att.
2534 2885 2576 2924 θ’

1449 2938 1491 2963 19.
1543 2937 1562 2956 r.
2545 2928 2576 2956 ,ιχ

1426 2966 1559 3003 Alcippe,
1581 2963 1686 2994 Mulier
1697 2973 1758 3001 quse
1770 2962 1952 3000 elephantum
1962 2962 2079 3000 peperit.
2101 2961 2169 2992 Pliii.
2190 2961 2238 2992 lib.
2254 2971 2279 2999 7.
2291 2972 2351 3000 cap.
2367 2971 2390 2999 3.
2411 2963 2430 2992 i.
2444 2972 2467 2992 e.
2490 2962 2556 2994 Pue-
2573 2964 2575 2998 j

1446 3014 1508 3033 rum
1518 3012 1583 3036 cuni
1593 3003 1685 3039 capite
1703 3001 1885 3039 elephantino
1896 3023 1903 3035 ‚
1926 3009 1956 3029 ut
1966 3001 2036 3029 foi-te
2048 3006 2210 3038 portentum
2220 2999 2291 3030 illud
2302 3000 2349 3037 sit,
2371 3001 2447 3038 quod
2462 2995 2561 3035 Livius*
2574 2999 2576 3024 ἶ

1447 3052 1491 3079 27.
1516 3051 1556 3069 11.
1580 3042 1605 3070 δε
1623 3040 1680 3069 Val.
1702 3039 1777 3068 Max.
1791 3049 1814 3068 1.
1827 3043 1850 3068 6.
1868 3047 1892 3073 ς.
1905 3046 2023 3067 narrant.
2548 3042 2556 3065 (-
2573 3047 2574 3052 ¹

1428 3080 1555 3117 Alcippe,
1567 3079 1679 3107 Nomen
1690 3078 1727 3106 est
1736 3077 1840 3105 rusticae
1852 3075 1975 3106 mulieris
1983 3075 2139 3114 proprium,
2151 3076 2230 3112 cujus
2244 3075 2314 3114 saepe
2325 3078 2455 3108 meminit
2464 3066 2555 3108 The&

1448 3119 1532 3147 critus
1547 3138 1554 3152 ,
1577 3117 1603 3146 ἃ
1614 3116 1685 3153 Virg.
1696 3124 1721 3152 7.
1736 3114 1793 3144 Ecl.
1809 3125 1850 3150 14.

1390 3155 1595 3190 Aternus,
1625 3152 1828 3189 [ἸΑλκιππΘψ]

1427 3195 1498 3224 crita
1515 3193 1584 3221 duas
1610 3191 1727 3228 suscepit
1745 3189 1822 3219 filias.

1427 3242 1461 3261 ea
1472 3237 1655 3269 ageretquaee
1667 3227 1822 3265 Republica
1834 3227 1886 3256 ess'e
1899 3227 2086 3264 intelligeret,
2110 3237 2206 3256 eorum
2225 3227 2360 3257 invidiam
2378 3229 2408 3257 in
2421 3228 2447 3257 se
2461 3227 2553 3258 concta
2570 3234 2573 3263 ,¹

1427 3270 1496 3299 tavit
1506 3269 1552 3307 qui
1568 3267 1690 3309 adversas
1705 3266 1730 3294 ei
1744 3272 1834 3303 partes
1847 3266 1875 3293 i'n
1886 3265 2041 3302 Republica
2056 3265 2195 3294 fovebant.
2238 3265 2365 3301 Quorum
2376 3266 2446 3296 falsis
2456 3262 2554 3296 serm&-
2570 3267 2572 3286 5

1427 3307 1512 3337 nibus
1524 3305 1639 3344 perluali
1663 3304 1783 3342 Ephori,
1806 3302 1878 3332 velle
1898 3303 2047 3340 Alcippum
2070 3302 2145 3340 leges
2161 3302 2323 3338 dilllilvere,
2356 3304 2443 3333 exilio
2464 3300 2551 3334 virum

1427 3345 1588 3374 multarunt.
1613 3342 1706 3380 Itaque
1719 3339 1860 3370 exivitille
1869 3341 1973 3378 Sparta.
2014 3340 2174 3370 Damocrita
2188 3349 2253 3369 vero
2267 3350 2354 3376 uxor,
2378 3351 2438 3379 quae
2457 3342 2483 3371 se
2495 3341 2550 3374 viro

1428 3384 1563 3412 comitem
1589 3391 1646 3410 una
1665 3389 1729 3409 cum
1754 3377 1861 3408 filiabus
1884 3379 2008 3416 przebere
2034 3377 2141 3413 vellet,
2175 3377 2316 3416 prohibita
2341 3379 2386 3409 est.
2429 3379 2506 3417 Quin
2524 3377 2553 3410 &s

1428 3422 1490 3456 ejus
1516 3420 1592 3449 bona
1624 3417 1828 3456 publicarunt,
1860 3425 1895 3445 ne
1929 3417 1979 3446 dos
2000 3415 2154 3453 virginibus
2182 3415 2336 3453 supereffet.
2392 3417 2447 3446 Sed
2468 3411 2550 3454 quuiu

1426 3456 1559 3488 nonnulli
1579 3455 1685 3494 puellas
1705 3455 1753 3484 fibi
1774 3454 1810 3483 ob
1832 3461 1975 3491 paternam
2006 3454 2137 3483 virtutem
2158 3463 2258 3482 uxores
2277 3453 2448 3491 postularent
2465 3477 2473 3491 ,
2501 3455 2546 3484 Se}
2574 3452 2577 3459 ’

1426 3494 1636 3526 natusconsulto
1657 3494 1691 3523 ab
1712 3492 1835 3522 inimicis
1859 3492 1994 3529 prohibiti
2014 3491 2077 3520 sunt
2097 3489 2197 3520 uxores
2217 3491 2276 3521 illas
2296 3493 2442 3530 accipere:
2475 3492 2549 3530 quip·
2570 3517 2572 3519 .

1426 3544 1464 3572 pe
1490 3534 1538 3571 qui
1566 3534 1601 3562 de
1630 3531 1748 3569 ipsarum
1778 3539 1864 3559 matre
1892 3539 1989 3559 votum
2009 3530 2136 3558 dicerent
2155 3529 2299 3564 auditum,
2341 3537 2372 3558 ut
2401 3529 2451 3560 fibi
2471 3536 2551 3567 quam

1427 3572 1560 3609 ocyilime
1580 3570 1661 3599 liberi
1682 3579 1717 3598 ex
1737 3567 1845 3597 filiabus
1866 3567 2003 3596 orirentur
2017 3590 2024 3602 ,
2047 3567 2093 3604 qui
2113 3573 2221 3605 patrem
2239 3567 2421 3597 vindicarent.
2455 3568 2549 3604 Qium

1426 3609 1512 3647 igitur
1543 3608 1732 3644 undecunque
1762 3604 1923 3635 Damocrita
1952 3606 2177 3643 impugnaretur,
2205 3612 2386 3635 communem
2413 3605 2548 3644 quandam

1426 3649 1514 3676 totius
1535 3645 1635 3685 populi
1656 3644 1845 3674 celebritatem
1868 3643 2021 3672 observavit
2043 3665 2051 3678 ,
2084 3643 2119 3672 ad
2140 3652 2222 3680 quain
2251 3651 2311 3671 mos
2332 3649 2389 3672 erat
2407 3666 2416 3679 ,
2445 3649 2476 3672 ut
2494 3650 2547 3672 una
2576 3653 2577 3657 ¹

1426 3694 1492 3713 cuni
1531 3683 1686 3721 virginibus
1715 3680 1927 3717 domesticisque
1959 3681 2090 3710 omnibus
2125 3688 2207 3717 atque
2241 3680 2392 3709 infantibus
2421 3680 2548 3711 mulieres
2570 3680 2572 3687 ⁸

1427 3723 1619 3751 convenirent.
1680 3721 1750 3757 Qua:
1769 3728 1834 3748 vero
1855 3728 1888 3747 ex
1911 3717 2056 3748 nobilitate
2076 3717 2180 3753 essent,
2211 3717 2330 3747 seorsum
2351 3717 2413 3756 ipsae
2434 3729 2449 3748 a
2469 3724 2546 3748 crete-

1426 3760 1463 3788 ris
1484 3760 1513 3788 in
1534 3769 1634 3794 magno
1663 3758 1784 3796 quodam
1811 3756 1935 3785 androne
1964 3755 2174 3794 pernoctabant.
2244 3755 2285 3785 lbi
2313 3755 2360 3785 illa
2388 3756 2480 3791 gladio
2498 3753 2544 3786 sub

1427 3797 1501 3826 veste
1527 3799 1670 3831 accincta,
1703 3795 1819 3825 comites
1853 3793 1944 3823 secum
1972 3793 2040 3824 filias
2060 3794 2173 3829 educit,
2203 3795 2343 3830 noctuque
2364 3786 2399 3822 iii
2413 3793 2546 3831 templum

1426 3834 1632 3876 prgiliciscitur:
1662 3833 1860 3868 observatoque
1889 3839 2035 3869 tempore,
2070 3841 2124 3869 quo
2156 3840 2254 3860 omnes
2282 3831 2416 3868 mysteriis
2449 3828 2546 3860 intenti

1426 3872 1529 3908 client,
1551 3881 1638 3910 quum
1659 3870 1776 3902 occlusae
1795 3870 1868 3900 fores
1889 3870 1994 3907 client,
2024 3878 2154 3909 magnam
2173 3869 2314 3907 lignorum
2333 3869 2390 3900 vim
2408 3870 2485 3908 juxta
2503 3874 2545 3897 eas
2566 3864 2571 3883 Γ

2451 3905 2545 3937 conffl-
2560 3931 2569 3961 .'

1859 3151 1933 3181 Civis
1957 3150 2201 3186 Lacedaemonius,
2224 3151 2271 3188 qui
2291 3161 2325 3181 ex
2345 3162 2432 3182 uxore
2454 3151 2573 3182 Damo-

1876 3190 1899 3219 Is
1921 3200 2006 3226 quum
2025 3190 2051 3219 ἃ
2072 3190 2179 3227 optime
2200 3189 2305 3218 civitati
2332 3190 2506 3226 consuleret,
2526 3189 2552 3221 ἃ·
2572 3182 2573 3222 i

2560 3967 2583 3982 i

2560 3986 2582 3998 τ’

2560 4010 2581 4030 3.
