2600 4177
483 103 512 137 C
611 102 646 137 H
740 101 771 136 R

79 187 144 220 illos
154 183 321 224 nuncupasse
335 208 342 221 ,
361 184 464 221 fertur,
485 184 554 213 sicut
571 182 724 212 Alexander
738 182 859 212 Macedo
876 183 1085 222 Argyroaspidas
1104 187 1137 216 ab
1158 195 1197 216 ar-

83 226 189 262 genteis
201 225 314 262 clypeis.
336 224 434 252 Auctor
447 222 522 251 Alex.
533 222 567 249 ab
577 220 652 249 Alex.
668 220 715 249 lib.
728 224 754 249 6.
774 230 834 257 cap.
848 230 892 250 22.

47 265 70 294 C
78 274 98 293 Η
109 274 123 291 a
132 267 150 292 T*
158 272 170 291 s
178 265 195 292 ὅ
204 273 218 290 n
228 266 243 290 A
254 272 269 289 r.
277 265 292 290 A
303 270 323 289 N
334 271 351 288 υ
360 269 372 288 s
386 282 392 293 ,
415 258 657 295 [χςυπέιέὶοινῶυ]
678 268 692 286 a
709 257 815 287 Galerio
845 258 1009 294 Asclepiadis
1033 259 1197 288 auctoritate

81 298 276 329 commendata
287 296 322 326 est
333 298 381 326 lib.
394 301 419 329 8.
434 296 458 325 δ’..
471 306 496 331 9.
519 295 554 324 de
566 295 766 331 compositione
785 295 886 325 medic.
908 296 1018 325 secund.
1046 298 1099 325 loc.
1120 297 1201 333 dige-

82 346 145 367 rens
160 358 168 370 ⁷
188 338 215 365 ἃ
232 336 362 363 roborans
376 334 478 363 Indicae
491 333 567 362 nardi
583 332 687 367 niodo,
711 333 746 361 ad
767 332 872 362 colicos
893 333 1007 363 affectus
1019 356 1027 368 ‚
1048 334 1198 363 ventriculi

18 371 19 403 l
82 374 208 407 ardores,
230 374 255 402 δι
266 372 406 405 singultus.
443 370 637 400 Verumtamen
647 379 773 406 quaenam
789 379 819 398 ea
833 370 878 402 sit,
903 372 1029 400 nondum
1045 371 1106 400 satis
1122 380 1199 400 com-

18 406 19 436 ἶ
82 417 192 451 perturn
202 409 245 438 est.
288 409 455 444 Quanquam
466 417 522 436 non
531 407 629 436 desunt
646 408 691 443 qui
704 407 750 436 sibi
765 407 945 444 persuadeant
962 408 1196 446 Chrysobalanum

18 437 19 474 l
82 448 137 478 effe
146 455 246 476 nucem
256 446 420 483 myristicam
432 467 439 479 7
461 454 546 481 quum
560 451 654 474 tanien
670 445 747 482 plura
772 445 823 473 {int
834 467 842 479 ‚
863 456 922 481 quie
941 456 1036 475 eorum
1057 446 1198 475 destruant

82 485 244 515 sententiam
258 505 266 518 ,
287 493 390 520 nempe
401 483 526 512 cinereus
536 482 631 516 color,
652 491 748 511 acutus
761 482 802 511 ori
815 482 902 519 sapor.
925 485 950 513 ἃ
963 484 1038 520 quod
1054 483 1197 520 myristicae

82 523 162 552 nucis
171 520 301 557 nusquam
314 521 493 556 meminerint
503 527 608 556 veteres
621 519 716 548 Graeci.
740 519 779 548 Ex
791 520 941 557 Athliirilo
954 522 981 550 in
992 520 1197 555 Dioscor.lib.4.

47 561 97 592 CH
107 571 121 589 a
130 563 148 589 Ῠ
158 569 169 588 s
179 561 240 588 6Βὲ
251 568 267 586 a
278 568 295 586 Y
306 568 371 586 cLu
380 567 392 586 s
404 579 412 591 ,
443 557 689 594 [χςυπζνίςνυκθν]
721 557 844 586 Gemma.
883 558 949 587 Plin.
971 558 1019 587 lib.
1035 567 1078 594 η.
1098 567 1158 593 cap.
1172 568 1198 593 ς.

82 595 260 628 Probatissinii
274 594 337 630 sunt
347 605 381 624 ex
396 596 428 624 iis
442 596 489 631 qui
505 595 672 624 viriditatem
696 595 757 631 puri
782 595 864 624 maris
882 596 1035 624 imitantur.
1076 595 1198 624 Proximi

55 636 57 639 '
82 633 129 673 qui
140 633 273 663 vocantur
285 630 482 670 chrysoberylli
494 655 502 669 ‚
524 634 549 663 ἃ
560 633 623 662 sunt
633 632 717 670 paulo
729 631 904 669 pallidiores,
926 633 972 662 sed
987 634 1017 662 in
1026 643 1141 662 aureum
1153 642 1200 662 co-

82 673 168 702 lorem
177 677 297 700 exeunte
307 671 423 707 fulgore.

44 708 70 741 'C
78 720 96 740 Η
108 720 122 738 κ
131 712 150 739 ἰ*
158 719 169 738 s
178 711 222 747 ὄις
230 711 247 737 [ἶ
256 719 272 737 ι,
282 718 311 736 rs
321 730 329 742 ,
351 707 549 744 [χςυπιωιλὶς]
570 708 590 737 Α
606 706 768 745 quibusdam
781 713 895 736 vocatur
911 707 994 736 herba
1005 730 1013 741 ‚
1034 717 1094 745 quae
1109 707 1198 736 notio-

81 749 111 777 1'e
123 746 235 776 nomine
246 742 422 775 Parthenium
431 744 593 783 appellatur.
634 745 677 773 Est
685 752 776 773 autem
786 755 820 774 ex
836 745 878 774 his
889 745 1117 780 nomenclatoris,
1138 754 1199 782 quae

82 787 152 814 inter
163 784 248 813 notha
258 783 427 815 Dioscuridis
438 793 454 812 a
467 782 641 812 doctioribus
654 783 823 817 rejiciuntur.

46 822 96 854 Cir
107 833 121 851 a
130 831 149 851 Y
157 831 169 851 s
178 831 194 850 0
204 831 221 850 c
233 830 250 850 A
261 831 276 849 a
287 831 301 849 ι»
311 832 328 850 u
338 833 358 850 Μ
370 843 377 855 ,
399 820 614 856 [munitae-m]
638 820 753 849 Hedera:
764 819 868 857 species
880 820 917 849 est
929 842 936 856 ‚
958 820 992 850 ab
1011 829 1094 850 aureo
1105 819 1199 849 acino-

47 880 50 883 ·
81 869 140 889 rum
154 859 248 888 colore
263 859 301 888 ita
314 858 460 897 appellata.
484 860 582 887 Aridior
594 857 661 886 Plin.
673 857 723 887 lib.
740 862 780 886 16.
793 867 853 895 cap.
869 867 910 892 34.
1070 874 1072 876 ν

25 905 29 911 ’
45 897 94 929 Cn
105 907 120 927 a
130 906 148 926 Y
157 906 169 926 s
179 906 196 925 o
207 906 225 926 c
235 906 248 925 iz
258 906 273 925 a
285 906 304 926 A
313 906 325 927 s
335 919 344 932 ,
365 896 490 926 Thraciae
500 895 723 933 promontorium
734 895 772 924 est
790 895 825 924 ad
843 895 1004 932 Byzantium
1021 895 1116 925 liberae
1132 905 1200 925 con-

79 936 197 964 ditionis
209 944 225 963 ο
249 935 355 972 pidum.
377 935 417 964 Ex
428 943 488 971 cap.
503 943 544 962 11.
556 932 606 961 lib.
617 943 643 967 4.
663 932 752 961 Plinii.
775 933 916 968 [Videtur
927 933 1012 962 divise
1022 933 1199 963 scribendum

80 971 204 1010 Chrysun
214 944 296 1002 &eras
306 994 315 1008 ‚
335 972 432 1007 murrii
445 971 517 1006 κίῃς
527 992 534 1005 ,
555 969 603 999 etsi
624 980 727 999 nomen
748 970 816 999 istuc
827 972 1020 1007 promontorio
1035 972 1074 1000 isti
1089 971 1200 1008 proprie

79 1019 137 1040 non
148 1011 304 1040 conveniat.
345 1009 376 1038 V.
399 1009 425 1037 in
448 1019 467 1037 A
479 1019 497 1037 u
508 1018 523 1037 a
535 1019 544 1036 1
554 1017 598 1036 co
608 1018 621 1036 a
631 1017 652 1035 N
662 1018 688 1036 u.
721 1008 817 1037 Strabo
835 1008 881 1037 lib.
900 1019 921 1038 i.
944 1011 1019 1044 xz'qqc
1038 1009 1198 1046 simpliciter

80 1054 179 1084 vocat,
200 1053 232 1077 ut
245 1047 270 1077 ἃ
286 1046 381 1084 Polyb.
397 1046 445 1075 lib.
457 1057 474 1083 4
484 1067 492 1080 ,
513 1055 571 1075 non
588 1045 702 1082 quidem
727 1045 949 1075 Promontorium
963 1069 971 1081 ‚
992 1046 1038 1075 sed
1058 1046 1147 1084 ipsum
1170 1045 1200 1074 si-

78 1082 158 1115 ·nur'n.
181 1083 266 1121 Quod
275 1085 293 1114 si
304 1085 456 1122 composita
466 1093 536 1114 voce
546 1083 753 1113 enuntiandum
764 1083 812 1119 est,
825 1084 1017 1122 Chrysoceros,
1036 1082 1199 1120 χςυιέιεςως,

71 1124 173 1161 ‘potius
182 1123 334 1152 dicendum
344 1122 423 1152 foret.

42 1160 94 1191 CH
104 1171 121 1189 a
129 1163 148 1190 rr
156 1171 167 1190 s
175 1162 193 1190 ὅ
203 1170 220 1189 c
230 1171 247 1190 o
257 1172 272 1189 r.
283 1171 299 1189 ι
307 1171 326 1189 A
338 1182 345 1195 ‚
367 1159 565 1197 [xgvnioe'aaae]
586 1158 659 1197 quasi
672 1159 734 1189 Auri
746 1159 893 1196 glutinum.
928 1158 1036 1188 Humor
1044 1159 1084 1188 est
1101 1159 1151 1194 (ut
1161 1158 1200 1187 ait

79 1198 183 1228 Plinius
197 1198 244 1227 lib.
261 1207 303 1234 33.
317 1208 378 1236 cap.
393 1209 416 1233 5.
430 1199 448 1234 )⁴
462 1199 492 1226 in
507 1198 619 1227 aurariis
631 1198 721 1234 puteis
732 1207 780 1234 per
789 1207 887 1226 venam
905 1199 960 1226 auri
973 1197 1109 1230 defluens,
1131 1195 1201 1225 cras-

79 1236 200 1266 sescente
211 1236 279 1265 limo
299 1235 434 1274 rigoribus
446 1235 572 1265 hibernis
591 1235 675 1271 usque
693 1235 721 1263 iri
737 1235 865 1264 duritiam
884 1236 1011 1272 pumicis.
1054 1235 1201 1263 Laudatio-

78 1283 138 1304 irem
147 1274 267 1303 eandem
278 1275 307 1302 in
317 1274 415 1303 aerariis
427 1273 545 1302 metallis
556 1295 564 1307 ‚
585 1274 612 1303 ἃ
622 1273 781 1310 proximam
792 1274 819 1301 in
833 1274 992 1309 argentariis
1002 1272 1059 1302 ficri
1072 1281 1200 1310 comper-

77 1317 139 1341 tum
150 1311 197 1340 est.
218 1311 360 1341 Invenitur
373 1313 399 1341 Se
410 1312 438 1340 in
448 1310 621 1348 plumbariis,
631 1310 712 1339 vilior
727 1311 811 1340 etiam
824 1312 991 1340 auraria.&c.
1015 1311 1090 1340 Suet.
1107 1311 1135 1339 in
1148 1309 1200 1339 Ca-

79 1350 125 1387 tig.
141 1359 201 1386 cap.
219 1355 261 1383 ¹8·
284 1349 413 1379 Edidit&
424 1348 566 1378 Circenses
577 1347 712 1386 plurimos
722 1358 737 1377 a
749 1358 831 1378 mane
844 1348 926 1384 usque
936 1349 971 1377 ad
984 1348 1123 1385 vesperam
1133 1369 1140 1381 ,
1157 1348 1198 1376 in-

34 1414 36 1416 .
78 1387 193 1423 terJeita
212 1387 297 1416 modo
312 1387 500 1416 Africanarum
519 1386 668 1415 venatione
685 1408 692 1421 ,
712 1386 799 1415 modo
814 1386 905 1421 Trojae
919 1386 1082 1415 decursione
1092 1396 1098 1415 :
1119 1385 1200 1422 quos-

80 1425 145 1455 dam
156 1429 250 1454 autem
261 1425 429 1463 praecipuos,
450 1424 539 1453 minio
551 1425 576 1453 ἀ
584 1423 755 1461 chrysocolla
766 1424 903 1454 constrato
915 1426 997 1454 circo.
1038 1422 1199 1461 Chrysocol-

76 1462 106 1492 la
117 1468 232 1492 utuntur
243 1463 368 1492 aurifices
378 1462 579 1499 adglutinando
587 1461 850 1498 ferruminandoque
859 1472 925 1491 auro
940 1484 947 1496 ,
970 1466 1085 1489 Baracem
1096 1470 1197 1490 vocan-

76 1506 132 1531 vtes.
169 1500 236 1530 Eam
248 1500 369 1537 Venetiis
379 1501 474 1529 videre
486 1500 524 1529 est
536 1499 714 1537 quadruplici
722 1499 823 1529 coloris
832 1499 992 1529 vdifferentia
1001 1521 1009 1534 ‚
1030 1499 1119 1529 albam
1127 1521 1137 1535 ,
1158 1498 1200 1528 lu-

76 1544 153 1568 team
163 1560 172 1573 ,
192 1537 310 1568 viridem
321 1560 330 1574 ‚
352 1539 378 1568 &
388 1539 579 1576 nigricantem.

41 1575 94 1606 Cir
102 1586 116 1605 a
124 1579 144 1606 Ῠ
153 1586 164 1606 s
174 1578 191 1606 ὅ
201 1586 218 1606 c
227 1578 244 1606 6
253 1587 274 1605 M
283 1586 296 1605 iz
307 1598 315 1610 ,
336 1586 375 1606 es.
396 1576 416 1605 f.
440 1572 625 1612 [χςυπιόμ-η]
647 1574 747 1604 Herba.
780 1574 848 1604 Plin.
861 1574 910 1604 lib.
924 1583 968 1604 21.
981 1584 1042 1613 cap.
1055 1580 1081 1609 8.
1109 1574 1198 1611 Chry-

77 1614 207 1648 socome,
229 1614 282 1644 five
293 1614 417 1652 chrysitis
429 1636 437 1649 ‚
459 1623 516 1642 non
526 1612 611 1642 habet
626 1612 751 1647 Latinam
764 1612 991 1650 appellationem.
1035 1613 1118 1642 Palmi
1137 1612 1198 1641 alti-

75 1652 239 1688 tudineest‚
259 1652 437 1682 comantibus
446 1651 621 1688 fulgoreauri
633 1651 788 1688 corymbis,
809 1651 901 1679 radice
925 1651 1002 1688 nigra
1013 1672 1021 1685 ,
1042 1660 1077 1680 ex
1091 1650 1197 1679 austero

78 1689 155 1720 dulci
166 1712 175 1725 ,
195 1690 224 1719 in
237 1690 350 1727 petrosis
367 1689 514 1728 opacisque
528 1689 651 1718 nascens.
691 1688 781 1717 Ruell.
796 1688 841 1717 lib.
863 1697 886 1724 3.
903 1697 964 1725 cap.
981 1698 1041 1717 ior.
1070 1688 1197 1717 Proxime

78 1727 113 1757 ad
129 1737 192 1757 eam
202 1728 311 1758 accedit
325 1737 407 1765 quam
417 1727 537 1761 herbarii
546 1727 629 1755 nostri
641 1725 783 1763 Pulegium
793 1731 957 1755 montanum
969 1726 1100 1756 vocitant.

74 1774 95 1795 Η
104 1775 118 1795 r<
128 1774 168 1795 γε
176 1776 194 1795 o
202 1767 246 1795 αὖ
256 1775 275 1794 Ν
285 1776 303 1794 υ
314 1777 334 1794 Μ
345 1787 353 1800 ,
375 1761 559 1802 [χςυσὲννοι]
588 1763 679 1793 Herba
698 1765 735 1793 est
758 1764 826 1794 folio
847 1773 952 1801 querno
971 1764 1039 1793 flore
1058 1763 1196 1794 coronarii

80 1802 218 1838 verbasci,
239 1804 332 1833 radice
340 1804 397 1841 rapi
410 1825 417 1838 ‚
438 1803 619 1832 vehementer
630 1803 705 1831 intus
717 1801 834 1831 rubente
845 1823 852 1835 ,
874 1802 939 1831 foris
949 1803 1042 1837 nigra:
1065 1812 1124 1838 quae
1134 1801 1196 1830 trita

76 1842 105 1870 ἃ
117 1840 243 1879 imposita
253 1851 317 1871 cum
328 1848 406 1870 aceto
415 1863 423 1876 ‚
444 1841 529 1870 muris
539 1840 629 1869 aranei
639 1839 770 1868 morsibus
780 1839 937 1869 auxiliatur.
961 1841 1061 1869 Auc‘tor
1070 1838 1193 1869 Dioscor.

76 1878 127 1908 lib.
138 1890 164 1914 4.
175 1888 235 1916 cap.
247 1883 292 1914 46.
314 1879 427 1908 Nomen
437 1885 528 1908 autem
539 1878 650 1915 accepit
660 1878 693 1906 ab
706 1878 779 1907 aurei
790 1877 900 1906 seminis
911 1876 1012 1906 colore.

74 1925 94 1945 Η
102 1927 116 1945 R
125 1918 164 1946 irs
174 1918 190 1946 ὅ
199 1926 216 1946 c
226 1918 243 1946 ὅ
252 1926 272 1945 N
283 1927 302 1946 u
311 1926 322 1946 s
333 1939 341 1951 ,
362 1913 564 1953 [Χευπῖννῶυ]
586 1923 616 1944 ut
627 1915 710 1944 refert
725 1915 807 1944 Duris
819 1916 926 1944 Samius
937 1916 1011 1952 apud
1029 1915 1096 1944 Plut.
1115 1915 1144 1943 in
1155 1913 1196 1943 Al-

77 1954 131 1984 cib.
154 1954 315 1984 Modulator
330 1955 443 1992 quidam
457 1954 509 1983 fuit
524 1954 553 1982 iri
564 1953 713 1982 Alcibiadis
732 1955 794 1982 navi
810 1953 843 1982 ab
863 1953 948 1981 exilio
966 1954 1107 1982 redeuntis
1118 1974 1127 1987 ,
1148 1952 1196 1988 qui

49 2020 57 2026 ,
75 1997 152 2021 tanta
163 1999 220 2021 arte
236 1992 372 2028 remigum
383 2001 481 2021 manus
497 1991 649 2028 dirigebat,
670 1998 700 2020 ut
710 2000 795 2027 quum
806 1991 847 2020 illi
858 2000 996 2020 remorum
1012 1991 1119 2028 pulsum
1131 1999 1196 2019 cum

74 2029 251 2067 Chryfiagoni
274 2036 358 2060 cantu
374 2030 594 2067 conjungerent,
614 2029 767 2065 jucundam
783 2028 961 2058 audientibus
976 2029 1126 2059 redderent
1136 2027 1197 2057 har-

74 2069 207 2100 moniam.
233 2066 264 2096 V.
285 2067 404 2104 Rh-odig.
420 2067 468 2096 lib.
481 2078 506 2102 9.
522 2076 580 2104 cap.
599 2076 641 2095 io.

74 2104 247 2135 hlemoratur
254 2106 280 2136 Sc
294 2105 488 2165 Chrysogonu?
498 2104 601 2134 Cantor
611 2104 688 2143 apud
697 2103 713 2140 J
716 2114 796 2135 uven.
810 2108 835 2134 6.
847 2104 901 2135 Sat.
915 2112 961 2142 74.

424 2159 461 2164 ——
472 2149 534 2172 ,unt
565 2152 607 2172 uae

148 2179 358 2218 Chrysogonum
369 2186 480 2211 cantare
491 2153 596 2210 veteqnt.
636 2179 763 2218 Hispulla
776 2181 904 2217 tragoedo
997 2179 1118 2210 Gaudet.

76 2217 270 2257 Chrysogonus
281 2241 290 2254 ,
310 2219 395 2248 Sullae
407 2219 522 2248 libertus
533 2241 541 2255 ‚
562 2218 649 2248 secffor
663 2218 754 2248 Roscii
766 2219 889 2248 Amerini
901 2241 909 2254 ‚
930 2224 961 2248 ut
973 2218 1011 2248 est
1028 2219 1103 2256 apud
1116 2215 1196 2247 Cice-

25 2256 26 2261 ’
92 2266 191 2286 ronem
201 2258 230 2286 in
246 2257 371 2286 oratione
385 2266 436 2294 pro
448 2256 529 2286 Rosc.
548 2258 637 2285 Amer.

75 2292 139 2324 fuit
149 2296 175 2324 Gt
187 2294 380 2332 Chrysogonus
392 2301 495 2332 martyr
504 2316 511 2330 ‚
533 2294 622 2323 nobili
636 2303 736 2331 genere
747 2299 824 2322 ortus
835 2294 941 2328 Romal,
962 2294 1008 2330 qui
1020 2293 1132 2330 quando
1143 2301 1198 2322 nec

53 2363 56 2366 ,
96 2331 259 2362 Consulatus
267 2355 276 2367 ‚
297 2342 351 2362 nec
372 2331 456 2362 ullius
472 2332 586 2361 honoris
604 2332 809 2369 pollicitatione
827 2342 876 2370 per
894 2331 1098 2361 Diocletianum
1113 2342 1128 2360 a
1140 2331 1197 2360 fide

92 2370 179 2400 ‘averti
191 2371 300 2408 potuit,
320 2369 461 2407 jugulatus
470 2370 508 2400 est
519 2371 554 2400 ad
564 2369 646 2399 scalas
660 2369 820 2399 Gemonias.
844 2369 975 2398 Volaterr.
1006 2369 1038 2398 V.
1061 2369 1138 2398 Suid.

41 2405 92 2438 CH
100 2417 115 2436 a
124 2418 165 2437 vs
174 2418 190 2437 o
201 2419 218 2437 t.
226 2418 247 2438 A
257 2418 302 2437 εΗ
313 2418 332 2437 A
340 2418 361 2437 N
371 2417 387 2436 0
398 2418 419 2437 N
427 2430 435 2442 ‚
456 2409 659 2444 [zngxoefflm
669 2407 852 2442 Dioscoridi]
875 2407 967 2437 Herba
975 2407 1013 2436 est
1022 2407 1119 2436 eadem
1132 2415 1196 2436 cum

76 2446 215 2483 Atriplice.
255 2446 327 2476 Plin.
337 2455 403 2475 vero
427 2445 475 2475 lib.
484 2455 529 2482 27·
550 2456 612 2483 cap.
623 2451 650 2479 8.
683 2445 738 2474 duo
759 2445 826 2475 facit
844 2444 1051 2482 chrysolachani
1077 2453 1194 2481 genera:

75 2491 163 2550 upum
173 2484 202 2513 in
210 2484 314 2523 pinetis
326 2484 441 2514 nascens
451 2506 460 2520 ,
486 2483 602 2514 lactucae
612 2483 715 2513 simile:
739 2482 856 2514 alterum
869 2483 937 2512 flore
955 2493 1040 2513 aureo
1048 2504 1057 2518 ‚
1077 2485 1104 2512 &c
1122 2482 1198 2511 fol-iis

75 2531 95 2550 r>
108 2531 168 2551 eris.
918 2542 921 2544 —

40 2557 63 2588 C
71 2568 91 2588 Η
101 2568 191 2589 urso
199 2570 215 2588 1.
225 2569 243 2589 A
253 2570 275 2588 M
284 2569 298 2588 r
307 2570 316 2589 1
325 2569 338 2589 s
348 2581 355 2594 ‚
380 2559 396 2596 [
403 2555 606 2596 χςυπλιμπὲς]
639 2558 755 2589 Gemma
777 2558 807 2587 in
824 2557 967 2595 AEthiopia
984 2556 1099 2588 nascens
1109 2580 1117 2594 ‚
1137 2567 1198 2596 quae

79 2596 176 2634 pallidi
188 2597 226 2627 est
236 2596 337 2627 coloris
346 2597 392 2627 die
403 2619 411 2632 ‚
432 2599 519 2627 not‘tu
530 2598 614 2635 ignei.
638 2597 703 2626 Plin.
720 2596 768 2625 lib.
783 2605 827 2632 37.
838 2605 899 2633 cap.
916 2605 958 2625 ιο.

41 2632 93 2664 cn
102 2644 119 2663 R
127 2638 148 2665 Ῠ
156 2645 168 2665 s
177 2637 194 2665 ὅ
203 2646 220 2664 ι,
230 2636 270 2664 fr
280 2645 300 2664 Η
311 2646 328 2664 υ
338 2645 350 2664 s
360 2657 368 2671 ‚
390 2635 600 2671 [κςυαέλιθῶυ]
622 2635 735 2672 iaspidis
751 2643 838 2671 genus
847 2655 855 2669 ,
877 2634 912 2662 de
929 2643 985 2670 quo
1000 2633 1068 2662 Plin.
1089 2632 1137 2662 lib.
1152 2642 1196 2670 3¹7.

75 2681 135 2710 cap.
147 2682 173 2708 9.
194 2673 369 2710 Hyacinthos
385 2673 528 2711 AEthiopia
540 2673 626 2702 mittit
637 2674 662 2702 δι
673 2672 856 2710 chrysolithos
872 2681 956 2701 aureo
972 2671 1067 2701 colore
1079 2671 1198 2701 translu-

71 2717 179 2741 centes.
202 2711 287 2740 Ovid.
302 2720 327 2740 2.
340 2711 411 2742 Met.
429 2721 489 2746 109.
502 2711 537 2740 de
547 2720 628 2740 curru
639 2711 710 2740 Solis
724 2732 732 2744 ‚

165 2748 287 2786 Perjuga
297 2748 457 2787 chrysolithi
470 2771 478 2784 ,
500 2748 649 2786 positaeque
658 2758 693 2777 ex
709 2748 807 2776 ordine
818 2757 942 2784 gemmae.

0 2800 1 2804 =
37 2783 90 2825 Qu
98 2795 141 2814 nr
151 2795 162 2815 s
171 2796 188 2815 o
197 2797 218 2815 Μ
230 2796 249 2816 A
258 2798 274 2815 L
282 2798 298 2815 r.
308 2797 325 2816 o
334 2796 354 2816 N
366 2809 373 2821 ‚
396 2782 614 2822 [xenaiae-mor]
635 2785 723 2815 Graeci
733 2784 877 2824 appellant
890 2786 1006 2814 arietem
1016 2784 1095 2814 illum
1103 2806 1115 2821 ,
1138 2785 1196 2822 qui,

75 2831 107 2853 ut
115 2823 152 2853 est
160 2824 190 2853 in
197 2824 300 2854 fabulis
308 2846 317 2860 ,
338 2823 425 2854 vellus
435 2834 549 2854 aureum
557 2824 663 2853 habuit.

0 2876 1 2881 =
40 2858 91 2890 Cu
100 2871 115 2889 a
124 2871 144 2890 v
152 2872 190 2891 so
198 2873 218 2892 Μ
227 2865 244 2892 ἓ
254 2873 269 2891 ι
279 2872 299 2891 A
308 2884 317 2897 ,
339 2861 535 2898 [xeno-zuzim]
557 2861 640 2892 Poma
651 2871 733 2892 aurea
741 2883 750 2897 ,
770 2871 830 2898 quae
842 2860 1004 2890 Armeniaca
1014 2859 1068 2889 alio
1078 2861 1196 2891 nomine

54 2926 56 2928 ,
77 2898 214 2930 dicuntur.
236 2900 372 2930 Columel.
384 2900 432 2929 lib.
449 2910 472 2935 5.
488 2909 548 2937 cap.
568 2910 611 2929 10.

0 2945 3 2955 ²
69 2945 89 2965 Η
98 2946 186 2967 urso
196 2949 216 2966 M
226 2941 242 2967 ἴε
252 2949 268 2967 L
278 2948 295 2967 o
306 2949 321 2966 L
334 2947 350 2966 o
361 2947 409 2966 NT
421 2947 442 2966 H
452 2948 462 2966 1
471 2947 488 2966 0
499 2947 519 2966 N
530 2959 539 2973 ‚
562 2934 835 2974 [χρυπμηλιλόγθων]
859 2935 1003 2965 Parvulum
1020 2934 1059 2965 est
1071 2935 1173 2965 animal
1186 2958 1194 2971 ‚

75 2973 248 3005 flavicoloris
259 2997 267 3011 ,
289 2975 414 3005 canthari
426 2975 576 3011 praeferens
588 2973 797 3005 similitudinem
806 2974 956 3011 quandam.
985 2973 1017 3003 ld
1029 2974 1106 3010 pueri
1118 2974 1197 3003 inne-

76 3014 197 3080 uopedel
205 3014 320 3043 mittunt
329 3014 358 3042 in
366 3012 492 3043 sublime.
531 3012 573 3043 Ex
591 3011 761 3050 Aristophan.
784 3011 982 3049 interpretibus
996 3012 1024 3040 in
1035 3012 1194 3048 comoedia,

65 3058 121 3081 “cul
131 3057 185 3080 tito
197 3060 231 3081 us
244 3063 260 3080 e
284 3052 344 3080 Ἷιες.

0 3095 15 3122 3,
39 3085 92 3116 Cri
100 3097 116 3116 n
124 3096 163 3118 Ys
173 3092 212 3119 δι’
221 3100 230 3118 1
240 3098 252 3119 s
262 3055 308 3125 Ῡηῖ
317 3086 439 3124 χρυστιπές
452 3089 467 3124 ]
488 3088 604 3118 Gemma
614 3088 652 3116 est
671 3086 760 3117 Plinio
770 3108 778 3121 ‚
800 3096 861 3124 quae
878 3096 975 3116 aurum
997 3085 1107 3116 videtur
1121 3085 1174 3116 effe
1185 3109 1194 3123 ‚

77 3130 106 3154 ut
115 3125 172 3164 ipse
181 3126 288 3157 indicat
296 3127 342 3156 lib.
355 3135 398 3163 37.
413 3136 474 3164 cap.
491 3137 533 3156 ιο.
576 3126 665 3163 Vulgo
677 3125 810 3154 mendose
821 3125 948 3154 scribitur
962 3124 1138 3161 Chrysophis.

67 3171 116 3230 «ἷξε.
123 3173 164 3231 iri?
171 3174 266 3232 offe}
273 3174 306 3232 sd
317 3174 335 3194 u
346 3174 368 3193 Μ
375 3185 384 3200 ,
405 3165 420 3200 [
430 3164 633 3201 χςυππλιίοιω]
654 3163 775 3193 Officina
785 3162 824 3192 est
836 3163 894 3192 auri
903 3161 1022 3192 lavandi.
1055 3162 1086 3192 V.
1106 3162 1192 3192 Henr.

94 3206 106 3230 t
164 3224 170 3232 .
261 3225 268 3232 .
306 3212 327 3232 r.

0 3247 2 3264 ε
39 3236 63 3267 C
71 3211 141 3268 erp
149 3249 160 3269 s
171 3249 188 3269 o
198 3250 212 3269 r*
221 3251 237 3269 L
245 3250 264 3269 ir
272 3249 292 3269 T
300 3250 314 3269 iz
322 3249 335 3270 s
344 3262 353 3276 ‚
373 3249 404 3270 π.
427 3249 465 3270 m.
487 3239 501 3277 [
508 3239 704 3275 χςυηπλότηε]
725 3244 818 3268 autem
826 3237 865 3267 est
874 3259 883 3273 ‚
905 3236 963 3275 Qui
981 3236 1139 3272 hujusmodi
1152 3247 1193 3268 ar·

0 3284 17 3300 2⁴
74 3275 191 3307 tificium
203 3284 324 3308 exercet.
363 3277 480 3308 Budaeus
492 3279 520 3307 in
533 3277 605 3307 libro
621 3286 645 3313 3.
664 3276 700 3306 de
716 3274 783 3307 Affe.

0 3324 2 3339 :
39 3311 90 3342 Cn
99 3317 235 3346 Rvsopo
245 3325 298 3345 ms
312 3338 320 3351 ‚
344 3314 544 3352 [Xe-vainans]
565 3315 631 3345 teste
646 3314 713 3344 Plin.
725 3314 772 3344 lib.
786 3324 810 3349 5.
832 3322 892 3351 cap.
910 3312 960 3342 ult.
992 3311 1138 3350 Oppidum
1155 3313 1194 3342 est

75 3350 210 3395 Bithyniae
219 3363 309 3392 prope
323 3353 532 3383 Chalcedonem
545 3363 551 3382 :
573 3353 611 3382 ita
621 3353 737 3389 dietum,
760 3351 836 3390 quod
847 3350 930 3381 Persae
938 3350 977 3380 ibi
989 3351 1126 3381 tributum
1138 3350 1196 3381 col-

77 3388 195 3426 ligerent
207 3401 242 3421 ex
255 3392 355 3421 ceteris
366 3391 430 3421 Afiae
438 3391 603 3421 civitatibus.

77 3426 120 3457 Est
131 3429 156 3458 ἅ
165 3429 248 3459 altera
260 3428 476 3467 Chrysopolis-in
489 3429 602 3463 Cilicia,
623 3428 690 3458 teste
705 3427 858 3465 Stephano.

41 3462 161 3496 emis
171 3476 188 3495 ο
196 3476 233 3496 1>ss
241 3469 260 3497 A
269 3477 281 3497 s
292 3477 310 3496 u
321 3476 333 3497 s
343 3489 352 3502 ‚
373 3465 610 3503 [zera-baraca]
632 3466 747 3495 Gemma
758 3466 796 3495 est
807 3474 841 3494 ex
852 3472 919 3493 auro
933 3463 959 3493 δι
970 3471 1106 3501 porraceo
1118 3463 1195 3493 colo.¹

59 3539 62 3543 ·
74 3512 108 3532 re
121 3502 216 3534 lumen
225 3505 337 3534 mistum
344 3504 473 3534 trahens:
496 3513 560 3535 nam
572 3504 661 3535 πτοία-ω
673 3513 785 3541 porrum
796 3502 935 3541 significat.
977 3501 997 3530 F
999 3500 1102 3530 ortassis
1114 3502 1136 3531 is
1144 3498 1193 3537 est,

75 3541 125 3578 qui
135 3542 219 3580 vulgo
230 3542 419 3580 Chrysolithos
430 3541 541 3572 dicitur.
564 3541 691 3571 Budaeus.

76 3615 212 3647 diffimilis
221 3640 229 3653 ‚
250 3628 265 3647 e
274 3627 374 3656 genere
383 3617 489 3656 topazii
500 3639 508 3652 ‚
529 3616 695 3655 amplissima
704 3625 874 3653 gemmarum
884 3636 892 3650 ‚
915 3614 1007 3650 inquit
1015 3614 1128 3644 Plinius.
1148 3624 1193 3644 ea—

76 3652 141 3683 dem
148 3654 206 3685 sola
213 3656 352 3685 nobilium
361 3656 457 3685 liniam
466 3655 565 3684 sentit:
589 3662 688 3684 ceterae
697 3654 794 3684 Naxiis
806 3653 916 3682 cotibus
931 3652 1085 3691 poliuntur.
1125 3652 1192 3682 Haec

53 3692 59 3695 “
78 3691 161 3722 &usu
170 3694 303 3723 atteritur.
340 3693 372 3722 V.
394 3703 459 3723 eum
470 3693 519 3723 lib.
532 3702 575 3729 37.
589 3702 650 3730 cap.
661 3698 687 3725 8.
1016 3726 1023 3733 ·

17 3742 24 3745 -
41 3726 64 3758 C
73 3737 94 3772 Η
102 3739 118 3757 n
127 3739 165 3759 rs
174 3740 191 3760 0
200 3741 216 3759 a
224 3741 240 3760 κ
248 3741 269 3760 Η
279 3741 296 3760 o
305 3740 328 3760 Β
340 3753 348 3765 ,
373 3730 560 3767 [Χςυπῤῥόοα]
583 3729 619 3759 Po
643 3729 679 3758 uli
696 3728 763 3758 dieti
784 3728 820 3758 ad
834 3727 937 3757 Phasim
956 3725 1074 3756 fluvium
1085 3749 1094 3762 ‚
1115 3727 1192 3764 quod

65 3766 155 3797 miris
165 3768 234 3798 locis
248 3791 257 3803 ,
278 3776 309 3798 ut
318 3769 409 3805 inquit
417 3768 515 3797 Strabo
525 3790 534 3802 ‚
555 3768 612 3797 auri
627 3768 666 3797 eri
674 3773 810 3796 torrentes
823 3765 888 3795 sint:
911 3765 987 3794 unde
1005 3763 1103 3794 fabulis
1112 3775 1193 3795 oeca-

75 3803 113 3833 {io
125 3805 161 3834 de
170 3806 271 3835 vellere
279 3807 353 3844 apud
362 3805 484 3836 Colchos
492 3815 585 3835 auten.
1023 3837 1030 3846 ⁴

41 3839 64 3870 C
71 3849 92 3870 Η
101 3851 117 3870 ι
125 3851 144 3870 ir
152 3852 164 3871 s
174 3852 191 3872 o
199 3853 215 3872 a
224 3853 239 3871 r<
247 3853 268 3872 Η
276 3853 293 3872 o
304 3854 322 3872 A
331 3853 343 3873 s
353 3865 362 3878 ,
384 3847 397 3879 s
405 3844 569 3879 Χςυπῤῥόαι]
591 3843 674 3880 Syriae
685 3842 786 3871 fluvius
804 3840 842 3871 est
857 3841 887 3870 in
899 3838 1096 3878 Decapolitana
1104 3841 1192 3879 regio.

70 3887 113 3908 sie
121 3900 130 3914 ‚
150 3880 313 3925 Damascum
323 3882 420 3924 urbe-m
432 3881 628 3919 praeterfluens.
652 3882 751 3909 Auctor
770 3877 837 3908 Plin.
851 3877 898 3908 lib.
911 3889 934 3914 ς.
947 3887 1007 3915 cap.
1022 3882 1065 3921 .¹8·

42 3937 48 3939 -
73 3914 271 3988 Ghrvysorrhlqas
277 3927 360 3950 etiam
366 3919 458 3951 distas
467 3920 506 3951 est
513 3919 650 3955 Pactolus,
659 3924 772 3956 propter
780 3926 875 3948 aureas
883 3913 1081 3947 arenaaPth.
1087 3925 1099 3953 ς
1105 3923 1189 3951 ‚cao-

146 3964 164 3986 ο
172 3965 199 3988 1...

19 3619 21 3622 ι
42 3575 65 3607 C
72 3586 93 3607 Η
101 3588 117 3607 x
125 3588 163 3608 irs
172 3589 189 3609 o
198 3590 212 3609 P
220 3590 241 3609 τ
249 3583 267 3610 ἐ
275 3591 291 3609 ιι
298 3590 315 3609 0
324 3590 336 3610 s
345 3602 353 3616 ‚
374 3577 599 3616 [χςυήππςῶ]
629 3580 746 3609 Gemma
764 3577 803 3608 est
821 3574 995 3615 chrysopraso
1017 3575 1092 3606 haud
1110 3574 1193 3606 valde
1239 3578 1242 3583 ¹

1656 102 1684 138 C
1784 102 1799 137 1
1894 102 1917 136 B
2340 114 2411 149 507

1247 184 1444 251 esskggolff
1460 185 1477 214 i.
1501 195 1538 214 m.
1563 182 1701 222 [zena-bs]
1724 185 1835 213 Aurum.
1858 182 1943 212 Plaut.
1955 183 2053 213 Bacch.
2065 192 2092 213 2.
2107 186 2167 220 3.6.
2189 184 2270 224 Opus
2278 185 2316 215 est
2327 185 2413 223 Chry-

1299 232 1315 250 ο
1381 232 1407 252 ry
1422 234 1433 250 a
1448 232 1473 251 ο,

1289 259 1361 289 Item
1372 282 1379 292 ‚
1403 260 1482 288 Piscis
1495 261 1568 289 aurei
1579 260 1689 289 coloris.
1712 260 1748 288 de
1765 268 1819 294 quo
1840 258 1914 294 apud
1930 258 2018 287 solum
2045 258 2181 287 Ovidium
2203 259 2306 289 leffium
2316 281 2324 294 ,
2346 261 2412 290 teste

1310 297 1377 362 Plilrli.
1395 297 1442 326 lib.
1457 307 1499 333 32.
1516 308 1574 335 cap.
1593 307 1634 327 ιι.
1658 297 1784 326 fortaffis
1797 297 1820 325 is
1831 297 1888 331 est,
1910 306 1996 333 quem
2008 298 2136 325 Auratam
2148 297 2269 325 Romani
2279 307 2354 327 nunc
2367 308 2414 335 ap-

1329 344 1342 361 C
1368 341 1423 363 ant.

1252 371 1274 399 C
1284 344 1327 399 nii
1338 380 1356 399 r
1366 381 1377 400 s
1387 382 1404 399 0
1415 381 1426 400 s
1437 381 1450 399 τ’
1460 381 1474 400 a
1483 381 1498 399 Ρ.
1510 382 1529 400 Μ
1540 382 1556 400 o
1568 381 1588 400 N
1601 394 1610 405 ‚
1639 368 1867 407 [χρ-ισίπιρμςυ]
1902 372 1921 400 Λ
1946 370 2109 407 quibusdam
2129 371 2286 408 appellatur
2310 371 2393 401 herba
2403 394 2413 407 ,

1292 418 1351 444 quae
1365 410 1473 437 notiore
1483 410 1598 438 nomine
1609 410 1817 446 Sempervivum
1830 410 1919 445 majus
1930 408 2092 445 appellatur.

1252 445 1301 474 CH
1314 455 1328 473 a
1340 455 1357 473 r
1369 455 1380 474 s
1390 455 1406 474 o
1417 456 1456 475 ετ
1466 448 1483 475 ὖ
1492 457 1511 474 Μ
1523 456 1538 474 u
1548 456 1559 475 s
1570 468 1578 481 ⁷
1601 448 1618 475 i.
1642 457 1677 475 m.
1701 443 1909 482 [vaoz‘waecm]
1933 447 1972 475 lta
1986 446 2077 475 dictus
2094 446 2131 474 est
2144 446 2183 475 ob
2195 446 2352 474 facundiam
2368 446 2416 481 Jo-

1289 483 1394 511 hannes
1406 505 1414 516 ,
1437 484 1522 521 patria
1534 485 1720 512 Antiochenus
1732 505 1739 518 ,
1762 483 1834 520 quasi
1847 484 1886 513 Os
1898 493 2011 512 aureum
2022 483 2129 512 habens
2139 506 2147 520 ‚
2169 484 2214 521 qui
2226 483 2330 512 deinde
2343 483 2416 521 Epis-

1289 530 1377 555 copus
1396 520 1449 549 fuit
1469 521 1793 558 Constantinopolitanus
1807 543 1814 555 ‚
1836 522 1961 558 obiitque
1987 522 2014 549 in
2040 521 2126 550 exilio
2144 523 2171 551 A.
2188 522 2218 550 C.
2237 530 2414 550 ccccxii.

1287 558 1335 585 vel
1349 557 1434 586 otalii
1455 568 1517 593 407.
1558 558 1666 593 Deque
1679 580 1687 593 ‚
1710 560 1735 588 &-
1749 558 1829 593 aliis,
1856 560 1956 595 quibus
1975 559 2053 588 idem
2072 568 2230 597 cognomen
2241 559 2414 596 impertitum

1287 595 1348 623 suit.
1371 594 1403 623 V.
1427 595 1529 624 Fabrie.
1544 595 1612 624 Bibl.
1625 596 1712 625 Graec.
1733 596 1791 625 Vol.
1806 607 1831 632 7.
1853 607 1898 633 κὴρ
1923 605 1984 632 553.

1253 631 1276 661 C
1287 642 1362 675 rra-rr
1371 641 1382 660 s
1392 642 1409 660 o
1420 641 1439 660 τ
1449 642 1468 661 Η
1477 643 1496 661 A
1507 642 1565 675 ιρις
1578 654 1585 667 ,
1607 631 1808 668 [χςυπἩλις]
1830 607 1921 663 Herba
1933 634 1972 663 cst
1983 655 1990 668 ,
2012 643 2095 670 quam
2116 634 2234 663 Aizoum
2247 633 2340 663 minus
2356 643 2414 663 me-

1290 670 1345 698 dici
1356 676 1458 698 vocarit
1468 691 1476 705 ‚
1498 670 1609 699 diversis
1620 671 1729 708 insignis
1741 672 1901 701 nominibus
1913 694 1920 707 ‚
1943 678 1975 701 ut
1990 672 2084 702 videre
2094 672 2131 701 est
2145 673 2219 710 apud
2231 671 2299 701 Plin.
2308 671 2356 701 lib.
2367 681 2413 708 ²5·

1289 717 1350 744 cap.
1365 716 1407 742 13.

1252 744 1274 773 C
1286 754 1305 773 Η
1315 755 1330 772 a
1340 754 1358 772 Y
1368 754 1380 773 s
1391 754 1408 773 o
1417 753 1436 772 τ
1446 753 1466 772 Η
1476 754 1490 773 s
1500 755 1521 773 Μ
1534 754 1562 774 rs
1572 767 1580 779 ,
1602 744 1670 774 Filia
1684 746 1897 781 Agamemnonis
1908 767 1916 780 ‚
1938 753 1968 775 ut
1978 746 2072 776 scribit
2084 746 2197 776 Homer.
2215 746 2262 775 lib.
2274 756 2298 782 9.
2315 746 2394 776 iliad.

1253 782 1275 811 C
1284 792 1303 810 Η
1313 792 1328 810 R
1340 791 1358 810 Y
1368 791 1380 810 s
1390 792 1406 810 u
1416 793 1432 809 L
1442 791 1460 810 c
1470 792 1487 810 A
1501 783 1583 818 Aqua,
1609 784 1682 819 Aqua
1694 784 1730 811 est
1742 784 1887 817 medicata⁷
1900 785 1979 819 cujus
1989 785 2015 813 vi
2030 784 2274 821 quantulacunque
2285 785 2341 813 auri
2354 794 2416 821 pars

1290 825 1404 855 argento
1415 825 1462 848 aut
1472 820 1560 848 cuivis
1571 819 1683 848 metallo
1696 820 1766 848 illita
1778 828 1825 849 aut
1835 821 2038 855 confusamullo
2050 823 2254 859 propemodum
2267 822 2414 859 dispendio

1288 857 1421 886 adimitur
1432 879 1439 890 ‚
1463 858 1499 885 ita
1513 858 1715 886 utinauraturis
1727 858 1797 886 nihil
1807 859 1863 892 jam
1874 858 1959 887 ferme
1977 860 2129 896 depereat,
2151 860 2199 888 nisi
2215 861 2289 895 quod
2313 859 2359 888 usu
2373 861 2416 889 iri-

1289 895 1438 923 terteritur.
1484 894 1520 923 Ex
1533 894 1634 924 Budaeo
1650 894 1700 923 lib.
1715 904 1738 929 3.
1751 896 1785 924 de
1799 895 1864 924 Asse.
1903 896 1992 929 Vulgo
2007 898 2082 934 Aqua
2099 897 2184 933 Regia
2197 898 2306 927 dicitur.
2351 896 2416 934 Esus

1286 932 1344 960 vim
1356 931 1490 968 ignorasse
1501 939 1605 961 veteres
1615 932 1723 969 colligit
1737 932 1856 962 Alciatus
1875 942 1910 962 ex
1928 933 2039 970 Ulpiani
2056 935 2145 963 verbis
2163 935 2223 965 inl.
2242 936 2317 964 idem
2335 935 2415 965 Pom-

1287 970 1390 1007 ponius
1402 969 1502 998 scribit.
1525 970 1616 999 versic.
1640 969 1686 998 sed
1703 969 1721 998 si
1734 970 1838 999 diduci.
1864 970 1895 999 D.
1912 971 1947 999 de
1960 972 1998 1000 rei
2015 972 2146 1001 vindicat.

1249 1006 1274 1037 C
1284 1016 1304 1036 Η
1316 1017 1330 1035 R
1340 1017 1358 1035 v
1367 1016 1386 1036 x
1397 1017 1412 1035 υ
1421 1017 1433 1036 s
1443 1030 1450 1041 ‚
1474 1007 1536 1036 Dux
1547 1008 1675 1036 Boiorum
1686 1007 1739 1036 fuit
1751 1029 1758 1041 ,
1783 1017 1871 1045 nepos
1891 1008 2012 1044 Brenni,
2033 1018 2090 1047 quo
2101 1010 2173 1039 duce
2192 1009 2261 1039 olim
2273 1009 2346 1040 Galli
2358 1009 2413 1040 Ro-

1289 1055 1364 1075 mam
1378 1052 1520 1080 ceperant.
1542 1045 1590 1074 Sil.
1605 1045 1652 1073 lib.
1671 1056 1696 1079 4.
1714 1055 1774 1079 ¹50-

1379 1082 1438 1119 lpse
1450 1089 1578 1117 tumens,
1599 1083 1668 1111 atavi
1683 1082 1782 1111 Brenni
1793 1082 1819 1112 se
1829 1083 1911 1121 stirpe
1926 1084 2032 1113 ferebat

1381 1120 1509 1159 Chryxus
1519 1142 1528 1157 ,
1550 1122 1575 1150 ἃ
1590 1121 1620 1149 iu
1637 1120 1733 1150 titulos
1745 1119 1883 1159 Capitolia
1897 1127 1978 1159 capta
1986 1120 2126 1152 trahebat.

1288 1156 1333 1187 vel
1346 1156 1454 1188 Crixus.
2222 1122 2263 1153 Μ’
2286 1122 2413 1160 crymsn

1679 1222 1710 1256 C
1811 1221 1845 1257 H
1948 1221 1979 1257 U

1252 1315 1370 1352 Cnus,
1392 1316 1446 1347 sive
1463 1316 1617 1348 Ci-rossus
1633 1318 1731 1357 diffyll.
1753 1319 1846 1355 [2655'
1868 1315 1980 1356 ὶῖχοεὺς]
2001 1316 2048 1346 >ini
2066 1314 2176 1356 Ξχέω,
2198 1320 2273 1356 quod
2287 1319 2326 1349 est
2340 1318 2416 1348 Fun.

1289 1355 1354 1384 dere
1367 1377 1374 1389 ,
1396 1355 1490 1385 Genus
1515 1356 1647 1385 mensurae
1668 1358 1781 1391 majoris
1800 1357 1983 1386 humidorum
2007 1357 2081 1394 apud
2102 1357 2207 1386 Atticos
2217 1379 2225 1392 ‚
2255 1358 2416 1386 Romanum

1287 1394 1420 1459 {oggium
1433 1394 1564 1461 caisies'ss'
1588 1404 1690 1460 Sempe
1707 1395 1752 1424 sex
1765 1394 1895 1424 sextarios
1906 1416 1914 1428 ,
1934 1395 1990 1424 sive
2012 1395 2117 1432 cotylas
2139 1396 2238 1424 Atticas
2251 1395 2413 1438 duodecim.

1289 1431 1972 1512 ctoffist..0sameas..ff.³{f²⁶·v1?³‘³0‘¹f.·
1984 1442 2031 1499 3‘.
2052 1433 2222 1508 hffiZP⁶¹³¹¹³
2237 1433 2284 1462 *¹¹²
2303 1441 2415 1470 ‘³⁰⁰²'u‘

1286 1505 1328 1535 De
1342 1506 1408 1535 festo
1418 1507 1624 1536 Athenieniium
1635 1530 1643 1542 ,
1665 1508 1742 1544 quod
1755 1507 1849 1538 choas
1859 1507 1999 1539 vocabant
2020 1508 2052 1538 V.
2074 1517 2092 1538 c
2101 1517 2122 1538 Η
2131 1517 2149 1538 ο
2157 1516 2172 1536 a
2180 1516 2204 1537 s„

1250 1542 1440 1581 Caura«,
1463 1545 1493 1575 V.
1515 1554 1681 1575 cnir‘raA.

1694 1633 1724 1667 C
1816 1634 1854 1669 H
1946 1632 1981 1669 Y

1248 1727 1357 1758 Curi)
1368 1738 1457 1766 iam,
1478 1739 1513 1765 a,
1534 1739 1592 1760 um.
1615 1730 1676 1766 ΑΕΗ.
1699 1725 1870 1766 [χυδαῖῦυ]
1890 1729 1978 1766 Vilis,
1995 1729 2124 1767 vulgaris.
2143 1735 2195 1766 ut,
2215 1730 2345 1768 Chydaeae
2357 1731 2416 1769 pal.

1287 1776 1339 1810 niae
1349 1766 1411 1796 sunt
1423 1790 1432 1804 ‚
1454 1777 1567 1804 quarum
1585 1770 1682 1797 modio
1703 1770 1731 1797 in
1754 1778 1829 1804 aquae
1840 1770 1951 1807 congiis
1969 1768 2056 1798 tribus
2067 1776 2228 1804 macerato,
2250 1770 2416 1807 exprimitur

1283 1813 1382 1870 {ugrum
1392 1827 1401 1840 ‚
1424 1815 1480 1842 quo
1493 1806 1583 1835 Parthi
1595 1807 1621 1836 &c
1631 1805 1693 1836 lndi
1704 1813 1822 1836 utuntur
1835 1828 1843 1842 ‚
1864 1805 1891 1837 ἀ
1907 1806 2009 1837 Oriens
2025 1807 2082 1837 sere
2093 1813 2177 1836 totus.
2215 1807 2257 1837 De
2277 1807 2332 1837 hoc
2344 1807 2415 1837 Plin.

1284 1852 1306 1870 '1
1329 1865 1334 1871 .
1356 1852 1395 1875 ιι,
1415 1853 1475 1880 cap.
1494 1848 1537 1873 «16.

1285 1879 1405 1947 DssQssIyIi6
1415 1881 1538 1919 Chydaei.
1559 1881 1640 1912 Idem
1658 1891 1700 1918 η.
1716 1891 1744 1918 4.
1784 1880 1817 1911 V.
1838 1881 2000 1920 Spanheim.
2018 1882 2053 1912 de
2070 1880 2129 1911 'Usu
2149 1883 2176 1912 Sc
2194 1882 2282 1913 Praest.
2297 1881 2414 1914 Nnmm.

1335 1928 1351 1946 ι.λ
1368 1941 1373 1947 .
1409 1940 1415 1947 .

1252 1954 1303 1985 CH
1316 1965 1332 1984 Y
1343 1967 1357 1984 i.
1370 1966 1386 1984 υ
1397 1965 1409 1985 s
1420 1977 1428 1990 ‚
1450 1956 1467 1986 i.
1490 1966 1526 1986 m.
1548 1956 1673 1993 [χυλὸς]
1694 1956 1799 1987 Succus
1809 1978 1816 1989 .
1837 1956 1891 1987 sive
1912 1955 2017 1987 *humor
2030 1957 2182 1994 expressus.
2219 1958 2327 1996 Chylus
2336 1958 2416 1989 Ptisa-

1286 2003 1347 2028 nae,
1370 1994 1507 2031 Hippocr.
1537 1994 1567 2024 V.
1590 1994 1658 2025 Foes.
1671 1994 1778 2024 Oecon.
1792 1993 1898 2031 Chylus
1916 2005 1984 2024 uvae.
2008 1995 2098 2024 Diosc.
2110 1995 2160 2025 lib.
2176 2005 2200 2032 ς.

1287 2032 1369 2068 Apud
1380 2032 1509 2062 medicos
1518 2031 1716 2070 etiamChylus
1729 2033 1840 2071 proprie
1851 2033 1954 2062 dicitur
1963 2033 2067 2063 Succus
2079 2033 2228 2070 peculiaris
2238 2056 2246 2069 ‚
2265 2034 2295 2063 in
2312 2034 2418 2064 ventri-

1303 2069 1369 2098 culo
1382 2079 1416 2098 ex
1429 2071 1558 2099 coelione
1569 2070 1694 2100 ciborum
1706 2080 1761 2108 ope
1771 2070 1866 2100 vasum
1877 2070 2030 2100 lactentum
2041 2071 2214 2108 elaboratus,
2236 2073 2263 2102 &
2282 2073 2313 2102 in
2330 2081 2417 2102 venas

1306 2107 1479 2142 distributus7
1499 2109 1544 2145 qui
1555 2109 1669 2138 tandem
1682 2108 1711 2137 in
1724 2108 1848 2145 corporis
1858 2107 2024 2138 alimentum
2034 2109 2157 2140 vertitur.

1249 2143 1425 2181 ΟΗγΜιΛ,
1448 2145 1675 2181 CHvAricus,
1704 2145 1733 2175 V.
1757 2155 1915 2175 cuamrA.

1248 2182 1271 2211 C
1280 2191 1299 2211 Η
1311 2192 1329 2211 Υ
1339 2193 1358 2212 Μ
1370 2193 1388 2211 u
1397 2193 1410 2212 s
1427 2204 1435 2217 ‚
1450 2184 1470 2219 -[
1478 2181 1584 2219 χυμὲς]
1605 2184 1680 2221 apud
1690 2183 1800 2213 Graecos
1812 2183 1950 2220 Quemvis
1960 2184 2073 2213 succum
2085 2183 2219 2221 significat
2231 2206 2240 2220 ‚
2260 2189 2292 2214 ut
2303 2186 2329 2215 ἃ
2342 2185 2416 2223 Chy-

1286 2219 1329 2263 lijs
1343 2242 1351 2255 ‚
1373 2230 1387 2250 a
1399 2221 1516 2250 medicis
1526 2222 1703 2259 peculiariter
1712 2222 1847 2259 accipitur
1859 2232 1909 2259 pro
1923 2221 2012 2251 Maffa
2027 2221 2190 2260 sanguinea,
2211 2221 2267 2252 sive
2278 2224 2304 2253 δι
2315 2223 2416 2253 humo-

1287 2259 1363 2288 ribus
1375 2280 1383 2293 ,
1404 2268 1440 2288 ex
1452 2259 1551 2295 quibus
1563 2269 1623 2289 eam
1634 2259 1758 2289 constare
1770 2265 1835 2288 vett.
1847 2260 1883 2289 fin
1905 2259 1996 2289 ebant.

1249 2295 1271 2325 C
1280 2305 1302 2324 Η
1312 2306 1331 2325 r
1341 2305 1360 2324 τ
1370 2306 1385 2325 n
1396 2307 1415 2325 A
1427 2318 1435 2329 ,
1458 2298 1483 2326 81.
1502 2296 1523 2326 C
1534 2306 1579 2326 nv
1588 2307 1607 2326 T
1616 2307 1657 2327 izo
1669 2307 1690 2326 N
1702 2319 1709 2329 ,
1731 2293 1863 2334 [χότςσε]
1883 2317 1885 2319 »
1906 2298 1982 2326 atine
1992 2296 2057 2327 Olla
2068 2297 2179 2327 dicitur.
2218 2298 2286 2327 Cato
2299 2298 2413 2335 Chutra,
2447 2328 2451 2337 ,

1285 2343 1334 2371 per
1354 2344 1372 2363 u
1389 2333 1483 2364 effert.
1524 2334 1593 2364 Cato
1604 2335 1639 2364 de
1649 2335 1682 2365 R.
1696 2334 1728 2364 R.
1743 2344 1803 2372 cap.
1819 2344 1879 2372 157.
1904 2335 1958 2364 Ubi
1977 2336 2006 2364 in
2018 2334 2117 2365 chutra
2134 2335 2311 2365 fervefeceri's
2330 2336 2360 2365 id
2372 2334 2415 2366 lo-

1287 2372 1357 2401 tium
1371 2394 1379 2407 ,
1401 2372 1450 2401 sub
1464 2372 1557 2402 sellam
1569 2373 1718 2411 supponito
1734 2372 1881 2410 pertusam.
1919 2373 1991 2403 =Inde

1249 2408 1271 2438 C
1281 2418 1301 2438 Η
1310 2419 1331 2438 γ
1340 2420 1359 2438 T
1369 2420 1384 2438 a
1395 2411 1412 2439 ὅ
1421 2420 1435 2438 P
1447 2421 1465 2439 u
1474 2420 1485 2440 s
1497 2433 1504 2445 ,
1527 2411 1596 2440 odis.
1638 2411 1854 2440 instrumentum
1870 2411 1990 2441 ferreum
2019 2410 2098 2448 supra
2121 2411 2197 2448 quod
2218 2411 2314 2449 chytra
2336 2412 2414 2450 apud.

1285 2448 1381 2484 ignem
1394 2448 1565 2484 collocatur.
1586 2455 1617 2477 ut
1628 2449 1656 2477 in
1665 2448 1761 2478 eacibi
1773 2455 1946 2486 coquantur:
1971 2448 2016 2478 vel
2030 2448 2095 2478 Olla
2114 2448 2171 2486 ipsa
2189 2449 2275 2487 pedes
2289 2450 2412 2481 habens:

1281 2485 1380 2523 »quales
1395 2485 1457 2515 sunt
1470 2496 1536 2523 quas
1548 2489 1678 2514 marmitas
1695 2493 1805 2516 vocant.

1249 2522 1272 2553 C
1282 2533 1302 2553 Η
1313 2533 1330 2552 Y
1340 2533 1358 2551 r
1368 2533 1401 2552 si
1414 2534 1433 2552 N
1442 2534 1460 2552 D
1473 2534 1490 2552 A
1500 2546 1508 2558 ‚
1524 2519 1694 2560 [χύτξινὲὶι]
1706 2523 1867 2553 Convivalis
1878 2523 1961 2554 ludus
1971 2524 2033 2559 suit,
2044 2530 2076 2553 ut
2086 2524 2169 2554 tradit
2181 2523 2344 2562 Hesychius,
2362 2525 2414 2562 qui

1284 2571 1433 2600 puerorum
1442 2561 1532 2590 lusum
1542 2561 1597 2590 else
1604 2562 1650 2591 ait.
1670 2562 1709 2591 Ex
1721 2562 1762 2591 his
1773 2561 1907 2599 quispiam
1919 2561 1997 2591 sedet
2005 2562 2034 2591 in
2043 2563 2147 2596 medio,
2160 2572 2242 2599 quem
2254 2563 2414 2593 circumcir-

1286 2609 1318 2629 ca
1327 2600 1404 2636 pueri
1414 2599 1609 2628 concursantes
1621 2621 1629 2634 ‚
1649 2599 1728 2629 illum
1740 2609 1774 2629 eo
1785 2599 1868 2637 usque
1879 2599 1996 2634 versant,
2019 2600 2111 2629 donec
2124 2600 2171 2629 ille
2187 2601 2306 2637 aliquem
2317 2610 2415 2638 appre-

1281 2637 1414 2667 henderit
1423 2637 1522 2673 exeis,
1544 2637 1705 2676 quideinde
1718 2637 1813 2667 sedere
1825 2644 1947 2676 cogatur.
1969 2638 2104 2668 Meminit
2117 2637 2253 2669 Pollex&
2266 2639 2373 2669 Suidas..

1685 2710 1713 2745 C
1813 2710 1829 2745 1
1938 2711 1968 2746 A

1246 2784 1335 2820 CrA,
1357 2783 1460 2814 Cius.
1491 2783 1522 2814 V.
1549 2791 1628 2814 ctA.

1246 2824 1464 2858 ClAXAaEs,
1492 2821 1523 2852 V.
1548 2830 1763 2853 cYAXARss.

1689 2896 1722 2931 C
1819 2894 1836 2933 I
1931 2894 1955 2929 B

1246 2969 1405 3006 Cr-tAciz,
1426 2968 1646 3003 ΟὴᾼμυΜ,
1668 2967 1778 3002 erno,
1814 2967 1847 2997 In
1873 2977 1997 2997 cinus.

1246 3007 1268 3037 C
1279 3019 1287 3036 1
1300 3019 1313 3036 Β
1324 3018 1340 3036 D
1351 3011 1366 3036 ‘s‘
1378 3019 1394 3036 r.
1404 3018 1422 3036 A
1436 3029 1444 3042 ‚
1465 3008 1481 3043 [
1489 3004 1614 3040 κίξῶιλκ]
1636 3006 1738 3035 Graecis
1749 3006 1880 3035 dicuntur
1899 3004 2071 3035 Numismata
2084 3003 2183 3034 oblaesa
2194 3004 2220 3033 8:
2235 3003 2388 3035 adulterata
2400 3025 2410 3041 ,

1284 3046 1357 3083 quasi
1371 3043 1422 3072 tim)
1437 3045 1481 3071 τῶ
1494 3044 1557 3072 Χίων
1572 3040 1735 3078 δὶδὴλιίμῖμιι,
1755 3044 1774 3073 i.
1790 3053 1815 3074 e.
1837 3053 1853 3073 a
1866 3043 1942 3073 Chiis
1956 3049 2088 3080 corrupta
2102 3065 2110 3078 ‚
2131 3043 2299 3080 vitiataque,
2321 3053 2370 3081 per
2381 3043 2414 3073 ti-

1283 3091 1349 3113 terae
1363 3080 1587 3120 sonipinguioris
1599 3082 1820 3111 demutationem
1835 3082 1864 3110 in
1878 3081 1994 3110 exilem.

1286 3121 1444 3150 Cibdeliam
1463 3117 1648 3156 [κιςὸιιλεᾶσω]
1668 3119 1752 3148 etiam
1764 3120 1865 3149 Sordes
1874 3120 1985 3156 argenti
1998 3122 2171 3154 nuncupant.

1284 3159 1411 3196 Figurate
1423 3167 1490 3187 vero
1506 3158 1591 3186 etiam
1610 3157 1793 3196 Imposturam
1803 3179 1812 3193 ‚
1835 3156 1903 3186 sicut
1919 3152 2065 3185 κιζὶὸηλοῦκν
2080 3176 2089 3190 ,
2111 3154 2290 3192 imposturam
2305 3154 2410 3186 ficere.

1304 3197 1345 3226 Ex
1355 3196 1420 3226 Caei.
1433 3196 1482 3225 lib.
1499 3205 1540 3225 10.
1553 3204 1614 3232 cap.
1629 3205 1655 3224 2.

1248 3234 1287 3264 Cr
1296 3245 1312 3263 is
1323 3246 1331 3263 1
1341 3245 1376 3263 ιι
1387 3244 1406 3263 τ
1415 3244 1435 3263 A
1445 3243 1465 3262 Ν
1474 3244 1493 3269 r,
1515 3234 1586 3262 inter
1594 3232 1787 3272 stipendiarios
1798 3231 1905 3261 Baeticae
1911 3230 2035 3269 populos
2047 3236 2302 3260 commemorantur
2313 3240 2328 3260 a
2337 3230 2409 3261 Puri.

1287 3273 1334 3302 lib.
1350 3282 1376 3307 4.
1390 3282 1450 3310 cap.
1461 3271 1572 3309 penult.
2307 3288 2316 3297 .

1244 3309 1411 3340 CHHLLA
1423 3332 1431 3345 ,
1453 3319 1483 3338 ae.
1505 3309 1572 3338 teste
1584 3308 1657 3337 Varr.
1671 3307 1717 3337 lib.
1736 3319 1762 3343 4.
1777 3307 1812 3336 de
1823 3306 1851 3336 L.
1862 3305 1891 3335 L.
1905 3315 1949 3341 ας.
1976 3303 2072 3334 Mensa
2089 3310 2147 3334 erat
2167 3304 2286 3342 escaria,
2307 3315 2323 3348 a
2338 3306 2414 3337 cibis

1283 3349 1357 3378 dista
1367 3370 1374 3382 ,
1396 3357 1456 3385 quae
1466 3348 1587 3384 primum
1600 3346 1731 3383 quadra-ta
1745 3345 1847 3379 fiebat,
1868 3345 1894 3373 ἃ
1908 3343 2000 3381 postea
2012 3343 2142 3371 rotunda.

1283 3384 1377 3416 Festus
1386 3386 1454 3415 item
1465 3382 1594 3415 Cib'illam
1606 3385 1802 3420 interpretatur
1814 3381 1916 3411 Mensae
1927 3381 2052 3409 rotundat
2060 3389 2151 3416 genus
2193 3380 2268 3417 apud
2280 3388 2363 3418 quem
2371 3388 2415 3412 ῃ.

1302 3433 1369 3453 men
1378 3423 1509 3453 Cillibam
1520 3427 1649 3458 corrupte
1664 3421 1717 3458 legi
1729 3427 1797 3457 puto
1811 3429 1860 3456 pro
1872 3418 2009 3447 Cibillam.
2053 3417 2083 3446 V.
2106 3418 2146 3446 ibi
2189 3428 2259 3457 acer.

1246 3461 1289 3492 Οἵ
1299 3473 1311 3491 κ
1321 3465 1337 3491 ὃ
1347 3471 1363 3490 Β.
1372 3472 1381 3490 i
1390 3472 1408 3490 u
1418 3472 1439 3490 Μ
1452 3483 1460 3496 .,
1481 3461 1498 3489 i.
1521 3470 1548 3488 n.
1572 3457 1711 3494 ’[ν-ιβῶφιον
1724 3459 1738 3493 ]
1760 3457 1868 3487 Folium
1879 3455 2021 3485 colocasiae
2033 3476 2041 3490 ‚
2062 3454 2150 3484 velut
2162 3456 2207 3484 alii
2222 3456 2334 3486 fructus
2343 3456 2415 3487 fabae

1283 3500 1463 3538 AEgyptiacae.
1486 3497 1552 3526 Hor.
1562 3506 1587 3525 2.
1598 3496 1689 3525 Carni.
1702 3505 1726 3532 7.
1740 3504 1784 3525 21.
1806 3494 1908 3524 Pocula
1916 3493 2042 3539 qpaedam
2054 3492 2165 3523 Ciboria
2174 3500 2256 3523 vocat
2266 3516 2275 3530 ‚

1327 3535 1474 3567 oblivioso
1485 3535 1556 3564 levia
1571 3533 1687 3563 Mastice

1328 3575 1441 3605 Ciboria
1449 3573 1539 3610 exple.
1623 3571 1688 3606 Quo
1700 3569 1765 3599 loco
1779 3568 1934 3606 Porphyrii)
1953 3565 2055 3608 Pocula
2072 3566 2155 3597 fuiffe
2163 3567 2271 3597 dicit-in
2280 3569 2413 3601 soliorum

1283 3613 1427 3644 colocasia»,
1439 3609 1647 3640 similitudinem
1657 3608 1739 3636 fat‘ta.
1771 3607 1825 3637 Sed
1837 3607 1918 3635 satius
1929 3607 1981 3635 erit
1994 3604 2074 3634 Plinii
2086 3615 2136 3634 nos
2147 3607 2312 3643 opinionem
2327 3607 2412 3644 sequi,

1285 3652 1361 3689 apud
1369 3660 1453 3688 quem
1462 3648 1508 3677 lib.
1519 3657 1564 3676 21.
1575 3656 1636 3683 cap.
1650 3656 1659 3673 1
1668 3656 1690 3680 ς.
1707 3645 1766 3674 haec
1776 3644 1860 3674 verba
1869 3644 2006 3680 leguntur.¹
2027 3643 2056 3672 ln
2069 3644 2186 3681 IEgypto
2198 3643 2366 3674 nobjljffima
2374 3647 2413 3674 est

1284 3688 1419 3719 colocafia
1429 3709 1437 3720 ,
1453 3695 1534 3723 quam
1543 3692 1660 3721 cyamon
1672 3682 1755 3719 aliqui
1767 3689 1876 3711 vocant.
1901 3682 1980 3710 Hanc
1995 3690 2010 3709 e
2021 3680 2087 3710 Nilo
2099 3689 2218 3716 metunt,
2233 3682 2313 3711 caule
2325 3692 2412 3719 quum

1283 3728 1382 3757 coctus
1393 3725 1430 3754 est
1437 3721 1566 3752 araneoso
1575 3722 1602 3749 in
1613 3720 1777 3749 mandendo
1787 3741 1796 3754 ,
1814 3718 1907 3756 thyrso
1919 3727 2012 3748 autem
2022 3719 2068 3755 qui
2080 3719 2151 3748 inter
2163 3719 2228 3748 folia
2240 3721 2341 3749 emicat
2354 3721 2413 3757 spe.

1284 3763 1392 3797 stabili,
1407 3761 1481 3790 foliis
1490 3759 1635 3791 latiffimis,
1659 3758 1742 3786 etiam
1752 3757 1772 3785 si
1783 3757 1906 3786 arboreis
1918 3763 2133 3793 comparentur,
2158 3757 2193 3785 ad
2201 3758 2411 3787 similitudinem

1286 3812 1393 3835 eorum,
1406 3808 1465 3836 quae
1475 3796 1655 3835 personatam
1667 3795 1763 3824 nestris
1773 3794 1901 3823 amnibus
1913 3803 2054 3823 vocamus.
2077 3794 2209 3831 Adeoque
2223 3795 2277 3825 Nili
2287 3795 2327 3824 sui
2340 3796 2412 3824 doti-

1286 3839 1338 3870 bus
1348 3838 1512 3875 gaudent,ut
1521 3833 1651 3870 implexis
1659 3832 1799 3861 colocasiae
1809 3830 1884 3860 foliis
1896 3833 1924 3860 in
1935 3829 2164 3870 variam‘speciem
2176 3832 2412 3869 vasorumpotare

1306 3875 1465 3905 ratiffimum
1475 3871 1603 3901 habeant.
1633 3870 1794 3899 Secundum
1805 3870 1888 3907 igitur
1896 3868 1970 3898 hanc
1978 3869 2145 3907 opinionem
2158 3870 2269 3898 Ciboria
2279 3880 2335 3898 non
2349 3869 2411 3899 sunt

1284 3886 1388 3944 secula
1397 3912 1433 3941 ad
1440 3908 1572 3943 foliorum
1582 3907 1722 3937 colocasiae
1733 3905 1944 3938 similitudinem
1954 3908 2042 3938 facta:
2054 3906 2100 3936 sed
2110 3907 2188 3938 Folia
2196 3908 2231 3937 ad
2241 3908 2410 3945 poculorum

1817 3945 1836 3975 S
1847 3954 1859 3975 s
1870 3952 1883 3974 s
1903 3954 1921 3976 a
2289 3944 2410 3982 speciem
