2600 4177
471 97 501 133 C
596 99 624 132 A
723 98 753 135 R

72 177 152 214 siquis
164 178 348 215 comprimat,
367 185 475 209 corruat
484 180 569 209 homo
579 179 728 210 dormienti
739 181 859 212 assimilis
869 205 877 217 ,
892 183 1073 221 sequaturque
1086 195 1184 223 corpo.

72 217 109 244 sis
123 217 206 245 totius
219 216 405 251 immobilitas,
427 218 502 246 unde
514 217 673 247 &inditum
689 228 805 248 nornen:
830 230 893 249 narn
905 221 989 256 »αἱρῶν
1001 223 1094 252 Graecc
1104 223 1183 260 sopo-

72 262 128 280 rem
142 254 225 286 {ignat
235 274 243 287 ,
267 263 299 282 ac
308 253 478 283 ebrietatem.
500 254 660 284 Chalcidius
673 265 783 293 quoque
795 258 824 286 in
835 258 972 288 Timaeum
986 260 1103 288 Platonis
1113 282 1120 293 ,
1145 263 1184 289 in-

72 290 172 318 dedici
187 290 325 319 Caroticas
334 293 464 328 opinatur
476 313 483 325 ,
504 292 579 328 quod
594 292 707 322 vulnere
717 294 838 331 impasto
848 304 964 324 mortem
977 296 1094 326 afferunt
1106 297 1185 334 sopo-

15 338 17 343 ·
72 327 179 355 riferam
191 349 198 361 ,
219 337 322 364 perque
343 338 386 357 eas
405 328 529 366 spiritum
540 329 574 358 ad
585 336 668 367 caput
686 331 765 365 ferri,
787 333 863 361 unde
877 334 926 362 sint
940 334 1075 363 sentiendi
1096 335 1184 365 initia.

72 363 258 393 Caroticarum
268 366 396 394 meminit
413 368 439 395 ἃς
457 366 562 395 Aristot.
583 366 631 395 lib.
644 367 680 396 de
693 368 790 398 Histor.
809 371 978 401 animalium.
1018 372 1182 409 Carotides‚

74 398 202 436 Rea-‚amidis
220 401 389 439 frequentius
401 403 443 432 hae
453 404 557 433 arteriae
569 403 602 433 ab
613 406 775 435 anatomicis
786 416 926 437 vocantur.

36 432 60 467 C
68 447 87 467 A
97 448 111 466 a
121 448 134 466 1>
143 449 166 466 ΑΞ
177 448 194 467 A
207 460 214 471 ,
237 449 267 468 ae.
288 439 307 469 f.
329 438 488 476 [adamus]
510 442 615 470 Armata
626 442 678 470 fuit
687 442 836 473 saltationis
847 445 950 482 speeies
958 468 965 479 ,
988 446 1015 474 in
1027 455 1079 481 qua
1090 447 1185 482 positis

73 477 153 504 armis
173 475 310 513 bubsequa
327 478 444 513 jactabat
463 478 581 514 semina,
603 480 758 516 respectans
786 481 901 512 subinde
921 483 996 512 velut
1017 483 1181 513 formidine:

72 513 224 542 accedebat
241 515 392 551 praedator:
415 516 443 544 id
460 517 701 550 animadvertens,
724 518 877 555 bubsequa,
902 523 1033 558 correptis
1042 523 1122 550 armis
1138 523 1184 551 de-

71 550 219 588 pugnabat.
260 552 326 582 Haec
334 562 400 582 vero
411 553 514 582 fiebant
524 555 619 583 omnia
630 555 785 591 rhythmice
805 557 944 593 prorsum,
966 559 1134 595 praecinente
1151 561 1184 589 ti-

73 588 131 617 bia:
154 588 346 626 demumquea
361 591 513 627 praedatore
531 591 675 628 colligatus
695 592 763 621 sator
782 603 845 623 C¹1m
866 595 954 624 bobus
976 596 1181 627 abducebatur:

71 625 325 662 quandoqueillum
338 627 403 664 hic,
424 629 524 658 vinr‘tis
544 639 559 658 a
577 636 654 666 tergo
670 631 796 660 manibus
814 642 868 668 prae
886 632 912 662 se
924 633 1028 670 agebat.
1063 634 1101 663 Ex
1116 634 1182 665 Cael.

72 662 163 693 Rhod.
175 662 223 694 lib.
234 673 346 702 25.cap.
357 676 383 701 4.
424 666 454 696 V.
477 666 609 705 Xenoph.
624 667 684 696 init.
698 668 716 697 l.
732 671 757 697 6.
781 669 892 699 Anabas.
916 671 1053 709 &scalig
1069 673 1142 702 Poet.
1157 682 1180 702 1.

75 706 120 735 Ι8-
133 711 161 738 Ρ·
173 710 216 738 37-

36 737 59 769 0
68 748 88 767 A
99 748 165 767 sii-‘A
174 748 318 775 NRTUM,
339 739 357 769 i.
371 750 398 770 n.
421 740 510 771 Locus
521 742 551 770 in
563 742 649 771 Attica
663 743 776 779 regione
789 765 797 778 ,
819 750 850 773 ut
862 752 1008 782 exponunt
1020 747 1184 784 interpretes

71 777 100 805 in
115 776 178 806 Seri.
191 776 306 815 Hippoi.
324 787 348 807 v.
363 789 389 813 4.
431 779 501 815 Quae
518 779 579 809 saxa
598 779 654 808 solo
675 780 828 818 Carpaneto
848 782 968 819 subjecta
986 784 1088 820 jacent.
1128 785 1184 814 Sed

72 813 154 843 codd.
167 815 276 844 emend.
298 815 400 844 Saxoso
412 815 472 846 loca
482 817 607 846 Parnethi
618 817 746 849 subiecta.

36 850 58 881 C
68 861 86 880 A
96 861 112 879 a
122 861 137 879 Ρ
146 861 164 879 A
173 861 185 881 s
195 862 203 880 ι
214 862 231 881 υ
242 863 277 888 Μ,
298 853 316 882 i.
327 863 354 882 n.
374 855 391 889 [
400 852 560 891 Kagmi'mv]
581 855 664 892 Cypri
681 854 775 885 insulae
793 857 931 894 oppidum
946 859 1001 894 est,
1021 859 1095 897 apud
1113 860 1182 890 Plin.

71 888 119 955 iifl?
134 899 156 933 ς.
170 898 231 927 cap.
245 899 288 927 31.
308 891 465 930 Stephanus
475 892 628 931 Carpasiam
643 901 739 929 vocat,
761 895 788 923 δι
807 904 822 923 a
844 893 1021 933 pygmalione
1038 898 1184 928 conditam

69 935 84 956 a
107 931 167 956 ent.

70 963 221 1001 Carpafiam
232 965 316 995 etiam
327 967 456 996 nonnulli
468 966 642 1004 appellarunt
654 967 771 998 insulam
792 969 863 999 inter
878 969 987 1000 Cretam
1009 974 1034 1001 &
1051 971 1184 1003 Rhodum

88 1000 164 1031 sitam
176 1024 185 1037 ,
205 1013 263 1039 quae
274 1005 385 1033 notiore
395 1005 509 1033 nomine
524 1005 677 1043 Carpathus
690 1006 854 1044 appellatur.
896 1008 1053 1039 Demetrius
1071 1010 1185 1039 Salami-

87 1039 150 1069 nius
160 1040 312 1070 Carbasiam
322 1041 419 1072 maluit
429 1042 567 1080 appellare
579 1064 588 1079 ‚
610 1044 686 1081 quod
697 1045 733 1073 ad
749 1051 864 1075 ventum
877 1046 967 1083 ἰφςῑαν
977 1069 984 1082 ,
1008 1047 1062 1077 hoc
1073 1048 1111 1077 est
1119 1048 1185 1078 Afri-

40 1107 46 1111 ,
88 1086 169 1113 cum,
190 1078 237 1107 sita
247 1079 383 1109 videatur.

34 1113 84 1146 CA
93 1124 108 1143 a
116 1124 131 1144 1>
140 1125 159 1144 A
169 1125 182 1145 s
191 1126 209 1145 υ
218 1127 250 1151 Μ,
260 1116 278 1145 i.
294 1126 321 1146 n.
341 1119 358 1153 [
369 1114 515 1154 τέρπεο-σν]
532 1117 626 1148 Planta
637 1119 675 1148 est
684 1119 850 1155 Dioscoridi,
863 1122 941 1158 cujus
950 1122 1044 1152 succus
1056 1122 1184 1161 soporem

4 1180 5 1183 ,
71 1152 208 1190 citamque
221 1154 462 1191 strangulationem
477 1155 600 1186 adducit.
640 1157 695 1187 Sed
706 1167 831 1195 quaenam
844 1159 874 1187 sit
883 1161 985 1189 medici
994 1161 1026 1189 :id
1039 1161 1183 1198 hocusque

39 1220 42 1224 ,
68 1195 178 1228 tempus
189 1191 326 1229 ignorarit.
365 1193 394 1222 V.
422 1193 545 1223 Dioscor.
559 1193 608 1223 lib.
619 1198 645 1223 6.
657 1204 718 1232 cap.
737 1204 778 1231 13.
816 1197 889 1226 conf.
912 1207 930 1226 c
939 1208 957 1226 A
967 1208 983 1226 a
991 1208 1005 1226 P
1015 1208 1028 1227 s
1036 1208 1048 1227 s
1058 1209 1065 1226 1
1077 1209 1095 1227 u
1103 1210 1133 1228 M.

33 1226 275 1266 GARPATi-ios,
297 1230 314 1260 i.
333 1240 361 1260 n.
384 1231 436 1261 sive
450 1231 683 1261 CARPA'THUS
695 1254 702 1268 ‚
724 1233 742 1262 i.
761 1236 1123 1270 m.[i<aimeo·]1nsu1a
1145 1237 1183 1266 est

67 1266 140 1295 inter
156 1266 305 1305 AEgyptum
326 1268 493 1298 &Rhodum
514 1269 578 1304 fita,
600 1270 786 1300 ducentorum
804 1272 951 1301 stadiorum
969 1274 1116 1303 circuitum
1137 1275 1184 1304 ha-

69 1302 154 1334 bens:
176 1312 293 1342 quatuor
310 1305 378 1335 olim
398 1306 509 1343 insignis
526 1307 658 1337 urbibus:
680 1318 695 1338 a
706 1318 759 1345 qua
769 1318 844 1339 mare
854 1310 943 1348 ipsum
954 1310 1133 1350 Carpathium
1142 1312 1183 1342 di-

1 1368 8 1375 ,
23 1372 27 1378 ,
68 1342 152 1371 ctum.
192 1342 221 1372 V.
244 1343 312 1373 Plin.
330 1343 377 1373 lib.
390 1355 416 1379 4.
428 1354 488 1382 cap.
504 1354 546 1374 12.

2 1395 7 1410 i
35 1377 301 1417 Cuiam-rrius,
322 1391 337 1411 a
351 1403 359 1416 ,
380 1391 438 1411 um.
461 1382 521 1418 Adj.
540 1382 608 1412 Hor.
622 1392 644 1413 1.
656 1383 747 1414 Carni.
762 1393 805 1421 35.
818 1390 843 1419 8.

148 1417 317 1456 Quicunque
329 1418 448 1457 Bithyna
456 1419 563 1450 lacessit

201 1456 379 1494 Carpathium
391 1457 504 1495 pelagus
512 1458 615 1487 carina.
715 1486 717 1489 ,
745 1458 882 1489 Coluniel.
896 1461 943 1491 lib.
955 1466 980 1495 8.
992 1470 1053 1499 cap.
1067 1465 1110 1492 16.
1134 1461 1183 1492 So-

68 1489 94 1522 la
101 1502 135 1523 ex
144 1494 267 1531 pretiosis
277 1494 396 1532 piscibus
408 1505 522 1525 murena
531 1518 538 1531 ‚
559 1496 683 1533 quamvis
696 1495 833 1527 Tarsensis
843 1520 852 1533 ,
875 1498 1070 1537 Carpathiique
1081 1500 1180 1539 pelagi.

0 1550 4 1562 i
69 1530 173 1568 Gurges
184 1531 355 1569 Carpathius.
377 1533 449 1569 Virg.
461 1545 488 1568 4.
502 1533 602 1571 Georg.
616 1539 677 1570 387.

0 1570 7 1598 L
34 1572 36 1575 “
67 1568 385 1637 Οὲιρῗῑὴίἓὶιῧρέιεηι,
406 1571 514 1602 dicium
528 1572 559 1601 in
571 1572 623 1602 Eos
635 1572 682 1608 qui
693 1571 741 1602 fibi
756 1582 814 1602 rem
831 1574 945 1605 noxiam
964 1574 1108 1606 arcessunt.
1148 1575 1179 1607 V.

109 1616 136 1636 ra
148 1617 184 1636 m.
238 1618 245 1637 i
269 1618 282 1638 a
306 1631 312 1638 .
866 1630 877 1647 0

0 1658 2 1669 i
29 1635 258 1711 CA'nerrus}
277 1647 295 1675 i.
316 1656 354 1676 m.
375 1646 566 1683 [κᾰρπατῶυ]
587 1647 671 1677 Mons
687 1647 827 1678 Sarmatiae
845 1649 874 1678 in
891 1649 1003 1689 Europa
1021 1649 1180 1683 Ptolemaeo.

91 1692 107 1711 u
138 1692 154 1711 0
166 1686 202 1710 Cr
258 1693 284 1713 z.
549 1711 551 1715 .
795 1695 800 1700 “

0 1729 4 1754 ι
29 1717 54 1748 C
62 1728 82 1748 A
90 1692 150 1749 Regu
159 1729 179 1749 N
187 1689 256 1750 Tagai<
264 1732 282 1751 A
292 1731 310 1751 c
318 1732 337 1751 T
347 1732 376 1758 ir,
396 1731 434 1752 es.
455 1721 474 1751 f.
488 1721 592 1761 ,Galliae
602 1722 787 1754 Narbonensis
797 1724 893 1754 civitas
904 1746 912 1760 ‚
936 1726 1010 1764 apud
1023 1726 1090 1757 Plin.
1099 1726 1178 1765 lib.3.

0 1758 2 1767 '
38 1788 43 1791 ,
69 1766 130 1795 cap.
145 1769 171 1794 4.
212 1758 300 1797 Vulgo
319 1763 478 1796 carpenti-as.
1042 1796 1051 1799 ς

9 1821 12 1829 ,
27 1792 54 1824 C
64 1804 82 1823 A
92 1805 107 1824 a
116 1806 130 1824 r
138 1806 152 1825 a
160 1805 209 1825 NT
218 1807 237 1826 υ
245 1808 266 1826 M
278 1819 285 1833 ‚
306 1797 324 1826 i.
342 1808 369 1828 n.
392 1797 506 1834 [ἄμφι]
527 1797 620 1827 Genus
629 1798 766 1833 vehiculi,
792 1799 898 1830 dictum
909 1800 980 1837 quasi
990 1801 1180 1840 Grumentum,

8 1842 9 1847 ¹
65 1842 83 1863 a
92 1833 238 1864 Carmenta
249 1835 471 1871 Evandrimatre,
486 1837 693 1873 permutatione
702 1836 788 1866 literae
797 1847 825 1866 m
836 1838 865 1866 in
873 1849 901 1876 p.
913 1839 997 1869 Ovid.
1010 1850 1032 1869 i.
1043 1840 1063 1870 F
1065 1840 1178 1877 ast.619.

145 1872 217 1902 Nam
229 1873 304 1911 prius
315 1873 443 1903 Ausonias
452 1880 552 1902 matres
564 1881 695 1911 carpenta
704 1874 859 1912 vehebant,

183 1910 249 1940 Haec
259 1921 368 1949 quoque
378 1911 411 1940 ab
423 1911 541 1940 Evandri
552 1911 624 1940 dicta
636 1920 749 1950 parente
759 1923 830 1942 reor.

64 1946 211 1985 carpentis
228 1949 291 1978 vehi
311 1956 448 1978 matronas
467 1948 563 1978 Romae
584 1948 676 1979 solitas
694 1950 815 1979 ostendit
841 1949 935 1980 Livius
950 1950 998 1981 lib.
1013 1962 1036 1987 ς.
1059 1961 1119 1991 cap.
1132 1960 1178 1989 ις.

84 1985 181 2021 Quum
194 1986 229 2015 de
241 1987 376 2016 mittenda
387 1987 494 2016 decima
507 1996 541 2016 ex
552 1988 644 2024 praeda
661 1988 812 2017 Veientana
824 1989 946 2026 Apollini
960 1990 1111 2028 Delphico,
1133 2002 1180 2028 pe.

86 2024 222 2059 cuniaque
234 2034 267 2053 ex
274 2025 378 2059 aerario,
391 2032 422 2054 ut
434 2034 529 2053 aurum
538 2034 573 2054 ex
583 2035 615 2054 ea
630 2028 815 2060 coemeretur,
842 2034 970 2065 prompta
980 2028 1178 2066 proposuisset,

85 2059 181 2096 Cujus,
194 2063 292 2098 inquit.
305 2073 389 2100 quum
401 2060 482 2100 copia
495 2072 551 2091 non
563 2062 638 2098 effer,
650 2070 782 2093 matronae
793 2064 912 2094 coetibus
929 2065 963 2094 ad
973 2075 1035 2094 eam
1044 2076 1102 2095 rem
1113 2077 1180 2097 eon.

84 2098 237 2128 sultandam
245 2100 654 2137 habitis.&[anEii?]communi
663 2101 776 2131 decreto
785 2101 918 2139 pollicitae
929 2104 1047 2133 triburiis
1058 2104 1180 2136 militum

84 2146 180 2166 aurum
191 2139 217 2166 &
228 2139 322 2167 omnia
332 2145 494 2167 ornamenta
503 2138 549 2167 sua
558 2160 567 2172 ,
588 2139 617 2167 in
629 2141 752 2168 aerarium
769 2140 937 2169 detulerunt.
977 2142 1059 2171 Grata
1069 2152 1101 2171 ea
1113 2153 1156 2172 res
1170 2166 1178 2179 ,

83 2181 115 2204 ut
128 2185 188 2212 quae
205 2177 327 2205 maxime
340 2176 445 2205 senatui
465 2186 587 2212 unquam
603 2176 671 2206 suit:
694 2177 885 2215 honoremque
896 2178 932 2207 ob
944 2188 1005 2208 eam
1016 2181 1179 2210 munii-icen.

82 2213 149 2242 tiam
163 2213 255 2242 ferunt
266 2215 398 2243 matronis
408 2213 553 2251 habitum,
576 2221 606 2244 ut
616 2214 723 2253 pilento
735 2216 770 2244 ad
781 2215 854 2245 sacra
864 2215 999 2253 ludosque
1010 2239 1018 2253 ,
1040 2220 1180 2257 carpentis

83 2250 150 2280 festo
162 2251 337 2288 profestoque
348 2259 500 2281 uterentur.

82 2288 208 2327 Mansiffe
218 2296 309 2319 autern
322 2290 397 2319 hunc
408 2299 524 2324 morem,
535 2289 655 2320 ostendit
673 2289 727 2320 Dio
741 2293 805 2328 467.
828 2291 901 2321 circa
914 2291 1091 2331 principium.
1132 2292 1180 2324 Koa}

83 2337 111 2362 τῃ
130 2328 286 2363 Mem-aenium
308 2327 345 2356 τὴν
361 2327 488 2357 wehtam
507 2323 530 2355 ἣν
547 2328 595 2364 ’gii
612 2326 795 2365 Λικιὲαέχιίκε-ι,
817 2331 838 2366 xj
856 2327 1022 2366 τῷιωιξπέντῳ
1036 2331 1116 2370 λςὶῐαῖζ
1134 2330 1182 2360 ἓέ)-

83 2375 133 2394 m,
174 2364 285 2402 Legitur
297 2373 390 2394 tamen
410 2362 533 2401 κφςπεντίῳ
549 2375 577 2402 p.
588 2375 652 2402 472.
675 2366 767 2395 nescio
779 2376 813 2396 an
834 2377 883 2404 per
894 2376 1014 2397 errorem
1026 2391 1034 2402 ,
1056 2379 1091 2398 an
1103 2371 1179 2407 quod

82 2408 245 2440 carpentum
256 2403 347 2432 minus
358 2403 500 2440 quoddam
513 2404 588 2433 esset.
628 2403 739 2440 Alioqui
755 2404 807 2433 Dio
818 2405 919 2434 alicubi
932 2406 1000 2435 dicit
1011 2402 1090 2443 ἐῗφςῳ
1109 2407 1180 2439 49⁶&-

83 2438 154 2476 n'w.
177 2441 263 2475 list.
279 2442 423 2479 [Apparet
434 2442 527 2478 potius
537 2451 570 2471 ex
582 2442 636 2471 hoc
649 2443 713 2472 loco
728 2442 836 2477 Dionis,
848 2444 972 2480 carpenti
982 2444 1058 2474 usum
1071 2446 1179 2483 pridem

82 2478 215 2508 matronis
235 2479 398 2517 ademptum
426 2478 519 2515 fuisse,
555 2479 618 2509 solis
642 2479 794 2509 Vestalibus
815 2481 964 2517 virginibus
986 2484 1012 2511 ἃ
1033 2483 1180 2513 sacerdoti-

85 2516 135 2545 bus
146 2517 304 2546 concessum
315 2517 349 2546 ad
362 2517 390 2545 id
402 2523 513 2554 tempus
527 2527 535 2553 3
558 2527 642 2554 quum
660 2525 737 2547 extra
753 2518 880 2547 ordinem
896 2519 1046 2549 Meffalinae
1058 2522 1177 2553 daretur.

82 2552 114 2583 V.
136 2554 248 2584 Casaub.
261 2555 294 2583 ad
304 2555 378 2587 Suet.
392 2554 488 2589 Claud.
500 2564 562 2593 cap.
575 2564 617 2593 17.
658 2556 712 2585 Sed
724 2555 812 2585 forsan
822 2556 914 2586 Livius
925 2557 987 2587 solis
999 2558 1031 2587 iis
1047 2561 1181 2590 matronis

3 2600 6 2604 ·
58 2622 60 2624 ,
83 2589 367 2630 concessuminteiligi
376 2592 464 2622 voluit
475 2614 482 2628 ,
505 2603 565 2631 quae
578 2599 636 2623 tum
650 2603 747 2623 aurum
757 2593 834 2623 suum
851 2595 880 2623 in
896 2595 1041 2631 publicum
1056 2598 1182 2628 contule-

47 2638 51 2645 ·
71 2636 152 2665 grant.
192 2630 255 2666 Ejus
269 2630 383 2666 figuram
397 2640 431 2660 ex
442 2631 564 2661 nummis
575 2633 694 2667 antiquis
706 2631 820 2660 exhibet
830 2632 913 2661 Oisel.
925 2633 980 2663 tab.
995 2640 1039 2669 98.
1053 2644 1079 2664 n.
1092 2641 1179 2671 ‹is-⁶·

48 2664 241 2705 'Argenteum
281 2667 352 2698 Flor.
367 2678 391 2705 3.
403 2678 429 2699 2.
447 2679 471 2705 5.
492 2669 553 2699 Rex
563 2669 620 2707 ipse
633 2670 770 2706 Bituitus,
791 2669 976 2700 discoloribus
990 2671 1019 2701 in
1029 2674 1126 2710 armis,
1141 2684 1182 2704 ara

83 2711 239 2744 genteoque
253 2713 396 2745 carpent-0.
434 2739 436 2741 ,

65 2737 203 2780 judiciale
217 2753 388 2782 carpentum.
419 2744 527 2783 Vopisc.
543 2746 572 2774 in
585 2744 673 2775 Aurel.
687 2755 750 2784 cap.
762 2755 786 2776 1.
808 2744 945 2789 Vehiculo
955 2745 1003 2776 suo
1014 2757 1060 2778 me
1072 2749 1098 2779 ἃ.
1108 2749 1182 2785 judi..

4 2805 7 2810 .
83 2781 148 2811 ciali
157 2790 290 2820 carpento
301 2782 445 2813 Praefet‘tus
461 2783 535 2813 urbis
547 2783 646 2819 Junius
657 2783 824 2813 Tiberianus
837 2791 954 2821 accepit.

4 2842 9 2848 .
63 2815 155 2850 Serica
164 2826 310 2858 carpenta,
331 2821 426 2850 Serico
438 2829 530 2858 panno
541 2827 646 2852 ornata.
667 2821 790 2860 Propert.
802 2821 850 2853 lib.
863 2833 889 2859 4.
903 2827 929 2856 8.
941 2830 985 2859 23.

0 2875 10 2887 ι
66 2858 150 2895 Agere
161 2865 332 2896 carpentum.
355 2859 410 2888 Liv.
424 2859 471 2888 lib.
488 2864 566 2895 1.48.

65 2889 181 2926 Volvere
193 2902 365 2934 carpentum.
389 2897 488 2933 Juven.
500 2902 525 2930 8.
541 2898 595 2927 Sat.
611 2904 671 2933 147.
746 2930 749 2933 ,
1024 2931 1026 2933 ,

0 2950 12 2964 ψ
31 2931 80 2964 CA
89 2943 105 2962 a
114 2943 207 2963 esur
217 2944 236 2963 A
247 2944 263 2963 a
273 2945 282 2963 ι
293 2940 311 2964 u
320 2944 332 2964 s
341 2957 348 2969 ,
369 2945 384 2964 a
395 2957 403 2969 ,
416 2945 472 2964 um.
494 2932 693 2971 [ignarae-3
715 2934 775 2971 Adj.
797 2939 850 2970 ut,
872 2935 1066 2973 Gsarpentarius
1081 2946 1178 2975 equus.

0 2987 8 3007 2,
65 2968 123 3008 Qui
136 2979 297 3011 carpentum
309 2973 402 3002 ducit:
425 2974 451 3002 ἂ
462 2972 656 3010 Carpentarius
667 2972 753 3007 faber,
765 2973 820 3010 Qui
832 2974 1047 3011 carpentafacit.
1060 2975 1182 3015 Carpen-

11 3024 13 3026 ·
40 3036 42 3038 .
64 3006 198 3039 {ariorum
211 3010 342 3040 meminit
352 3009 474 3040 Aurelius
484 3011 613 3040 Arcadius
626 3010 680 3040 inl.
694 3010 744 3039 ult.
759 3011 794 3040 D.
810 3011 846 3040 de
861 3012 912 3047 jur.
924 3012 1065 3042 immunit.

0 3052 12 3074 ἵ.
47 3070 50 3075 .
66 3042 169 3077 Artifex
185 3049 379 3086 carpentarius.
402 3048 541 3086 Lamprid.
554 3048 583 3077 in
594 3048 669 3078 Alex.
689 3058 750 3086 cap.
767 3057 810 3084 52-
833 3048 962 3079 Absolute
974 3050 993 3079 l.
1012 3060 1036 3080 1.
1058 3051 1129 3082 Cod.
1143 3052 1180 3082 de

0 3094 13 3111 ,r
71 3084 202 3119 excusat.
212 3085 281 3115 artif.
305 3086 436 3116 Fullones
446 3107 454 3121 ‚
475 3086 655 3124 carpentarii,
677 3086 838 3124 sculptores.

0 3123 12 3149 ³·
53 3120 177 3153 .Fabrica
186 3125 366 3162 carpentaria.
385 3123 454 3153 Plin.
468 3123 516 3153 lib.
531 3127 572 3154 16.
587 3134 647 3162 cap.
660 3130 685 3158 8.
698 3125 726 3154 in
737 3124 801 3153 fine.

9 3167 11 3171 ⁴
32 3152 150 3191 Cane
161 3171 211 3190 NT
222 3171 264 3190 AR
275 3171 328 3197 rA,
349 3172 380 3191 ae.
401 3161 419 3190 f.
444 3162 490 3191 Ars
503 3161 568 3200 ipsa.
592 3162 724 3198 firmicus
735 3162 821 3191 lib.2.
839 3170 900 3199 cap.
915 3169 957 3192 ιο,
970 3171 1010 3201 pr.
1027 3163 1075 3193 ubi
1091 3165 1126 3195 de
1135 3165 1180 3195 Sa.

6 3208 9 3217 ⁴
66 3203 156 3228 turno.
197 3198 283 3234 Cujus
296 3199 456 3237 significatio
468 3199 523 3235 est,
548 3200 685 3237 quidquid
702 3201 737 3229 ad
755 3209 812 3229 rem
824 3200 951 3229 rusticam
965 3202 1094 3238 pertinet.
1135 3203 1183 3238 Iti-

68 3235 131 3266 dem
141 3258 150 3272 ,
170 3246 342 3275 quaecunque
353 3246 388 3266 ex
399 3237 521 3267 artificiis
531 3247 615 3267 manu
626 3237 806 3275 perficiuntur
818 3259 826 3272 ,
846 3244 877 3266 ut
887 3241 1062 3268 caementaria
1071 3262 1078 3275 ,
1100 3239 1182 3270 soffo-

66 3273 123 3309 ria,
140 3275 318 3312 carpentaria.
359 3275 416 3304 Nisi
426 3275 495 3305 forte
506 3274 584 3305 malis
595 3275 654 3305 haec
666 3276 803 3312 adjectiva
813 3275 867 3304 effe
879 3276 987 3313 generis
998 3278 1099 3314 neutri,
1120 3278 1182 3308 sub.

4 3323 13 3335 ν
66 3312 211 3349 audiasque
221 3308 343 3342 artificia.

13 3359 15 3362 ’
61 3357 246 3379 Λιιιηιειυιι
257 3371 266 3385 ,
288 3350 307 3380 i.
323 3360 350 3379 n.
371 3348 546 3387 [κμςπῆσιον]
566 3349 659 3380 Herba
671 3350 729 3385 est,
750 3348 785 3379 de
797 3360 849 3388 qua
860 3350 957 3380 Galen.
970 3351 1020 3381 lib.
1037 3362 1059 3381 1.
1079 3353 1114 3383 de
1129 3354 1182 3384 An-

67 3383 146 3417 tidot.
187 3388 229 3417 Est
239 3394 333 3418 autem
342 3387 501 3426 Carpesium
511 3409 519 3423 ,
542 3389 634 3426 inquit
644 3410 652 3424 ‚
673 3389 731 3426 phu
745 3388 886 3426 appellato
902 3398 1002 3426 genere
1013 3390 1123 3426 similis,
1137 3402 1183 3422 va.

3 3436 7 3442 ¹
61 3423 166 3460 lentior
174 3431 266 3455 tamen
277 3447 286 3461 ,
306 3432 387 3463 atque
397 3426 545 3455 odoratum
555 3426 686 3463 quiddam
698 3426 811 3463 spirans.
849 3424 1000 3456 Plurimum
1010 3428 1064 3457 hoc
1075 3429 1103 3457 in
1116 3429 1181 3459 Sida

4 3464 15 3479 '¹
66 3461 226 3500 Pamphiliae
237 3464 364 3494 nascitur.
404 3459 514 3493 Tenuia
524 3470 616 3493 autem
628 3463 690 3493 sunt
699 3464 851 3499 sarmenta,
872 3464 1043 3494 cinnamomi
1057 3466 1182 3504 virgultis

67 3496 170 3530 similia.
210 3501 274 3537 Ejus
294 3501 350 3531 duo
363 3502 661 3540 reperiunturgenera:
683 3511 771 3531 unum
787 3502 862 3538 quod
883 3501 1042 3532 Laertium:
1064 3504 1182 3535 alterum

58 3538 141 3575 >quod
149 3538 295 3569 Ponticum
306 3539 523 3576 cognominatur
533 3561 541 3574 ,
562 3549 576 3569 a
589 3546 695 3574 monte,
716 3539 745 3568 in
755 3549 809 3576 quo
824 3539 986 3575 nascuntur,
1009 3548 1122 3579 utraque
1132 3553 1182 3572 no..

67 3582 132 3605 men
145 3577 245 3615 adepta
254 3598 262 3612 ‚
282 3577 328 3606 sed
339 3577 488 3606 Ponticum
497 3577 596 3606 melius
605 3577 650 3606 est.
692 3577 777 3612 Quod
789 3587 873 3614 quum
884 3578 943 3612 ejus
953 3588 1012 3607 non
1023 3588 1120 3616 parum
1133 3581 1181 3611 ha-

69 3611 163 3643 berem
173 3635 181 3649 ,
202 3614 346 3653 permultis
357 3614 568 3644 medicamentis
574 3614 708 3644 admiscui
720 3636 729 3650 ,
750 3615 778 3643 in
788 3614 886 3652 quibus
896 3615 954 3652 phu
965 3623 1062 3646 vocata
1070 3618 1180 3655 imponi

69 3650 208 3687 debuerat.
248 3652 291 3681 Est
304 3653 378 3681 enim
389 3652 546 3689 Carpelium
559 3652 615 3689 phu
630 3652 717 3682 simile
726 3674 734 3688 ‚
753 3653 890 3681 valentius
901 3660 995 3682 tamen
1005 3675 1013 3688 ,
1035 3655 1061 3684 ἃ
1072 3656 1100 3684 in
1112 3665 1178 3692 quo,

55 3694 101 3719 ,ut
111 3689 186 3723 dixi,
206 3690 467 3719 nonnihilodoratae
484 3689 620 3727 qualitatis
630 3691 709 3728 gustu
730 3690 902 3727 odoratuque
917 3690 1041 3721 sentitur.
1081 3693 1181 3723 Hacte-

10 3731 17 3747 -'
69 3734 120 3756 nus
131 3726 226 3757 Galen.
267 3727 368 3757 Verum
388 3727 456 3764 quid
471 3727 523 3756 hac
539 3728 700 3765 tempestate
721 3728 752 3756 sit
769 3727 945 3765 Carpesium,
967 3729 1042 3758 haud
1054 3729 1116 3760 satis
1135 3741 1181 3761 ex-

68 3763 164 3802 plicari
173 3765 262 3803 potest
273 3775 288 3794 a
298 3765 414 3795 medicis
423 3786 432 3801 ‚
452 3771 484 3794 ut
497 3765 579 3795 sentit
589 3765 726 3795 Matthiol.
739 3765 768 3794 in
783 3765 934 3795 Dioscorid.
947 3769 973 3796 6.
989 3776 1032 3802 η.

65 3810 284 3838 ΑιΡΒτΑΝι,
306 3813 394 3832 orum.
417 3812 454 3832 m.
476 3803 514 3840 pl.
537 3799 653 3841 Populi,
674 3812 743 3840 quos
764 3802 831 3832 Plin.
855 3802 904 3832 lib.
918 3813 942 3840 3.
961 3814 1022 3843 cap.
1038 3813 1062 3842 3.
1087 3806 1117 3835 in
1132 3806 1182 3837 Hi.

69 3837 160 3877 spania
170 3839 305 3875 collocat,
327 3841 362 3870 ad
370 3841 477 3878 Tagum
491 3841 607 3870 fluvium
617 3863 625 3875 ,
647 3842 722 3877 juxta
734 3840 869 3871 Vaccaeos.

3 3898 6 3900 v
37 3870 57 3906 C
65 3885 83 3905 A
91 3886 129 3905 ai>
138 3886 159 3905 H
168 3887 181 3906 ri
189 3887 206 3906 o
215 3886 235 3913 τ
245 3887 263 3906 u
273 3888 294 3906 M
304 3899 313 3914 ,
333 3879 351 3908 i.
369 3888 398 3908 n.
419 3878 521 3907 Thuris
533 3888 619 3917 genus
634 3877 807 3916 purissimum
818 3879 843 3908 ἅ
854 3878 1007 3910 candidum
1018 3902 1027 3917 ,
1047 3882 1125 3920 quod
1135 3892 1182 3913 au·-

15 3935 17 3937 -
67 3918 164 3982 tumpo
175 3914 275 3983 legiItur'
290 3925 325 3946 ex
339 3922 419 3955 partu
428 3915 530 3946 aestivo.
551 3915 653 3947 Auctor
667 3915 736 3947 Plin.
747 3915 796 3946 lib.
811 3925 852 3947 12.
867 3925 929 3955 cap.
943 3927 987 3955 14.

73 3969 77 3972 ’
150 3962 168 3983 0
178 3961 204 3983 ῐιι
241 3975 247 3983 ι

1632 109 1908 145 CAR
2324 131 2393 166 443

1243 187 1265 217 C
1276 199 1292 217 A
1305 199 1319 217 R
1331 199 1344 218 ι’
1354 199 1372 218 H
1383 200 1399 218 o
1410 202 1424 218 ι.
1435 191 1451 219 ὅ
1461 201 1479 219 G
1488 202 1497 219 i
1508 200 1526 220 A
1535 213 1543 223 ,
1563 201 1594 220 ze.
1616 190 1633 219 f.
1657 186 1857 226 [x'xedlonor'oe]
1877 191 2041 221 Floccorum
2051 215 2058 226 ,
2080 193 2220 230 palearum
2235 197 2278 226 vel
2287 198 2398 228 festuca-

1280 236 1338 255 rum
1350 228 1487 257 collectio.
1529 229 1558 257 V.
1582 228 1647 258 Crel.
1663 227 1750 256 Aurel.
1765 230 1839 258 Acut.
1857 239 1878 258 1.
1893 238 1914 263 ³·
1929 231 1954 259 8(
1968 241 1990 264 ς.
2005 232 2029 259 ἃ
2045 230 2141 260 Galen.

1244 261 1266 291 C
1276 274 1293 291 A
1304 274 1318 292 R
1328 275 1342 292 1¹
1352 275 1369 292 H
1379 276 1395 293 o
1406 275 1417 294 s
1434 288 1441 299 ‚
1464 266 1481 294 i.
1504 264 1654 300 [ιφίοφῷ]
1674 265 1771 295 Herbae
1782 276 1885 302 genus,
1906 265 2001 296 Latine
2012 267 2142 297 festucam
2158 268 2243 299 sonat.
2268 271 2334 302 Plin.
2348 273 2396 303 lib.

1281 310 1325 335 ²4.
1338 311 1397 339 cap.
1414 313 1454 337 ιφ.
1486 303 1546 332 Nec
1556 303 1633 333 freno
1645 303 1740 332 Graeeo
1753 305 1845 333 minor
1855 305 2002 334 austoritas
2012 326 2019 339 ‚
2042 306 2116 342 quod
2132 306 2200 335 telin
2212 317 2328 345 vocant,
2350 312 2400 340 ulii

1280 340 1397 375 carphos
1412 341 1463 369 διε.
1484 340 1555 369 Galli
1567 342 1656 376 inquit
1667 340 1913 378 Ruell.fenegrenen
1923 348 2032 371 vocant.
2053 351 2078 371 2.
2094 352 2136 378 32.

1245 374 1266 403 C
1278 385 1293 403 A
1305 385 1359 403 RP1
1372 398 1378 408 ,
1403 387 1491 406 orum.
1513 388 1549 406 ni.
1572 379 1710 414 [Koipmi]
1733 377 1831 416 Populi
1850 378 1912 408 sunt
1928 379 2087 416 Zeugitanae
2099 381 2237 418 regionis,
2259 393 2319 420 quae
2336 395 2400 422 pro-

1281 414 1340 449 prie
1356 414 1443 443 Africa
1457 415 1565 444 dicitur.
1590 416 1689 444 Auster
1700 415 1766 445 Plin.
1783 416 1832 445 lib.
1849 426 1870 451 ς.
1886 426 1946 453 cap.
1962 428 1987 452 4.
2001 427 2041 454 pr.

1281 449 1381 487 Carpi,
1404 452 1493 487 [Ptol.
1512 453 1665 487 Regma-moi]
1687 452 1756 483 alius
1799 455 1899 492 opulus
1912 455 2047 483 Basternis
2066 453 2218 493 finitimus,
2240 467 2308 494 quos
2326 466 2400 490 trans

1301 487 1393 516 illrum
1405 489 1553 526 geographi
1565 490 1713 520 collocant.
1753 490 1774 521 ll
1789 491 1888 520 eminit
1908 492 2014 530 Vopisc.
2026 494 2054 521 in
2068 493 2154 522 Aurel.
2169 503 2229 532 cap.
2245 505 2287 532 30.
2326 497 2402 528 Hinc

1245 523 1267 552 C
1279 534 1296 552 A
1308 535 1321 552 a
1332 535 1345 553 P
1356 536 1363 553 ι
1373 536 1390 554 e
1402 536 1417 554 u
1429 536 1450 559 s,
1465 536 1490 561 a,
1501 536 1555 555 um.
1580 527 1744 564 Cognomen
1757 529 1925 565 triumphale
1936 551 1943 564 ,
1966 530 2051 566 Quod
2062 552 2069 564 ‚
2085 531 2121 560 ob
2135 532 2278 562 victoriam
2290 534 2325 563 de
2338 535 2406 565 Car-

1282 563 1325 598 nis
1336 570 1514 599 reportatam,
1536 564 1653 594 Senatus
1666 564 1808 595 Aureliano
1821 567 1925 596 tribuit.
1949 567 2058 605 Vopisc.
2072 578 2133 612 cap.
2151 579 2194 605 30.

1244 598 1266 628 C
1278 610 1294 627 A
1305 609 1317 627 a
1331 610 1343 627 P
1354 610 1362 627 1
1375 610 1391 627 A
1403 610 1414 628 s
1424 622 1431 634 .
1454 602 1543 637 inquit
1557 602 1710 631 Menander
1722 603 1824 633 Rhetor
1834 627 1842 638 ,
1865 605 1939 641 apud
1958 605 2073 635 Caelium
2094 606 2141 635 lib.
2153 618 2179 642 4.
2215 606 2347 639 Civitates
2360 610 2403 640 di-

1282 637 1397 671 cebant,
1420 639 1448 666 in
1464 639 1596 675 praeripiis
1607 639 1754 669 fluminum
1765 641 1799 670 ab
1814 642 1948 672 Romanis
1965 643 1999 672 ad
2014 644 2193 674 Barbarorum
2209 646 2346 684 impetum
2359 658 2402 678 re-

1282 675 1461 711 primendum
1474 677 1609 705 conditas.

1244 711 1293 740 CA
1306 711 1389 740 apin
1400 722 1413 740 iz
1424 724 1431 740 ι
1443 720 1484 741 *ra
1494 723 1505 741 s
1517 734 1524 746 ,
1546 712 1747 751 [Koepmmi‘m]
1767 722 1896 754 corrupte
1917 727 1967 755 pro
1990 718 2123 753 καμινίτης
2142 720 2294 752 Carcinites
2304 744 2312 758 ‚
2333 722 2403 754 affe.

1281 748 1392 778 rebatur
1404 759 1437 779 ex
1450 750 1596 779 Strabone.
1620 750 1650 779 V.
1671 751 1689 779 s.
1705 751 1722 780 l.

1244 786 1266 816 C
1276 797 1294 815 A
1305 796 1319 814 a
1329 797 1343 815 P
1352 790 1392 816 ῖΝ
1403 797 1420 816 u
1432 797 1443 815 s
1454 809 1461 822 ,
1484 789 1501 816 i.
1523 788 1540 816 f.
1563 787 1656 817 Genus
1669 788 1773 818 arboris
1784 796 1856 820 notae
1871 791 1905 820 de
1915 801 2027 822 acerum
2039 803 2154 830 genere,
2176 805 2211 825 ex
2220 805 2275 833 quo
2285 797 2401 829 fiuntfa.

1279 830 1336 853 ces.
1377 825 1514 854 Coluniel.
1532 825 1580 854 lib.
1595 835 1618 858 ς.
1635 835 1695 863 cap.
1709 836 1733 862 7.
1767 828 1927 863 Quinetiam
1948 840 2048 860 cornus
2064 833 2089 861 ἃ
2104 833 2232 870 carpinus
2251 836 2277 864 ἃ
2295 846 2398 871 ornus,

1279 871 1480 900 nonnunquam
1497 865 1521 892 &
1536 862 1621 897 salix,
1643 873 1657 891 a
1669 862 1804 900 plerisque
1819 866 1846 894 in
1856 866 1910 895 hoc
1921 867 2009 904 ipsum
2019 869 2184 906 disponitur.
2207 871 2272 901 Plin.
2289 873 2339 903 lib.
2354 878 2398 905 16.

1281 909 1340 937 cap.
1361 905 1403 933 18.
1426 900 1605 929 Descendunt
1615 901 1697 929 etiam
1710 902 1737 930 in
1756 902 1836 939 plana
1848 913 1963 940 cornus,
1984 907 2109 944 corylus,
2138 918 2256 945 quercus
2270 933 2279 946 ,
2299 921 2396 949 ornus,

1280 947 1344 966 acer
1354 960 1362 972 ‚
1383 938 1506 968 fraxinus
1518 960 1525 973 ,
1546 938 1624 975 fagus
1636 960 1643 971 ,
1665 941 1803 976 carpinus.

1244 974 1266 1003 C
1276 985 1294 1003 A
1305 985 1320 1003 a
1329 984 1343 1003 Ρ
1352 986 1361 1003 ι
1371 985 1390 1004 Ν
1400 986 1413 1004 ιι
1424 986 1440 1004 υ
1450 985 1462 1004 s
1474 997 1482 1010 ,
1506 985 1537 1009 a,
1560 986 1616 1005 um.
1637 976 1695 1011 Adj.
1720 976 1757 1006 Ex
1769 978 1882 1015 carpino
1893 978 1987 1008 factus.
2010 980 2078 1011 Plin.
2089 981 2139 1013 lib.
2155 988 2196 1014 i6.
2211 994 2272 1024 cap.
2285 996 2330 1024 43.
2342 987 2402 1026 Hy-

1282 1013 1361 1049 ginus
1373 1013 1518 1043 manubria
1529 1014 1633 1043 rusticis
1644 1015 1772 1051 carpineti
1786 1015 1842 1044 sieri
1855 1015 1941 1051 jubet.

1244 1049 1266 1079 C
1278 1061 1296 1078 A
1307 1060 1390 1079 apio
1402 1073 1410 1085 ,
1432 1052 1503 1081 onis.
1525 1062 1563 1080 m.
1586 1048 1716 1087 [καςπὶων
1730 1052 1744 1087 ]
1764 1052 1844 1082 Piscis
1859 1060 1959 1090 notus,
1980 1055 2026 1094 qui
2042 1057 2189 1095 capiturin
2206 1058 2398 1095 Benacolacu.

1282 1088 1381 1117 Perott.
1405 1089 1468 1124 Ejus
1478 1090 1622 1124 antiquum
1633 1098 1737 1119 nomen
1751 1091 1901 1125 ignoratur.

1244 1125 1266 1155 C
1275 1135 1295 1154 A
1304 1135 1318 1154 a
1327 1136 1342 1154 P
1353 1137 1361 1154 1
1371 1136 1383 1155 s
1394 1149 1402 1162 ‚
1424 1128 1454 1156 is.
1477 1127 1587 1156 Fluvius
1599 1127 1636 1155 est
1648 1127 1810 1165 Scytharum
1820 1151 1826 1161 ,
1849 1136 1879 1158 ut
1895 1129 1987 1158 scribit
2001 1130 2133 1163 Herodot.
2147 1134 2195 1164 lib.
2209 1145 2236 1171 4.

1243 1163 1340 1230 CASP
1352 1174 1455 1231 rxsl‘rlsss
1469 1186 1477 1200 ,
1498 1174 1529 1194 ae.
1552 1174 1590 1194 m.
1614 1164 1685 1194 IEon
1698 1165 1851 1202 Valentini,
1872 1167 1937 1196 alias
1952 1167 2035 1198 etiam
2046 1170 2136 1201 Horos
2152 1173 2259 1210 dictus,
2279 1174 2398 1208 Tertull.

1281 1210 1296 1230 a
1318 1211 1344 1231 v.
1391 1211 1405 1231 a
1419 1209 1476 1232 ent.
1489 1212 1520 1232 ca
1545 1225 1550 1232 .
1564 1212 1590 1237 9.

1243 1236 1386 1275 CARPo,
1405 1240 1444 1278 psi
1457 1262 1465 1275 ‚
1486 1213 1574 1278 pullam.
1597 1239 1757 1282 [dlf‘mpcm]
1778 1242 1831 1272 ere.
1856 1243 1969 1280 proprie
1987 1244 2025 1273 est
2038 1244 2163 1276 Molliter
2180 1248 2332 1288 decerpere
2343 1274 2351 1287 ,
2373 1253 2401 1282 ἃ

1279 1276 1381 1307 leniter
1394 1278 1501 1308 auferre
1511 1279 1586 1307 nulla
1599 1279 1730 1307 violentia
1746 1280 1876 1309 adhibita.
1908 1281 1976 1317 virg.
1990 1292 2014 1316 9·
2029 1282 2084 1311 Ecl.
2101 1294 2143 1317 50-

1371 1316 1460 1345 lnsere
1471 1338 1479 1351 ,
1503 1316 1624 1353 Daphni,
1646 1326 1727 1353 pyros
1738 1337 1746 1351 ,
1769 1324 1884 1356 cai-pent
1898 1324 1944 1347 tua
1956 1329 2038 1356 poma
2051 1328 2177 1357 nepotes
2258 1324 2398 1357 Coluniel.

1277 1351 1326 1381 iib-
1343 1364 1367 1387 ς.
1384 1363 1414 1383 ca
1439 1376 1445 1382 .
1460 1359 1485 1383 6.
1509 1354 1562 1383 Ubi
1575 1354 1677 1382 deinde
1689 1356 2001 1395 prorepserintplantae,
2023 1360 2168 1389 stramenta
2184 1361 2355 1399 colligemus,
2373 1367 2402 1396 ἅ

1278 1391 1406 1421 manibus
1417 1364 1514 1421 lierbas
1527 1401 1682 1429 carpemus.
1789 1430 1794 1436 ·

1277 1427 1418 1458 Flosculos
1428 1430 1560 1459 orationis
1573 1439 1685 1466 carpere
1696 1438 1729 1459 ac
1740 1429 1873 1461 delibare.
1915 1431 1974 1461 Cic.
1990 1443 2041 1471 pro
2059 1435 2130 1463 Sext.
2147 1438 2207 1464 116.
2237 1436 2309 1466 Tam
2325 1438 2398 1468 inso-

1297 1466 1357 1496 lens
1370 1468 1400 1496 in
1412 1468 1534 1496 dicendo
1546 1489 1554 1502 ,
1576 1473 1607 1496 ut
1617 1467 1693 1496 omni
1702 1477 1736 1496 ex
1746 1477 1846 1503 genere
1859 1471 2018 1502 orationem
2028 1481 2150 1511 aucupet
2162 1496 2171 1511 ‚
2191 1476 2217 1504 8:
2235 1484 2333 1506 omnes
2346 1486 2398 1506 un-

1298 1504 1383 1541 dique
1395 1505 1523 1534 flosculos
1535 1514 1648 1542 carpam
1664 1515 1696 1534 ac
1711 1505 1843 1537 delibem.

1278 1539 1374 1572 Fiores
1385 1543 1418 1572 ab
1429 1544 1536 1572 arbore.
1559 1543 1644 1572 Ovid.
1658 1553 1683 1576 9·
1698 1543 1767 1572 Met.
1782 1553 1844 1580 343.

1278 1579 1427 1610 Frumenta
1438 1581 1493 1611 sata
1503 1590 1595 1610 manu.
1621 1581 1690 1617 Virg.
1705 1591 1728 1615 ζ.
1741 1581 1841 1620 Georg.
1856 1586 1917 1622 176.

1278 1617 1363 1647 Poma
1373 1626 1516 1648 autumno.
1545 1619 1615 1655 virg.
1629 1630 1654 1653 4.
1671 1619 1770 1656 Georg.
1788 1630 1847 1656 134.

1371 1656 1475 1686 Primus
1491 1667 1553 1686 vere
1564 1656 1651 1685 rosam
1664 1678 1672 1691 ,
1694 1663 1776 1694 atque
1787 1665 1923 1688 autumno
1937 1669 2050 1700 carpere
2060 1670 2154 1700 poma,

1277 1693 1410 1724 Pomaria.
1432 1695 1517 1724 Ovid.
1530 1706 1555 1730 4.
1572 1694 1652 1732 Epist.
1666 1704 1709 1730 29.

1371 1733 1414 1762 Est
1426 1732 1532 1770 aliquid
1544 1732 1634 1770 plenis
1644 1732 1768 1770 pomaria
1777 1742 1888 1772 carpere
1899 1735 1992 1766 ramis.

1277 1762 1378 1799 Rosam
1389 1780 1460 1799 vere.
1485 1770 1555 1808 Virg.
1566 1781 1591 1805 4.
1605 1770 1703 1805 Georg.
1719 1779 1779 1807 134.

1277 1807 1454 1837 Vindemiam
1466 1808 1503 1837 de
1515 1807 1639 1846 palmite.
1662 1807 1734 1845 Virg.
1749 1818 1773 1838 2.
1787 1809 1885 1848 Georg.
1897 1819 1942 1846 9ο.

1275 1844 1416 1883 Carpere,
1439 1847 1580 1883 Accipere.
1602 1845 1675 1882 Virg.
1688 1855 1713 1881 7.
1729 1846 1789 1876 AEn.
1805 1858 1868 1882 414.

1360 1884 1391 1913 Et
1402 1883 1538 1921 placidam
1551 1883 1704 1922 carpebant
1715 1884 1838 1914 membra
1853 1886 1994 1922 quietem.
2020 1919 2022 1923 ¹

1276 1919 1395 1958 Carpere
1411 1923 1436 1951 δι
1446 1921 1593 1958 Colligere.
1634 1919 1690 1950 Cic.
1705 1931 1728 1951 1.
1745 1922 1780 1951 de
1791 1920 1867 1952 Orat.
1882 1933 1944 1959 191.
1982 1923 2031 1953 Vel
2042 1925 2138 1963 paffim
2151 1924 2219 1959 licet
2230 1935 2395 1968 <carpentem

1296 1960 1322 1988 ἂ
1334 1959 1513 1996 colligentem
1523 1960 1648 1996 undique
1657 1981 1665 1994 ,
1686 1959 1785 1997 repleri
1797 1961 1865 1997 justa
1874 1962 1943 1997 juris
1952 1962 2043 1992 civilis
2052 1963 2176 1996 scientia.

1276 1996 1354 2027 Aera.
1377 1996 1449 2035 Virg.
1463 2009 1489 2033 4.
1504 1997 1604 2034 Georg.
1622 2006 1684 2032 ιιι.
1761 2035 1767 2042 ⁴
1886 2036 1893 2042 ι

1469 2050 1505 2056 -·
1518 2041 1688 2072 tenuemque
1696 2044 1782 2072 magis
1791 2057 1800 2071 ,
1821 2045 1908 2074 magis
1920 2046 1984 2067 aera
1996 2045 2123 2077 carpunt.

1276 2072 1344 2101 Aera
1355 2079 1467 2110 carpere
1480 2073 1537 2103 alis.
1561 2072 1644 2102 Ovid.
1657 2083 1682 2109 4.
1707 2072 1776 2103 Met.
1789 2077 1852 2109 615.

1276 2110 1353 2140 AEtas
1365 2111 1495 2148 carpitur.
1520 2109 1610 2140 Catul.
1624 2113 1669 2140 66.
1682 2119 1724 2146 3³-
1756 2112 1774 2140 i.
1788 2121 1812 2141 e.
1837 2112 1896 2142 Vita
1913 2113 2012 2149 agitur.

1277 2149 1382 2185 Aquam
1396 2148 1430 2177 de
1443 2149 1508 2178 mari
1520 2158 1642 2185 carpere.
1668 2148 1751 2178 Ovid.
1766 2150 1794 2178 in
1806 2149 1866 2178 lbin
1877 2172 1884 2185 ,
1903 2156 1963 2184 198.

1371 2185 1404 2215 Et
1415 2186 1549 2216 summam
1560 2186 1664 2223 Libyco
1676 2185 1711 2215 de
1721 2196 1795 2216 mare
1809 2194 1902 2225 carpat
1912 2198 2021 2226 aquam.
2115 2191 2256 2223 Proverbii
2267 2193 2399 2232 fignifica-

1293 2223 1403 2253 tionem
1411 2223 1497 2254 habet
1512 2246 1520 2260 ,
1541 2234 1593 2262 pro
1603 2233 1637 2253 eo
1650 2224 1726 2260 quod
1739 2224 1870 2255 Horatius
1881 2226 1933 2262 ait,
1958 2237 1980 2256 ι.
1993 2228 2079 2258 Serm.
2097 2239 2119 2258 ι.
2134 2240 2175 2264 ςι.

1434 2272 1513 2291 —ex
1523 2270 1623 2299 magno
1634 2261 1731 2291 tollere
1742 2271 1850 2293 acer-vo.
1933 2265 1987 2294 Aut
1995 2265 2079 2302 inde,
2100 2268 2175 2297 unde
2187 2268 2293 2307 semper
2299 2280 2400 2310 magna

1298 2295 1446 2330 suffectura
1457 2299 1488 2329 sit
1501 2300 1591 2338 copia.

1276 2337 1360 2368 Auras
1371 2348 1483 2375 carpere
1499 2337 1613 2373 vitales3
1636 2337 1654 2366 i.
1669 2347 1693 2367 e.
1715 2337 1824 2368 Vivere.
1847 2338 2000 2371 poeticum.
2020 2340 2093 2379 Virg.
2112 2344 2282 2383 r.AEn.392.

1370 2375 1500 2413 Quisquis
1510 2386 1538 2405 es
1548 2397 1556 2409 ,
1578 2375 1652 2405 haud
1663 2397 1671 2411 ,
1695 2375 1780 2405 credo
1792 2398 1801 2412 ,
1822 2375 1924 2407 invisus
1935 2378 2088 2410 caelestibus
2099 2391 2178 2411 auras

1370 2413 1473 2443 Vitales
1489 2414 1586 2451 carpis.

1274 2451 1388 2487 Cibum.
1414 2451 1526 2490 Varr.,3.
1538 2452 1573 2480 de
1582 2451 1616 2481 R.
1628 2450 1661 2480 R.
1673 2460 1733 2489 cap.
1749 2455 1791 2482 16.

1275 2489 1377 2519 Cibum
1386 2498 1497 2528 carpere
1507 2489 1545 2519 est
1556 2490 1638 2518 etiam
1645 2490 1786 2519 Scindere.
1817 2489 1848 2520 V.
1871 2489 1964 2523 Burin.
1977 2492 2014 2523 ad
2025 2493 2135 2526 Petron.
2151 2504 2180 2534 p.
2194 2504 2256 2534 153.

1275 2527 1360 2557 Cibos
1372 2528 1474 2565 digitis.
1502 2527 1587 2557 Ovid.
1603 2536 1627 2561 ς.
1644 2527 1679 2556 de
1691 2529 1751 2557 Arte
1767 2529 1824 2557 Arn.
1841 2537 1904 2564 755.

1277 2565 1397 2594 Coenam
1412 2575 1512 2603 erogo.
1537 2564 1637 2594 Catuli.
1652 2574 1731 2601 574.
1753 2565 1787 2595 al.
1812 2566 1929 2604 Rapere.

1275 2603 1368 2632 Dente
1380 2603 1482 2633 viscera
1491 2603 1617 2637 alicuius.
1641 2602 1724 2632 Ovid.
1737 2604 1765 2632 in
1777 2601 1839 2633 ibin
1848 2626 1855 2636 ,
1873 2608 1938 2640 4⁶0.

1275 2640 1385 2671 Gaudia
1396 2641 1521 2679 fugitiva.
1544 2639 1665 2670 Martial.
1686 2641 1733 2671 lib.
1749 2651 1774 2677 7.
1787 2645 1833 2677 46.

1370 2679 1436 2709 Vive
1446 2679 1522 2709 velut
1535 2685 1615 2716 rapto
1627 2701 1634 2713 ,
1655 2678 1825 2717 fugitivaque
1834 2680 1934 2717 gaudia
1946 2690 2038 2720 carpe.

1274 2716 1408 2747 Gramina
1418 2723 1538 2754 carpunt
1549 2723 1680 2746 armenta.
1706 2717 1777 2754 Virg.
1791 2727 1814 2747 2.
1834 2718 1934 2756 Georg.
1948 2728 2013 2749 201.

1274 2755 1396 2784 Gramen
1408 2755 1531 2793 carpsere
1546 2753 1670 2792 capellae.
1693 2754 1777 2784 Ovid.
1793 2765 1815 2784 r.
1829 2755 1898 2785 Mer.
1910 2765 1973 2792 299.

1274 2792 1399 2822 Herbam
1410 2802 1521 2830 carpere
1533 2802 1598 2822 oves
1612 2792 1769 2829 dicuntum,
1782 2793 1801 2822 i.
1814 2802 1838 2822 e.
1864 2794 1984 2825 Parcere.
2006 2793 2079 2834 Virg.
2096 2804 2121 2833 ς.
2139 2794 2239 2835 Georg.
2251 2800 2314 2832 296.
2341 2834 2343 2837 7

1274 2828 1383 2861 Herbas
1394 2831 1519 2868 ignavius
1529 2839 1649 2869 carpere.
1693 2830 1766 2869 Virg.
1782 2840 1806 2868 3.
1822 2831 1920 2871 Georg.
1933 2836 1998 2870 4⁶5·
2025 2834 2046 2864 ·i.
2062 2844 2087 2864 e.
2109 2834 2319 2874 Negligentius‚
2339 2835 2398 2871 fine

1295 2869 1437 2898 aviditate.
1469 2869 1586 2899 Servius.

1275 2905 1378 2936 Pabula
1390 2906 1488 2944 carpsit
1500 2906 1567 2936 ovis.
1590 2905 1674 2936 Ovid.
1686 2916 1713 2942 4.
1729 2905 1797 2936 Fast.
1813 2913 1877 2944 750.

1275 2943 1386 2981 Thyma
1395 2954 1514 2980 carpens
1527 2944 1594 2982 apis.
1618 2944 1685 2974 Hor.
1694 2955 1721 2980 4.
1738 2944 1830 2974 Carm.
1845 2955 1870 2974 2.
1884 2954 1929 2980 29.

1275 2981 1415 3020 Carpere,
1437 2981 1570 3015 Celeriter
1579 2983 1729 3019 praeterire.
1756 2982 1825 3020 Virg.
1840 2992 1864 3019 3.
1883 2982 1983 3021 Georg.
1997 2993 2058 3020 141.

1356 3020 1475 3057 Carpere
1488 3029 1555 3049 mox
1567 3027 1663 3056 gyrum
1675 3020 1800 3058 incipiat.
1897 3021 1973 3051 Valla
1987 3021 2036 3052 lib.
2049 3025 2075 3052 6.

1274 3057 1388 3088 AEthera
1400 3067 1511 3095 carpere
1519 3058 1596 3094 equis
1606 3079 1614 3092 ,
1636 3057 1667 3087 In
1681 3058 1784 3088 aethere
1795 3058 1967 3096 obequitare.
1990 3060 2073 3090 Ovid.
2086 3069 2112 3096 3.
2129 3059 2197 3091 fast.
2207 3062 2272 3097 416.

1276 3094 1398 3133 Campos
1409 3105 1521 3133 carpere
1531 3095 1613 3133 pede.
1634 3095 1719 3126 ovid.
1736 3107 1758 3126 ι.
1773 3096 1854 3127 Trist.
1871 3107 1913 3126 10.
1924 3105 1968 3134 23.

1275 3132 1389 3170 Fugam.
1413 3133 1462 3163 Sil.
1476 3133 1522 3162 lib.
1544 3143 1585 3163 10.

1275 3170 1351 3209 Fuga
1362 3179 1475 3208 carpere
1485 3177 1572 3209 prata.
1595 3169 1669 3209 Virg.
1684 3178 1709 3207 ς.
1725 3171 1824 3209 Georg.
1843 3181 1904 3208 14¹·

1368 3208 1434 3238 Non
1445 3209 1512 3239 saltu
1525 3209 1651 3247 superare
1659 3209 1732 3238 viam
1746 3209 1778 3238 sit
1788 3209 1878 3247 passus
1887 3231 1895 3244 ,
1917 3211 1944 3240 ἃ
1954 3209 2009 3239 acri

1367 3246 1488 3284 Carpere
1500 3255 1577 3285 prata
1587 3247 1659 3286 fuga.
1744 3247 1796 3282 Hic
1804 3247 1936 3276 Celeritas
1948 3246 2129 3285 intelligitur,
2152 3247 2245 3286 inquit
2256 3247 2333 3283 Valla
2343 3249 2394 3282 lib.

1295 3286 1321 3313 ⁶.
1344 3292 1396 3322 per
1407 3284 1461 3314 hoc
1471 3286 1546 3322 quod
1555 3285 1627 3313 dixit
1639 3285 1712 3321 Fuga
1721 3306 1729 3320 ,
1753 3285 1799 3322 qui
1815 3286 1854 3314 est
1865 3284 1946 3314 Celer
1955 3284 2058 3315 cursus.

1275 3320 1332 3351 Iter
1343 3343 1351 3357 ,
1373 3322 1530 3352 Ambulare.
1553 3322 1674 3352 Martial.
1690 3322 1738 3350 lib.
1753 3332 1778 3350 2.
1795 3332 1836 3356 14.

1369 3359 1460 3397 Siquis
1470 3360 1509 3389 ibi
1527 3361 1613 3389 serum
1625 3366 1718 3396 carpat
1729 3360 1834 3389 amicus
1843 3359 1904 3390 iter.

1274 3394 1329 3426 Iter
1338 3398 1420 3434 pede.
1442 3397 1525 3427 Ovid.
1542 3407 1564 3433 3.
1579 3397 1643 3427 Fast.
1658 3401 1722 3432 604.

1275 3434 1453 3473 Iterlongum
1470 3442 1624 3473 carpentes.
1650 3434 1715 3463 Hor.
1730 3443 1752 3462 r.
1767 3433 1852 3463 Serm.
1865 3444 1888 3469 ς.
1901 3443 1947 3470 9ς.

1274 3471 1329 3502 Iter
1339 3472 1508 3510 supremum.
1535 3473 1599 3502 Hor.
1612 3481 1637 3501 2.
1652 3471 1742 3513 Carrp.
1758 3481 1800 3507 17.
1817 3481 1859 3500 ιι.

1369 3511 1517 3547 Utcunque
1528 3509 1666 3548 praecedes
1678 3531 1685 3543 ,
1706 3513 1864 3545 iuprennum
1996 3542 1997 3545 Ἴ

1407 3548 1526 3585 Carpere
1537 3549 1588 3576 iter
1599 3547 1714 3576 comites
1735 3547 1829 3583 parati.
1913 3547 1932 3576 i.
1943 3555 1968 3576 e.
1998 3546 2052 3577 Seu
2065 3552 2145 3578 aetate
2154 3547 2200 3579 'seu
2210 3546 2283 3580 'sorte
2294 3559 2395 3589 praece-

1295 3585 1358 3621 det,
1379 3586 1408 3615 in
1421 3586 1547 3623 supremo
1556 3586 1653 3614 mortis
1664 3584 1708 3612 die
1718 3584 1846 3613 comitari
1853 3583 1882 3613 se
1893 3584 1983 3615 asser-it
1992 3585 2188 3617 Maecenatem.
2211 3591 2308 3618 Acron.

1275 3622 1382 3653 Noctes
1390 3623 1509 3653 securas.
1534 3621 1622 3651 valer.
1637 3632 1660 3656 ς.
1674 3622 1774 3657 Argon.
1785 3627 1831 3657 48.

1276 3661 1387 3691 Oscula.
1409 3661 1493 3690 Ovid.
1510 3670 1549 3688 ιι.
1564 3659 1644 3696 Epist.
1662 3668 1722 3701 ¹¹7:

1469 3713 1506 3719 -—
1515 3707 1572 3725 non
1585 3695 1679 3725 oscula
1690 3696 1790 3732 frigida
1800 3696 1895 3733 carpsi.

1274 3734 1370 3766 Pecus.
1391 3734 1513 3772 Propert.
1523 3734 1569 3763 lib.
1582 3742 1607 3763 2.
1623 3743 1664 3770 13·
1680 3739 1704 3767 8.
1728 3733 1763 3762 Et
1775 3735 1905 3764 stolidum
1914 3733 2001 3774 pleno
2008 3733 2113 3768 vdlere
2123 3746 2206 3776 carpe
2214 3747 2310 3777 pecus,
2349 3738 2395 3768 Vi.

1294 3775 1376 3803 detur
1391 3773 1574 3810 proverbium.

1273 3806 1399 3842 Pensum.
1423 3810 1490 3839 Hor.
1505 3819 1528 3843 ³-
1542 3809 1630 3838 Ca'rm.
1645 3815 1688 3844 27.
1701 3812 1747 3843 64.

1467 3863 1502 3867 —-
1516 3847 1563 3875 nisi
1574 3845 1661 3875 heri'ie
1668 3847 1758 3876 mavis

1355 3885 1473 3922 Carpere
1484 3883 1609 3921 pensum.

1274 3922 1349 3954 Rura
1358 3922 1467 3960 frigida.
1492 3922 1563 3960 Virg.
1579 3931 1604 3960 3.
1619 3921 1720 3962 Georg.
1734 3929 1797 3961 325.

1776 3958 1857 3992 Kkk
1882 3970 1902 3992 Δ
2311 3962 2394 3994 Luci-
