2600 4177
512 125 542 160 C
638 127 673 162 O
771 127 805 161 N

130 203 187 233 Sed
199 204 417 242 spectatissimum
432 207 535 244 insigne
553 206 732 243 gallinaceis,
751 217 870 245 corpore
891 207 1097 237 conserratum:
1120 216 1173 236 nec
1195 216 1252 236 car-

134 251 200 283 nem
218 244 245 271 id
267 244 334 276 eise.
357 255 409 273 nec
420 245 607 279 cartilaginem
619 266 628 280 ,
649 254 702 274 nec
712 245 812 273 callum
825 247 885 281 jure
896 247 998 274 dixeris
1013 268 1021 279 ,
1043 246 1088 274 sed
1101 244 1248 282 peculiare.

134 288 152 306 1.
166 288 188 307 e.
213 280 241 308 ln
255 282 368 311 modum
381 282 456 312 serrae
471 282 582 311 factum.
623 282 655 311 ln
671 283 909 312 emendatioribus
919 283 1064 313 codicibus
1074 283 1174 320 legitur
1186 282 1251 311 Cor.

138 325 255 350 porcum
270 318 408 349 serratum.

99 351 301 385 Comari-:A
314 378 321 391 ,
344 357 562 386 Conssavio
575 377 583 390 ,
604 356 635 385 V.
657 366 885 386 CONSRRVUS.

99 387 123 417 C
133 398 149 417 0
160 399 179 418 N
189 400 200 419 s
209 401 223 419 Β
232 401 247 420 a
258 403 274 421 v
283 403 299 422 o
311 415 319 427 ,
339 390 496 430 [ψώζω.
514 394 642 429 ramesai]
663 397 716 424 are.
740 396 818 424 Notae
829 395 1042 432 significationis.
1063 393 1132 424 Plin.
1144 393 1192 424 lib.
1207 403 1249 430 15.

137 436 198 464 cap.
211 438 252 461 30.
277 431 435 460 Conservari
446 430 541 460 alitem
559 433 583 461 ἃ
598 431 721 462 sobolem
736 433 834 468 jussere
850 433 1000 470 Aruspices.

137 464 306 497 Conservare
317 469 344 497 8:
353 469 472 498 retinere
483 469 549 506 reip.
564 469 641 498 causa
654 471 697 505 jus
709 472 855 505 Augurum.
878 470 937 499 Cic.
949 480 974 500 2.
988 470 1023 498 de
1035 469 1125 498 Divin.
1138 477 1183 504 75.

138 501 222 532 Tueri
236 507 261 534 δι
271 505 439 535 conservare.
464 506 522 535 Cic.
536 509 561 535 6.
579 507 652 536 Verr.
670 518 730 542 140.
754 508 790 537 Ut
801 507 913 544 quisque
923 509 962 537 eis
973 508 1055 537 rebus
1066 507 1177 536 tuendis
1186 515 1252 536 con-

158 539 347 578 servandisque
359 544 506 580 praesuerat
519 566 526 579 ‚
547 545 585 574 ita
598 544 779 584 perscriptum
792 552 858 574 erat.

135 576 365 610 Benevolentiam
381 591 444 618 erga
459 581 589 618 aliquem.
604 583 670 612 Cic.
683 592 708 616 3.
722 583 797 612 Fam.
810 592 835 619 7.

135 615 374 680 Exifstimationem
384 618 467 648 alicui
477 619 645 650 conservare.
665 620 730 659 Ulp.
743 621 772 649 in
784 620 802 650 1.
818 620 886 656 quid
896 619 972 657 ergo.
986 619 1021 649 D.
1033 619 1068 649 de
1078 618 1121 648 his
1134 619 1181 655 qui
1191 623 1250 649 not.

156 662 184 681 in
198 663 250 683 am.

135 689 232 720 Fidem
244 692 415 758 cfiopservare.
452 694 509 724 Cic.
524 705 547 731 ς.
562 695 598 724 de
609 695 698 725 Finib.
718 694 773 725 Sed
784 702 880 725 contra
890 694 1038 725 utilitatem
1049 695 1134 724 etiam
1145 692 1253 723 conser-

158 735 237 757 vatur
274 741 278 750 ν
293 740 329 759 es.

135 765 240 797 Genus.
263 767 372 800 Lucret.
386 769 434 799 lib.
447 779 474 799 2.
485 775 549 806 708.

408 824 446 829 —
455 810 549 838 omnia
560 807 672 845 quando
684 828 692 842 ,

227 842 387 875 Seminibus
402 846 484 876 certis
496 852 570 876 certa
578 846 712 882 genitrice
721 850 812 874 creata
819 866 828 879 ‚

191 918 196 923 .
230 881 397 913 Conservare
411 893 497 920 genus
509 883 660 913 crescentia
673 882 748 920 posse
759 883 896 913 videmus.

136 914 338 953 jusjurandum
351 922 527 957 conservare,
548 921 623 958 apud
634 920 693 950 Cic.
710 930 733 956 3.
746 920 781 949 de
793 920 850 949 Off.
867 929 926 957 103.

135 955 285 987 Ordinem.
317 959 375 989 Cic.
391 963 415 988 6.
430 960 481 989 Att.
496 969 518 988 1.
540 959 575 988 lis
586 958 684 987 litteris
695 955 887 995 respondebo:
909 958 945 988 sic
955 957 1030 988 enim
1039 957 1176 996 postulas:
1198 966 1252 988 nec

154 995 289 1028 obe-ofin
302 997 454 1026 institutam
464 1019 472 1032 ,
494 996 541 1026 sed
554 997 681 1025 ordinem
697 995 865 1025 conservabo
877 1003 966 1026 tuum.

135 1029 278 1067 Tempora
289 1034 448 1064 conservare
459 1036 484 1065 ἃ
497 1042 601 1064 notare.
624 1034 683 1063 Cic.
696 1034 724 1062 in
735 1033 812 1062 Orat.
828 1043 888 1063 120.

134 1067 316 1100 Voluntatem
331 1073 474 1110 pristinam
484 1082 546 1110 erga
556 1071 687 1109 aliquem.
710 1070 767 1100 Cic.
781 1081 805 1106 ς.
822 1071 896 1100 Fam.
911 1080 935 1106 3.

135 1104 303 1137 conservare
323 1110 443 1147 aliquem
456 1131 464 1146 ‚
485 1109 560 1148 quod
578 1108 675 1147 vulgus
694 1108 853 1138 Praeservare
865 1109 941 1138 dicit.
982 1108 1039 1138 Cic.
1054 1118 1096 1138 11.
1116 1108 1190 1139 Fam.
1204 1117 1249 1139 22.

154 1142 223 1172 Peto
235 1154 251 1173 a
266 1152 292 1174 te
306 1150 441 1184 majorem
453 1149 482 1176 in
499 1147 615 1177 modum
627 1168 636 1181 ,
657 1146 700 1175 vel
717 1147 895 1176 humanitatis
915 1154 987 1182 tuae,
1008 1147 1053 1176 vel
1070 1156 1131 1176 mea
1153 1146 1250 1182 causa,

153 1187 261 1211 uteum
270 1186 497 1220 auetoritatetua,
519 1194 579 1222 quae
597 1184 749 1222 plurimum
762 1184 834 1213 valet
850 1207 856 1219 ,
879 1184 1071 1214 conservatum
1081 1184 1158 1215 velis.

132 1219 175 1249 Ab
185 1220 262 1248 omni
272 1223 397 1259 periculo
412 1224 511 1253 sartum
523 1224 634 1252 teetum.
677 1221 735 1250 Cic.
754 1223 850 1257 Anteq.
864 1223 915 1251 iret
926 1223 955 1251 iri
968 1222 1034 1252 exil.
1050 1232 1092 1258 14.
1126 1222 1184 1259 Qui
1202 1232 1252 1252 nu-

153 1257 223 1285 mini
236 1258 353 1290 deorum
365 1260 554 1291 consecratum
565 1259 664 1289 sartum
675 1260 779 1289 tectum
794 1260 827 1289 ab
837 1262 912 1289 omni
924 1259 1050 1298 periculo
1062 1259 1231 1291 conservavi.

133 1293 311 1330 Incommem
323 1299 484 1328 conservare
493 1297 624 1334 aliquem.
647 1297 705 1326 Cic.
718 1307 743 1333 9.
767 1297 840 1327 Fam.
859 1307 899 1334 13.

133 1332 301 1365 indemnem
317 1337 473 1374 peremnia
493 1334 652 1365 conservare
672 1334 802 1372 aliquem.
832 1335 929 1365 Paulus
950 1336 980 1365 in
995 1335 1016 1365 1.
1038 1335 1193 1374 diligenter.
1215 1335 1250 1366 D.

153 1372 275 1402 mandat.
290 1373 335 1403 vel
346 1381 433 1404 contr.

132 1407 300 1441 Libertatem
314 1414 340 1442 &
353 1412 467 1442 salutem
476 1409 574 1449 populi
586 1410 753 1440 conservare.
785 1411 843 1440 Cic.
859 1420 900 1440 11.
915 1411 989 1441 Fam.
1007 1420 1032 1447 7.
1054 1411 1146 1450 Caput
1157 1417 1252 1442 autem

153 1447 192 1475 est
202 1447 256 1477 hoc
266 1470 274 1484 ‚
293 1450 369 1486 quod
378 1457 405 1479 te
416 1448 622 1486 diligentissime
633 1449 776 1486 percipere
787 1450 813 1478 ὃς
824 1449 978 1478 meminisse
987 1449 1071 1479 velim
1081 1471 1090 1484 ,
1115 1456 1145 1479 ut
1165 1459 1201 1479 ne
1221 1451 1252 1479 in

151 1483 282 1553 liberdtate
294 1489 320 1517 ἃ
339 1486 426 1518 salute
440 1487 538 1525 Populi
558 1486 679 1516 Romani
700 1485 886 1516 conservanda
898 1509 906 1523 ‚
927 1487 1121 1518 austeritatem
1136 1488 1252 1518 Senatus

150 1532 224 1560 expe
253 1533 291 1554 es.

131 1559 308 1596 Maiestatem
318 1561 416 1601 Populi
428 1562 546 1593 Romani
558 1562 681 1592 comiter.
722 1560 754 1591 V.
778 1571 795 1591 c
805 1571 822 1591 o
830 1573 850 1591 M
860 1573 869 1591 r
878 1572 899 1592 s.
1000 1599 1004 1601 .

133 1598 302 1629 Memoriam
322 1601 440 1636 alicujus
459 1602 508 1630 rei.
550 1600 608 1630 Cic.
622 1611 650 1635 4.
661 1599 738 1629 Fam.
752 1608 794 1636 13.
824 1600 1008 1638 Tuorumque
1025 1600 1172 1630 tristissimo
1187 1610 1252 1632 meo

152 1643 278 1675 tempore
290 1639 453 1668 meritorum
466 1648 529 1676 erga
540 1648 585 1667 me
600 1638 763 1667 memoriam
773 1637 950 1668 conservabo.

132 1674 280 1706 Memoriae
290 1677 449 1706 testimonio
459 1675 619 1706 conservare
631 1675 746 1712 aliquid.
770 1675 829 1705 Cic.
841 1685 884 1705 11.
897 1676 1016 1714 Philipp.
1029 1681 1074 1711 28.
1096 1676 1252 1707 Maximam

150 1713 211 1749 eius
222 1715 248 1744 &
257 1714 422 1751 singularem
432 1714 544 1743 laudem
556 1713 746 1752 praetermitto.
768 1714 847 1749 cujus
863 1715 938 1743 enim
950 1714 1110 1752 praedicatio
1121 1715 1251 1745 nondum

146 1752 284 1818 -pmnibus
294 1753 430 1790 grataest‚
451 1752 523 1782 hanc
532 1752 673 1781 memoriae
684 1751 792 1789 potius,
814 1761 895 1789 quam
914 1753 990 1782 vocis
1007 1752 1166 1783 testimonio
1185 1763 1252 1783 con-

165 1799 303 1819 ervemus.

131 1826 250 1857 Patriam
259 1827 419 1858 conservare
429 1850 437 1863 ,
459 1827 619 1858 Defendere
629 1827 656 1857 ἃ
666 1826 747 1856 tueri.
788 1825 847 1855 Cic.
859 1827 888 1856 in
901 1826 996 1856 Somn.
1011 1827 1086 1866 Scip.
1098 1839 1126 1864 4.
1148 1828 1194 1858 Sic
1205 1828 1253 1859 ha-

151 1865 218 1895 beto
229 1887 237 1901 ,
259 1866 402 1896 Omnibus
424 1866 472 1903 qui
494 1866 614 1903 patriam
633 1864 853 1894 conservaverint
866 1886 876 1901 ,
903 1865 1079 1903 adjuverint,
1101 1867 1250 1903 auxerint,

150 1911 257 1933 certum
271 1904 325 1934 esse
335 1905 364 1934 in
379 1904 446 1934 caelo
456 1925 464 1938 ,
485 1912 517 1932 ac
528 1902 675 1932 definitum
690 1902 794 1931 locum.

131 1940 252 1971 Puerum
265 1942 368 1979 pudice
380 1940 540 1972 conservare
550 1939 643 1970 alicui.
665 1940 754 1970 Catul.
772 1942 813 1969 16.
829 1950 853 1974 ς.

130 1979 362 2046 Scllconservare.
402 1979 469 2010 Ter.
483 1978 585 2009 Heaut.
595 1989 623 2014 4.
639 1987 662 2007 1.
673 1988 720 2015 40.
742 1978 811 2008 [stuc
825 1979 917 2008 reete:
938 1978 1102 2009 conservasti
1122 1984 1151 2010 te
1169 1985 1253 2017 atque

151 2028 161 2046 1
185 2027 239 2048 am.

130 2054 219 2086 Vires.
260 2051 331 2086 Piin.
341 2054 389 2085 lib.
403 2064 445 2085 11.
457 2065 519 2093 cap.
534 2065 577 2090 ς4.
600 2053 737 2091 Quaedam
753 2053 854 2091 exiguo
866 2053 944 2092 gustu
964 2053 1068 2083 famem
1086 2064 1118 2084 ac
1134 2055 1204 2085 sitim
1214 2055 1252 2086 se-

151 2094 220 2123 dant
229 2115 238 2130 ‚
259 2093 477 2130 conservantque
488 2093 569 2122 vires.
609 2092 628 2122 i.
641 2101 665 2121 e.
689 2091 812 2129 integras
826 2090 943 2121 servant.

131 2129 311 2161 Voluntatem
322 2131 423 2161 mortui
433 2131 561 2166 alicujus.
602 2129 661 2159 Cic.
674 2138 699 2166 3.
714 2129 787 2159 Verr.
803 2138 865 2165 124.
885 2131 928 2159 An
938 2128 1014 2167 quod
1021 2129 1132 2162 alterius
1142 2131 1252 2169 patroni

145 2170 253 2204 ¹mortui
263 2169 435 2199 voluntatem
446 2167 648 2198 conservabat?

131 2206 300 2237 Conservare
311 2229 320 2243 ,
340 2207 488 2237 subaudito
498 2206 568 2236 Rem
580 2205 665 2235 suam.
704 2204 769 2234 Ter.
785 2203 862 2234 Adel.
877 2214 901 2240 ς.
917 2213 942 2242 3.
954 2213 1000 2242 27.

225 2245 381 2281 Conserva,
404 2254 495 2282 quaere
506 2266 515 2279 ,
534 2253 617 2281 parce
629 2265 638 2279 ,
659 2242 703 2272 fac
715 2242 869 2281 plurimum

224 2283 281 2313 lllis
300 2283 439 2320 relinquas
453 2304 462 2318 ‚
484 2282 600 2320 gloriam
614 2287 645 2310 tu
663 2280 740 2310 istam
755 2280 860 2309 obtine.
943 2280 1001 2310 Cic.
1013 2290 1040 2312 2.
1061 2280 1118 2311 Off.
1131 2285 1175 2318 87.
1197 2281 1252 2313 Res

149 2327 245 2352 autem
255 2321 397 2351 familiaris
409 2321 492 2358 quaeri
506 2320 591 2349 debet
602 2319 635 2348 iis
644 2318 725 2348 rebus
736 2328 753 2347 a
770 2317 869 2355 quibus
879 2316 952 2347 abest
962 2320 1122 2356 turpitudo:
1144 2320 1254 2351 conser-

147 2360 206 2388 vari
217 2366 310 2389 autem
320 2359 466 2396 diligentia
480 2359 505 2388 &
519 2357 683 2396 parsimonia
691 2378 698 2391 ‚
715 2355 813 2385 iisdem
824 2356 908 2385 etiarn
919 2356 1000 2386 rebus
1010 2357 1111 2394 augeri.

129 2396 244 2428 Salvum
258 2397 422 2427 conservari.
463 2396 521 2425 Cic.
539 2404 562 2432 3.
579 2395 609 2424 in
620 2393 701 2425 Catil.
713 2404 758 2430 ²5·
781 2393 823 2424 Ita
834 2403 878 2423 me
891 2393 967 2431 geffi,
989 2394 1124 2431 Quirites,
1145 2400 1177 2424 ut
1186 2394 1253 2425 salvi

151 2444 249 2464 omnes
260 2434 500 2464 conservaremini.

92 2471 117 2503 C
126 2483 143 2502 0
153 2482 172 2501 N
183 2482 195 2502 s
205 2482 244 2501 ER
253 2477 295 2502 vx
303 2481 349 2501 ‘rau
359 2471 569 2507 s,a,um.Partic.
580 2464 748 2507 [2140219315]
759 2468 816 2499 Cic.
825 2469 954 2505 1.Fam.9.
965 2468 1037 2499 Illud
1050 2470 1164 2506 quidem
1175 2476 1251 2501 certe

130 2511 255 2540 nostrum
265 2510 411 2540 consilium
421 2511 481 2545 jure
490 2508 664 2538 laudandum
677 2508 734 2542 est,
755 2507 833 2544 quod
843 2517 921 2537 meos
931 2508 1023 2542 cives,
1046 2509 1071 2537 8<
1091 2518 1106 2538 a
1124 2518 1169 2538 me
1185 2518 1252 2539 con.

128 2548 248 2615 servatols
259 2570 267 2583 ,
288 2550 314 2579 δι
324 2558 369 2578 me
379 2548 483 2578 servare
494 2547 641 2585 cupientes
649 2568 658 2582 ,
682 2544 814 2584 spoliatos
823 2545 942 2575 ducibus
954 2567 963 2582 ‚
983 2545 1067 2576 servis
1079 2548 1192 2577 armatis
1203 2548 1251 2577 ob.

144 2596 179 2616 ici
189 2596 225 2615 no
240 2596 337 2616 uerim.

128 2596 209 2654 galus
218 2624 289 2662 reip.
303 2623 465 2654 conservata
473 2632 523 2661 per
531 2621 662 2658 aliquem.
683 2620 741 2650 Cic.
755 2620 817 2650 Post
827 2621 887 2650 red.
900 2621 928 2650 in
942 2621 1006 2650 Sen.
1024 2630 1069 2656 ²9-

129 2661 243 2692 Nomen
252 2662 367 2700 aliquod
375 2668 516 2692 retentum
527 2658 821 2702 atquelconservatum.
843 2659 902 2688 Cic.
916 2669 968 2696 pro
980 2668 1044 2697 rege
1061 2658 1152 2690 Deiot.
1167 2669 1192 2697 3.

89 2700 114 2731 C
123 2711 140 2730 o
149 2710 168 2729 N
177 2710 189 2730 s
198 2710 262 2729 sav
272 2710 290 2729 A
300 2711 320 2728 T
329 2709 361 2729 10
373 2722 381 2735 ,
403 2700 473 2729 onis.
495 2698 513 2728 f.
534 2696 696 2740 [cumeum]
714 2696 775 2726 Cic.
789 2706 812 2726 1.
825 2695 883 2727 Off.
899 2706 961 2734 131.
982 2696 1018 2727 Er
1029 2697 1047 2727 fi
1058 2703 1180 2728 attentos
1193 2699 1251 2729 ani-

129 2748 192 2769 mos
202 2738 236 2767 ad
252 2738 345 2767 decori
357 2736 595 2767 conservationem
604 2734 770 2764 tenebimus.

129 2775 303 2813 AEqualitatis
314 2775 493 2805 conservatiO.
517 2774 575 2804 Cic.
594 2783 616 2802 1.
632 2773 668 2802 de
678 2772 756 2802 Orat.
771 2777 833 2806 188.

130 2814 284 2844 Bonorum.
308 2812 430 2850 Quintil.
442 2812 490 2842 lib.
507 2822 531 2847 5.
546 2821 607 2848 cap.
622 2820 664 2839 10.
813 2847 820 2853 ·

126 2851 280 2883 Fruouum
292 2851 435 2889 perceptio
449 2851 476 2880 &
488 2849 660 2879 conservatio
674 2847 730 2877 sine
741 2847 891 2878 hominum
910 2856 995 2886 opera
1004 2870 1013 2885 ,
1032 2847 1111 2879 nulla
1127 2848 1182 2880 effe
1198 2859 1249 2889 po-

147 2889 250 2920 tuisset.
271 2889 332 2919 Cic.
345 2899 370 2919 2.
384 2888 442 2919 Off.
457 2897 500 2918 12.
741 2923 748 2929 ¹
1144 2889 1148 2894 ’

126 2927 241 2959 Naturae
252 2927 448 2957 convenientia
458 2924 698 2966 conservatioque.
717 2922 775 2953 Cic.
792 2932 814 2953 1.
829 2922 887 2953 Off.
905 2932 967 2953 roo.

129 2965 296 2996 Officiorum
306 2964 486 2995 conservatio.
507 2963 567 2993 Cic.
579 2972 605 2992 2.
623 2962 659 2991 de
669 2961 729 2991 Fin.

90 3003 116 3035 C
125 3014 141 3033 o
151 3013 171 3033 N
180 3013 193 3033 s
201 3013 214 3033 Β
223 3013 265 3033 av
273 3007 290 3032 Ᾱ
299 3012 344 3032 To
355 3013 386 3038 s,
408 3002 473 3033 oris.
496 3011 534 3031 m.
557 2995 675 3037 [cwig]
696 2998 754 3042 Οἱς·
766 3007 817 3036 1)ϊο
827 2998 902 3028 Sext·
915 3006 960 3035 97·
983 2998 1162 3037 Optimamm
1174 3001 1249 3039 prin·

115 3042 222 3079 -cipes,
242 3042 371 3071 mekotes
385 3041 411 3070 δι
423 3038 628 3069 conservatores
641 3037 769 3066 civitatis.

126 3079 311 3110 Conservator
334 3080 360 3109 &
388 3078 574 3122 Oppugnator
584 3098 591 3111 ‚
619 3074 766 3104 contraria.
808 3073 865 3103 Cic.
886 3075 984 3110 Anteq.
1006 3074 1058 3104 iret
1074 3073 1103 3103 in
1121 3075 1186 3106 exil.
1204 3086 1247 3108 10.

147 3117 247 3147 Utrum
258 3123 289 3146 ut
298 3117 388 3147 custos
399 3116 520 3154 accipiar
531 3136 540 3150 ‚
558 3123 595 3144 an
605 3118 636 3143 ut
646 3112 773 3151 proditor
792 3111 946 3141 excludar?
968 3112 986 3141 si
1004 3119 1035 3141 ut
1053 3112 1227 3144 conservator
1238 3137 1246 3151 ‚

146 3154 477 3192 vestra'eritignominiai
498 3152 516 3182 si
531 3159 562 3182 ut
571 3156 764 3189 oppugnator,
786 3149 894 3187 praecisa
910 3158 992 3179 erunt
1006 3151 1110 3180 omnia.

127 3191 227 3222 custos
237 3193 263 3222 ἃ
273 3191 450 3221 conservator
460 3191 578 3229 imperii.
601 3189 659 3219 Cic.
670 3197 721 3226 pro
735 3188 810 3217 Sext.
825 3198 867 3231 54.
892 3187 941 3232 Pro
955 3188 994 3217 dii
1007 3188 1189 3226 immortales,
1200 3199 1248 3220 cu-

146 3230 237 3259 stodes
248 3236 330 3267 atque
339 3229 545 3260 conservatores
555 3228 638 3263 hujus
648 3227 722 3256 urbis
732 3231 815 3263 atque
823 3235 944 3262 imperii.

125 3267 356 3299 Conservatorem
372 3269 400 3298 δι
413 3273 558 3306 parentem
565 3266 642 3296 urbis
654 3264 821 3295 Ciceronem
835 3263 966 3293 nonnulli
983 3263 1123 3295 dixerunt.
1147 3264 1206 3295 Cic.
1218 3275 1246 3302 9.

147 3307 201 3336 Att.
218 3315 258 3335 12.

124 3343 220 3374 Patriae
231 3342 414 3374 conservator.
437 3342 494 3372 Cic.
508 3341 543 3371 de
556 3339 649 3378 Arusp.
666 3339 787 3378 Respon.
801 3343 845 3375 58.

128 3382 211 3420 Reip.
224 3381 408 3411 conservator.
430 3380 489 3409 Cic.
501 3389 551 3418 pro
560 3378 654 3409 Domo
666 3381 710 3407 26.
918 3414 925 3421 .

126 3416 342 3449 conservatores
352 3418 393 3448 dii
408 3417 578 3448 vocabantur
586 3439 594 3452 ,
614 3415 725 3453 Quibus
743 3420 808 3444 vota
817 3413 969 3444 solenniter
977 3421 1138 3454 nuncupata
1147 3421 1225 3446 erant
1236 3426 1245 3454 ;

146 3464 178 3488 ut
188 3463 265 3496 patet
273 3467 309 3487 ex
321 3456 417 3486 multis
424 3455 563 3485 veteribus
573 3453 809 3492 inscriptionibus.
835 3452 864 3479 V.
886 3452 993 3482 Gruter.
1010 3454 1036 3482 Sc
1051 3454 1144 3491 quide
1159 3454 1247 3485 Num-

146 3496 200 3525 mis
211 3495 330 3532 antiquis
340 3500 436 3524 extant
445 3494 571 3522 auctores
583 3492 692 3522 Occon.
706 3491 792 3520 Parin.
809 3490 893 3520 Oisel.
907 3489 1034 3533 Vaillant.
1050 3493 1101 3521 &a
1113 3529 1119 3535 .

88 3532 113 3563 C
124 3543 141 3562 o
150 3542 170 3562 N
180 3542 216 3562 siz
225 3536 321 3562 avxr
330 3543 346 3561 a
357 3541 409 3567 ix,
428 3532 491 3561 icis.
513 3531 533 3560 f.
556 3528 702 3566 [πιῑτεσεφ]
723 3529 781 3558 Cic.
799 3539 826 3564 4.
844 3528 879 3557 de
894 3528 952 3557 Fin.
964 3532 1008 3557 26.
1032 3527 1134 3558 Omnis
1148 3536 1245 3561 natura

127 3571 187 3599 vult
200 3570 254 3600 esse
265 3569 452 3600 conservatrix
464 3568 520 3603 sui,
541 3574 571 3597 ut
590 3569 616 3597 &
631 3566 703 3596 salva
714 3567 761 3601 sit,
782 3567 809 3596 &
830 3567 859 3594 in
873 3575 974 3603 genere
993 3565 1168 3597 conservetur
1184 3568 1243 3600 suo.

126 3607 186 3637 Vet.
197 3617 304 3638 numm.
319 3608 394 3646 apud
406 3606 532 3637 Vaillant.
552 3605 635 3635 Tom.
653 3615 674 3634 i.
686 3615 712 3642 p.
732 3608 791 3633 166.
822 3603 916 3633 IUNO
943 3603 1244 3637 CONSERVATRIX.

88 3645 113 3675 C
122 3655 186 3675 ores
198 3656 212 3675 ε
221 3656 237 3674 a
246 3647 398 3675 viminis
407 3667 415 3681 ,
435 3655 460 3674 e.
484 3643 591 3674 Tertul.
613 3642 676 3671 adV.
699 3642 786 3671 Marc.
799 3651 824 3671 2.
839 3651 880 3676 13.
904 3641 1012 3670 Bonum
1028 3642 1224 3674 conservabile.

88 3683 137 3714 Co
145 3693 166 3713 N
175 3693 188 3713 s
197 3693 212 3712 ir
222 3693 238 3712 R
248 3693 266 3713 v
276 3693 292 3712 υ
301 3693 331 3719 a,
352 3683 371 3713 i.
394 3693 432 3713 m.
454 3678 613 3719 [σύιὲελῐῷυ]
634 3680 764 3717 Quicum
775 3679 830 3709 alio
845 3679 938 3709 eidem
948 3678 1065 3709 domino
1074 3679 1163 3711 servit.
1178 3681 1242 3712 Ter.

125 3720 204 3752 Adel.
221 3730 245 3754 3.
280 3743 285 3749 .
320 3730 343 3750 1.

217 3730 363 3788 coiisgrvis
374 3758 409 3788 ad
427 3757 551 3787 eundern
570 3755 624 3785 illis
643 3755 778 3792 praecipio
791 3754 918 3784 modum.
1001 3754 1058 3784 Cic.
1072 3765 1113 3784 12.
1128 3755 1202 3786 Fam.
1216 3765 1242 3791 3.

123 3797 151 3827 Ο
161 3806 219 3827 rem
232 3795 357 3825 miseram
369 3806 375 3826 :
397 3796 546 3825 dominum
554 3793 626 3823 ferre
638 3802 694 3821 non
705 3793 848 3830 potuimus
858 3813 866 3825 ,
883 3790 1015 3820 conservo
1025 3791 1173 3823 servimus!
1198 3793 1244 3823 Ul-

123 3836 201 3873 pian.
211 3835 239 3863 in
253 3834 271 3863 l.
283 3833 355 3862 sedfi
369 3833 502 3862 damnum
515 3855 523 3867 ,
545 3831 627 3861 titulo
638 3830 680 3859 De
691 3830 804 3868 peculio
814 3851 821 3863 ,
845 3829 926 3857 Plane
944 3829 961 3857 si
978 3829 1125 3861 conservus
1135 3831 1244 3862 dederit

123 3873 261 3902 damnum
271 3893 279 3905 ,
300 3870 346 3900 vel
359 3870 534 3908 surripuerit,
554 3871 584 3898 in
596 3867 740 3905 peculium
750 3867 892 3898 videbitur
903 3865 1010 3898 haberi.

123 3910 255 3946 Princeps
262 3908 465 3938 conservorum.
491 3908 549 3937 Cic.
564 3907 592 3935 in
602 3906 695 3936 Parad.

123 3946 439 4018 Copservi&1discipuli.
462 3945 517 3977 Cic.
531 3954 556 3983 3.
571 3944 607 3982 Q.
622 3943 683 3974 frat.
699 3951 723 3974 1.

193 3994 211 4016 0
221 3995 247 4018 lu
300 4005 310 4017 ι

1703 127 1732 163 C
1828 130 1863 164 Ο
1954 130 1989 164 N
2396 139 2466 177 657

1309 206 1332 236 C
1343 217 1387 236 ot<
1397 218 1430 238 ss
1440 220 1455 239 ir
1466 220 1484 239 v
1495 220 1514 239 A
1527 232 1534 242 .
1554 220 1585 240 ae.
1607 210 1624 240 f.
1649 207 1798 247 [συνόέλη]
1818 209 1881 240 Ter.
1902 210 1971 240 Eun.
1985 219 2011 239 2.
2023 218 2046 246 3.
2060 220 2104 247 74.
2125 211 2239 240 Summa
2253 211 2341 242 forma
2359 212 2467 251 semper

1347 246 1505 277 Conservam
1517 249 1592 277 domi
1605 248 1720 278 videbit.

1345 282 1544 348 Clonscrvabus.
1567 286 1690 316 Scaevola
1705 288 1733 315 in
1748 285 1765 315 l.
1782 285 1893 324 pradia.
1913 286 1936 320 §.
1953 295 1975 315 1.
1986 284 2020 314 D.
2033 284 2067 314 de
2078 285 2156 314 fund.
2169 285 2291 315 instruct.
2306 288 2330 315 ἃ
2343 287 2465 318 instrum.

1379 329 1447 356 egam

1309 355 1331 384 C
1341 365 1357 384 o
1369 367 1386 385 N
1399 368 1409 386 s
1420 370 1432 388 R
1442 369 1482 389 izv
1492 362 1508 389 ῡ
1519 369 1558 388 LA
1572 381 1580 392 ,
1605 369 1634 389 ae.
1658 361 1677 389 f.
1701 361 1800 390 dimin.
1825 360 1889 390 Sen.
1904 361 2034 390 Controv.
2046 369 2090 390 21.

1309 393 1330 422 C
1341 403 1356 421 o
1367 404 1385 422 N
1396 404 1406 423 s
1418 407 1430 425 R
1442 407 1455 425 a
1466 407 1544 432 vio,
1564 401 1612 425 ise.
1635 398 1695 432 JCt.
1708 399 1736 427 in
1750 398 1848 434 Digest.

1309 430 1402 461 CoNs
1412 444 1424 462 s
1435 445 1448 462 P.
1460 445 1474 463 v
1486 446 1492 463 1
1503 445 1522 463 ’1-
1533 446 1540 463 1
1552 445 1569 464 υ
1579 445 1599 463 Μ
1610 457 1617 467 ,
1639 437 1656 464 i.
1681 445 1708 464 n.
1731 435 1905 471 [συιὲελςέσι]
1927 435 2240 473 Piaut.Capt.2.1.49.

1440 472 1543 509 Perque
1553 472 1750 502 conservitium
1761 483 1913 503 commune
1925 495 1933 508 ,
1955 474 2031 510 quod
2043 473 2147 503 hostica
2159 473 2254 503 evcnit
2265 482 2358 503 manu.

1308 504 1534 543 CoNsnssus,
1564 509 1595 538 V.
1619 519 1818 539 coNsiorio.

1308 541 1331 571 C
1340 551 1357 570 0
1367 553 1385 571 N
1394 555 1405 574 s
1415 548 1426 574 ῖ
1435 557 1452 575 n
1463 557 1476 575 n
1485 557 1501 576 o
1511 569 1518 579 ,
1537 545 1600 576 sedi
1610 569 1618 581 ,
1640 547 1735 576 sessum
1745 570 1754 583 ,
1776 546 2000 584 [vvstiZ0,um]
2022 550 2075 578 ere.
2099 558 2114 578 a
2125 548 2186 578 Con
2199 549 2224 579 &
2233 548 2345 584 Sedeo;
2369 548 2467 586 signifi-

1345 589 1392 610 cat
1405 584 1491 613 Simul
1503 584 1613 617 sedere,
1637 587 1661 614 &
1675 585 1729 614 line
1746 586 1877 615 motuest.
1902 585 1974 622 Virg.
1990 595 2013 619 3.
2033 585 2087 616 Ecl.
2106 597 2148 621 ςς.

1426 621 1517 651 Dicite
1530 644 1537 656 ,
1560 623 1785 658 quandoquidem
1800 625 1828 651 in
1840 622 1919 652 molli
1930 625 2106 653 consedimus
2116 624 2209 653 herba.
2305 623 2363 653 Cic.
2374 623 2410 653 de
2420 624 2468 654 Se-

1344 659 1416 687 nest.
1430 664 1471 693 63.
1496 660 1553 696 Qui
1565 660 1645 692 legati
1666 670 1750 695 quum
1764 660 1870 695 essent,
1892 667 1968 689 certo
1990 662 2018 690 in
2039 661 2103 691 loco
2120 661 2311 691 consederant.
2352 662 2467 698 [Potest

1343 701 1438 724 tamen
1452 696 1493 726 liis
1503 697 1633 726 omnibus
1648 697 1716 726 locis
1730 699 1896 728 Praeteritum
1912 698 1966 727 esse
1981 709 1996 727 a
2008 699 2137 735 Confido,
2152 701 2176 729 &
2188 709 2250 728 cum
2261 706 2348 735 motu,
2369 706 2469 738 praete-

1343 733 1397 762 rito
1411 733 1465 762 scil.
1481 734 1608 771 intelligi.
1652 736 1738 771 Atque
1755 736 1793 765 ita
1803 736 1886 774 plane
1898 742 1975 773 puto.
2016 736 2047 766 V.
2071 746 2089 766 c
2098 746 2114 766 o
2123 746 2162 766 us
2173 748 2182 765 1
2191 747 2246 766 Do.

1343 770 1420 800 Tuto
1432 772 1612 838 corgiderein
1625 771 1716 809 aliquo
1727 774 1801 803 locu.
1842 773 1901 803 Cic.
1914 783 1938 809 ς.
1953 774 2007 804 Ate.
2021 783 2065 810 ¹4·
2087 774 2121 804 Iri
2142 777 2248 804 Amano
2264 780 2325 804 tuto
2341 774 2469 805 consedi-

1363 818 1425 837 mus
1440 831 1447 842 ,
1470 823 1482 838 t
1498 819 1520 838 C.

1343 845 1459 882 ‚ludices
1469 846 1663 876 consederunt.
1687 846 1746 877 Cic.
1762 857 1784 876 1.
1803 849 1857 877 Att.
1876 851 1920 877 16.

1344 883 1496 913 Considere
1508 884 1583 922 apud
1595 884 1715 921 aliquem
1725 884 1829 914 locum.
1862 885 1920 914 Cic.
1935 895 1976 921 15.
1989 885 2062 915 Fam.
2072 897 2100 922 4.
2126 885 2221 923 Quum
2234 887 2356 924 quinque
2366 888 2468 918 cohor-

1363 921 1468 951 tessine
1481 922 1570 959 legato
1581 944 1588 956 ‚
1612 922 1668 951 sine
1678 922 1806 952 Tribuno
1815 922 1937 952 militum
1948 945 1957 957 ,
1980 924 2102 960 denique
2119 926 2202 953 etiarn
2219 924 2274 953 sine
2294 925 2466 956 Centurione

1362 959 1422 988 ullo
1432 960 1505 997 apud
1515 959 1699 990 Philomelum
1709 960 1905 995 consedissent,
1918 960 2037 997 reliquus
2049 962 2186 991 exercitus
2197 962 2264 991 esset
2276 963 2303 991 in
2318 963 2468 1000 Lycaonia.

1343 996 1377 1027 In
1392 996 1490 1026 arbore
1507 997 1596 1026 nostra
1610 997 1796 1027 consederunt
1804 1007 1878 1036 apes.
1901 998 1982 1027 Caius
1995 999 2024 1027 in
2037 998 2055 1030 l.
2071 999 2236 1029 naturalem.
2258 1001 2279 1037 §.
2303 1005 2406 1038 apium.
2430 1002 2465 1031 D.

1365 1034 1400 1064 de
1411 1035 1513 1072 acquir.
1525 1045 1576 1064 rer.
1593 1035 1704 1065 domin.

1343 1071 1377 1102 In
1389 1072 1512 1110 pratulo,
1535 1080 1649 1110 propter
1663 1074 1782 1103 Platonis
1790 1073 1917 1109 statuam,
1929 1073 2114 1104 consedimus.
2139 1073 2197 1104 Cic.
2211 1074 2246 1104 de
2256 1074 2326 1104 Clar.
2340 1075 2466 1112 Oratu-

1344 1110 1454 1140 Eodem
1466 1111 1494 1139 in
1507 1110 1594 1148 spatio
1611 1111 1798 1141 consedimus.
1822 1111 1880 1140 Cic.
1891 1121 1917 1146 4.
1930 1112 2012 1140 Acad.
2027 1121 2053 1146 9.

1344 1148 1495 1177 Considere
1506 1149 1534 1177 in
1545 1148 1752 1179 solitudinibus.
1793 1148 1852 1179 Cic.
1864 1158 1888 1177 2.
1903 1148 1977 1178 Fam.
1988 1158 2029 1184 15.
2051 1149 2194 1186 Siquando
2207 1150 2260 1178 erit
2278 1150 2372 1180 civitas
2384 1172 2392 1185 ,
2413 1151 2467 1180 erit

1363 1186 1492 1223 profecto
1503 1185 1583 1215 nobis
1594 1186 1683 1217 locus.
1723 1187 1771 1217 Sin
1780 1193 1873 1216 autem
1883 1196 1939 1216 non
1955 1187 2015 1221 erit,
2036 1187 2064 1215 in
2074 1186 2123 1216 eas
2119 1187 2183 1216 dem
2196 1187 2358 1219 solitudines
2371 1189 2468 1227 tuipse

1366 1225 1419 1259 (ut
1430 1224 1551 1262 opinor)
1571 1225 1666 1254 venies
1677 1247 1685 1261 ,
1707 1225 1734 1254 in
1749 1225 1850 1262 quibus
1861 1234 1912 1253 nos
1926 1224 2080 1255 consedisse
2091 1225 2197 1255 audies.

1345 1260 1497 1291 Considere
1510 1262 1582 1291 inter
1598 1262 1698 1292 ulmos.
1722 1263 1794 1300 Virg.
1810 1273 1835 1297 ς.
1853 1262 1909 1292 Ecl.
1923 1271 1947 1298 3.

1429 1299 1482 1329 Hic
1496 1299 1599 1337 corylis
1611 1301 1702 1330 mistas
1715 1301 1786 1330 inter
1803 1300 1979 1330 consedimus
1990 1299 2092 1330 ulmos.

1345 1336 1498 1367 Considere
1513 1337 1561 1367 sub
1572 1337 1644 1367 ilice.
1668 1338 1737 1376 Virg.
1749 1348 1774 1374 7.
1791 1338 1848 1368 Ecl.
1864 1348 1887 1367 1.

1440 1375 1521 1405 Forte
1533 1376 1582 1405 sub
1593 1381 1687 1413 arguta
1696 1376 1858 1406 consederat
1871 1375 1934 1405 ilice
1945 1375 2082 1414 Daphnis.

1345 1411 1480 1442 Consedit
1492 1414 1519 1442 in
1530 1421 1625 1443 mente
1636 1415 1746 1449 justitia.
1770 1414 1828 1444 Cic.
1844 1424 1867 1443 1.
1880 1414 1915 1443 de
1925 1414 1983 1443 Fin.
2000 1423 2042 1449 50.

1346 1450 1378 1480 In
1391 1451 1593 1481 mediocritate.
1633 1452 1690 1481 Cic.
1705 1453 1733 1481 in
1745 1452 1823 1482 Orat.
1841 1455 1886 1487 96·
1908 1452 1957 1480 ubi
1969 1452 2003 1480 de
2014 1450 2150 1481 mediocri
2159 1459 2261 1489 genere
2272 1451 2394 1488 quodam
2407 1462 2471 1485 ora-

1365 1488 1451 1518 tionis
1463 1489 1585 1525 loquitur
1595 1489 1654 1525 ,21n
1669 1500 1701 1520 ea
1712 1512 1720 1526 ,
1742 1490 1778 1520 de
1790 1500 1842 1526 qua
1853 1490 1953 1526 loquor
1964 1511 1971 1523 ,
1994 1490 2189 1519 mediocritate
2199 1490 2334 1519 consedit.

1344 1525 1496 1556 Considere
1506 1529 1536 1556 in
1547 1528 1614 1556 otio.
1655 1527 1714 1557 Cic.
1730 1537 1756 1557 2.
1775 1529 1828 1557 litt.
1841 1539 1867 1562 4.
1890 1528 2136 1557 Accommodatius
2146 1527 2221 1556 enirn
2235 1528 2316 1557 nobis
2329 1528 2367 1557 est
2384 1527 2418 1557 ad
2436 1528 2469 1559 li-

1367 1563 1461 1594 berani
1477 1564 1647 1603 legationem
1658 1572 1768 1604 tempus
1780 1565 1870 1601 illud,
1889 1575 1977 1602 quum
1987 1567 2014 1596 δι
2023 1565 2148 1602 Quintus
2156 1565 2258 1602 noster,
2279 1573 2309 1595 ut
2317 1566 2468 1604 speramus,

1366 1602 1397 1630 in
1409 1603 1468 1631 otio
1481 1603 1646 1633 consederit.

1345 1639 1481 1670 Consedit
1493 1640 1632 1678 utriusque
1646 1641 1674 1669 in
1686 1640 1829 1678 Quaestura
1841 1650 1956 1670 nomen.
1992 1640 2052 1670 Cic.
2064 1651 2116 1679 pro
2129 1640 2239 1670 Muren.
2257 1646 2296 1676 ¹8-
2318 1641 2372 1671 Sed
2385 1642 2471 1678 Quae.

1366 1678 1437 1707 stura
1452 1678 1590 1716 utriusque
1602 1680 1809 1717 propemodum
1821 1680 1879 1717 pari
1891 1685 2036 1708 momento
2047 1678 2125 1708 sortis
2136 1679 2198 1708 fuir.
2223 1679 2323 1708 habuit
2339 1679 2386 1708 hic
2407 1680 2470 1717 lege

1366 1715 1442 1746 Titia
1454 1717 1628 1754 provinciam
1639 1718 1751 1746 tacitam
1768 1718 1796 1747 δε
1813 1718 1953 1753 quietam:
1978 1724 2008 1745 tu
2023 1716 2120 1752 illam,
2141 1715 2186 1746 cui
2208 1726 2292 1753 quum
2314 1717 2471 1754 Quaestores

1365 1753 1515 1784 sortiuntur
1529 1776 1538 1791 ‚
1559 1755 1643 1784 etiam
1653 1755 1798 1784 acclamari
1809 1755 1895 1791 solet,
1920 1754 2110 1789 Hostiensem,
2133 1763 2190 1783 non
2208 1761 2265 1784 tam
2285 1755 2427 1791 gratiosam
2442 1757 2470 1785 ἃ

1365 1791 1497 1822 illustrem
1512 1815 1519 1827 ,
1542 1802 1625 1830 quam
1639 1792 1809 1831 negotiosam
1823 1794 1850 1822 δι
1864 1792 2017 1822 molestam.
2058 1791 2192 1822 Consedit
2209 1793 2348 1829 utriusque
2365 1802 2471 1823 nomen

1366 1830 1397 1858 in
1408 1830 1559 1866 Quaestura.
1600 1830 1717 1860 Nullum
1727 1832 1804 1861 enim
1815 1831 1893 1861 vobis
1903 1830 1960 1860 sors
1971 1840 2104 1869 campum
2112 1830 2192 1860 dedit
2201 1852 2210 1866 ,
2231 1831 2262 1859 in
2275 1840 2330 1868 quo
2343 1840 2473 1862 excurre-

1368 1877 1397 1897 re
1409 1870 1493 1897 virtus
1504 1868 1691 1906 cognoscique
1701 1868 1798 1906 posset.

1345 1904 1380 1935 In
1392 1906 1488 1935 umbra
1498 1906 1634 1935 consedit.
1655 1907 1739 1937 Ovid.
1754 1918 1777 1944 ς.
1793 1906 1861 1936 Met.
1875 1909 1940 1941 336.

1346 1943 1392 1973 Est
1407 1945 1432 1973 Sc
1448 1954 1502 1973 vox
1515 1944 1650 1974 militaris.
1690 1944 1765 1974 Curt.
1778 1954 1803 1981 7.
1814 1954 1840 1980 7.
1870 1944 1955 1974 Ratus
1974 1944 2069 1981 excipi
2087 1942 2183 1982 posse,
2214 1953 2298 1982 quem
2318 1950 2470 1975 venturum

1364 1981 1485 2018 sciebat,
1507 1981 1634 2011 consedit
1645 1982 1781 2012 occultus.
1822 1982 1886 2012 Caes.
1902 1993 1926 2019 5.
1940 1982 2007 2012 Bell.
2020 1981 2090 2012 Gall.
2107 1992 2133 2017 9.
2167 1981 2220 2011 Ubi
2234 1991 2270 2012 ex
2289 1983 2406 2020 captivis
2425 1992 2473 2013 co-

1366 2020 1463 2056 gnovit
1476 2042 1483 2055 ,
1505 2029 1560 2057 quo
1573 2021 1602 2049 in
1611 2020 1676 2049 loco
1687 2021 1807 2050 hostium
1816 2021 1905 2058 copiae
1919 2019 2114 2049 consedissent.

1346 2056 1497 2125 Ugirpiatur
1507 2067 1618 2125 qffiique
1640 2058 1676 2089 de
1695 2058 1745 2094 iis,
1765 2059 1813 2096 qui
1835 2059 1871 2088 ad
1884 2056 1986 2088 caussas
2006 2057 2173 2094 judicandas
2191 2056 2219 2087 se
2238 2063 2379 2096 pararunt.
2419 2058 2467 2088 Sic

1395 2105 1421 2125 vi
1446 2117 1451 2123 .
1468 2105 1508 2130 13.
1554 2103 1590 2125 et.
1607 2106 1631 2126 1.

1439 2133 1596 2163 Consedere
1610 2134 1722 2164 Duces:
1744 2135 1770 2164 &
1781 2133 1858 2171 vulgi
1869 2133 1956 2163 stante
1966 2142 2079 2163 corona.
2162 2132 2236 2162 Suet.
2249 2132 2337 2170 Calig.
2349 2142 2410 2171 cap.
2423 2139 2468 2170 38.

1363 2170 1558 2208 Cognoscebat
1571 2178 1664 2201 autem
1675 2173 1710 2201 de
1722 2172 1825 2201 talibus
1836 2171 1934 2201 caussis
1947 2192 1955 2205 ,
1976 2178 2071 2201 taxato
2086 2170 2162 2209 prius
2181 2171 2268 2199 modo
2279 2170 2394 2200 summae
2406 2193 2415 2207 ,
2435 2171 2472 2202 ad

1364 2218 1449 2244 quern
1461 2209 1669 2239 conficiendum
1681 2209 1838 2239 consideret
1848 2231 1857 2245 ,
1878 2209 2009 2239 conse-&o
2022 2209 2136 2238 demum
2148 2208 2330 2238 excitabatur.

1365 2246 1419 2276 Ubi
1439 2247 1497 2277 Ber.
1521 2247 1666 2284 Tanquam
1676 2247 1762 2282 judex
1771 2247 1886 2276 sederet.
1909 2246 2027 2276 Fortasse
2039 2257 2090 2284 pro
2103 2246 2174 2276 Cum
2188 2246 2249 2275 aliis
2262 2246 2376 2276 sederet.
2389 2247 2470 2278 H.St.

1365 2284 1411 2322 qui
1423 2286 1448 2314 &
1459 2284 1554 2314 locum
1564 2285 1655 2323 ipsum
1666 2286 1742 2315 Suet.
1756 2284 1954 2323 adscripscrat,
1976 2285 2064 2321 quiin
2075 2284 2162 2321 Lugd.
2185 2283 2398 2314 desiderabatur.
2438 2285 2471 2315 ln

1368 2322 1451 2352 Thes.
1467 2322 1538 2359 Lips.
1560 2323 1636 2353 unde
1653 2323 1713 2353 haec
1729 2324 1817 2361 petita
1825 2321 2070 2358 sunt,C0nsederat
2083 2322 2193 2359 legitur,
2206 2322 2281 2359 quod
2297 2332 2355 2351 non
2367 2322 2469 2361 placet.

1363 2361 1430 2390 Non
1452 2361 1527 2398 prius
1546 2361 1628 2397 Cajus
1645 2361 1835 2396 excitabatur,
1856 2361 1874 2390 i.
1889 2371 1913 2390 e.
1935 2360 2070 2397 Surgebat
2092 2366 2123 2389 ut
2138 2361 2280 2397 cognitum
2302 2361 2367 2391 iret,
2388 2371 2472 2397 quam

1363 2398 1499 2428 summam
1513 2421 1520 2433 ,
1541 2399 1574 2428 ad
1589 2408 1673 2435 quam
1685 2399 1890 2429 conficiendam
1907 2398 2192 2435 cognitionivacaret,
2212 2396 2335 2427 taxasset.
2374 2398 2472 2436 Itaque

1364 2446 1422 2465 non
1435 2436 1564 2474 singulis,
1583 2436 1629 2466 sed
1643 2436 1772 2474 plurimis
1785 2436 1864 2466 simul
1872 2436 1957 2465 causis
1971 2446 2086 2474 operam
2099 2435 2200 2472 dabat,
2220 2441 2253 2465 ut
2274 2444 2311 2465 ex
2328 2434 2403 2474 seqq.
2424 2447 2473 2476 ap-

1364 2481 1459 2512 paret,
1484 2484 1538 2511 quo
1549 2473 1611 2511 plus
1622 2484 1676 2503 una
1685 2473 1802 2504 sessione
1814 2475 1941 2512 pecuniae
1953 2474 2118 2503 corraderet.

1342 2511 1472 2549 Denique
1490 2513 1528 2541 de
1544 2513 1576 2541 iis
1596 2513 1714 2545 dicitur,
1736 2513 1783 2550 qui
1805 2513 1834 2541 in
1852 2512 1916 2541 loco
1927 2511 2020 2549 aliquo
2034 2510 2178 2541 domicilia
2194 2516 2314 2550 ponunt.
2355 2510 2420 2541 Caes.
2438 2520 2466 2547 3.

1362 2549 1436 2616 Belli.-
1449 2550 1531 2616 ἓίνίῑ.
1554 2562 1581 2586 4.
1615 2549 1723 2580 Dimissi
1740 2560 1755 2580 a
1771 2549 1961 2588 superioribus
1979 2549 2194 2588 imperatoribus
2213 2550 2242 2579 in
2262 2550 2295 2579 iis
2315 2550 2469 2587 provinciis

1364 2598 1417 2617 con
1432 2598 1446 2617 e
1470 2593 1557 2617 erant.

1304 2625 1329 2656 C
1337 2636 1353 2655 o
1362 2636 1381 2655 N
1391 2636 1402 2655 s
1413 2636 1427 2654 ir
1436 2636 1453 2654 o
1464 2636 1480 2654 o
1489 2647 1498 2661 ,
1519 2626 1590 2655 onis.
1610 2635 1625 2655 a
1636 2625 1842 2661 Consedend03
1866 2631 1898 2655 ut
1908 2624 2015 2661 Affedo,
2037 2625 2063 2655 &
2079 2624 2200 2654 Assessor.
2240 2625 2271 2656 C.
2285 2623 2405 2655 Hemina
2414 2626 2469 2656 An-

1343 2663 1398 2693 nal.
1412 2663 1460 2693 lib.
1474 2674 1500 2699 4.
1522 2664 1614 2693 Nemo
1627 2664 1734 2694 vicinus
1745 2663 1879 2694 consedo.
1920 2663 1952 2693 V.
1974 2663 2101 2693 Nonium
2114 2672 2137 2692 1.
2154 2672 2217 2699 312.

1304 2701 1353 2732 Co
1363 2711 1383 2730 N
1392 2711 1403 2731 s
1412 2711 1426 2730 e
1440 2711 1452 2731 s
1461 2711 1472 2731 s
1482 2711 1499 2730 o
1510 2711 1525 2730 1.
1535 2724 1543 2737 ,
1565 2703 1629 2731 oris.
1651 2712 1688 2731 m.
1710 2700 1873 2738 [σύνεδγῶι]
1893 2701 1950 2738 Qui
1963 2711 2020 2731 una
2029 2711 2094 2731 cum
2102 2700 2157 2730 alio
2168 2700 2252 2730 sedet.
2292 2700 2351 2730 Liv.
2364 2709 2408 2737 34.
2420 2711 2464 2737 5⁴-

1343 2739 1400 2769 Cur
1411 2739 1489 2769 dives
1500 2749 1651 2778 pauperem
1667 2738 1851 2769 consessorem
1868 2739 2020 2769 fastidiret?
2060 2739 2119 2768 Cic.
2131 2748 2157 2768 2.
2170 2739 2223 2768 Att.
2240 2748 2281 2774 ¹5-
2302 2738 2468 2769 Praeclarum

1340 2777 1529 2814 spectaculum
1540 2777 1608 2807 mihi
1618 2787 1748 2816 propono
1761 2799 1769 2812 ,
1790 2777 1876 2806 modo
1884 2784 1912 2806 te
1922 2776 2076 2806 consessore
2086 2776 2209 2813 spectare
2224 2776 2313 2806 liceat.

1342 2814 1486 2845 Confessor
1497 2837 1505 2849 ,
1527 2816 1645 2845 conviva
1657 2837 1665 2851 ,
1684 2814 1893 2845 contubernalis
1917 2814 2045 2850 alicujus.
2086 2814 2145 2844 Cic.
2167 2824 2217 2852 pro
2240 2814 2326 2844 Flacc.
2343 2824 2388 2848 24.
2421 2815 2467 2845 Ne

1359 2852 1525 2883 accusatoris
1545 2853 1761 2886 consessoribus.
1781 2853 1926 2890 convivis,
1947 2852 2196 2883 contubernalibus
2208 2874 2216 2889 ‚
2240 2853 2293 2883 διο.
2322 2852 2413 2882 civem
2431 2863 2467 2883 ac

1361 2891 1518 2929 supplicem
1527 2891 1645 2921 vestrum
1656 2891 1799 2922 dederitis.

1340 2929 1486 2958 Consessor
1500 2930 1527 2959 ἃ
1536 2929 1664 2959 collusor.
1694 2929 1725 2959 V.
1746 2939 1764 2959 c
1771 2938 1788 2958 o
1796 2939 1813 2957 r.
1822 2939 1840 2957 1..
1849 2938 1869 2958 υ
1877 2937 1889 2958 s
1896 2939 1914 2958 o
1923 2938 1949 2958 a.

1304 2966 1466 2997 CONSizss
1476 2976 1531 3002 us,
1553 2967 1594 2997 us.
1617 2977 1654 2997 m.
1677 2964 1839 3004 [πυνεὲρλῃ
1861 2964 2007 3001 συνέδριον]
2028 2975 2086 2995 non
2100 2965 2140 2995 est
2159 2964 2298 2995 Confessio
2309 2987 2317 3000 ,
2338 2964 2385 2996 sed
2407 2966 2465 2996 Ho-

1341 3006 1432 3034 mines
1451 3014 1509 3034 uno
1528 3005 1557 3034 in
1577 3005 1643 3035 loco
1664 3005 1858 3040 considentes,
1879 3004 1969 3040 inquit
1982 3003 2058 3033 Valla
2069 3003 2117 3033 lib.
2129 3014 2155 3038 4.
2168 3013 2230 3041 cap.
2244 3013 2269 3032 2.
2293 3003 2350 3033 Cic.
2368 3004 2403 3033 de
2416 3005 2466 3034 Se.

1340 3044 1413 3072 nest.
1426 3046 1470 3079 ⁶3·
1493 3042 1602 3079 Quibus
1613 3053 1700 3080 quum
1711 3052 1727 3073 a
1738 3043 1840 3073 cunero
1850 3041 1976 3072 consessu
1990 3041 2099 3080 plausus
2111 3041 2178 3071 esset
2190 3040 2339 3078 multiplex
2361 3042 2442 3071 datus
2452 3064 2463 3078 ,

1342 3080 1441 3110 dixisse
1449 3090 1484 3110 ex
1494 3082 1534 3110 eis
1543 3081 1685 3118 quendam
1693 3103 1702 3116 ,
1725 3079 1904 3110 Athenienses
1914 3079 1980 3109 scire
1990 3089 2050 3116 quae
2059 3081 2133 3109 reeta
2146 3079 2233 3109 essent
2243 3101 2251 3115 ,
2271 3080 2361 3109 facere
2373 3080 2462 3111 nolle.

1340 3118 1507 3156 Frequentia
1517 3120 1542 3148 &
1550 3118 1691 3148 consessus
1701 3118 1866 3156 aliquorum.
1890 3117 1948 3147 Cic.
1959 3127 2010 3156 pro
2022 3117 2111 3147 Flacc.
2123 3127 2168 3154 41.

1340 3156 1440 3186 Cavcae
1452 3155 1599 3186 consessus.
1622 3156 1696 3194 Virg.
1709 3167 1733 3193 ς.
1751 3156 1888 3191 AEn.340.

1340 3193 1459 3232 Implere
1469 3193 1624 3224 consessum
1634 3194 1811 3225 clamoribus.
1835 3193 1906 3231 Virg.
1923 3203 1946 3229 ς.
1963 3192 2023 3223 AEn.
2035 3201 2100 3229 341.

1339 3231 1463 3261 Lustrare
1473 3233 1502 3261 in
1513 3233 1599 3270 equis.
1620 3232 1694 3270 Virg.
1706 3243 1729 3268 ς.
1743 3232 1805 3262 AEn.
1821 3240 1882 3268 577.

1339 3269 1498 3308 conspeetu
1514 3269 1693 3308 consessuque
1703 3270 1829 3306 iudicum
1843 3267 2022 3298 commoveri.
2046 3267 2106 3297 Cic.
2121 3276 2146 3303 3.
2164 3266 2238 3296 Verr.
2256 3277 2299 3301 19.

1338 3308 1451 3337 Corona
1461 3307 1599 3338 consessus
1608 3309 1735 3344 judicum
1747 3308 1862 3337 cincius.
1904 3306 1962 3336 Cic.
1972 3314 2022 3344 pro
2034 3305 2136 3336 Milon.
2149 3315 2172 3335 1.
2194 3305 2259 3334 Non
2268 3305 2344 3335 enim
2354 3315 2461 3338 corona

1357 3345 1495 3376 consessus
1506 3346 1591 3375 vester
1604 3347 1711 3375 cinctus
1720 3345 1757 3374 est
1768 3366 1777 3379 ,
1799 3352 1830 3374 ut
1841 3343 1953 3373 solebat.

1338 3383 1461 3421 Populus
1477 3385 1586 3413 vinetus
1597 3384 1655 3422 ipso
1668 3382 1790 3414 consessu
1800 3404 1807 3416 ,
1830 3382 1993 3411 constrictus
2008 3380 2171 3419 spectaculis
2182 3402 2190 3417 ‚
2212 3380 2367 3419 impeditus
2376 3382 2461 3415 turba

1344 3426 1347 3427 ⁷
1359 3422 1533 3459 &angustiis
1558 3422 1617 3451 Cic.
1631 3422 1666 3451 de
1680 3420 1773 3458 Arusp.
1788 3420 1908 3456 Respon.
1920 3429 1964 3448 22.
2237 3453 2244 3463 Ι

1301 3458 1324 3489 C
1334 3469 1351 3488 0
1359 3469 1380 3488 N
1388 3463 1445 3488 ςῐχ)
1454 3460 1471 3488 ἑ
1480 3469 1495 3487 R
1504 3469 1521 3488 0
1532 3481 1540 3494 ‚
1561 3458 1717 3495 [σκέπξμια
1725 3481 1734 3494 ⁷
1756 3454 1855 3493 σκανιὲω,
1877 3454 2015 3492 ἑπτα-κωπίω,
2038 3456 2163 3486 amiota,
2189 3455 2348 3493 λονζσμοα]
2368 3461 2423 3488 Ere,
2443 3470 2462 3490 a

1338 3497 1466 3527 Siderum
1482 3496 1724 3534 contemplatione
1740 3495 1850 3524 videtur
1867 3494 2016 3533 appellari,
2036 3494 2129 3530 inquit
2152 3493 2258 3523 Festus:
2281 3495 2307 3524 &
2328 3495 2462 3532 significat

1336 3535 1496 3573 Reputare,
1518 3535 1688 3571 expendere.
1730 3534 1789 3562 Cic.
1805 3543 1846 3561 io.
1861 3532 1936 3562 Fam.
1952 3536 1993 3561 16.
2015 3531 2064 3560 llle
2073 3532 2111 3560 ait
2121 3531 2293 3561 considerare
2303 3531 2330 3562 se
2338 3533 2418 3563 velle.

1338 3571 1529 3607 Contemplari
1542 3572 1763 3609 unumquodque
1776 3570 1863 3600 otiose
1875 3592 1882 3604 ,
1905 3572 1930 3600 ἃ
1942 3569 2120 3599 considerare.
2143 3569 2201 3598 Cic.
2214 3574 2239 3598 6.
2254 3569 2328 3599 Verr.
2345 3580 2388 3607 33.

1337 3609 1556 3646 circumspicere
1565 3616 1602 3644 te,
1614 3611 1639 3639 Sc
1647 3610 1714 3646 quid
1727 3608 1811 3637 facias
1822 3614 1869 3637 aut
1878 3608 1998 3644 loquaris
2011 3606 2191 3636 considerare.
2213 3607 2271 3636 Cic.
2282 3607 2311 3636 in
2320 3608 2413 3638 parad.
2431 3620 2460 3646 4.

1335 3648 1439 3677 Videre
1448 3648 1531 3676 etiarn
1543 3653 1626 3683 atque
1635 3648 1730 3681 etiam,
1749 3647 1774 3675 ἃ
1787 3646 1960 3675 considerare
1968 3645 2035 3683 quid
2047 3644 2197 3679 agendum.
2217 3644 2277 3674 Cic.
2288 3654 2315 3681 7.
2323 3645 2397 3676 Verr.
2411 3657 2457 3685 73.

1335 3685 1574 3715 Considerandum
1586 3685 1623 3713 est
1634 3691 1664 3713 ut
1674 3683 1762 3713 solum
1776 3685 1879 3720 pingue
1889 3683 1928 3712 sit.
1950 3681 2088 3712 Columel.
2098 3681 2148 3711 lib.
2159 3691 2185 3712 2.
2198 3691 2258 3720 cap.
2272 3691 2298 3712 2.

1336 3723 1437 3753 Coram
1447 3722 1620 3751 considerare
1629 3722 1733 3758 aliquid
1744 3721 1824 3757 quale
1836 3721 1874 3750 sit.
1895 3720 1955 3750 Cic.
1967 3730 1994 3756 7.
2015 3722 2068 3749 Att.
2076 3728 2110 3755 ·3.

1334 3761 1378 3790 De
1389 3759 1482 3796 aliquo
1495 3761 1519 3788 δι
1532 3759 1567 3787 dc
1577 3758 1603 3788 se
1613 3760 1786 3788 considerare
1797 3758 1896 3804 aliqua.
1920 3758 1978 3787 Cic.
1992 3767 2018 3793 7.
2036 3759 2090 3786 Art.
2109 3764 2152 3793 13.

1333 3797 1377 3828 De
1388 3796 1524 3833 aliquibus
1536 3797 1616 3825 rebus
1632 3806 1695 3825 cum
1707 3796 1808 3833 aliquo.
1831 3796 1890 3824 cic.
1908 3805 1949 3830 ¹4·
1967 3795 2040 3824 Fam.
2058 3805 2100 3829 14.

1333 3835 1448 3865 Pastum
1457 3834 1614 3870 aliquorum
1626 3843 1662 3863 ex
1671 3834 1776 3869 judicio
1788 3834 1913 3868 alicujus.
1935 3833 1994 3862 Cic.
2030 3842 2060 3862 ro
2071 3831 2152 3862 Rosc.
2164 3831 2254 3860 Amer.
2269 3837 2332 3867 ¹08·

1333 3873 1375 3903 Ex
1384 3872 1409 3900 se
1419 3894 1427 3905 ,
1449 3872 1474 3900 &
1484 3880 1517 3899 ex
1528 3870 1575 3900 sua
1586 3879 1682 3900 natura
1690 3870 1850 3907 simpliciter
1860 3870 1976 3907 aliquid.
2022 3871 2058 3900 ic.
2072 3879 2096 3900 1.
2113 3870 2148 3898 de
2158 3869 2266 3899 Invent.
2281 3880 2324 3905 14.

1333 3909 1416 3939 Casus
1427 3908 1489 3937 suos
1499 3908 1602 3938 secum.
1627 3908 1685 3938 Cic.
1701 3919 1724 3942 ς.
1742 3907 1823 3937 Tusc.
1839 3917 1862 3943 3.

1332 3946 1511 3978 Considerate
1521 3945 1654 3978 secumin
1663 3946 1758 3977 animo
1770 3948 1855 4015 vita&
1866 3944 1988 3974 alterius.
2007 3944 2072 3975 Ter.
2082 3944 2184 3975 Heaut.
2197 3953 2223 3975 2.
2236 3954 2261 3980 4.
2275 3953 2300 3980 ς.
2421 3983 2441 4013 Ε

1859 3991 1877 4013 0
1889 3992 1905 4013 0
1914 3991 1931 4013 0
2443 3988 2453 4012 t
