2604 4222
159 175 231 213 492
628 160 656 194 C
753 157 780 192 E
884 155 914 189 R

199 246 328 276 Profeao
338 251 421 274 certe.
461 242 519 272 Cic.
535 251 556 271 1.
569 241 604 270 de
620 241 683 271 Nat.
696 239 777 268 Deor.
794 249 818 273 ς.
850 236 978 272 Quorum
992 232 1141 269 opiniones
1151 240 1246 275 ‚quum
1261 235 1319 259 tam

219 285 298 313 variae
310 283 377 317 sint,
399 277 625 317 tainqueintcrse
637 277 814 307 diffidentes:
838 271 1088 309 alterumprofesto
1100 269 1158 298 fieri
1175 268 1274 307 potest,
1289 273 1320 297 ut

221 332 316 351 earum
327 322 420 350 nulla:
441 319 558 348 alterum
571 324 644 345 certe
657 325 711 344 non
725 313 813 352 potest
824 334 831 345 ,
854 310 956 346 utplus
970 319 1024 355 ima
1034 318 1097 351 vera
1108 308 1146 336 sit.

204 359 304 393 Certe,
326 357 515 387 concedentis.
553 355 646 383 Graece
663 350 719 385 ναὶ,
740 358 772 380 ut
789 349 848 379 vult
863 348 930 376 Bud.
973 347 1030 375 Cic.
1050 355 1080 374 in
1100 346 1178 374 Orat.
1201 354 1262 380 ¹44-
1286 343 1319 386 At

223 397 388 433 dignitatern
400 396 501 423 docere
513 402 569 420 non
580 391 669 419 habet.
711 389 792 417 Certe
803 409 809 419 ,
831 386 848 415 si
862 384 932 422 quasi
946 385 974 412 in
989 384 1065 412 ludo.
1098 383 1176 412 Idem
1187 392 1212 411 2.
1231 383 1266 410 de
1279 381 1319 410 Fi-

222 435 334 469 nib.91.
357 431 499 462 Naturales
508 430 617 458 divitias
628 427 699 456 dixit
708 425 842 464 parabiles
853 423 921 457 esse,
944 423 1018 465 quod
1030 431 1116 459 parvo
1135 419 1202 450 esset
1223 425 1319 448 natura

222 479 361 501 contenta.
383 476 457 499 certe
470 491 477 502 ,
499 467 546 495 nisi
563 466 734 502 voluptatem
748 463 816 491 tanti
827 462 1001 490 aestimaretis.

204 510 238 540 Et
248 515 329 538 certe.
352 508 408 537 Cic.
424 516 474 545 pro
486 503 608 533 Marcell.
621 508 645 531 6.
668 502 700 531 Et
708 505 783 530 certe
793 501 821 528 in
829 499 926 533 armis,
947 498 1071 526 rnilitum
1079 497 1175 531 virtus,
1190 495 1319 524 locorum

221 546 425 585 opportunitas,
446 542 547 572 auxilia
561 541 713 574 sociorum,
734 538 850 571 claffes,
872 542 1060 570 commeatus,
1082 534 1202 563 multum
1213 535 1317 569 juvant.

203 584 301 618 Certe,
324 594 373 621 pro
389 582 475 611 Etiam
486 602 494 614 ‚
515 579 558 608 vel
573 577 652 607 simili
664 576 784 613 quadani
797 574 951 613 particula,
973 574 1039 603 teste
1055 573 1122 602 Bud.
1166 572 1223 601 Cic.
1242 580 1265 606 3.
1283 571 1319 598 de

222 622 309 652 Finib.
325 630 367 656 33.
390 618 542 651 Eratenim,
564 615 754 652 siciijusquam
765 635 774 650 ,
794 620 870 643 certe
882 618 970 647 tuum,
992 610 1066 640 nihil
1079 616 1178 648 praeter
1188 610 1320 639 virtutem

223 660 251 688 in
263 659 342 688 bonis
353 658 463 686 ducere.

201 697 282 726 Certe
292 718 301 731 ,
323 706 371 731 pro
387 694 489 723 Saltem
502 714 510 726 ,
532 690 576 721 vel
587 690 744 726 Utcunque.
785 688 843 718 Cic.
856 699 881 723 4.
891 688 926 716 de
936 686 1022 716 Finib.
1033 691 1079 716 60.
1110 685 1218 716 Totum
1232 692 1318 722 genus

218 735 274 763 hoc
286 736 309 763 δ(
321 733 400 762 'leno
415 752 422 767 ,
445 733 470 760 δι
484 730 517 759 ab
533 739 567 758 eo
584 728 719 766 quisunt,
741 732 789 756 aut
812 736 869 755 non
890 731 1056 763 potuerunt,
1078 730 1126 753 aut
1145 723 1297 753 noluerunt
1308 742 1316 756 ,

218 779 293 801 certe
304 772 480 807 reliquerunt.
522 767 599 796 Idem
612 778 638 799 ⁴·
655 767 726 795 Fam.
741 775 766 801 7.
789 764 861 793 Vic'ti
875 763 1072 801 sumusigitur:
1095 768 1144 791 aut
1154 761 1173 790 si
1184 761 1259 791 vinci
1278 759 1321 788 di-

217 811 305 846 gnitas
322 818 378 837 non
391 806 479 846 potest
489 827 497 839 ,
519 811 594 833 certe
604 804 681 833 fraffi
691 810 773 840 atque
784 802 895 838 abjecti.

197 846 247 876 Vel
258 852 338 875 certe.
380 845 436 874 Cic.
453 854 474 872 i.
490 842 571 872 Tusc.
591 851 652 879 117.
674 841 812 871 Homines
830 846 950 869 mortem
976 844 1072 876 optare
1092 836 1251 875 incipiant,
1273 833 1318 864 vel

215 890 289 913 certe
299 885 395 912 timere
406 882 540 911 desistant.
1248 909 1254 915 Ι

196 922 230 951 At
238 928 320 950 certe.
361 921 419 950 Cic.
435 930 459 955 9.
476 920 530 948 Att.
545 927 588 947 10.
611 917 652 947 De
663 926 697 946 eo
716 916 791 953 quod
810 915 846 946 ad
863 924 914 944 nos
933 913 1078 951 scripsisti,
1099 912 1151 942 tibi
1171 910 1318 941 consilium

215 960 343 988 dabimus
355 968 361 987 ε
384 957 486 995 quodsi
498 966 555 985 nori
564 956 646 985 fuerit
657 955 780 993 prudens
791 977 799 990 ,
819 960 934 983 atcerte
944 952 977 981 ab
989 952 1094 989 optima
1106 951 1161 980 fide
1171 952 1197 980 &
1206 950 1316 987 optimo

213 998 307 1026 animo
318 995 513 1034 proficiscetur.

194 1034 292 1069 Certe,
323 1044 372 1072 pro
384 1033 501 1063 Tamen.
542 1032 600 1061 Cic.
617 1033 657 1060 16.
670 1030 724 1060 Att.
741 1038 768 1065 7.
790 1028 854 1063 Etsi,
876 1027 1002 1065 quamvis
1020 1037 1078 1056 nori
1091 1026 1176 1056 fueris
1189 1024 1278 1054 suasor
1289 1025 1316 1054 &

213 1072 345 1110 impulsor
358 1070 537 1110 profefflonis
546 1078 615 1098 mere
626 1091 634 1104 ,
656 1068 823 1106 approbator
833 1073 908 1096 certe
919 1066 1000 1094 fuisti.

194 1110 276 1140 Certe
288 1111 373 1139 enim.
414 1109 472 1138 Cic.
485 1118 506 1138 r.
524 1107 605 1137 Acad.
622 1115 662 1140 η.
683 1106 765 1135 Certe
776 1105 852 1134 enim
864 1103 1049 1133 recentissima
1058 1112 1117 1139 quae
1139 1110 1174 1130 ue
1181 1100 1243 1130 sunt
1254 1110 1314 1129 cor-

211 1150 285 1178 recia
295 1150 320 1178 ἃ
328 1148 478 1177 emendata
486 1146 617 1175 maxime.
633 1144 664 1174 In
674 1145 729 1173 hoc
739 1152 839 1180 genere
849 1141 984 1178 loquendi
992 1140 1118 1169 abundat
1153 1140 1221 1168 nim.
1234 1139 1313 1169 Idem

212 1187 247 1215 de
259 1186 329 1215 Clar.
343 1185 420 1215 Orat.
433 1193 493 1220 123.
517 1186 597 1213 Certe
612 1182 688 1212 enim
703 1184 727 1210 &
740 1181 806 1210 boni
817 1179 921 1217 aliquid
929 1178 1072 1208 attulimus
1083 1178 1231 1213 juventuti.

193 1224 274 1254 Certe
289 1224 317 1253 si.
356 1223 421 1253 Ter.
435 1222 506 1253 And.
522 1231 546 1258 3.
563 1231 589 1251 2.
604 1231 647 1257 14.
670 1219 776 1249 Saltem
788 1226 935 1252 accurate,
955 1224 987 1246 ut
997 1216 1084 1245 metui
1103 1216 1215 1245 videar:
1237 1219 1313 1244 certe

212 1262 230 1290 si
241 1262 405 1291 resciverim.

192 1299 272 1329 Certe
283 1299 384 1329 hercle.
424 1297 488 1329 Ter.
500 1296 570 1326 And.
585 1305 609 1333 3.
621 1305 647 1326 2.
662 1305 704 1332 ις.
727 1294 810 1324 Certe
819 1293 916 1323 ‘hercle
931 1302 1008 1322 nunc
1022 1291 1068 1320 hic
1086 1290 1113 1320 se
1129 1289 1203 1328 ipsus
1222 1288 1310 1325 fallit,

211 1338 285 1367 haud
298 1348 313 1367 e
333 1344 359 1367 o.

191 1375 263 1405 Tam
274 1347 368 1405 hergcle
380 1380 463 1404 certe.
503 1372 590 1403 Plaut.
605 1371 692 1401 Mem.
706 1380 733 1399 2.
745 1379 771 1399 2.
787 1379 830 1405 52.
851 1368 963 1398 Certen'
978 1367 1049 1398 vidit
1060 1368 1074 1396 ἰ)
1095 1376 1126 1396 Α.
1147 1372 1205 1396 tam
1218 1365 1313 1395 hercle

210 1419 285 1443 certe
297 1436 305 1448 ,
327 1423 409 1451 quam
421 1422 473 1450 ego
482 1420 558 1440 nunc
570 1416 598 1439 te
607 1432 614 1444 ,
635 1419 667 1438 ac
677 1416 706 1438 tu
717 1408 855 1437 mevides.

191 1451 273 1481 Certe
282 1452 395 1489 quidem
405 1451 463 1489 pol.
486 1449 550 1478 Ter.
564 1448 632 1477 Eun.
642 1457 667 1480 4.
681 1457 704 1481 ς.
720 1457 744 1481 ς.
766 1446 847 1475 Certe
859 1451 887 1474 tu
900 1444 1015 1481 quidem
1023 1442 1072 1481 pol
1085 1442 1176 1472 multo
1187 1441 1310 1471 hilarior.

209 1489 292 1519 Enim
303 1512 311 1525 ,
332 1489 434 1526 edepol
445 1509 453 1523 ,
474 1486 569 1516 hercle
581 1508 589 1521 ,
611 1485 723 1522 quidem
733 1505 741 1518 ,
763 1485 789 1513 ἃ
799 1483 868 1522 pol,
890 1491 976 1521 quum
985 1481 1047 1519 post
1069 1490 1087 1510 0
1097 1490 1187 1510 sara
1200 1489 1312 1518 110000ῦ

208 1533 254 1557 tur
263 1550 271 1563 ‚
292 1527 354 1557 sunt
363 1526 493 1556 ornativae
503 1531 612 1554 tantum
622 1522 775 1561 particulae.

190 1565 272 1595 Certe
284 1566 423 1603 equidem.
444 1564 516 1600 Virg.
533 1572 557 1598 9.
577 1561 631 1591 Ecl.
644 1570 670 1598 7.
1302 1594 1304 1598 ,

187 1603 315 1640 Quidem
324 1610 408 1632 certe.
445 1601 504 1631 Cic.
521 1604 562 1630 16.
575 1601 665 1629 Att.6.
694 1597 750 1628 Sed
761 1597 819 1632 ita,
839 1596 858 1626 fi
877 1602 941 1626 ante
959 1594 1019 1625 Kal.
1045 1594 1159 1630 Januar.
1177 1592 1307 1623 redeam}

205 1642 281 1678 quod
292 1641 405 1678 quidem
418 1646 493 1669 certe
506 1639 602 1668 enitar.

188 1678 270 1708 Certe
280 1681 372 1716 igitur.
413 1678 471 1707 Cic.
486 1686 511 1706 2.
525 1677 560 1705 de
572 1674 662 1705 Divin.
673 1683 717 1711 ²3-
739 1672 821 1703 Certe
831 1672 916 1710 igitur
929 1670 1066 1709 ignoratio
1083 1669 1241 1700 futurorum
1254 1678 1311 1699 maa

206 1717 298 1746 lorum
308 1717 404 1747 utilior
414 1716 452 1745 est
461 1737 469 1750 ,
491 1724 574 1752 quam
584 1713 705 1743 scientia.

186 1754 341 1785 Certescio.
379 1754 443 1784 Ter.
457 1752 533 1782 Adel.
551 1761 613 1788 2.3.
626 1760 670 1786 2³-
693 1750 765 1779 Satis
786 1754 861 1779 certe
878 1748 943 1778 scio.
981 1747 1040 1776 Cic.
1063 1755 1105 1776 12.
1125 1745 1247 1784 Philipp.
1261 1754 1307 1781 292,

204 1793 278 1823 Nam
288 1793 416 1823 Martiam
426 1793 452 1822 ἃ
461 1797 585 1829 quartam
593 1788 663 1819 nihil
673 1794 772 1826 praeter
786 1788 955 1825 dignitatem
965 1787 992 1816 ἀ
1010 1785 1098 1815 decus
1111 1783 1309 1821 coriiprobatu‘a

203 1841 245 1860 ras
255 1830 309 1860 effe
323 1838 397 1861 certe
405 1830 469 1859 scio.

185 1868 269 1898 Certe
279 1868 381 1907 edepol
391 1868 454 1897 scio.
474 1866 560 1897 Plaut.
574 1865 672 1904 Amph.
687 1875 711 1894 1.
725 1873 748 1894 1.
766 1873 829 1898 115·

183 1908 357 1945 Atquicerte.
400 1907 457 1935 Cic.
469 1915 494 1943 7.
507 1907 559 1934 Att.
573 1913 598 1942 7.
623 1904 701 1941 Atqui
713 1908 787 1932 certe
800 1901 847 1931 ille
856 1909 937 1939 agere
947 1898 1065 1929 debuit:
1084 1899 1136 1928 &u

183 1945 218 1975 Et
225 1952 308 1974 certe.
329 1945 392 1974 Ter.
405 1944 473 1973 Eun.
488 1954 511 1978 ς.
522 1947 547 1972 6.
561 1954 587 1978 4.
608 1942 663 1972 Sed
679 1941 754 1971 estne
764 1939 811 1970 ille
821 1940 913 1969 noster
926 1938 1078 1967 Parmeno?
1101 1938 1127 1966 &
1143 1940 1218 1965 certe
1233 1933 1307 1972 ipsus

204 1983 251 2013 est.
272 1982 348 2012 Valla
362 1982 409 2011 lib.
422 1992 446 2011 2.
465 1982 547 2011 Certe
557 1981 707 2013 coniunrfta
716 1988 781 2008 cum
791 1977 993 2014 conjunctione
1005 1976 1046 2011 Et,
1057 1975 1166 2012 semper
1175 1973 1305 2004 affirmat.

187 2020 316 2058 Compar.
341 2020 446 2049 Certius
456 2019 598 2055 explorata
607 2018 716 2047 referre.
737 2017 793 2045 Liv.
809 2026 833 2053 3.
845 2026 889 2051 40.

184 2058 292 2096 Superl.
311 2058 428 2088 Tertull.
439 2058 474 2087 de
482 2056 568 2086 Pallio
579 2079 587 2092 ,
603 2066 664 2094 cap.
678 2067 704 2089 4·
726 2055 810 2085 Tunc
820 2053 968 2084 certissime
979 2051 1108 2090 pallium,
1117 2049 1199 2088 super
1210 2057 1309 2079 omnes

211 2097 324 2126 exuvias
336 2098 361 2126 ἃ
373 2096 471 2134 peplos
485 2118 492 2131 ‚
514 2096 626 2132 augusta
639 2094 727 2123 vestis.

147 2134 171 2166 C
180 2145 195 2165 Ε
203 2144 218 2163 R
229 2144 248 2163 T
256 2144 273 2163 o
285 2156 293 2170 ,
316 2133 533 2170 [ἀναμφιλόγως]
555 2132 725 2162 Adverbium
739 2130 863 2160 similiter
876 2128 1030 2159 affirmandi
1040 2150 1049 2163 ,
1071 2126 1147 2164 quod
1157 2126 1241 2155 etiam
1258 2124 1308 2167 Pro

201 2178 279 2202 certo
297 2172 424 2201 dicimus.
465 2171 551 2201 Plaut.
564 2171 662 2208 Amph.
678 2181 701 2199 i.
713 2179 736 2198 1.
747 2176 812 2206 213.
835 2170 869 2198 At
877 2166 1003 2197 mentiris
1016 2167 1101 2196 etiam
1110 2186 1119 2200 ‚
1142 2170 1218 2193 certo
1229 2163 1309 2200 pedi.

205 2211 256 2239 bus
266 2220 323 2239 non
332 2210 434 2239 tunicis
444 2210 531 2238 venis.

184 2249 268 2279 Certo
280 2248 340 2277 haec
355 2257 417 2276 mea
432 2247 478 2276 est.
519 2245 606 2276 Plaut.
618 2244 695 2274 Poen.
710 2255 733 2280 5.
750 2254 778 2280 4.
790 2253 833 2280 52-
861 2243 898 2272 Ut
920 2242 1046 2272 modeste
1062 2241 1222 2270 orationem
1240 2248 1308 2277 prae‹=

203 2286 286 2316 buit?
308 2291 383 2315 certo
399 2285 458 2315 haec
468 2294 530 2314 mea
540 2284 586 2313 est.

183 2325 266 2354 Certo
277 2324 354 2352 enim
366 2332 417 2360 ego
426 2332 525 2353 vocem
536 2322 581 2351 liic
595 2320 735 2358 loquentis
751 2319 837 2349 modo
858 2328 905 2348 me
923 2318 1019 2348 audire
1037 2316 1109 2347 visus
1126 2315 1194 2345 sum.
1218 2315 1306 2345 Plaut.

183 2361 308 2444 (ἑὲ-[111010
319 2370 408 2429 best—o.
447 2396 626 2435 Plaut.Epid.
646 2405 671 2432 3.
684 2405 710 2425 2.
724 2404 770 2431 42.
792 2394 842 2424 Me
857 2394 972 2432 quidem
987 2398 1064 2423 certo
1083 2392 1202 2422 servavit
1221 2391 1309 2421 consi<-

182 2437 410 2513 oigisdgigfhercle
421 2479 507 2503 certo.
537 2472 604 2503 Ter.
613 2471 721 2501 Phorm.
736 2480 761 2501 1.
773 2479 798 2507 3.
817 2479 860 2500 12.
881 2469 954 2499 Nam
964 2474 1011 2499 tua
1023 2469 1137 2506 quidem
1146 2466 1240 2497 hercle
1251 2477 1309 2497 cer-

199 2521 230 2543 to
239 2514 296 2543 vita
304 2512 364 2542 haec
374 2511 532 2549 expetenda
542 2532 549 2544 ,
572 2510 750 2548 optandaque
760 2509 807 2538 est.

182 2552 267 2581 Certo
278 2551 355 2580 scire.
393 2552 450 2579 Cic.
463 2559 513 2587 pro
523 2549 626 2579 Caecin.
648 2548 770 2578 Veniunt
779 2547 809 2576 in
825 2552 950 2576 mentem
965 2545 1035 2574 mihi
1048 2543 1187 2582 permulta
1196 2566 1205 2580 ,
1226 2543 1308 2573 vobis

199 2589 290 2628 plura,
309 2594 384 2617 certo
396 2587 460 2617 scio.

181 2628 216 2658 Et
224 2637 256 2656 ea
268 2627 306 2656 est
320 2634 405 2655 certo.
446 2623 621 2654 Plaut.Poen.
634 2633 657 2657 ς.
671 2632 753 2657 ς.2ο.
775 2621 859 2652 Satin'
873 2631 925 2659 ego
941 2620 1030 2651 oculis
1050 2620 1160 2650 cerno?
1180 2619 1256 2649 estne
1275 2616 1308 2649 il-

201 2665 252 2695 laec
263 2674 326 2694 mea
339 2664 430 2693 amica
440 2661 645 2692 Aiitherastilis‘?
668 2662 694 2690 δι
706 2670 738 2690 ea
746 2666 822 2689 certo
833 2659 878 2688 est.

182 2703 266 2733 Certo
279 2700 357 2741 perii.
398 2700 486 2731 Plaut.
499 2700 575 2729 Poen.
591 2708 615 2735 3.
632 2709 656 2734 ς.
668 2707 713 2734 42.
735 2698 819 2729 Nunc
828 2697 936 2735 polego
946 2696 1016 2734 perii
1030 2701 1106 2726 certo
1120 2717 1128 2731 ,
1149 2694 1228 2725 haud
1238 2695 1308 2724 arbi-

181 2747 418 2822 Ctdstrdocomperi.
456 2775 522 2806 Ter.
540 2775 611 2806 Eun.
629 2785 654 2811 5.
670 2783 693 2804 1.
705 2779 731 2808 8.
764 2773 844 2810 Quid
861 2772 900 2802 ais
917 2771 1061 2802 venefica?
1092 2781 1116 2801 1².
1137 2771 1213 2808 atqui
1229 2778 1307 2801 certo

180 2827 446 2886 Sgsiiiuhedtlfcerto‘?
466 2862 494 2882 c.
518 2857 593 2881 certe
605 2849 679 2879 hisce
690 2848 780 2878 oculis
791 2854 901 2886 egomet
918 2847 986 2877 vidi.
1008 2847 1072 2877 Ter.
1089 2845 1166 2876 Adel.
1179 2856 1202 2880 ε.
1219 2857 1244 2877 2.
1260 2856 1304 2883 31.

180 2893 316 2923 Futurum
327 2898 414 2921 certo.
429 2891 488 2920 Cic.
503 2900 528 2923 ς.
539 2888 623 2918 Tusc.
634 2894 679 2921 81.
696 2887 773 2916 Nihil
787 2887 823 2915 ita
833 2888 988 2924 expectare,
999 2886 1071 2921 quasi
1082 2892 1158 2914 certo
1168 2885 1303 2914 futurum.

180 2931 257 2960 Scire
269 2936 354 2960 certo.
392 2929 452 2959 Cic.
463 2932 489 2957 6.
503 2927 576 2957 Fam.
589 2937 617 2961 4.
639 2924 775 2962 Equidem
785 2934 872 2961 quum
884 2924 942 2953 haee
953 2923 1115 2958 scribebam,
1130 2923 1234 2960 aliquid
1248 2924 1303 2957 iam

199 2971 291 2998 aetum
302 2967 453 3011 putabam,
475 2975 534 2995 non
549 2964 625 3002 quod
642 2973 694 3001 ego
705 2970 783 2992 certo
795 2962 896 2998 sciam,
918 2962 963 2991 sed
985 2962 1063 2999 quod
1084 2961 1161 2991 haud
1182 2960 1305 2990 difficilis

200 3014 259 3037 erat
267 3007 437 3041 coniectura.

180 3044 316 3074 Videntur
324 3049 399 3073 certo
414 3043 474 3072 haec
483 3048 630 3078 erumpere
638 3038 740 3075 aliquo.
764 3037 824 3067 Cic.
836 3046 862 3067 2.
876 3039 929 3066 Att.
942 3046 987 3066 22.

180 3082 262 3112 Certo
275 3105 283 3118 ‚
306 3082 372 3111 Sine
386 3080 482 3110 dubio.
519 3078 608 3109 Plaut.
624 3077 701 3107 Men.
718 3087 742 3112 5.
756 3081 782 3110 8.
795 3086 821 3112 9.
851 3074 985 3105 Liberum
1005 3084 1057 3113 ego
1073 3080 1101 3105 te
1116 3074 1179 3111 iuffi
1195 3074 1272 3104 abire
1287 3072 1302 3104 ἵ)

199 3131 220 3149 M
231 3130 254 3149 r.
276 3125 363 3149 certo.

141 3158 283 3193 Caiivri,
305 3157 542 3187 Cannarum.
580 3154 613 3184 In
634 3161 785 3183 cauves.

140 3196 164 3225 C
174 3206 187 3225 F.
199 3205 238 3224 izv
250 3206 269 3224 A
280 3206 295 3224 R
306 3206 314 3223 1
325 3205 344 3223 A
355 3217 363 3230 ,
384 3194 474 3224 Locus
485 3194 519 3223 ad
531 3198 644 3231 portum
656 3191 769 3220 Veneris
780 3211 788 3225 ,
812 3188 907 3219 Gallia:
922 3188 1089 3225 Aquitanicae
1106 3187 1175 3217 finis.
1198 3188 1301 3218 Austor

178 3234 274 3299 Pofflpi
287 3233 334 3261 lib.
348 3242 373 3262 2.
384 3242 445 3270 cap.
461 3243 484 3268 5.
498 3232 560 3262 &6.
583 3230 668 3260 Nunc
687 3228 772 3266 vulgo
792 3228 895 3257 dicitur
905 3228 1033 3262 Collcvre,
1054 3234 1085 3255 ut
1104 3227 1141 3255 ait
1159 3224 1301 3256 Olivarius

178 3281 207 3300 in
250 3280 264 3299 e
278 3280 330 3299 am.

140 3308 162 3338 C
172 3310 187 3338 ἑ
198 3311 237 3337 εὖ
247 3318 264 3337 c
274 3318 294 3336 H
305 3318 321 3337 υ
330 3317 342 3337 s
355 3330 362 3343 ,
384 3308 402 3338 i.
417 3317 454 3336 m.
476 3306 646 3343 [aegino]
668 3305 765 3334 Latine
774 3304 876 3334 dicitur
886 3303 1026 3332 Cornutus
1039 3312 1045 3331 z
1069 3301 1238 3338 poniturque
1248 3310 1298 3338 pro

178 3345 315 3375 Cornibus
325 3345 467 3374 navalibus
481 3366 489 3379 ,
510 3345 539 3373 id
548 3345 586 3373 est
595 3343 725 3373 extremis
735 3343 864 3372 antennis
875 3363 883 3376 ‚
905 3350 965 3378 quae
975 3341 1003 3369 in
1022 3347 1172 3376 utrumque
1192 3339 1245 3368 veli
1261 3340 1299 3368 la-

176 3389 221 3414 tiis
232 3383 440 3412 diffunduntur:
465 3383 500 3411 de
514 3382 616 3419 quibus
629 3381 702 3419 Virg.
717 3390 741 3417 3.
758 3381 819 3410 [En.
836 3389 898 3414 549·

269 3421 379 3450 Cornua
386 3421 538 3450 velatarum
549 3420 718 3449 obvertimus
729 3425 923 3448 antennarum.
1017 3414 1139 3452 Quidam
1152 3413 1295 3443 Ceruchos

176 3458 321 3496 accipiunt
355 3469 384 3487 ro
396 3459 485 3487 Cavea
495 3457 542 3487 illa
553 3480 562 3493 ,
583 3467 643 3495 quae
655 3458 684 3486 in
694 3457 800 3494 fastigio
814 3455 918 3492 navigii
936 3452 1103 3487 sustollitur,
1126 3451 1216 3489 effigie
1236 3462 1295 3481 cor-

175 3496 308 3525 niculata.
357 3495 420 3525 aler.
434 3506 455 3524 1.
470 3497 569 3532 Argon.
582 3499 646 3530 469.

217 3533 370 3570 Temperet
380 3540 409 3562 ut
419 3533 551 3562 tremulos
561 3531 654 3567 Zetes,
662 3533 799 3569 fraterque
809 3530 954 3560 ceruchos.

266 3571 363 3608 Surget
377 3593 384 3605 ,
405 3570 548 3601 &instabit
557 3570 668 3599 summis
678 3571 770 3600 minor
777 3569 843 3598 Ursa
854 3568 990 3598 ceruchis.

174 3617 209 3638 00
222 3607 360 3644 loquitur,
382 3613 435 3645 'quo
444 3616 576 3645 reguntur
590 3617 681 3638 naves.

136 3645 353 3680 CERviCAL,
376 3645 405 3674 lii
426 3655 573 3675 caavrx.

135 3683 345 3718 enavimus,
367 3682 397 3712 10
420 3692 563 3713 caavus.

135 3720 338 3753 CrzavrsiA,
359 3730 389 3749 ξε.
411 3720 430 3749 f.
457 3720 551 3749 Genus
562 3726 645 3758 potus
661 3730 696 3750 ex
713 3719 831 3749 hordeo.
870 3718 941 3748 Plin.
958 3718 1060 3747 lib.22.
1075 3727 1137 3754 cap.
1151 3725 1197 3750 2ς.
1219 3720 1289 3745 extr.

172 3757 212 3788 Ex
224 3757 320 3801 iisdem
330 3757 399 3786 fiunt
410 3759 435 3787 Sc
445 3764 528 3795 potus
538 3780 545 3793 ,
567 3767 582 3786 z
603 3759 681 3786 thum
697 3758 725 3786 in
738 3758 856 3795 lEgypto
866 3779 874 3791 ,
896 3757 967 3786 celia
982 3759 1008 3785 ἃ
1019 3756 1091 3784 ceria
1102 3756 1129 3784 in
1138 3753 1270 3791 Hispania
1281 3773 1289 3789 ,

170 3795 282 3825 cervisia
292 3798 316 3824 ὅ(
340 3795 406 3824 >lura
418 3804 517 3831 genera
530 3795 558 3823 in
597 3795 669 3824 allia.
712 3796 777 3831 Quo
797 3795 860 3824 loco
875 3794 989 3831 quidam
1003 3793 1166 3822 Cerevisiam
1181 3792 1287 3829 legunt.

170 3833 282 3870 Ulpian.
296 3805 350 3861 ini.
373 3832 472 3868 Siquis.
495 3832 517 3868 ᾖ.
535 3842 556 3860 1.
571 3832 602 3860 D.
615 3833 650 3860 de
660 3833 751 3861 tritico
762 3854 769 3866 ,
790 3833 857 3861 vino
872 3853 880 3865 ,
896 3834 948 3861 Sic.
972 3833 1053 3860 Certe
1065 3831 1181 3869 zythum
1192 3851 1200 3863 ,
1214 3829 1290 3866 quod

169 3871 200 3901 in
209 3870 372 3907 quibusdam
382 3869 532 3907 provinciis
540 3878 574 3898 ex
584 3870 676 3898 tritico
689 3891 697 3904 ,
717 3866 760 3898 vei
780 3879 814 3898 cx
826 3867 948 3904 hordeo,
970 3869 1014 3899 vel
1032 3879 1066 3898 ex
1088 3878 1159 3906 pane
1176 3867 1291 3897 confici-

169 3913 232 3943 tur,
254 3918 311 3937 non
322 3907 518 3937 continebitur.
558 3907 645 3935 Simili
657 3907 742 3935 modo
755 3917 805 3935 nec
815 3908 903 3936 cui-mi
913 3928 921 3941 ,
943 3916 995 3936 nec
1005 3907 1116 3935 cervisia
1131 3905 1291 3935 continebi-

171 3953 223 3975 tur.
258 3946 362 3982 [Forte
370 3945 444 3983 apud
458 3943 524 3973 Plin.
538 3943 688 3981 legendum
708 3944 741 3972 Et
753 3944 870 3974 cervisiae
883 3944 960 3981 plura
970 3952 1078 3981 genera.

133 3983 180 4013 Cii
189 3993 230 4013 izv
240 3994 250 4012 i
259 3992 277 4012 x
289 4005 298 4019 ,
313 3984 374 4012 icis.
394 3983 414 4011 f.
434 3977 557 4018 [αὐχὲν]
577 3981 614 4010 est
621 3981 752 4011 Posterior
764 3981 828 4010 colli
839 3991 910 4018 pars,
931 3983 1007 4011 unde
1018 3982 1095 4018 origo
1108 3981 1145 4011 est
1156 3979 1288 4010 omnibus

1037 3527 1223 3560 Lucan.lib.8.
1232 3537 1293 3564 ¹77·

1077 3566 1121 3597 De
1129 3564 1195 3595 Polo
1208 3567 1293 3596 Arcti-

1840 142 1869 177 C
1965 142 1994 176 E
2091 143 2123 179 R

1416 225 1509 253 nervis
1517 246 1524 258 ,
1562 223 1679 260 Jugiilus
1690 223 1812 252 anterior
1822 245 1830 257 ,
1852 223 1928 253 unde
1938 234 1993 253 vox
2001 222 2155 260 halitusque
2165 224 2304 262 procedit,
2326 223 2434 255 Collum
2444 236 2538 261 omnes

1417 262 1545 299 partesin
1556 262 1673 290 solidum
1685 261 1890 298 complestitur.
1932 262 1999 291 Haec
2016 262 2088 291 Valla
2104 262 2150 291 lib.
2164 273 2190 297 4.
2206 263 2273 291 Plin.
2297 262 2345 291 lib.
2362 273 2402 292 11.
2420 275 2478 303 cap.
2493 276 2536 304 37,
2582 279 2585 288 ι
2602 259 2604 263 ’

1418 300 1516 329 Cervix
1528 296 1618 343 nulli,
1643 300 1691 327 nisi
1704 300 1803 342 quibus
1817 307 1931 335 utraque
1942 300 2014 328 haec:
2043 301 2140 329 ceteris
2150 300 2255 329 collum
2269 300 2369 337 quibus
2378 308 2484 332 tanturn
2493 315 2542 339 gu*-
2582 311 2587 335 i

1417 337 1451 366 la.
1492 337 1546 366 Sed
1562 338 1659 374 quibus
1671 347 1767 366 cervix
1779 359 1786 370 ,
1809 347 1824 366 e
1838 338 1933 366 multis
1945 337 2159 374 vertebratisque
2169 338 2345 367 orbiculatim
2353 338 2453 370 ollibus
2463 342 2538 371 flexi·
2582 335 2586 370 ¹]

1417 376 1452 404 lis
1462 377 1495 404 ad
1511 374 1741 411 circumspectum
1751 396 1759 408 ,
1781 375 1961 403 articulorum
1972 375 2054 404 nodis
2064 376 2195 413 jungitur.
2393 392 2397 393 ν
2581 371 2585 387 '¹

1419 413 1453 443 Et
1466 414 1598 449 quoniam
1610 412 1687 441 nervi
1699 413 1745 449 qui
1757 422 1857 450 corpus
1865 414 1987 441 eredum
1997 413 2175 450 rigidumque
2184 414 2291 443 faciunt
2299 436 2307 448 ,
2324 414 2352 442 in
2363 415 2469 444 cervice
2478 410 2539 448 sunt
2581 410 2585 439 «j

1436 451 1586 480 collocati:
1609 451 1716 479 idcirco
1730 451 1850 479 dicimus
1867 450 2020 479 Hominem
2041 451 2116 479 durae
2134 452 2250 480 cervicis
2263 473 2270 486 ,
2292 452 2364 488 quasi
2381 452 2539 485 Indomabia

1438 487 1512 523 lem,
1534 497 1610 517 more
1622 488 1758 516 ferocium
1771 488 1874 517 boum:
1897 488 1941 517 vel
1965 488 2023 525 Qui
2039 490 2148 518 cervice
2172 490 2261 519 eredm
2275 490 2301 519 Sc
2315 490 2403 526 rigida
2414 511 2422 524 ,
2443 498 2539 521 contu».
2580 498 2585 511 ‘1

1437 527 1708 569 maciamrquandam
1722 527 1746 555 ἃ
1761 526 1878 562 rigorem
1890 527 1992 560 mentis
2007 536 2063 564 pize
2078 526 2104 555 se
2126 527 2178 556 fert
2192 549 2200 563 ‚
2221 533 2353 565 tanquam
2372 528 2479 557 nemini
2495 539 2537 560 ca.
2580 535 2582 540 ·

1437 571 1489 601 put
1499 563 1747 593 iiiclinaievolens.
1770 564 1837 592 Haec
1850 563 1925 592 Valla
1937 564 1983 592 lib.
1994 576 2019 599 4.
2037 567 2080 600 36.

1417 601 1546 631 Cervices
1557 602 1639 630 etiam
1650 601 1768 630 dicimus
1782 611 1832 638 pro
1850 601 1983 630 Cervice:
2006 603 2093 630 immo
2113 600 2240 639 singulari
2259 611 2376 631 numero
2395 604 2538 636 nemineni
2581 626 2592 635 ..

1436 647 1500 669 ante
1521 639 1699 669 Hortensium
1722 639 1820 668 dixiffe
1839 639 2034 675 Quintilianus
2053 640 2091 669 est
2113 642 2228 675 auctor,
2254 639 2302 668 lib.
2315 645 2340 674 8.
2355 650 2415 678 cap.
2429 649 2452 676 3.
2474 642 2538 672 l-laee
2578 635 2591 685 ζ.

1434 676 1512 706 Valla
1525 677 1682 715 praescripto
1695 676 1768 706 loco.
1809 677 1868 705 Cic.
1881 687 1906 706 2.
1921 677 2042 714 Philipp.
2056 687 2100 713 51.
2123 677 2304 714 Cervicesque
2323 677 2383 707 suas
2399 679 2423 707 ei
2437 678 2538 715 obJecit
2578 688 2584 704 ‘0

1435 714 1538 750 securi,
1562 724 1614 751 qua
1626 714 1707 743 multi
1718 715 1747 743 iri
1757 714 1913 744 minoribus
1922 716 2044 753 peccatis
2055 715 2230 745 occiderunt.
2261 715 2302 745 Al.
2323 716 2455 750 Subiecit.

1417 752 1546 782 Cervices
1561 775 1567 784 .
1590 763 1640 789 pro
1652 752 1805 782 Cervicem.
2594 775 2596 780 ν

1436 792 1523 825 niret.
1545 790 1692 820 Philocrati
1707 790 1785 819 servo
1805 790 1853 819 suo
1872 792 1994 819 cervices
2015 792 2183 821 incidendas
2201 791 2329 829 praebuit.
2351 791 2440 821 valer.
2458 791 2534 825 Max.

1434 828 1496 857 libri
1509 829 1577 857 sexti
1594 838 1654 865 cap.
1673 834 1698 862 8.
1715 836 1849 857 tmeniate
1862 838 1886 863 ³·
1906 828 1941 858 H.
1959 829 1998 858 St.
2578 834 2597 849 “’

1415 866 1516 895 Cervix
1529 868 1540 902 (
1553 867 1642 909 inquit
1652 866 1727 896 Serv.
1744 868 1773 895 in
1791 867 1863 903 Virg.
1875 875 1900 895 2.
1912 867 1973 896 AEn.
1983 867 2063 904 707.)
2078 877 2143 896 cum
2157 876 2275 896 numero
2286 866 2412 904 singulari
2425 867 2536 905 dicitur5
2584 893 2587 898 .

1434 905 1547 934 Collum
1560 903 1691 941 significat
1703 915 1711 939 ς
1734 904 1751 933 si
1763 903 1863 942 plurali
1875 905 1988 939 utimur,
2000 905 2164 943 Superbiam
2173 906 2354 941 ostendimus,
2363 912 2393 934 ut
2403 905 2549 948 Frangere³
2577 900 2579 930 ἶ

1434 942 1984 979 cervices.Cic.7.Verr.147.V.Fra1igere
1996 943 2113 980 p.p.Sed
2123 944 2179 972 hoc
2190 943 2339 972 discrimen
2347 943 2451 972 nullius
2460 945 2536 981 penit·
2584 966 2588 974 .

1435 987 1479 1010 tus
1489 980 1661 1009 austoritatis
1669 980 1797 1015 videtur3
1820 980 1836 1009 si
1849 1003 1857 1015 ,
1878 981 1999 1018 utsupra
2008 981 2116 1010 dietum
2129 978 2183 1017 est,
2205 981 2316 1011 Veteres
2331 981 2360 1009 in
2370 980 2469 1018 plurali
2479 989 2537 1012 tan-
2577 998 2579 1011 ⁴,

1432 1026 1493 1048 tum
1502 1018 1683 1056 usurparunt,
1706 1026 1736 1047 ut
1752 1019 1851 1047 diserte
1863 1018 1946 1047 Varro
1956 1019 2082 1056 prodidit
2102 1019 2137 1048 de
2150 1019 2179 1049 L.
2193 1019 2223 1049 L.
2237 1029 2263 1056 7.
2276 1030 2300 1054 ς.
2315 1020 2341 1048 &
2357 1029 2382 1055 9.
2396 1030 2423 1053 4.
2444 1019 2537 1049 Enim

1432 1066 1501 1086 vero
1515 1057 1562 1085 diu
1574 1063 1639 1086 ante
1652 1056 1829 1086 Hortensium
1843 1056 1969 1093 singulari
1978 1056 2040 1087 usus
2051 1057 2090 1087 est
2103 1057 2252 1093 Pacuvius,
2274 1066 2309 1087 ex
2322 1067 2377 1094 quo
2388 1056 2448 1087 Cic.
2460 1067 2486 1087 2.
2499 1058 2535 1088 de

1430 1093 1526 1124 Divin.
1548 1104 1607 1129 133›
1628 1093 1663 1123 de
1679 1094 1848 1124 Testudine:

1493 1132 1662 1175 Quadrupes
1672 1154 1680 1166 ,
1702 1133 1858 1169 tardigrada
1867 1153 1876 1168 ‚
1905 1133 2016 1170 agrestis
2027 1155 2035 1168 ,
2056 1132 2172 1163 humilis
2181 1155 2189 1168 ‚
2211 1133 2306 1172 aspera
2316 1154 2325 1169 ,

1491 1170 1592 1237 Clakpite
1602 1169 1695 1206 brevi,
1717 1172 1827 1201 cervice
1844 1172 1966 1208 anguina
1979 1193 1987 1208 ,
2006 1170 2121 1210 aspectu
2139 1171 2220 1201 truci.

1430 1214 1495 1239 eret.
1520 1219 1526 1237 i
1551 1232 1555 1237 .
1576 1212 1599 1237 6.
1613 1217 1677 1245 741.

1489 1246 1700 1290 Praecipitesque
1710 1246 1815 1276 cadunt
1823 1246 1904 1275 molli
1916 1247 2026 1276 cervice
2041 1247 2169 1286 profusae.
2251 1246 2288 1276 Et
2301 1247 2470 1277 recentiores
2484 1239 2535 1277 dis-

1427 1283 1577 1314 serentiam
1589 1291 1714 1316 notatam
1726 1285 1843 1314 omnino
1855 1284 2041 1323 neglexerunt
2053 1308 2061 1322 ,
2081 1292 2114 1315 ut
2125 1290 2203 1324 patet
2216 1284 2250 1315 ab
2264 1284 2401 1323 exemplis
2421 1295 2481 1322 quae
2496 1284 2543 1321 seak

1427 1331 1560 1359 quuntur.

1408 1358 1558 1391 Cervicuin
1571 1359 1699 1389 mollitia.
1740 1360 1799 1390 Cic.
1816 1361 1846 1391 in
1858 1360 1935 1391 Orat.
1950 1371 1993 1398 59.
2027 1360 2113 1391 Nulla
2131 1361 2251 1392 mollitia
2272 1361 2431 1397 cervicum,
2451 1359 2535 1393 nulle
2574 1391 2575 1394 ,
2591 1379 2596 1399 ¹.

1428 1400 1541 1436 argutiae
1553 1399 1720 1435 digitorum.

1408 1436 1579 1468 Redundare
1593 1436 1758 1466 cervicibus.
1797 1436 1854 1466 Cic.
1868 1447 1891 1466 1.
1907 1437 1943 1466 de
1951 1437 2015 1466 Nat.
2028 1437 2114 1467 Deor.
2128 1448 2172 1473 54.
2203 1436 2283 1467 Tuus
2297 1442 2390 1467 autem
2400 1437 2468 1467 deus
2478 1439 2533 1468 non
2549 1447 2552 1450 ⁴
2574 1456 2575 1463 .

1426 1476 1516 1543 {ieigigo
1528 1485 1585 1542 ung
1602 1469 1757 1542 iiqtdgiggiat,
1777 1474 1825 1505 sed
1839 1473 1949 1514 capite,
1973 1475 2048 1505 collo
2064 1497 2072 1511 ,
2094 1474 2266 1512 cervicibus,
2287 1474 2436 1511 lateribus,
2462 1472 2532 1512 alvo,

1406 1523 1684 1582 Taniis’ci'rviicibus
1700 1550 1803 1587 homo,
1825 1551 1882 1588 qui.
1922 1550 1981 1580 Cie.
1997 1561 2020 1587 ς.
2045 1550 2120 1581 Verr.
2136 1560 2198 1589 1³5·
2228 1551 2448 1590 Recuperatores
2463 1550 2532 1583 dicis'
2572 1553 2575 1565 '¹

1426 1596 1455 1620 te
1465 1591 1603 1619 daturum.
1626 1589 1699 1618 bene
1713 1589 1778 1625 agis.
1800 1595 1896 1618 tamen
1907 1589 1976 1626 siqui
1989 1596 2071 1618 erunt
2082 1590 2166 1619 tantis
2183 1590 2337 1620 cervicibus
2347 1587 2533 1626 Recuperatm

1426 1638 1470 1658 res
1482 1650 1491 1663 ,
1511 1628 1558 1665 qui
1570 1627 1729 1657 audeantin
1739 1628 1901 1665 provincia,
1923 1637 2009 1665 quum
2027 1627 2127 1657 Praetor
2141 1628 2227 1664 adsit,
2249 1638 2308 1657 non
2327 1627 2416 1656 solum
2437 1630 2532 1657 contra
2570 1646 2571 1652 .
2590 1618 2594 1622 .

1425 1666 1602 1696 'voluntatem
1612 1666 1683 1701 ejus,
1693 1664 1831 1694 sedetiam
1843 1672 1940 1695 contra
1949 1665 2075 1695 fortunas
2081 1665 2214 1702 judicare.
2236 1666 2253 1696 i.
2267 1676 2291 1696 e.
2313 1665 2385 1696 Tam
2394 1664 2529 1695 obstinati·
2591 1667 2593 1673 ’

1409 1704 1478 1734 Altae
1487 1705 1617 1734 cervices.
1639 1703 1712 1740 Virg.
1724 1712 1750 1733 2.
1764 1703 1825 1733 ffin.
1837 1713 1902 1740 219.

1406 1744 1541 1781 Anguina.
1564 1741 1696 1771 Pacuvius
1707 1741 1783 1779 apud
1796 1741 1854 1772 Cic.
1867 1751 1892 1772 2.
1907 1742 1942 1771 de
1954 1741 2048 1772 Divin.
2070 1750 2132 1779 1‘33.
2166 1741 2199 1772 V.
2217 1741 2301 1780 paulo
2318 1746 2392 1771 ante.

1408 1780 1544 1810 Candida.
1570 1780 1638 1809 Hor.
1649 1789 1674 1808 2.
1691 1778 1781 1809 Carm.
1791 1790 1817 1815 9.
1831 1789 1855 1815 3.

1406 1818 1525 1857 Captiva
1535 1841 1543 1854 ‚
1565 1818 1636 1854 Quae
1646 1816 1767 1847 vinculis
1778 1823 1931 1848 coercetur.
1952 1817 2036 1848 Ovid.
2050 1829 2077 1854 4.
2090 1817 2172 1848 Trist.
2184 1827 2212 1848 2.
2224 1827 2270 1848 21.

1490 1856 1645 1894 Vinclaque
1656 1857 1765 1893 captiva
1774 1865 1854 1893 reges
1865 1856 1974 1886 cervice
1984 1856 2114 1886 ferentes.
2568 1874 2570 1881 ·

1405 1894 1498 1925 Dubia
1509 1895 1617 1924 cervice
1628 1894 1721 1922 labare
1730 1915 1738 1929 ,
1757 1893 1904 1925 Vacillanti
1916 1904 2007 1932 neque
2022 1895 2114 1923 erecta
2124 1895 2233 1924 cervice
2243 1894 2307 1924 esse.
2328 1894 2393 1925 Sen.
2405 1894 2531 1933 Agant&
2577 1899 2582 1913 ⁴¹

1425 1933 1482 1963 Cur
1491 1933 1538 1962 ista
1548 1940 1622 1961 vates
1632 1941 1732 1969 corpus
1741 1931 1825 1961 effusa
1836 1941 1869 1962 ac
1883 1938 2007 1962 tremens
2018 1932 2104 1962 dubia
2114 1931 2190 1962 labat
2198 1934 2306 1963 cervice
2317 1933 2331 1963 ‘2

1405 1971 1541 2001 Eburnea.
1565 1971 1649 2000 Ovid.
1663 1980 1707 1999 20.
1723 1969 1804 2007 Epist.
1820 1979 1863 2007 57.

1405 2005 1567 2039 Fortiffima.
1592 2009 1608 2037 i.
1622 2018 1646 2037 e.
1669 2007 1771 2037 Cervix
1781 2009 1831 2038 viri
1845 2007 1993 2039 fortissimi.
2015 2007 2064 2039 Sil.
2076 2007 2125 2038 lib.
2141 2016 2184 2044 13.
2197 2017 2260 2045 373.

1406 2046 1527 2077 Horrida
1536 2047 1641 2077 cervix.
1659 2046 1742 2075 Ovid.
1756 2052 1781 2080 8.
1796 2046 1867 2076 Met.
1880 2052 1944 2081 284.

1404 2084 1512 2116 Intacia
1523 2108 1531 2120 ,
1555 2085 1625 2121 Quae
1636 2084 1765 2113 nondum
1775 2085 1872 2121 jugum
1881 2084 1956 2123 passa
1964 2084 2011 2114 est.
2028 2084 2138 2122 Virg.4.
2157 2084 2257 2122 Georg.
2273 2093 2337 2122 540,

1498 2123 1638 2160 Quattuor
1651 2122 1770 2152 eximios
1782 2123 1921 2159 praestanti
1934 2133 2052 2160 corpore
2063 2129 2158 2152 tauros

1405 2191 1408 2195 ,
1500 2161 1584 2191 Ducit
1593 2183 1601 2196 ,
1624 2161 1650 2190 &
1662 2161 1765 2190 intacta
1778 2161 1898 2191 totidem
1908 2161 2016 2191 cervice
2025 2161 2166 2197 juvencas.

1403 2197 1519 2235 Laetea,
1541 2199 1617 2228 Alba.
1641 2198 1714 2236 Virg.
1727 2207 1770 2228 10.
1786 2198 1849 2228 AEn.
1862 2208 1935 2238 137„

1402 2235 1498 2267 Laevis.
1517 2237 1640 2275 Propert.
1655 2236 1703 2266 lib.
1721 2245 1745 2270 3.
1764 2245 1806 2273 17.
1819 2245 1863 2273 31.

1402 2275 1458 2304 Lan
1481 2276 1552 2304 uida.
1577 2275 1643 2304 Stat.
1657 2284 1701 2303 ιο.
1723 2274 1815 2304 Theb.
1831 2284 1893 2312 300.

1402 2313 1463 2343 Mol
1478 2315 1517 2349 is,
1538 2323 1588 2351 pro
1600 2312 1744 2342 Defessa&
1754 2312 1827 2342 lassa.
1851 2312 1961 2345 Lucret.
1972 2311 2019 2341 lib.
2034 2314 2061 2342 6.
2073 2318 2139 2349 744.

1402 2350 1569 2381 Marmorea.
1592 2351 1608 2379 i.
1620 2361 1645 2379 e.
1669 2351 1792 2380 Pulchra.
1816 2351 1886 2389 Virg.
1898 2362 1925 2388 4.
1942 2351 2043 2388 Georg.
2056 2360 2120 2387 523.

1402 2386 1507 2419 Niveae.
1531 2389 1629 2418 Claud.
1641 2388 1726 2418 Laud.
1741 2389 1834 2418 Seren.
1848 2399 1909 2419 120.

1401 2427 1508 2465 Opima
1519 2428 1623 2457 cervix.
1644 2427 1662 2456 i.
1679 2436 1703 2455 e.
1728 2427 1847 2464 Pinguis.
1869 2428 1933 2457 Seii.
1946 2425 2061 2464 Hippol.
2078 2435 2121 2455 xe.

1400 2460 1531 2495 Plurima.
1554 2465 1627 2503 Virg.
1642 2474 1665 2500 ³·
1683 2464 1782 2502 Georg.
1798 2474 1840 2500 ς2.
1957 2465 2109 2501 —0ptima
2124 2469 2210 2493 torvae

1494 2504 1593 2533 Forma
1603 2504 1681 2532 bovis
1691 2523 1699 2538 ,
1721 2504 1766 2532 cui
1778 2509 1859 2542 turpe
1869 2508 1954 2542 caput
1965 2524 1973 2539 ,
1993 2503 2040 2532 cui
2050 2502 2172 2540 plurima
2182 2501 2286 2531 cervix.

1401 2540 1497 2572 Prona.
1521 2542 1584 2571 Seri.
1600 2541 1681 2570 Herc.
1692 2541 1744 2570 fur.
1763 2551 1804 2570 11.

1405 2579 1535 2609 Rebellis.
1559 2578 1657 2609 Claud.
1669 2579 1704 2608 de
1712 2578 1793 2616 Rapt.
1806 2578 1928 2616 Proserp.
1939 2578 1987 2607 lib.
2004 2588 2027 2607 1.
2043 2583 2107 2613 ιῐςς.
2409 2608 2411 2610 ,
2568 2599 2570 2606 ,

1401 2617 1489 2648 Rosea
1499 2618 1602 2647 cervix.
1625 2617 1691 2647 Hor.
1703 2626 1725 2646 1.
1739 2617 1829 2647 Carni.
1844 2625 1887 2655 13.
1898 2626 1925 2647 2.
1942 2617 1970 2646 h.
1983 2626 2007 2646 e.
2024 2615 2151 2646 Pulchra.
2166 2615 2265 2645 Acron.
2277 2611 2520 2652 Vi'i‘g'.1.AEn.405⁴
2562 2609 2571 2618 ’

1401 2656 1497 2685 Teres.
1522 2655 1630 2685 Lucret.
1646 2654 1694 2684 lib.
1709 2664 1732 2684 1.
1745 2659 1789 2691 3⁶-
2560 2654 2563 2662 '

1399 2692 1513 2724 Torosa.
1537 2694 1627 2723 Catul.
1641 2697 1685 2723 61.
1700 2698 1744 2728 83.
1841 2724 1843 2726 ,

1400 2732 1523 2770 Abrupta
1536 2741 1616 2761 cruor
1626 2737 1641 2760 e
1656 2732 1764 2761 cervice
1778 2730 1966 2768 profunditur.
1983 2729 2068 2759 Ovid.
2084 2735 2110 2764 8.
2128 2727 2197 2758 Met.
2211 2731 2276 2765 764.
2509 2744 2516 2757 η
2560 2750 2569 2762 „

1400 2769 1568 2800 Abscindere
1579 2769 1733 2799 cervicibus
1746 2774 1839 2805 caput.
1876 2769 1933 2798 Cic.
1952 2778 1994 2798 11.
2008 2767 2128 2805 Philipp.
2145 2776 2169 2802 5.
2194 2766 2253 2795 Post
2265 2770 2357 2795 autem
2369 2764 2520 2795 cervicibus
2558 2761 2571 2782 ³·

1420 2816 1504 2846 caput
1514 2807 1630 2837 abscidit
1641 2828 1648 2842 ,
1671 2807 1756 2844 idque
1771 2807 1857 2836 fixum
1869 2807 1963 2844 gestari
1973 2805 2050 2841 jussit
2062 2805 2092 2834 iri
2102 2804 2161 2843 pilo
2173 2826 2181 2840 ‚
2194 2806 2246 2834 &c-
2284 2803 2327 2833 De
2337 2802 2490 2833 Trebonio.
2558 2801 2559 2808 ¹

1399 2847 1517 2883 Adigere
1527 2847 1649 2875 cervices
1656 2845 1704 2874 sub
1713 2845 1786 2882 juga.
1809 2844 1909 2874 Claud.
1921 2844 2007 2874 Laud.
2016 2844 2112 2873 Seren.
2126 2852 2187 2872 120.

1397 2883 1541 2923 Applaiisae
1550 2884 1664 2913 cervicis
1675 2883 1797 2912 sonitum
1807 2892 1906 2912 amare.
1922 2883 2054 2925 Deequis
2062 2880 2175 2924 proprie
2185 2879 2294 2909 dicitur.
2304 2878 2468 2916 Sil.lib.16.3
2476 2879 2517 2916 ς”Ιι

1491 2921 1662 2959 Camphasus
1672 2920 1730 2959 ipse
1743 2920 1821 2958 asper
1832 2942 1841 2956 ,
1863 2930 1916 2950 nec
1924 2931 1971 2958 qui
1982 2929 2097 2949 cervicis
2107 2925 2213 2948 amaret

1494 2960 1634 2997 iippiausae
1645 2959 1762 2988 blandos
1773 2958 1889 2988 sonitus.

1398 2997 1526 3027 Astritsta:
1550 2997 1665 3027 subaudi
1683 2997 1723 3026 Ad
1735 3002 1863 3026 catenam
1876 3002 1923 3026 aut
1931 2995 2036 3025 funem.
2057 2993 2185 3030 Juvenal.
2201 3002 2242 3022 10.
2255 2993 2311 3023 Sat.
2325 2997 2371 3028 88.

1397 3036 1505 3065 Avulsa.
1528 3035 1629 3065 Lucan.
1650 3035 1698 3063 lib.
1713 3040 1739 3068 8.
1758 3044 1799 3063 12.

1397 3073 1470 3103 Caesa
1483 3074 1584 3102 cervix.
1606 3073 1732 3108 Juvenal.
1747 3082 1787 3101 10.
1800 3072 1854 3101 Sat.
1872 3080 1934 3101 120.
1957 3071 1999 3101 De
2016 3070 2153 3099 Cicerone
2165 3069 2306 3105 loquitur,
2327 3068 2373 3097 cui
2391 3067 2428 3097 ob
2441 3066 2516 3104 inge·
2561 3077 2563 3083 ⁴
2600 3064 2604 3075 ⁶

1415 3112 1494 3140 nium
1507 3122 1538 3140 ac
1548 3112 1683 3141 sumniam
1693 3108 2031 3148 eloquendamst’opsslius
2042 3108 2136 3137 Laenas
2148 3108 2297 3137 manum&
2312 3103 2418 3135 collum
2426 3113 2518 3143 ampu·
2556 3121 2557 3125 =
2574 3139 2577 3148 v
2599 3125 2604 3151 C-

1415 3150 1484 3178 tavit
1495 3149 1566 3185 jussu
1584 3149 1621 3179 M.
1637 3149 1758 3177 Antonii.

1396 3187 1537 3216 Contenta
1548 3188 1655 3216 cervice
1666 3186 1752 3215 boves
1763 3184 1882 3222 plaustra
1893 3183 2002 3214 trahere
2012 3183 2153 3212 dicuntur.
2175 3183 2193 3212 i.
2204 3191 2228 3211 e.
2251 3181 2395 3212 Constanti
2407 3183 2433 3212 δι
2441 3179 2515 3210 firm!
2536 3178 2541 3182 ”
2571 3184 2577 3214 »ᾖ
2599 3170 2602 3202 ,³

2564 3227 2582 3244 ,⁴
2601 3223 2604 3228 .

1414 3226 1532 3255 cervice.
1556 3226 1627 3263 Virg.
1643 3235 1666 3261 3.
1685 3225 1784 3260 Georg.
1801 3228 1862 3259 536.
2059 3237 2098 3241 —-
2107 3219 2270 3257 montesque
2278 3230 2328 3258 per
2341 3220 2413 3249 altos

1476 3264 1613 3292 Contenta
1630 3263 1740 3292 cervice
1750 3261 1863 3290 trahunt
1875 3258 2017 3289 stridentia
2025 3258 2152 3297 plaustra.

1394 3301 1537 3330 Coronant
1547 3302 1685 3330 cervicem
1703 3300 1815 3338 plumae.
1837 3299 1944 3327 Lucret.
1960 3296 2008 3326 lib.
2022 3308 2046 3325 2-
2058 3303 2122 3331 801.

1393 3339 1520 3368 Curvata.
1548 3339 1693 3367 Ciiiudiiin.
1704 3339 1740 3366 de
1755 3338 1840 3374 Nupt.
1852 3336 1958 3365 Honor.
1975 3336 2000 3364 ὁὶ
2012 3334 2082 3364 Mar.
2095 3340 2159 3370 '²9¹-

1392 3376 1464 3405 Dare
1480 3377 1591 3405 brachia
1605 3376 1715 3406 cervici.
1740 3375 1804 3404 Hor.
1820 3383 1843 3410 3.
1857 3374 1949 3402 Carni.
1959 3383 1986 3407 9.
1999 3381 2024 3409 3.

1392 3413 1463 3443 Dare
1474 3415 1596 3443 cervices
1606 3414 1699 3443 alicui.
1740 3412 1798 3442 Cic.
1811 3423 1834 3446 ς.
1850 3411 1971 3448 Philipp.
1983 3420 2028 3445 42.
2051 3409 2169 3440 Nullum
2187 3413 2244 3438 erat
2262 3407 2407 3438 confilium
2426 3401 2512 3445 publi·
2598 3437 2604 3455 Γ

1411 3462 1475 3481 cum
1489 3474 1496 3485 ,
1518 3452 1593 3481 nulla
1606 3452 1733 3481 libertas:
1756 3451 1855 3479 dandae
1862 3450 1985 3478 cervices
1995 3455 2072 3478 erant
2081 3445 2239 3477 crudelitati
2250 3447 2370 3477 nefariae.

1394 3521 1397 3523 ‚
1411 3488 1480 3518 Vide
1493 3490 1562 3518 infra
1573 3490 1695 3519 Pnebere
1706 3489 1829 3518 cervices
1850 3487 1883 3516 H.
1895 3487 1933 3516 St.

1390 3526 1546 3557 Demittere
1557 3539 1571 3557 a
1581 3527 1737 3557 cervicibus
1748 3535 1858 3563 corpus.
1881 3525 1958 3554 Aust.
1970 3523 2005 3552 ad
2023 3523 2124 3553 Heren.
2141 3522 2188 3552 lib.
2201 3531 2226 3558 3.
2239 3525 2286 3553 26.

1390 3564 1562 3601 Detorquere
1574 3567 1710 3594 cervicem
1722 3564 1757 3593 ad
1767 3562 1880 3600 aliquid.
1903 3562 1969 3590 Hor.
1983 3571 2009 3590 2.
2022 3560 2111 3591 Carm.
2132 3570 2172 3589 i2.
2184 3563 2228 3589 26.

1390 3602 1550 3632 Dent-crare
1562 3613 1632 3632 orius
1643 3601 1739 3632 rebelli
1756 3601 1874 3630 cervice.
1897 3599 1995 3628 Claud.
2012 3608 2033 3628 1.
2050 3600 2085 3627 de
2095 3598 2174 3635 Rapt.
2189 3596 2306 3634 Proserp.
2324 3605 2385 3632 155.

1390 3639 1463 3669 Fluit
1473 3642 1565 3670 cervix
1575 3663 1581 3674 ,
1600 3641 1627 3677 Q

1486 3680 1523 3707 Ad
1535 3686 1691 3714 terramque
1701 3678 1761 3707 fluit
1772 3676 1882 3706 devexo
1895 3675 2021 3712 pondere
2032 3675 2136 3703 cervix.

1390 3714 1525 3752 Frangere
1533 3717 1681 3745 cervicem.
1723 3714 1781 3744 Cic.
1795 3724 1821 3750 7.
1835 3714 1910 3742 Verr.
1924 3722 1984 3746 ¹09-
2006 3712 2152 3740 Praetorem
2162 3717 2192 3740 tu
2200 3709 2331 3739 accusas?
2350 3709 2443 3746 frange
2452 3714 2507 3736 cer-

1408 3754 1509 3782 vicem.
1520 3755 1580 3790 [ie.
1588 3753 1765 3782 Pei-tinaciam
1776 3749 2005 3781 translate.Aliter
2013 3748 2312 3778 IiiVatin.26.Fre0eris
2319 3756 2354 3776 ne
2365 3747 2393 3775 in
2403 3751 2506 3775 carcere

1409 3791 1532 3820 cervices
1546 3792 1592 3829 ipsi
1607 3791 1646 3820 illi
1657 3791 1757 3820 Vettio.
1773 3789 1880 3819 Prorsus
1889 3795 1985 3817 contra
1997 3787 2083 3816 Servii
2093 3772 2258 3824 argutiasvff
2269 3785 2347 3822 supra
2355 3785 2384 3813 in
2392 3783 2445 3812 hac
2452 3777 2504 3811 col.

1390 3827 1540 3865 Impendet
1555 3829 1710 3858 cervicibus
1730 3828 1846 3865 gladius.
1878 3826 1935 3855 Cic.
1949 3836 1972 3859 ς.
1986 3824 2068 3854 Tusc.
2080 3828 2124 3853 62.
2147 3824 2177 3854 In
2193 3823 2248 3852 hoc
2265 3822 2360 3852 medio
2377 3822 2505 3859 apparatu

1406 3866 1561 3902 fulgentem
1574 3867 1696 3903 gladium
1708 3876 1722 3894 e
1736 3865 1857 3895 lacunari
1871 3864 1925 3893 seta
1934 3863 2035 3899 equina
2045 3869 2142 3900 aptum
2152 3859 2352 3896 demittijussit‚
2363 3865 2393 3889 ut
2400 3859 2504 3900 impen-

1409 3904 1487 3932 deret
1500 3904 1573 3933 illius
1586 3905 1657 3933 beati
1672 3903 1835 3932 cervicibus.
1867 3902 1908 3930 De
1922 3900 2052 3936 Dionysio
2064 3907 2183 3937 tyranno
2195 3900 2222 3929 ὁὶ
2233 3897 2366 3929 Damocle
2376 3895 2503 3933 loquitur.

1386 3940 1525 3970 Inclinare
1535 3943 1674 3971 cervicem
1684 3942 1719 3970 ad
1730 3941 1860 3977 aliquem.
1882 3940 1950 3968 Stat.
1962 3942 1987 3967 6.
2000 3937 2092 3967 Theb.
2107 3943 2173 3972 85².
2449 3934 2460 3940 ”

1385 3978 1522 4010 inclinata
1533 3981 1636 4010 cervix.
1659 3978 1780 4016 Quintil.
1796 3978 1843 4007 lib.
1857 3987 1880 4007 1.
1892 3985 1952 4014 cap.
1967 3985 2010 4005 11.

2373 4006 2501 4037 Inflexam

1852 753 1881 782 C.
1894 753 2034 782 Gracchus
2045 763 2080 782 ne
2092 754 2121 782 in
2133 754 2298 791 potestatem
2309 754 2486 784 inimicorum
2493 764 2536 785 ves
2581 759 2583 768 ⁴

2304 1171 2426 1201 Necnon
2446 1170 2473 1200 δε
2485 1170 2535 1202 Lm
2584 1171 2587 1180 '

1630 3651 1670 3670 uae
1681 3640 1744 3670 feisa
1754 3635 2209 3668 vacillat&inclinaturdeorsum.
2228 3635 2330 3672 Virg.3.
2344 3633 2507 3670 Georg.524·
2552 3663 2553 3667 ,
2570 3659 2576 3671 ,
2594 3629 2604 3645 Π
