2600 4177
425 59 452 98 A
547 60 582 98 N
676 64 707 98 C

104 130 113 142 Ι

76 142 183 186 Anceps
207 148 312 176 mucro.
331 145 439 175 Lucret.
459 143 507 174 lib.
529 153 554 173 2.
576 154 637 178 519.

76 188 184 223 Anceps
205 185 313 213 securis.
336 184 418 212 Ovid.
438 189 463 216 8.
486 182 553 212 Met.
572 190 632 218 397.
712 212 714 216 Α
854 213 857 215 .

77 223 199 288 Ancfipiti
216 222 343 288 imagine.
365 220 391 250 h.
410 230 434 250 e.
456 219 569 258 Duplici
581 219 678 249 forma.
706 220 789 250 Ovid.
808 231 830 250 1.
844 222 909 251 Fast.
923 234 965 259 95.
988 223 1030 252 De
1040 223 1128 258 Jano,
1151 224 1198 260 qui

97 261 123 289 hi
138 270 200 289 rons
230 260 278 288 uit.

79 299 195 334 Anceps,
207 295 323 333 Duplex.
344 293 432 324 Lucil.
446 293 607 329 l.29.Nemo
616 294 666 323 hos
676 296 810 333 ancipites
825 297 857 331 [f.
875 298 1007 334 Ancipiti]
1021 298 1092 326 ferro
1105 296 1199 325 effrin-

95 341 141 369 get
150 332 283 363 cardines.
305 332 388 361 Varro
399 332 433 360 de
445 331 504 359 Vita
517 331 582 368 Pop.
594 329 675 359 Rom.
689 331 705 360 l.
722 343 747 366 4.
765 334 870 370 Anceps
880 335 991 364 bellum.
1014 335 1132 363 Nonius.
1145 334 1160 362 l.
1171 344 1196 363 ο.

77 372 218 409 Ancipites
229 370 319 399 bestiae
333 391 341 403 ,
359 369 521 405 quaeGraece
533 367 822 405 Amphibiadicuntur.
854 373 910 400 Cic.
932 383 954 401 r.
981 372 1015 401 de
1034 372 1095 400 Nat.
1112 371 1195 400 Deor.

100 419 160 442 104.
182 408 329 437 Bestiarum
340 414 431 436 autem
439 414 552 435 terrenae
562 405 622 434 sunt
630 405 688 435 alia?
702 428 709 439 ,
724 409 822 444 partim
839 409 980 445 aquatiles,
992 409 1051 438 aliae
1067 408 1140 446 quasi
1150 418 1200 437 an-

97 446 194 483 cipites
207 467 214 480 ,
235 445 264 473 in
275 453 389 481 utraque
402 444 465 472 sede
483 443 617 472 viventes.
658 444 687 472 V.
710 455 728 472 A
738 456 757 473 M
768 455 781 473 p
791 456 810 474 H
821 457 829 474 1
840 457 855 474 Β
866 457 873 474 ι
886 457 902 475 υ
913 451 943 476 si.

79 484 186 520 Anceps
202 504 210 517 ,
230 481 347 511 Dubius.
390 481 458 517 Virg.
479 492 503 513 ς.
525 480 586 510 AEn.
603 483 667 515 654.

157 522 191 549 At
209 526 307 548 matres
324 519 413 557 primo
434 519 569 555 ancipites
584 541 592 553 ,
614 518 757 556 oculisque
782 519 909 556 malignis

158 557 316 594 Ambiguae,
338 556 458 594 speciare
479 562 557 584 rates.
591 579 593 585 ,

78 596 186 632 Anoeps
201 596 227 624 Sc
247 596 377 623 incertus.
408 594 466 623 Cic.
483 603 532 630 pro
545 591 668 622 Marcell.
684 603 725 628 ις.
763 594 858 630 Quum
876 594 941 624 esset
952 595 1073 624 incertus
1084 595 1173 624 exitus
1188 609 1197 629 ·,

97 634 237 669 &anceps
255 632 365 660 fortuna
379 630 452 660 belli.
486 631 561 660 idem
571 631 600 659 in
614 631 689 660 Orat.
703 637 747 667 98.
777 632 917 669 Ancipites
933 633 1045 662 dicendi
1066 633 1200 662 incertos-

100 679 153 707 que
165 670 239 699 casus
260 679 318 698 non
333 669 494 698 extimescit.

58 725 62 736 ,
79 709 187 744 Anceps
199 709 225 737 ἃ
239 708 335 736 varius.
358 706 415 735 Cic.
432 717 454 741 ς.
471 706 545 735 Fam.
563 716 604 735 12.
627 707 660 736 At
679 706 729 735 viri
746 705 816 744 saepe
827 707 990 737 excellentis
1004 708 1140 745 ancipites
1153 717 1198 737 va·-

97 743 185 782 riique
202 744 277 774 casus
295 744 398 773 habent
412 744 634 773 admirationem.
678 747 681 752 ’

38 798 39 801 ¹
78 783 193 813 Animus
215 791 325 819 anceps.
349 781 405 810 Liv.
427 793 453 817 4.
476 781 543 811 Beli.
561 782 628 811 Pun.

78 821 221 858 Ancipites
237 821 345 849 animos
355 827 455 849 tenere.
479 819 581 848 Lucan.
593 818 640 848 lib.
652 828 677 853 9.
690 822 735 853 46.
1158 840 1159 843 ,

28 876 32 880 -
78 857 198 888 Bonum.
224 858 286 887 Sen.
302 856 414 895 Hippoi.
437 860 544 894 Anceps
555 857 641 885 forma
652 857 758 885 bonum
767 856 938 886 mortalibus.
960 858 977 886 i.
998 867 1022 886 e.
1043 857 1199 888 Incertum}

100 896 163 932 quia
172 903 285 933 propter
293 895 410 924 formam
420 894 465 923 alii
476 895 628 932 perierunt,
639 894 684 923 alii
698 895 812 932 gratiam
825 896 851 924 ἃ
865 895 986 925 favorem
999 896 1173 926 invenerunt.

79 932 170 962 Casus.
197 932 263 962 Plin.
277 933 324 961 lib.
339 938 383 966 28.
406 942 466 970 cap.
481 942 506 961 2.

76 969 161 999 Casus
169 980 270 1008 anceps
285 969 359 999 belli.
381 969 482 999 Lucan.
507 969 554 998 lib.
569 980 595 1006 9.
611 974 672 1005 585.

79 1007 172 1037 Causa.
196 1008 253 1037 Cic.
269 1018 294 1037 2.
312 1008 347 1037 de
357 1007 430 1036 Orat.
446 1012 490 1041 86.
1159 1039 1161 1041 ¹

80 1044 166 1075 Cibus
179 1067 186 1080 ,
208 1045 317 1075 Dubius
327 1047 351 1075 Sc
360 1044 545 1082 periculosus:
567 1053 668 1081 nempe
680 1043 708 1072 in
718 1045 798 1079 cujus
818 1044 863 1074 esu
872 1046 926 1074 vita
937 1047 1115 1083 periclitatur.
1126 1046 1197 1076 Plin.

100 1082 147 1112 lib.
158 1093 203 1112 22.
216 1093 275 1121 cap.
292 1093 336 1119 23.
360 1082 491 1120 Voluptas
511 1089 586 1111 tanta
596 1082 723 1120 ancipitis
733 1082 794 1112 cibi.
832 1082 874 1112 De
893 1083 983 1121 fungis
1001 1084 1132 1122 loquitur.

0 1121 2 1123 ’
45 1141 49 1145 -
79 1120 242 1150 Contentio.
265 1121 323 1150 Cic.
339 1131 389 1158 pro
400 1120 471 1158 Lege
481 1120 579 1150 Manis.
599 1131 625 1156 9.

79 1158 154 1225 cg}
166 1168 268 1196 anceps
278 1165 392 1196 propter
405 1159 525 1188 incertos
536 1158 627 1187 exitus
645 1156 812 1195 praeliorum.
843 1158 902 1188 Cic.
916 1168 957 1188 12.
981 1159 1054 1190 Fam.
1069 1170 1111 1189 ιο.
1132 1161 1159 1189 &
1171 1168 1194 1188 1.

31 1244 43 1258 τ
79 1233 285 1271 Disputationes
295 1234 440 1272 ancipites,
461 1234 491 1263 in
501 1233 601 1270 quibus
612 1231 785 1269 deuniverso
796 1243 896 1271 genere
906 1235 934 1263 in
946 1241 1081 1272 utranque
1092 1241 1200 1273 partem

34 1304 36 1306 q
62 1298 64 1300 .
101 1271 227 1301 disserere
243 1272 354 1309 copiose
369 1272 443 1301 licet.
467 1272 525 1301 Cic.
545 1281 570 1300 2.
583 1271 618 1300 de
630 1270 706 1300 Orat.
718 1280 782 1304 205·

79 1309 241 1339 Formidine
250 1310 376 1348 ancipiti.
398 1309 470 1347 Virg.
488 1318 512 1347 3.
529 1309 592 1338 AEn.
606 1317 652 1345 47.
686 1307 726 1338 Ab
736 1308 838 1338 efrem
852 1319 859 1338 :
888 1310 982 1339 reddit
995 1311 1070 1340 enirn
1080 1310 1200 1340 formido

99 1347 199 1377 dubios
215 1349 241 1377 δι
252 1348 382 1377 incertos.

81 1384 203 1415 Fortuna
211 1395 320 1423 pugnae.
343 1385 417 1422 Virg.
429 1396 456 1420 4.
470 1384 531 1415 ΖΕΗ.
542 1387 606 1420 603.
620 1384 646 1413 «Sc
656 1383 723 1413 Stat.
735 1387 761 1413 6.
774 1383 865 1414 Theb.

0 1422 5 1434 ”
35 1446 39 1448 ψ
80 1422 202 1457 Fortuna
213 1423 287 1453 belli.
309 1423 367 1452 Cic.
377 1432 427 1460 pro
436 1421 560 1459 Marcell.
577 1432 618 1456 ις.

81 1460 184 1496 Favore
206 1462 280 1490 vario
297 1461 443 1498 ancipites.
467 1460 568 1489 Lucan.
584 1459 632 1488 lib.
648 1469 674 1488 2.
687 1464 751 1494 448.

82 1497 183 1536 Lapsus
200 1508 291 1527 rerum
300 1499 444 1536 ancipites.
467 1497 564 1529 Claud,
577 1498 605 1525 in
620 1497 659 1526 Pr.
674 1497 755 1526 Cons.
773 1496 880 1527 Stilich.
896 1508 956 1534 142.

81 1535 172 1566 Marte
180 1537 303 1574 ancipiti.
325 1536 382 1566 Liv.
394 1546 440 1565 21.
455 1546 477 1564 1.
496 1534 603 1564 Bellum
615 1535 729 1572 ancipiti
740 1535 829 1564 Marte
840 1537 943 1572 gestum
954 1536 998 1566 est.
1028 1537 1046 1566 i.
1059 1545 1082 1565 e.
1107 1535 1200 1566 Dubio

46 1582 56 1590 ‘
89 1574 230 1611 utrinque
242 1575 336 1612 praelio
349 1584 355 1603 ι
387 1575 450 1610 quia
461 1573 592 1602 videlicet
603 1573 740 1602 incertum
752 1573 805 1602 fuit
817 1581 878 1603 utra
887 1584 948 1612 pars
958 1575 1057 1604 victrix
1069 1574 1144 1604 esset.

44 1645 45 1648 Ἴ
82 1611 176 1642 Morbi
188 1613 332 1650 ancipites.
355 1611 425 1641 Plin.
438 1611 486 1640 lib.
500 1620 525 1648 7.
537 1621 597 1647 cap.
612 1622 656 1645 45-

83 1648 175 1679 Pavor.
211 1650 297 1680 Valer.
314 1660 338 1686 3.
360 1651 459 1687 Argon.
475 1658 519 1686 74.
544 1649 585 1678 Ab
594 1648 695 1678 effectu
710 1658 717 1678 :
739 1647 832 1677 reddit
849 1649 925 1680 enim
936 1649 1202 1679 dubios&incertos

48 1746 51 1748 -
82 1697 217 1759 Pilsiiliciirm.
240 1725 298 1757 Liv.
316 1735 339 1761 3.
361 1724 429 1754 Bell.
448 1724 515 1754 Pun.
681 1762 685 1767 Ι

82 1762 140 1792 Via.
162 1763 180 1792 i.
201 1773 224 1792 e.
243 1764 361 1798 Incerta,
374 1773 432 1800 quae
443 1763 549 1792 scilicet
558 1761 613 1791 huc
624 1760 667 1790 vel
679 1761 746 1791 illuc
757 1761 847 1791 ducat.
870 1762 927 1791 Cic.
941 1763 970 1791 in
984 1763 1080 1792 Somn.
1092 1762 1197 1800 Scip.2.

46 1808 55 1811 ‘⁷
81 1800 140 1836 Jus.
153 1809 159 1813 ·
176 1801 242 1831 Hor.
256 1811 280 1830 2.
295 1802 380 1831 Serm.
397 1811 420 1835 ς.
435 1810 478 1836 34.
511 1801 598 1829 Acron
614 1810 620 1829 z
642 1799 689 1835 Jus
707 1810 818 1837 anceps.
842 1801 859 1828 i.
877 1810 901 1829 e.
933 1800 1147 1830 Controversum
1157 1799 1202 1829 vel

101 1838 248 1882 obscurum
264 1849 270 1869 :
293 1840 369 1876 quod
385 1839 475 1877 potest
501 1838 609 1875 utrique
620 1838 691 1876 parti
711 1837 854 1875 prodesse,
876 1847 926 1875 pro
940 1839 1052 1876 ingenio
1068 1839 1205 1876 interpre-

82 1906 86 1911 ,
102 1883 194 1907 tantis.

984 505 997 520 Ο

99 1990 203 2019 teribus
223 1990 329 2028 scriptis
353 1991 482 2027 pleraque
497 1988 648 2023 vocabula,
671 1998 730 2025 quae
749 1999 824 2017 nunc
842 1988 1013 2018 sermonibus
1030 1988 1105 2026 vulgi
1118 1998 1204 2018 unam

101 2034 258 2065 certamque
279 2039 337 2057 rem
348 2028 553 2062 demonstrant,
576 2027 611 2056 ita
628 2026 706 2055 fuisse
725 2026 815 2055 media
827 2028 853 2056 Sc
865 2027 1043 2062 communia,
1064 2026 1204 2064 utfignifi-

101 2075 161 2095 care
171 2067 197 2096 Sc
207 2076 305 2104 capere
320 2065 427 2103 possent
436 2065 503 2094 duas
514 2065 586 2094 inter
596 2064 649 2094 sese
660 2073 701 2093 res
709 2065 866 2093 contrarias.
918 2064 957 2093 Ex
967 2064 1067 2101 quibus
1076 2065 1204 2108 quaedam

101 2179 144 2208 sus
154 2180 210 2209 dici
224 2179 309 2218 poffe.

49 2217 97 2248 ΔΝ
109 2227 125 2246 c
134 2227 153 2246 Η
162 2221 179 2246 ,ἰ
190 2227 209 2246 τ
219 2228 232 2246 e
240 2228 252 2247 s
263 2236 270 2248 ‚
292 2217 403 2247 Nomen
415 2217 494 2246 ducis
510 2216 539 2245 in
560 2215 683 2245 exercitu
696 2214 780 2244 Persae
797 2221 894 2245 contra
912 2215 1022 2246 AEetem
1033 2214 1204 2246 Colchorum

84 2264 176 2293 regem
193 2276 201 2290 ,
223 2255 333 2285 fratrem
344 2255 435 2284 Persae.
456 2254 546 2284 Valer.
558 2257 584 2283 6.
606 2255 705 2291 Argon.
726 2262 785 2288 132.

161 2293 267 2322 Dot‘tus
288 2295 315 2323 δε
329 2294 485 2327 Auchates,
506 2291 601 2330 patulo
623 2301 689 2328 vaga
705 2290 816 2320 vincula
834 2300 901 2328 gyro

48 2350 51 2352 ψ
161 2331 311 2374 Spargere,
334 2333 360 2361 ἃ
384 2338 521 2360 extremas
541 2329 645 2366 laqueis
661 2329 799 2358 adducere
817 2335 929 2358 turmas.

49 2368 96 2400 AN
104 2378 121 2398 c-
129 2378 149 2397 Η
159 2370 175 2398 ἓ
185 2380 204 2397 M
214 2372 256 2398 61,
266 2379 304 2397 us
317 2391 325 2402 ,
346 2370 361 2405 [
375 2365 552 2405 Α’γχέμςλῶι]
574 2367 667 2396 Rhoeti
685 2366 889 2397 Marrubiorum
899 2367 970 2404 regis
979 2366 1052 2397 filius
1066 2367 1136 2396 fuit:
1156 2368 1204 2405 qui

84 2416 147 2435 cum
158 2406 290 2444 Casperiae
304 2416 428 2436 novercae
440 2407 562 2444 stuprum
573 2404 706 2434 intulisset
719 2415 734 2434 a
743 2412 820 2442 patre
831 2405 866 2433 ad
876 2404 1042 2442 supplicium
1050 2406 1204 2443 petitus,ad

55 2461 58 2466 .
83 2444 210 2475 Turnum
221 2445 248 2473 in
260 2444 387 2473 militiam
403 2444 534 2482 profugit.
566 2443 632 2472 Haec
643 2443 717 2472 Serv.
730 2444 758 2471 in
770 2442 840 2480 Virg.
857 2453 898 2471 10.
913 2444 973 2473 ffin.
990 2450 1052 2480 389.

161 2482 237 2512 Hinc
254 2482 418 2512 Sthenelum
439 2483 526 2520 petit,
549 2482 575 2511 Sc
594 2481 689 2510 Rhoeti
706 2481 740 2509 de
756 2488 838 2518 gente
854 2481 957 2510 vetusta

51 2538 55 2543 ·
160 2519 363 2549 Anchemolum
373 2542 381 2555 ,
402 2519 538 2549 thalamos
554 2519 648 2548 ausum
669 2518 801 2548 incestare
822 2528 955 2548 novercae.

48 2554 148 2589 Anci-1
157 2568 191 2587 as
202 2568 238 2586 1T
249 2568 261 2586 r
270 2567 282 2586 s
293 2580 301 2591 ,
324 2557 428 2587 Ventus
442 2557 475 2587 ab
486 2557 603 2587 Anchisa
618 2564 700 2599 portu
710 2556 784 2594 Epiri
800 2556 903 2593 spirans
917 2578 925 2591 ,
941 2557 1026 2598 *cuius
1038 2557 1145 2586 mentio
1164 2557 1203 2586 est

85 2595 158 2633 apud
173 2595 349 2625 Halicarnass.
380 2596 436 2624 Cic.
453 2606 479 2632 7.
500 2596 554 2625 Att.
569 2605 594 2624 2.
628 2594 716 2624 blavit
725 2594 758 2623 ab
770 2594 852 2631 Epiro
864 2594 1015 2623 lenisizmus
1036 2595 1202 2624 Anchefites.

87 2635 173 2663 Antea
193 2633 338 2671 legebatur
350 2633 458 2662 Anches
473 2634 548 2662 mitis
563 2643 570 2662 :
591 2631 639 2662 sed
657 2633 692 2661 sic
705 2633 822 2661 restituit
835 2632 983 2661 Turnebus
1006 2634 1073 2662 Adv.
1088 2643 1133 2662 20.
1156 2637 1199 2663 16.

89 2671 142 2701 Sed
164 2671 192 2700 V.
224 2681 326 2700 oncri
338 2681 502 2701 ESMITES.

50 2709 99 2740 AN
108 2718 126 2738 c
135 2718 154 2738 H
163 2719 177 2738 Ε
186 2719 226 2738 sm
236 2719 276 2738 us
286 2731 294 2744 ,
323 2711 338 2745 [
354 2705 490 2746 Α’ςμχισμές
504 2709 517 2746 ]
546 2708 633 2738 Mons
648 2708 742 2737 Atticae
755 2729 762 2743 ,
780 2708 810 2736 in
828 2717 883 2745 quo
901 2707 940 2737 est
949 2707 1025 2744 jovis
1046 2708 1204 2738 Anchesinii

83 2747 175 2776 statua.
198 2746 308 2776 Pausan.
326 2747 354 2775 in
367 2747 447 2776 Attio.

47 2784 123 2815 Aue
133 2794 198 2814 Hm
208 2796 223 2813 L
233 2795 247 2813 a
258 2807 266 2820 ,
297 2786 313 2820 [
331 2786 445 2821 Α’φχιοὶλη
459 2785 474 2819 ]
496 2783 599 2813 Civitas
611 2783 730 2819 Ciliciae,
752 2783 787 2812 de
807 2793 861 2820 qua
870 2783 966 2812 Strabo
975 2782 1024 2813 lib.
1040 2794 1080 2819 ¹4.
1095 2794 1123 2822 p.
1136 2787 1200 2819 462.

25 2828 27 2833 ’
84 2822 144 2853 Post
153 2822 323 2860 Zephyrium
338 2823 350 2859 (
363 2822 454 2860 inquit
468 2823 479 2858 )
496 2821 625 2851 Anchiale
641 2820 720 2859 supra
738 2831 812 2850 mare
825 2843 832 2855 ,
854 2821 1031 2859 Sardanapali
1040 2831 1120 2859 opus.
1161 2822 1203 2852 Ex

67 2861 75 2874 ³
83 2860 134 2890 hac
142 2860 209 2889 urbe
217 2860 269 2890 fuit
278 2860 529 2896 Athenodorus,qui
539 2869 596 2888 non
608 2869 622 2888 a
631 2858 877 2897 Sardanapalo,sed
890 2858 923 2887 ab
931 2859 1063 2888 Anchiale
1073 2859 1163 2897 Japeti
1174 2860 1205 2889 fi-

28 2923 30 2926 .
85 2897 122 2928 lia
132 2899 274 2928 conditam
284 2898 445 2936 vult,Cydni
455 2905 569 2930 marre,a
577 2907 632 2934 quo
644 2907 749 2925 nomen
761 2897 853 2926 vicino
865 2897 1027 2927 fluiniuiEx
1038 2898 1201 2936 Steph.q.V.

27 2955 30 2959 ι
51 2935 124 2970 ΔΜ
135 2944 154 2965 Η
164 2947 174 2964 1
184 2946 273 2965 ALos
284 2958 291 2970 ,
318 2937 333 2971 [
350 2931 493 2971 Α’γχάιλῶ·
509 2935 521 2971 ]
554 2935 622 2964 Urbs
642 2934 769 2964 Thraciae
782 2957 789 2969 ,
810 2935 859 2963 sita
868 2936 897 2963 in
911 2936 1010 2963 intimo
1022 2935 1080 2964 sinu
1092 2957 1101 2970 ,
1122 2943 1148 2964 at
1169 2945 1203 2965 ue

30 2986 33 2992 ⁸
64 2979 69 3008 ζ
84 2973 132 3003 ubi
145 2981 249 3012 pontus
266 2972 382 3003 alfetum
392 2973 432 3003 sui
442 2973 547 3002 flexum
555 2973 657 3010 angulo
673 2973 750 3008 finit,
772 2983 830 3001 non
841 2973 936 3010 procul
956 2982 970 3001 a
981 2982 1081 3010 magna
1091 2974 1160 3011 Apol
1174 2983 1204 3002 o-

68 3013 137 3050 gnia.
170 3011 380 3049 HaecPompon.
398 3021 421 3040 2.
436 3021 461 3040 2.
484 3011 567 3040 Ovid.
588 3021 608 3039 1.
628 3010 709 3040 Trist.
724 3021 750 3044 9.
769 3013 812 3047 36.
835 3011 970 3040 Ammian.
983 3021 1027 3040 22.
1043 3021 1084 3046 19.

15 3051 23 3085 J
50 3049 122 3080 A‘Nc
130 3059 151 3078 Η
161 3060 172 3078 1
181 3059 201 3078 Α
210 3062 226 3078 x.
235 3060 252 3078 u
261 3059 273 3079 s
284 3072 291 3085 ,
312 3050 424 3079 Nomen
434 3049 561 3078 divinum
573 3049 732 3084 Judaeorum
744 3055 856 3086 putatur
871 3049 925 3077 esse
934 3049 1008 3085 apud
1020 3048 1137 3078 Martial.
1152 3048 1201 3079 lib.

88 3097 183 3124 11.94.
215 3087 314 3126 Scalig.
332 3087 448 3117 Emend.
465 3086 566 3124 Temp.
582 3087 735 3124 Prolegom.
754 3086 864 3116 Salmas.
883 3087 918 3115 de
931 3086 1074 3116 Hellenist.
1096 3097 1124 3124 p.
1137 3097 1202 3122 205.

83 3125 156 3155 conf.
173 3125 245 3154 Sam.
255 3126 333 3155 Petit.
349 3125 407 3155 Var.
420 3124 494 3154 Let‘t.
511 3134 533 3154 1.
550 3129 590 3154 16.
605 3135 632 3163 p.
651 3134 696 3161 73.
718 3124 784 3154 &Is
794 3123 866 3153 Voss'.
883 3127 917 3153 ad
928 3123 1050 3159 Melam,
1067 3134 1094 3162 p.
1111 3130 1154 3159 48.
1178 3126 1204 3154 δε

36 3180 37 3183 =
58 3182 71 3205 ff
83 3163 270 3230 Ρέξυοίίξυεῼ.
282 3164 415 3201 Spenceri
428 3162 537 3192 Differ-t.
548 3163 583 3192 de
598 3162 649 3192 hac
659 3172 727 3191 voce
739 3164 765 3192 ἃ
776 3162 859 3192 Mart.
868 3162 942 3199 loco,
963 3163 1010 3199 qui
1022 3161 1088 3191 servi
1100 3172 1204 3191 nomen

85 3210 101 3230 e
176 3208 253 3230 atuit.

0 3249 4 3262 ι
50 3211 150 3271 huces-1
158 3250 168 3267 1
177 3250 193 3267 L
201 3249 218 3268 ο
227 3249 241 3268 P
251 3249 262 3268 s
272 3261 280 3273 ,
314 3239 386 3276 opis.
409 3239 424 3274 [
438 3234 562 3274 ἀγχὲλωψ
579 3238 594 3273 ]
614 3238 722 3268 Tumor
735 3238 812 3267 estin
823 3237 927 3272 majore
942 3237 1017 3266 oculi
1028 3235 1129 3274 angulo
1139 3246 1206 3266 con-¹

33 3305 37 3311 ,
82 3275 207 3314 surgens,
227 3284 309 3314 atque
321 3277 445 3305 humoris
456 3276 654 3305 collectionem
666 3276 779 3310 habens,
799 3282 894 3304 curatu
906 3275 1036 3308 difficilis,
1057 3282 1206 3311 antequam

27 3314 36 3331 '¹
83 3321 232 3356 rumpatur.
274 3315 382 3344 Dicitur
406 3322 500 3343 autem
522 3313 556 3343 ab
585 3313 666 3350 ἄγχι,
683 3314 759 3351 quod
778 3314 816 3343 est
834 3323 922 3350 prope
937 3335 944 3349 ,
975 3315 1001 3342 «Sc
1021 3308 1064 3345 2)ss
1087 3312 1204 3348 oculus,

34 3360 38 3366 ·
62 3352 68 3358 ⁴
79 3358 158 3389 'quod
167 3362 255 3391 prope
270 3352 384 3382 oculum
398 3352 435 3381 sit.
459 3351 555 3381 Galen.
568 3351 616 3380 lib.
630 3352 667 3380 de
676 3352 757 3381 Finit.
771 3352 872 3380 medie.
890 3350 985 3387 quiilli
995 3350 1146 3388 adscriptus
1156 3351 1204 3386 est,

31 3399 33 3403 ¹
76 3398 116 3426 &ut
131 3391 242 3428 quidam
254 3397 361 3428 putant.
411 3391 426 3426 [
439 3390 468 3419 V.
493 3390 524 3419 AE
534 3399 570 3418 ει
581 3401 596 3418 L
606 3400 622 3417 o
633 3399 666 3418 rs
678 3412 685 3425 ,
706 3399 771 3418 nam
783 3389 882 3418 vitium
901 3389 977 3418 idem
987 3389 1041 3423 est,
1061 3396 1109 3418 aut
1119 3389 1205 3425 gradu

83 3433 188 3457 tantum
199 3428 232 3457 ab
243 3437 277 3457 eo
286 3428 378 3457 differt
387 3450 395 3463 ,
409 3428 426 3456 si
441 3427 555 3457 Paulum
564 3428 700 3457 audimus.
711 3427 729 3457 l.
745 3437 768 3463 3.
781 3437 805 3456 c.
817 3436 862 3455 22.
884 3427 957 3455 conf.
970 3426 1092 3456 Gorrhaei
1104 3426 1165 3455 Def.

27 3485 34 3494 .
79 3474 100 3495 u
109 3476 126 3495 c
136 3476 154 3495 Η
164 3477 173 3494 1
184 3477 204 3495 M
213 3477 230 3495 o
240 3477 256 3494 L
265 3477 282 3495 u
294 3476 305 3495 s
316 3489 324 3501 ,
343 3467 357 3501 [
376 3461 533 3502 Αγχὲρωλῶ·
547 3466 562 3500 ]
583 3465 709 3502 Sophiste
718 3465 794 3502 apud
805 3464 914 3493 Elidem
923 3464 986 3499 fuit,
1010 3474 1086 3502 aquae
1100 3470 1184 3501 potor
1194 3486 1202 3500 ,

84 3512 117 3533 ac
128 3503 185 3533 ficis
203 3504 288 3533 modo
307 3504 401 3533 solitus
419 3503 511 3538 vesci,
533 3512 585 3532 uec
596 3510 690 3532 tamen
710 3503 772 3532 aliis
792 3501 960 3531 imbecillior
982 3502 1143 3532 habebatur.
1164 3502 1206 3531 Ex

86 3540 148 3571 Cael.
161 3541 206 3570 lib.
220 3546 312 3580 6.cap.
329 3553 353 3577 4.
488 3548 489 3555 ’

77 3588 99 3608 Ν
108 3589 125 3608 0
134 3584 194 3609 riis
205 3589 217 3608 t
227 3590 255 3614 s,
276 3581 291 3615 [
309 3576 414 3615 Hyas-'mr
429 3579 444 3614 ]
465 3579 556 3608 Pastor
569 3578 723 3614 Troianus,
745 3577 819 3607 filius
831 3577 951 3615 Capyos,
973 3576 1089 3607 Assaraci
1105 3587 1204 3615 nepos,

83 3626 119 3647 ex
129 3617 240 3646 Veneris
252 3617 404 3646 concubitu
416 3623 492 3654 pater
507 3617 609 3646 AEneae.

83 3653 123 3684 Ex
134 3654 217 3684 Fabio
226 3655 319 3692 colligi
330 3656 438 3684 videtur
451 3677 459 3689 ,
480 3655 586 3684 dictum.
600 3652 678 3682 fuisse
690 3653 819 3683 Anchisas
831 3655 857 3683 Sc
870 3654 900 3682 in
910 3654 995 3682 retro.
1058 3651 1128 3682 Vide
1145 3662 1206 3690 quae

81 3692 282 3730 inAppendice
293 3693 328 3721 ad
340 3692 491 3721 Varronem
502 3693 561 3721 dixi
576 3701 600 3720 c.
610 3701 655 3727 24.
695 3691 731 3721 H.
749 3691 788 3721 St.
805 3691 896 3721 Locus
905 3690 981 3721 Fabii
989 3689 1008 3720 l.
1025 3699 1048 3720 1.
1059 3690 1123 3720 [nst.
1140 3700 1164 3720 c.
1178 3702 1203 3727 5.

106 3753 112 3760 .
125 3735 167 3768 67.
182 3737 251 3759 extr.
263 3730 354 3760 Burni.
372 3730 420 3759 ubi
429 3731 455 3759 6.-
470 3729 546 3759 hunc
556 3730 586 3758 V.

83 3740 222 3802 chhisae,
244 3769 328 3805 genit.
351 3768 424 3804 Virg.
441 3779 463 3803 ς.
483 3768 544 3797 JEn.
560 3777 621 3803 535.

16 2745 18 2751 .
0 2635 23 2710 ᾖξ’
0 2302 21 2627 Ε’Ἓζῆἱὶῗδῧπῖθό
0 2189 19 2291 ἦεῖῧεθῖ
0 2152 15 2181 *J*
0 2109 9 2136 ‘⁷
0 2074 9 2094 ³-

35 3818 38 3822 ·
160 3805 172 3835 I
194 3805 244 3834 sius
262 3805 382 3835 Anchisae
404 3806 521 3843 longaevi
536 3801 596 3834 ‘hoc
610 3814 712 3834 munus
733 3802 858 3835 habebis.

38 3875 45 3882 Ι,
83 3842 168 3873 Anchi
182 3853 215 3878 a,
239 3850 326 3873 vocat.
367 3843 439 3877 virg.
460 3853 484 3877 3.
507 3842 569 3873 AEn.
583 3853 666 3879 475.-

27 3886 30 3893 '
160 3881 299 3918 Conjugio
317 3881 435 3911 Anchisa
458 3881 570 3911 Veneris
594 3880 706 3918 dignate
727 3880 860 3919 superbo.

81 1913 221 1944 Vocabula
229 1915 363 1953 ancipitia
378 1936 386 1949 ,
408 1924 467 1952 quae
487 1915 511 1943 ἃ
524 1914 552 1942 in
562 1913 663 1942 bonam
673 1913 699 1942 Sc
712 1912 740 1941 in
752 1912 853 1942 malam
862 1919 969 1950 partem
980 1913 1068 1951 accipi
1080 1912 1200 1951 possunt.
1211 1901 1214 1902 ⁷

101 1952 208 1982 Gellius
218 1953 265 1982 lib.
282 1963 322 1982 12.
334 1963 394 1989 cap.
405 1963 429 1988 9.
453 1952 495 1981 Est
510 1951 680 1989 plurifariam
693 1951 787 1980 videre
799 1958 880 1986 atque
889 1952 1108 1980 animadvertere
1118 1952 1147 1980 in
1157 1958 1207 1980 Ve-

99 2103 161 2133 satis
175 2111 242 2133 nota
251 2104 314 2133 sunt
325 2126 332 2139 ,
354 2111 384 2132 ut
394 2103 540 2141 tempestas
553 2125 561 2137 ,
583 2102 713 2132 valetudo
724 2124 731 2135 ,
751 2102 859 2131 facinus
873 2124 881 2137 ,
916 2103 997 2131 dolus
1010 2125 1018 2137 ,
1041 2111 1124 2140 gratia
1133 2125 1141 2138 ,
1162 2103 1206 2131 in-

55 2143 58 2145 ’
102 2142 211 2171 dustria.
252 2142 320 2171 Haec
330 2142 405 2171 enim
415 2142 471 2170 fere
480 2142 536 2177 jam
545 2140 688 2178 'vulgatum
698 2140 737 2169 est
746 2140 877 2178 ancipitia
889 2139 942 2170 esse
957 2162 965 2175 ,
981 2142 1008 2170 δε
1022 2148 1136 2178 utraque
1145 2150 1206 2170 ver-

1661 75 1689 110 A
1784 77 1820 110 Ν
1917 80 1946 114 C

1281 152 1412 185 Anchisa,
1436 153 1488 182 abl.
1510 154 1581 189 Vir-g.
1595 157 1620 183 6.
1633 154 1692 184 AEn.
1708 165 1767 189 322.

1342 228 1346 232 ι
1364 190 1477 219 Anchisa
1494 200 1621 228 generate
1635 214 1642 226 ,
1665 193 1749 222 deum
1770 195 1916 225 certissima
1937 198 2038 234 proles.

1301 236 1399 261 quitur.

1284 263 1445 292 Dardanius.
1467 265 1538 301 Virg.
1557 266 1724 302 1.1'En.494.

1285 299 1487 333 llrlaqnunimus.
1511 304 1592 332 (hvid.
1612 315 1650 339 ¹4-
1671 305 1737 334 Met.
1754 312 1813 339 118.

1285 336 1379 372 Magni
1394 339 1508 368 anchisi:
1521 342 1640 369 animani
1653 343 1775 372 vocabat.
1801 344 1872 381 Virg.
1887 349 1911 378 8.
1925 344 1986 374 AEn.
1999 351 2042 380 98.

1285 373 1384 415 Phryx.
1407 376 1489 404 Ovid.
1507 382 1545 405 16.
1569 378 1648 415 Epist.
1666 389 1724 416 197.

1287 408 1357 440 Pius.
1380 412 1520 448 Ovid.13.
1547 415 1612 444 Met.
1636 420 1698 450 640.

1249 446 1352 476 ANCH
1364 458 1371 475 1
1383 458 1394 476 s
1406 459 1492 483 AEus,
1515 452 1571 486 Adj.
1597 454 1609 487 [
1630 452 1806 490 ᾸγχισαῖΘ-]
1826 455 1897 493 Virg.
1913 467 1937 493 ς.
1962 457 2023 487 ffin.
2037 462 2100 495 761.

1443 500 1480 507 ·—
1499 488 1661 525 tumuloque
1681 491 1805 521 sacerdos

1367 521 1401 550 Et
1418 522 1496 552 lucus
1514 525 1566 553 late
1582 526 1613 553 siu
1625 537 1652 554 er
1673 529 1782 557 additur
1797 530 1946 561 Anchisaeo.

1249 558 1442 599 ANCl-iisi'ix
1455 570 1512 588 Des
1524 583 1531 594 ,
1564 570 1718 600 patrumm.
1741 568 1754 601 [
1773 566 1917 602 ᾸΑΙ-λαπὶόκς
1932 570 1945 603 ]
1966 570 2037 607 Virg.
2049 576 2075 604 8.
2091 571 2152 601 IEn.
2167 582 2228 608 521-

1366 597 1465 625 ffineas
1483 598 1655 628 Anchisiades
1677 604 1701 630 ἃ
1719 603 1787 631 sidus
1810 606 1932 635 Achates.

1287 633 1463 663 Anchisiades
1479 638 1678 671 magnanimus.
1720 640 1789 675 Virg.
1805 652 1828 675 ς.
1842 644 1901 672 lhn.
1913 654 1977 681 407.

1287 670 1467 704 Anchisiade,
1488 680 1575 701 vocat.
1616 674 1686 711 Virg.
1700 679 1724 704 6.
1746 678 1805 705 Ain.
1821 686 1880 712 ³48-

1367 707 1431 737 Dux
1452 709 1612 752 Anchisiade
1629 733 1636 744 ,
1666 722 1717 740 nec
1732 723 1776 741 mc
1797 715 1863 743 deus
1883 728 1990 753 {equore
2013 721 2121 756 mersit,
2143 723 2193 751 &a

1250 744 1272 773 Λ
1282 753 1302 773 N
1312 754 1329 773 C
1339 755 1358 773 H
1370 756 1377 788 r
1389 755 1429 774 ST
1439 755 1454 774 R
1464 756 1482 774 U
1494 758 1524 780 Μ,
1547 758 1563 775 i.
1584 757 1610 775 n.
1630 748 1715 790 'Closs
1731 751 1774 778 (ir.
1789 751 1845 781 Lat.
1860 754 1969 790 ι’,ῳωῆ-ον
1990 757 2094 793 humus,
2106 768 2202 788 uncuS.
2221 759 2312 790 isidor.
2325 772 2367 797 4·¹
2377 772 2387 791 1

1287 789 1360 811 mter
1370 784 1548 826 instrumenta
1561 785 1670 813 medica
1681 787 1761 815 refert
1777 792 1801 816 ὅ(
1815 790 1963 826 Angislrum
1974 804 2060 823 vocat.
2072 795 2229 826 CarlAurcl.
2244 798 2314 827 vsard
2340 810 2362 833 ς.
2373 810 2382 829 1
2392 786 2399 793 ⁰

1290 820 1437 850 Anchistris
1446 831 1481 850 ex
1494 829 1608 867 utraque
1618 830 1694 865 parte
1706 831 1798 852 cutem
1809 830 1990 862 przrtcndunt.
2033 833 2180 862 llzunulum
2189 835 2281 864 telius
2294 823 2395 866 vocnt..

1250 857 1271 886 A
1281 867 1301 885 Ν
1312 869 1328 886 c
1340 868 1357 886 Η
1367 869 1383 886 o
1395 869 1427 886 Li
1441 869 1459 887 A
1470 881 1477 893 ,
1500 860 1513 894 [
1528 865 1692 902 sermenem
1706 862 1720 895 J
1742 863 1823 898 vulgo
1837 867 1909 894 dicta
1922 866 1998 896 Viola
2008 870 2137 899 coeruleu.
2160 872 2250 902 Ruell.
2269 874 2404 904 Calathia-

1287 905 1351 923 nam
1363 903 1442 934 putat
1459 896 1511 925 effe
1523 919 1530 931 ,
1552 896 1599 925 hb.
1613 907 1637 926 2.
1651 907 1711 935 cap.
1733 908 1791 933 ¹29·

1249 932 1417 962 Anonos
1452 932 1586 970 [αγχόη]
1629 935 1657 963 V.
1682 945 1799 965 ΑΝΙυΗ
1813 948 1856 966 m.

1251 973 1272 999 A
1282 980 1302 998 N
1312 981 1329 999 c
1339 980 1357 999 Η
1367 981 1384 1016 o
1395 982 1415 999 M
1427 981 1445 999 Α
1455 981 1475 999 N
1485 982 1498 999 r,
1508 982 1519 1000 s
1531 994 1538 1007 ,
1561 973 1590 1001 is.
1613 972 1631 1001 s.
1655 973 1753 1008 Herba,
1768 984 1826 1016 quir
1837 978 1861 1005 ἃ
1874 975 2033 1007 Drucvntea.
2068 981 2145 1017 Apul.
2159 983 2192 1011 dc
2205 983 2287 1013 licrb.
2303 995 2326 1014 c.
2344 996 2384 1022 14.

1251 1009 1274 1037 :A
1284 1018 1304 1036 N
1315 1018 1331 1037 c
1342 1018 1359 1036 Η
1369 1019 1411 1052 oi<
1422 1019 1440 1037 A
1450 1031 1456 1043 ,
1485 1009 1529 1038 vel
1559 1012 1577 1038 A
1588 1020 1606 1038 N
1616 1020 1632 1038 c
1641 1020 1658 1038 ο
1668 1021 1682 1038 a
1695 1021 1711 1039 A
1726 1033 1733 1047 ,
1765 1013 1779 1047 [
1795 1012 1896 1048 άηκκυρᾳ-
1912 1016 1926 1048 j
1957 1015 2030 1044 Dens
2047 1018 2146 1047 ferrcus
2157 1042 2165 1054 ,
2189 1031 2243 1056 quo
2265 1023 2405 1053 firmantur

1292 1056 1325 1075 ac
1347 1052 1499 1075 retinentur
1510 1057 1600 1076 nares.
1631 1047 1700 1085 Virg.
1721 1059 1742 1077 1.
1756 1049 1817 1079 JEn.
1834 1054 1892 1085 169.

1447 1100 1486 1105 —<
1504 1084 1549 1114 hic
1565 1084 1642 1114 sessus
1664 1096 1721 1114 non
1740 1087 1851 1116 vincula
1869 1098 1950 1117 naves

2326 98 2390 129 19¹

2086 200 2191 238 Sibylla
2201 202 2316 233 IEneam
2330 203 2395 233 allo-

1371 1120 1433 1150 Ulla
1449 1128 1564 1157 tenent,
1593 1132 1666 1152 unco
1682 1134 1739 1152 non
1759 1124 1852 1162 alligat
1867 1126 1987 1163 anchora
2012 1129 2110 1158 morsu.
2211 1132 2261 1162 Ubi
2278 1134 2386 1165 Serviuq

1291 1156 1354 1188 Hoc
1365 1169 1469 1188 nomen
1480 1170 1565 1196 quum
1578 1161 1606 1189 in
1617 1162 1723 1196 (iraeco,
1740 1163 1814 1191 unde
1826 1163 1962 1200 originem
1974 1164 2051 1194 ducit
2061 1190 2067 1200 ,
2088 1167 2279 1205 aspirationem
2292 1182 2347 1201 non
2361 1159 2408 1202 iia:

1291 1196 1373 1231 beat,
1391 1198 1419 1240 in
1443 1197 1540 1240 Latino
1551 1198 1699 1235 aspiratur,
1721 1201 1797 1236 quod
1807 1201 1845 1229 est
1860 1202 2044 1232 contrarium:
2069 1215 2132 1233 nam
2149 1208 2232 1243 magis
2251 1211 2407 1240 (immi-um

1292 1235 1331 1263 est
1347 1234 1483 1272 aspiratio.
1506 1236 1552 1265 sed
1563 1236 1616 1265 hoc
1630 1237 1659 1265 in
1675 1239 1769 1274 paucis
1784 1239 1944 1268 nominibus
1964 1240 2109 1271 invenitur.
2135 1254 2221 1273 moes
2234 1256 2250 1274 υ
2272 1250 2407 1278 autcmde

1292 1272 1421 1301 anchoris
1430 1273 1500 1301 bene
1510 1274 1582 1302 dixit
1591 1296 1598 1308 ,
1621 1284 1706 1311 quum
1718 1275 1844 1306 alioloco
1857 1277 2030 1307 inveniamus
2043 1284 2067 1308 6.
2088 1280 2147 1309 [En.
2161 1290 2184 1316 3.

1448 1327 1486 1332 —-
1506 1318 1565 1340 tum
1584 1312 1668 1340 dente
1686 1314 1776 1342 tenaci
1878 1315 2000 1344 Anchora
2017 1317 2150 1347 fundabat
2169 1329 2259 1348 naves.

1293 1347 1427 1377 Anchoris
1448 1348 1558 1383 solutis,
1580 1350 1614 1378 de
1626 1350 1746 1387 phaselo.
1769 1350 1827 1380 Cic.
1848 1361 1870 1380 1.
1891 1353 1941 1381 Att.
1960 1362 2000 1381 10.

1293 1385 1427 1415 Anchorae
1440 1408 1448 1420 ,
1472 1387 1564 1424 inquit
1575 1387 1685 1416 Nonius
1701 1410 1709 1423 ,
1731 1388 1847 1418 Vincula
1858 1390 2094 1426 quibusantennae
2107 1398 2246 1423 tenentur.
2269 1394 2388 1425 Lucilius
2399 1419 2408 1432 ,

1311 1424 1486 1466 Armamenta
1497 1432 1590 1454 tamen
1599 1447 1607 1459 ,
1629 1425 1731 1454 malum
1741 1448 1748 1461 ,
1770 1426 1831 1455 vela
1842 1449 1849 1462 ,
1871 1429 1964 1456 omnia
1976 1428 2051 1457 servo
2066 1440 2072 1459 z
2106 1431 2189 1459 Funis
2201 1433 2274 1461 enim
2285 1434 2410 1470 praecisus

1312 1468 1371 1504 ¹cito
1384 1483 1391 1496 ,
1410 1468 1492 1499 atque
1502 1463 1622 1491 anchora
1633 1463 1727 1492 soluta.
1778 1464 1842 1500 Quo
1853 1464 1916 1493 loco
1931 1465 2078 1496 Turnebus
2089 1468 2130 1497 his
2139 1469 2228 1498 verbis
2243 1491 2251 1503 ,
2275 1472 2410 1501 Anchoras

1312 1509 1342 1527 in
1357 1499 1451 1528 Nonio
1468 1500 1585 1537 legimus
1611 1501 1722 1530 vincula
1742 1501 1813 1536 esl'e,
1833 1504 1884 1531 Sec.
1916 1503 1963 1532 sed
1981 1504 2025 1533 vel
2043 1510 2087 1541 sut
2110 1507 2183 1543 apud
2204 1507 2332 1537 isidorum
2353 1511 2410 1544 est)

1312 1538 1439 1573 Anquina
1447 1537 1526 1566 scribi
1537 1538 1621 1567 debet
1633 1560 1641 1572 ,
1664 1540 1731 1567 utin
1742 1540 1838 1568 Cinnae
1849 1540 1925 1569 versu
1941 1563 1948 1575 ,
1970 1541 2013 1570 vel
2036 1548 2087 1578 sut
2105 1543 2247 1582 suspicor)
2267 1547 2411 1584 utrobique

1313 1575 1428 1617 Angina.
1451 1576 1525 1612 Quia
1536 1577 1611 1605 enim
1621 1576 1668 1604 ille
1677 1577 1749 1606 funis
1760 1578 1872 1614 angit&
1884 1579 2041 1616 adstringit,
2064 1581 2128 1609 ideo
2140 1585 2151 1617 (
2162 1590 2192 1610 ut
2201 1583 2321 1616 conjicio
2336 1588 2344 1617 )
2361 1588 2413 1615 An-

1313 1622 1379 1649 gina
1391 1613 1550 1642 dicebatur:
1573 1615 1647 1651 quod
1657 1615 1772 1644 innuere
1781 1615 1890 1644 videtur
1899 1616 2021 1652 Isidorus,
2034 1619 2079 1655 qui
2092 1618 2197 1648 Funem
2207 1621 2411 1658 interpretatur,

1312 1660 1368 1686 quo
1386 1658 1507 1694 antenna
1529 1651 1732 1695 constringitur.
1773 1653 1839 1682 Haec
1856 1652 1910 1683 ille.
1952 1655 2092 1690 [Videtur
2104 1658 2195 1694 potius
2215 1668 2263 1695 pro
2279 1660 2411 1690 Antennae

1312 1688 1387 1725 apud
1399 1689 1523 1729 Nonium
1541 1690 1673 1718 Anchorze
1685 1690 1859 1719 scribendum
1871 1713 1878 1726 ‚
1896 1692 1932 1721 ita
1941 1699 1971 1721 ut
1981 1692 2049 1721 nihil
2060 1693 2135 1723 aliud
2146 1695 2268 1724 indicare
2280 1697 2410 1733 voluerit,

1314 1735 1396 1762 quam
1412 1727 1440 1755 id
1451 1736 1555 1755 nomen
1572 1728 1657 1756 etiam
1673 1727 1733 1756 funi
1747 1728 1831 1757 tribui
1856 1730 2016 1759 anchorario
2028 1752 2035 1765 ,
2065 1733 2139 1768 quod
2160 1743 2224 1761 cum
2246 1743 2279 1762 ex
2295 1735 2413 1764 versibus

1313 1762 1416 1793 Lucilii
1433 1763 1536 1801 liquere
1558 1771 1643 1802 puto,
1665 1774 1724 1795 tum
1746 1775 1780 1794 ex
1803 1767 1914 1803 gemino
1929 1768 1986 1797 Cic.
2012 1768 2075 1797 loco
2096 1770 2141 1799 hic
2161 1772 2286 1805 adjecto.
2308 1782 2342 1801 ne
2361 1773 2414 1802 alia

1313 1801 1424 1830 addam.
1448 1802 1630 1831 Penultimam
1646 1804 1776 1831 auremin
1791 1804 1913 1834 Anchora
1932 1815 2009 1835 more
2022 1806 2321 1846 Grzrcorumproduxit.
2343 1811 2368 1839 S.
2385 1812 2412 1839 in

1315 1840 1345 1867 in
1361 1840 1469 1876 precisus
1489 1850 1565 1869 more
1583 1846 1647 1869 vett.
1666 1840 1763 1870 elisum
1776 1841 1901 1871 ultimam
1922 1843 2032 1872 brevem
2045 1844 2185 1883 relinquit.
2226 1846 2302 1876 Solet
2321 1856 2413 1877 autem

1312 1877 1450 1912 ejusmodi
1462 1882 1615 1915 rra-ruffinam
1638 1878 1783 1915 diligenter
1794 1879 1901 1909 Nouius
1918 1890 2073 1919 excerpere.

1297 1915 1423 1943 Anchora
1434 1915 1533 1951 figitur.
1567 1916 1649 1944 Ovid.
1662 1927 1685 1945 1.
1703 1916 1771 1946 Met.
1786 1926 1848 1954 297.

1294 1951 1390 1987 ,lacere
1403 1954 1539 1982 Anchoras
1555 1960 1617 1982 ante
1630 1960 1751 1991 portum.
1793 1955 1823 1984 V.
1855 1955 1896 1991 JA
1907 1965 1977 1985 cro.

1295 1991 1422 2019 Anchorsi
1433 1991 1467 2019 de
1478 1992 1673 2029 prorajacitur.
1698 1991 1769 2029 Virg.
1784 1996 1810 2021 6.
1821 1992 1882 2022 AEn.
1896 2003 1920 2022 v.
1932 1994 1981 2023 ult.

1296 2029 1424 2058 Anchora
1435 2030 1514 2066 pat-ia
1525 2028 1671 2059 littoribus.
1693 2029 1813 2059 Ovidz.
1832 2031 1953 2071 Epist-4.

1375 2065 1525 2095 Littoribus
1542 2068 1638 2096 nostris
1654 2067 1773 2096 anchora
1795 2070 1875 2105 patra
1892 2077 1939 2098 tua
1955 2069 2001 2099 est.

1315 2103 1387 2133 citus
1397 2114 1426 2132 es
1437 2112 1463 2133 te
1475 2105 1509 2133 ad
1518 2105 1605 2134 nostra
1615 2105 1705 2134 littora
1717 2107 1947 2143 renavigaturum.

1295 2141 1446 2171 Praecidere
1458 2142 1605 2171 anchoras:
1644 2143 1662 2171 i.
1678 2153 1701 2171 e.
1725 2143 1745 2172 F
1747 2153 1815 2173 unes
1826 2145 2011 2174 anchorarios.
2035 2144 2093 2174 Cic.
2109 2155 2134 2183 7.
2147 2145 2220 2176 Verr.
2234 2153 2278 2184 87.

1295 2179 1398 2209 Sidunt
1411 2180 1545 2209 anchorae.
1566 2180 1634 2209 Plin.
1657 2180 1704 2209 lib.
1718 2185 1743 2211 6.
1755 2190 1815 2219 cap.
1830 2192 1873 2212 22.

1295 2217 1408 2246 Solvere
1419 2218 1576 2247 anchoram.
1611 2218 1668 2247 Cic.
1690 2229 1711 2248 1.
1738 2220 1790 2248 Att.
1809 2229 1849 2248 10.

1294 2255 1370 2284 Stare
1381 2256 1410 2284 in
1421 2256 1559 2291 anchoris,
1576 2256 1619 2284 vel
1629 2257 1663 2284 ad
1675 2256 1816 2285 anchoras.
1840 2257 1904 2287 Caes.
1919 2256 2093 2292 5.Bell.Gall.
2109 2269 2152 2288 ιο.
2187 2258 2221 2289 Et
2231 2259 2300 2290 Flor.
2320 2270 2346 2291 2.
2363 2270 2408 2298 27.

1295 2292 1415 2322 Sublata:
1430 2293 1557 2322 anchorae
1570 2294 1640 2323 sunt.
1661 2294 1781 2331 Quintil.
1795 2295 1844 2324 lib.
1861 2307 1886 2330 4-
1899 2305 1959 2332 cap.
1973 2306 1999 2325 2.
2099 2323 2102 2325 .

1297 2330 1416 2360 Sublatis
1427 2332 1554 2361 anchoris
1571 2331 1711 2369 digressus.
1733 2332 1798 2362 Caes.
1809 2344 1835 2369 4.
1847 2333 1913 2362 Bell.
1927 2333 1997 2363 Gall.
2013 2343 2054 2370 33.

1297 2368 1415 2398 Vellere.
1437 2369 1493 2398 Liv.
1515 2369 1652 2404 Decad3.
1668 2370 1715 2399 lib.
1727 2380 1753 2399 2.
1983 2378 1988 2379 ⁷

1294 2405 1337 2436 De
1349 2407 1468 2436 anchora
1477 2408 1505 2436 in
1517 2408 1638 2437 nummis
1649 2407 1756 2445 Regum
1767 2408 1974 2438 Seleucidarum
1996 2408 2028 2438 V.
2046 2409 2148 2446 Spanh.
2165 2410 2200 2439 de
2214 2410 2267 2440 Usu
2290 2413 2316 2442 δε
2326 2411 2410 2442 Praest.

1313 2445 1397 2474 Num.
1418 2444 1476 2474 diss.
1498 2455 1523 2481 7.
1547 2455 1574 2483 p.
1593 2456 1657 2481 404.
1671 2445 1725 2482 seq.

1293 2482 1421 2512 Anchora
1440 2483 1630 2521 metaphorice
1651 2485 1764 2521 ponitur
1773 2493 1824 2520 pro
1843 2483 1980 2521 Refiigio,
1997 2483 2138 2520 Praesidio,
2164 2484 2343 2516 Munimento
2356 2509 2364 2521 ,
2385 2489 2411 2517 ἃς

1313 2530 1372 2549 non
1382 2520 1464 2549 semel
1482 2531 1533 2558 pro
1544 2521 1736 2551 Fundamento
1748 2521 1822 2558 apud
1835 2521 1902 2550 Plin.
1927 2521 2006 2559 Apul.
2019 2522 2106 2552 Sosin.
2129 2522 2170 2552 lta
2184 2533 2236 2561 pro
2256 2524 2411 2554 Patrocinio

1310 2559 1402 2588 amici.
1427 2558 1510 2587 Ovid.
1527 2570 1549 2594 ς.
1575 2559 1654 2588 Trist.
1672 2569 1696 2588 2.
1713 2570 1758 2595 4¹-

1257 2598 1308 2627 ΑΝ
1318 2606 1335 2625 c
1344 2607 1363 2625 11
1373 2606 1391 2625 o
1402 2600 1444 2625 aa
1454 2606 1472 2624 c
1481 2606 1498 2625 o
1509 2618 1517 2631 ,
1536 2597 1581 2625 vel
1601 2598 1622 2626 A
1632 2606 1652 2625 N
1661 2607 1678 2626 c
1688 2607 1704 2625 o
1716 2607 1731 2625 r.
1740 2601 1757 2625 Ti
1766 2607 1784 2625 G
1793 2606 1809 2625 o
1819 2619 1826 2631 ,
1848 2597 1911 2625 inis.
1933 2596 1951 2626 f.
1969 2597 2078 2627 Nomen
2091 2599 2180 2637 piscis.
2204 2599 2352 2629 Caffiodor.
2367 2610 2409 2630 12.

1294 2634 1345 2672 Ep.
1357 2647 1382 2670 4.
1408 2634 1439 2663 V.
1455 2644 1466 2663 s
1476 2645 1494 2663 A
1505 2645 1521 2662 L
1530 2645 1550 2663 M
1560 2644 1576 2663 ο
1589 2656 1597 2670 ,
1619 2634 1695 2664 idem
1705 2635 1780 2664 enim
1790 2634 1843 2664 effe
1854 2635 1983 2664 creditur.
2005 2636 2074 2665 Voss.
2096 2637 2131 2666 de
2142 2638 2217 2675 Orig.
2227 2637 2295 2666 ldol.
2305 2649 2330 2672 4.
2345 2648 2389 2673 29.

1257 2673 1278 2702 A
1288 2682 1308 2701 N
1319 2682 1364 2701 cn
1373 2682 1390 2700 ο
1401 2682 1417 2700 R
1428 2682 1446 2700 A
1457 2683 1473 2700 1.
1484 2683 1493 2700 1
1503 2682 1514 2701 s
1524 2694 1532 2707 ,
1560 2682 1583 2700 e.
1615 2670 1827 2708 [dyzvgoenv‘r]
1855 2673 1914 2709 Adj.
1939 2673 2069 2710 Apuleius
2083 2674 2129 2704 lib.
2152 2676 2200 2705 ult.
2220 2675 2287 2704 Met.
2306 2685 2333 2712 p.
2345 2681 2408 2711 2⁶5·

1295 2710 1380 2739 Navis
1403 2709 1526 2739 absoluta
1538 2710 1664 2747 strophiis
1673 2709 1866 2739 anchbralibus
1877 2732 1884 2745 ,
1906 2710 2004 2748 pelago
2015 2712 2182 2742 redderetur.

1256 2749 1278 2778 A
1288 2758 1309 2777 N
1318 2758 1334 2777 c
1346 2757 1365 2776 Η
1373 2758 1389 2776 o
1399 2758 1413 2775 R
1422 2751 1439 2776 Ᾰ
1450 2759 1465 2776 L
1475 2758 1497 2777 a.
1520 2758 1546 2776 n.
1569 2747 1649 2778 subst.
1668 2748 1750 2777 Funis
1762 2749 1806 2777 cui
1823 2748 1932 2785 alligata
1941 2750 1979 2778 est
1990 2749 2117 2779 anchora.
2139 2751 2206 2781 Plin.
2219 2749 2266 2780 lib.
2275 2760 2281 2777 ι
2289 2753 2407 2787 6.cap.8.

1290 2785 1352 2815 'Liv.
1363 2795 1388 2822 7.
1400 2785 1468 2814 Bell.
1483 2786 1592 2815 Maced.
1611 2788 1636 2815 ὁὶ
1647 2795 1691 2815 22.
1709 2797 1749 2820 19-

1256 2824 1277 2854 A
1288 2834 1309 2853 N
1320 2834 1336 2852 c
1346 2834 1365 2852 H
1375 2833 1392 2852 o
1402 2833 1417 2851 a
1428 2834 1446 2852 A
1456 2833 1518 2852 R1u
1526 2834 1538 2852 s
1546 2845 1553 2858 ,
1576 2824 1637 2859 Adj.
1660 2823 1736 2853 aliud
1759 2824 1957 2859 [ola-westou]
1978 2824 2063 2861 Quod
2076 2826 2110 2855 ad
2120 2825 2266 2855 anchoram
2277 2827 2408 2863 pertinet,

1295 2869 1326 2890 ut
1337 2861 1496 2890 Anchorarii
1504 2862 1594 2890 funes.
1616 2862 1681 2891 Caes.
1695 2871 1719 2890 2.
1737 2861 1804 2891 Bell.
1818 2861 1897 2890 Civil.
1911 2872 1935 2897 9.

1256 2901 1464 2929 ANCHORAR
1475 2910 1483 2927 1
1494 2909 1511 2928 u
1523 2909 1534 2928 s
1555 2900 1648 2929 Mons.
1672 2899 1737 2928 Plin.
1749 2899 1797 2929 lib.
1813 2909 1853 2934 13-
1868 2909 1929 2936 cap.
1946 2910 1985 2934 15.
2011 2900 2188 2930 Anchorarius
2206 2910 2285 2929 mons
2294 2910 2408 2932 vocatur

1295 2937 1430 2967 citerioris
1449 2937 1622 2966 Mauritaniae
1636 2960 1644 2972 ,
1666 2938 1713 2974 qui
1723 2937 1934 2966 laudatissimam
1945 2937 2022 2966 dedit
2033 2939 2145 2967 cedrum
2158 2960 2165 2972 ,
2183 2939 2237 2973 jam
2252 2939 2405 2969 exhaustus.

1256 2976 1278 3005 A
1288 2986 1309 3005 N
1321 2986 1337 3004 c
1348 2985 1366 3004 Η
1376 2985 1395 3003 U
1407 2986 1422 3002 R
1432 2985 1451 3003 U
1460 2984 1472 3003 s
1482 2997 1489 3009 ,
1511 2975 1596 3004 Midae
1607 2975 1688 3010 filius,
1703 2976 1736 3004 de
1748 2986 1802 3012 cuo
1813 2976 1848 3003 sic
1859 2975 1991 3004 Plutarch.
2006 2976 2032 3004 in
2045 2976 2177 3004 Parullclis
2186 2986 2244 3014 cap.
2260 2986 2283 3010 9.
2296 2986 2323 3013 p.
2343 2983 2406 3013 306.

1296 3013 1374 3042 Circa
1393 3012 1525 3041 Celaenon
1538 3013 1659 3050 Phrygiae
1675 3014 1814 3051 oppidum
1834 3020 1909 3042 terrae
1925 3014 2014 3042 hiatus
2022 3024 2084 3042 curn
2099 3024 2164 3050 aqua
2176 3014 2272 3042 domos
2283 3016 2409 3052 complu-

1294 3061 1336 3080 res
1344 3050 1406 3088 ipsis
1417 3060 1482 3079 curn
1496 3051 1660 3080 mortalibus
1671 3051 1800 3088 absorpsit
1810 3052 1838 3079 in
1849 3051 2027 3088 profundum.
2074 3051 2164 3080 Midas
2173 3060 2218 3079 rex
2227 3051 2338 3080 oraculo
2349 3057 2409 3082 rno-

1294 3090 1369 3118 nitus
1378 3095 1409 3116 ut
1419 3098 1460 3117 res
1470 3098 1502 3117 eo
1517 3089 1717 3126 pretiofiffimas
1728 3090 1897 3125 conjiceret,
1916 3090 1954 3117 ita
1964 3089 2039 3117 enim
2048 3088 2167 3117 futurum
2184 3096 2213 3116 ut
2224 3096 2292 3118 terra
2302 3090 2407 3120 coiret:

1295 3136 1360 3155 auro
1374 3127 1399 3155 St
1410 3136 1522 3163 argento
1533 3128 1636 3159 iniecto
1650 3127 1719 3155 nihil
1729 3128 1789 3164 opis
1800 3126 1897 3155 attulit.
1931 3126 2070 3155 Anchurus
2083 3126 2150 3162 regis
2161 3125 2231 3155 silius
2240 3137 2325 3163 quum
2338 3129 2408 3158 nihil

1295 3165 1325 3193 in
1340 3164 1395 3193 vita
1406 3164 1528 3193 humana
1539 3166 1680 3202 pretiosius
1689 3165 1780 3193 anima
1798 3164 1887 3193 secum
1902 3164 1957 3201 ipse
1969 3162 2096 3197 versasl‘et,
2120 3164 2189 3192 datis
2200 3165 2316 3200 genitori
2332 3176 2409 3195 com-

1294 3202 1721 3240 plexibus&Timotheaeuxori,
1733 3212 1834 3239 equum
1847 3201 1986 3233 ascendit.
2007 3202 2089 3237 inque
2100 3200 2221 3229 hiantem
2233 3201 2325 3231 locum
2341 3213 2409 3232 con-

1295 3241 1379 3269 citato
1390 3249 1461 3277 equo
1475 3240 1501 3269 se
1512 3241 1642 3276 conjecit.
1667 3240 1808 3276 Postquam
1817 3239 1845 3267 in
1858 3249 1942 3268 unum
1953 3248 2019 3266 terra
2030 3238 2121 3272 rediit,
2133 3248 2242 3268 auream
2255 3240 2331 3275 ‚lovis
2343 3242 2408 3271 ldaei

1294 3288 1369 3307 aram
1381 3287 1415 3306 eo
1428 3278 1458 3307 in
1469 3278 1532 3307 loco
1545 3279 1693 3307 dedicavit.
1733 3278 1822 3313 Hujus
1841 3278 1878 3305 rei
1891 3277 1961 3304 testis
1971 3276 2007 3303 cst
2020 3275 2198 3305 Callisthenes
2217 3287 2241 3305 2.
2256 3278 2370 3308 Metam.

1257 3312 1279 3344 A
1289 3325 1334 3345 Nc
1345 3320 1390 3344 Hi]
1400 3325 1412 3344 s
1424 3326 1443 3344 Α
1457 3337 1465 3351 ‚
1498 3317 1656 3352 [dynam]
1680 3315 1769 3344 Herba
1784 3325 1792 3349 ς
1815 3315 1849 3342 de
1861 3324 1911 3350 qua
1927 3313 1961 3341 sic
1972 3313 2039 3341 Plin.
2051 3313 2097 3342 lib.
2112 3323 2136 3342 2.
2164 3324 2223 3352 cap.
2236 3325 2278 3344 20.
2311 3316 2344 3345 Et
2361 3327 2408 3345 an-

1295 3353 1384 3382 chusae
1393 3353 1471 3382 radix
1482 3354 1511 3382 in
1522 3354 1568 3382 usu
1580 3354 1617 3382 est
1628 3375 1636 3388 ,
1658 3352 1763 3390 digitali
1775 3351 1955 3381 craslitudine.
1986 3350 2110 3379 Finditur
2122 3353 2216 3389 papyri
2227 3347 2330 3388 modo¹,
2351 3364 2409 3384 ma.

1294 3401 1402 3428 nosque
1417 3391 1503 3420 inficit
1514 3391 1662 3428 sanguineo
1674 3390 1765 3419 colore
1781 3399 1787 3417 :
1818 3395 1949 3427 praeparat
1959 3387 2033 3417 lanas
2045 3389 2166 3425 pretiosis
2179 3390 2326 3420 coloribus.

1294 3429 1449 3458 Anchusam
1460 3429 1544 3458 hodie
1557 3428 1643 3458 Gallia
1656 3429 1821 3454 Orchanetam
1833 3433 1930 3460 vocat,
1951 3425 2112 3455 mulieribus
2132 3437 2188 3455 non
2209 3428 2332 3464 ignotam
2348 3439 2408 3466 quae

1262 3492 1266 3494 Δ
1313 3466 1437 3495 colorem
1450 3467 1531 3495 faciei
1542 3467 1663 3495 nativum
1675 3465 1737 3493 fuco
1754 3464 1942 3498 mentiuntur,
1965 3473 2079 3500 qumque
2089 3465 2267 3494 vernaculum
2276 3477 2409 3504 genarum

1313 3504 1447 3542 pallorem
1462 3505 1515 3533 hoc
1527 3504 1629 3532 inse-,dtu
1649 3503 1788 3531 occulunt.
1827 3501 1908 3530 Certe
1927 3501 2010 3543 malas
2027 3501 2145 3538 eleganti
2157 3505 2337 3534 commendat
2347 3514 2411 3544 pur-

1316 3542 1427 3580 purisso.
1451 3542 1576 3571 Ruellius
1591 3541 1637 3569 lib.
1652 3550 1675 3576 3.
1689 3549 1749 3576 cap.
1761 3544 1804 3572 88.
1847 3539 1876 3567 V.
1898 3538 2020 3568 Dioscor.
2033 3550 2060 3575 4.
2076 3543 2121 3576 65.

1257 3581 1365 3611 ANCH
1379 3590 1460 3614 rLE,
1484 3590 1521 3609 es.
1562 3579 1593 3607 V.
1618 3588 1663 3606 AN
1676 3586 1772 3605 crta.

1257 3618 1404 3648 AuciLa
1415 3639 1424 3653 ,
1447 3618 1478 3646 is.
1501 3627 1528 3645 n.
1556 3614 1715 3652 [ἀμύλιον]
1737 3613 1871 3642 Plutarch.
1895 3614 1923 3642 in
1935 3614 2027 3642 Numa
2047 3624 2106 3652 cap·
2119 3624 2164 3649 ας,
2194 3615 2309 3645 Scutum
2319 3616 2411 3648 breve.

1296 3655 1404 3693 Virg.7,
1423 3656 1484 3685 AEn.
1500 3660 1558 3688 138.
1597 3667 1634 3673 ›-
1652 3651 1772 3687 levaque
1787 3650 1877 3679 ancile
1895 3652 2012 3688 gerebat.
2098 3652 2150 3681 Ubi
2168 3652 2288 3690 Servius,
2307 3656 2410 3690 Ancile,

1295 3694 1411 3724 Scuturn
1430 3693 1518 3721 breve.
1560 3690 1703 3727 Regnante
1724 3689 1814 3717 Numa
1826 3710 1833 3723 ,
1857 3690 1930 3717 coelo
1950 3688 2229 3725 hujusmodiscuruin
2240 3691 2344 3729 lapsum
2355 3696 2412 3721 est:

1296 3732 1397 3761 &data
1414 3728 1538 3766 responsa
1549 3727 1610 3755 sunt
1627 3727 1685 3755 illic
1695 3726 1753 3754 fore
1772 3725 1906 3755 summam
1924 3728 2032 3764 imperii
2051 3728 2097 3756 ubi
2119 3728 2188 3756 illud
2212 3729 2285 3758 esset.
2328 3730 2413 3765 Quo-21

1295 3778 1332 3798 nc
1358 3767 1505 3803 aliquando
1522 3763 1609 3802 posset
1631 3764 1748 3798 auferri,
1786 3772 1834 3793 aut
1851 3764 1885 3793 ab
1908 3765 1984 3793 hoste
2006 3765 2113 3802 agnosci
2127 3787 2134 3799 ,
2170 3776 2218 3802 per
2245 3768 2413 3795 Mamurium

1295 3806 1405 3835 fabrum
1429 3803 1516 3832 multa
1540 3802 1636 3831 similia
1653 3802 1797 3830 fecerunt:
1842 3803 1887 3831 cui
1912 3804 1937 3831 Sc
1957 3803 2032 3832 diem
2051 3802 2260 3837 consecrarunt,
2285 3814 2339 3840 quo
2357 3805 2415 3841 pel-

1295 3843 1352 3872 lem
1374 3842 1456 3878 virgis
1481 3839 1586 3869 feriunt
1604 3839 1640 3868 ad
1661 3839 1725 3868 artis
1748 3839 1964 3869 similitudinem.
2024 3840 2149 3869 Dicimus
2169 3849 2260 3870 autem
2284 3842 2338 3870 hoc
2361 3843 2416 3870 An-

1297 3880 1370 3916 cile,
1394 3880 1419 3908 8:
1437 3879 1496 3908 haec
1520 3877 1628 3908 Ancilia
1643 3899 1651 3912 ,
1672 3876 1822 3915 pluraliter.
1883 3878 2055 3907 Anciliorum
2075 3888 2140 3907 vero
2160 3878 2298 3916 usurpavit
2317 3879 2413 3945 Hffirat.

2371 3926 2416 3945 em

2088 2072 2105 2101 i.
2124 2081 2148 2100 e.
2171 2071 2310 2102 Promissa.
2332 2073 2412 2103 Polli-
