2641 4187
491 134 519 169 A
617 135 641 169 B
738 134 769 170 U

81 216 196 245 Ubertas
206 226 340 254 agrorum,
357 215 580 252 abundantiaquc
591 224 681 243 rerum
692 216 827 244 omnium.
850 215 907 244 Cic.
919 222 1015 246 contra
1024 217 1097 247 Rull.
1114 225 1137 246 1.
1154 224 1195 252 ¹8.

82 253 270 320 Ogcunpuere
280 254 408 282 omnibus
418 254 506 292 copiis
516 275 523 288 ‚
545 259 626 290 atque
636 253 664 280 in
675 254 802 282 omnium
817 262 908 282 reruni
920 254 1088 284 abundantia
1098 256 1197 287 vivere.

125 291 158 320 ic.
177 302 211 320 (e
223 292 328 320 Aniicit.
345 300 385 325 52.

82 328 264 358 Abundantiae
282 329 366 356 modo
379 327 483 364 aliquid
503 328 613 356 ducere.
644 327 733 356 Tacit.
752 327 780 354 in
792 326 852 356 Vita
867 328 952 363 Agric.
969 340 1027 367 cap.
1041 333 1066 359 6.
1109 330 1201 359 Ludos

102 368 128 396 δι
147 366 237 395 inania
251 366 363 395 honoris
374 388 382 399 ,
413 367 498 394 inodo
512 365 624 394 rationis
646 373 727 400 atque
743 364 917 393 abundantiae
933 366 1029 401 duxit,
1060 368 1099 396 uti
1120 367 1202 403 longe

101 403 251 470 }luxuria,
273 404 309 432 ita
321 404 398 432 iamae
409 404 530 441 propior.
561 403 622 431 linc
638 402 692 436 est,
713 401 865 430 secundum
884 404 1038 433 mensuram
1052 406 1164 434 rationis
1177 408 1203 435 Sc

114 451 209 470 uarum
223 451 318 478 opum.

82 478 257 509 Abundantia
271 479 447 507 foeminarum
459 500 466 512 ,
497 477 525 506 id
540 476 594 511 cst,
625 476 734 505 Menses
745 498 752 510 ,
783 475 827 505 scu
849 478 985 508 menstrua
1005 480 1104 517 largius
1119 479 1206 508 fluen-

101 516 248 583 Pa‘l'ri’lin‘
266 516 312 545 lib.
330 527 374 552 24.
399 526 458 554 cap.
476 525 517 545 ir.
556 514 633 543 Rhus
648 514 825 543 foeminarum
839 514 1036 547 abundantiam
1051 518 1114 546 sistit
1131 517 1203 546 c‘rbo.

118 560 135 582 .t
160 565 167 582 1
189 577 195 583 .
208 563 250 584 ν’.
266 564 325 583 Ca).
341 564 382 583 12.

47 592 145 623 Aaou
156 576 269 620 oAr‘ro
280 614 287 626 ,
300 565 385 621 1onis.
418 588 566 626 [ἐπ’ῤῥοιοι]
598 588 722 617 Verbale.
754 587 822 617 Plin.
839 587 885 618 lib.
900 600 924 627 3.
941 601 1000 630 cap.
1021 596 1061 622 16.
1103 592 1207 622 Omnia

84 638 119 660 ex
133 628 278 658 Philistina·
290 629 363 658 foffae
377 628 565 658 abundatione
580 626 725 669 nascentia.

48 667 173 699 Asuui)
184 677 200 695 A
211 677 304 696 urai<
315 689 323 700 ,
343 668 411 696 Adv.
428 665 574 703 qualitatis.
597 664 746 700 [ium-em]
769 663 902 701 Copiosc,
923 665 1036 702 affatim,
1052 668 1204 696 affluenter.

84 703 152 733 Plin.
170 703 216 734 lib.
231 714 275 740 24.
292 714 352 742 cup.
366 715 391 741 9.
428 703 496 733 Haec
510 704 562 732 fert
576 703 604 731 in
621 701 759 739 AEgyptO,
789 702 919 739 Syriaque
935 706 1017 733 etiam
1034 706 1208 734 abundanter

83 740 220 779 lignosum
242 742 371 771 fructum.
411 741 489 771 Idem
509 741 557 770 lib.
580 745 620 774 18.
653 749 712 777 cap.
740 744 781 773 18.
831 739 924 769 Taum
948 743 1050 772 tardius
1078 743 1206 777 decedit,

103 786 188 808 uanto
206 779 392 809 abundantius
406 780 500 809 crevit.

102 817 203 854 ‘opiose
215 820 240 847 ὅ(
254 817 426 847 abundanter
440 817 524 854 loqui.
557 815 614 844 Cic.
630 814 665 843 dc
678 813 754 843 Orat.
770 823 795 842 2.
810 823 852 849 35.

85 854 154 884 Satis
164 855 344 884 abundanter.
368 856 425 884 Cic.
440 865 462 890 3.
476 855 511 884 ad
522 853 622 882 Hercu.
650 852 691 881 Ad
702 861 815 880 omnem
825 852 986 887 judicialem
996 855 1104 884 causam
1114 864 1209 892 quem-

86 892 238 921 admodum
255 895 417 923 conveniret
433 892 623 921 inventionem
642 899 733 918 rerum
748 891 970 927 accommodari,
992 892 1052 922 satis
1066 892 1209 922 abundan-

85 935 143 964 ter,
164 937 195 959 ut
211 930 325 960 arbitror
337 953 345 966 ,
373 929 557 968 superioribus
571 927 646 956 libris
661 927 877 966 demonstratum
892 929 936 957 est.

85 967 277 998 Abundantius
290 972 316 999 ὅ(
328 969 470 1007 Augustius
479 990 487 1003 ,
509 966 652 995 contraria.
678 965 736 1007 Cic.
749 965 778 993 in
787 965 887 1001 Topic.
926 967 1034 998 Tamen
1043 968 1103 997 aliis
1117 967 1209 1005 dispu-

104 1006 256 1036 tationibus
270 1007 455 1036 abundantius
469 1010 636 1037 occurrunt,
663 1002 723 1031 aliis
738 1004 885 1039 angustius.

86 1043 278 1074 Abundantius
290 1044 417 1074 crescere.
442 1042 509 1072 Plin.
523 1042 570 1071 lib.
587 1047 625 1074 18.
644 1050 703 1077 cap.
719 1046 761 1074 18.
784 1041 1030 1072 Abundantiffinie.
1053 1043 1131 1072 Idem
1144 1053 1168 1077 ς.
1181 1052 1207 1078 9.

86 1081 265 1111 Abundanter
279 1085 305 1112 ἃ
319 1081 405 1111 Presse
420 1081 529 1115 dicere,
561 1080 705 1108 contraria.
746 1078 865 1114 Quintil.
883 1078 928 1108 lib.
947 1086 971 1113 8.
994 1091 1053 1118 cap.
1071 1091 1095 1117 3.
1137 1080 1211 1109 Con-

105 1120 188 1149 citate
210 1121 301 1149 dicere
325 1129 360 1148 an
381 1119 541 1153 moderate,
578 1116 640 1146 laete
658 1126 692 1145 an
711 1115 820 1151 severe,
852 1116 1025 1147 abundanter
1047 1129 1082 1148 an
1105 1117 1209 1156 presse,

105 1158 198 1195 aspere
211 1168 246 1187 an
261 1158 367 1187 leniter.

52 1195 95 1224 Aa
104 1205 121 1223 υ
131 1205 151 1224 N
160 1206 177 1224 D
187 1206 200 1224 ε
209 1218 217 1231 .,
239 1197 254 1231 [
262 1192 387 1228 ἀφθόνως]
418 1193 485 1223 Adv.
506 1192 666 1230 quantitatis
685 1191 839 1221 derivatum
858 1202 873 1221 a
886 1191 970 1222 verbo
984 1193 1103 1223 Abundo
1113 1215 1121 1228 ,
1143 1193 1210 1222 teste

87 1232 212 1263 Priscian.
232 1232 412 1262 Abundanter
425 1238 519 1260 autem
530 1230 564 1259 ab
575 1229 736 1259 Abundans.

86 1270 121 1300 Et
134 1271 171 1299 est
184 1270 317 1305 Abunde,
341 1270 417 1299 idem
431 1269 506 1306 quod
519 1268 596 1297 Satis.
632 1268 712 1296 Unde
727 1268 797 1296 Satis
809 1267 981 1297 abundanter
993 1269 1128 1298 dicimus:
1149 1268 1212 1298 satis

105 1308 233 1342 abunde,
263 1318 321 1336 non
340 1308 427 1336 item:
457 1306 506 1336 nisi
526 1306 620 1335 addita
641 1305 858 1340 conjunctione:
892 1312 923 1335 ut
944 1307 1013 1335 Satis
1033 1306 1208 1343 abundeque.

104 1346 209 1375 Author
220 1345 295 1375 Valla
306 1346 335 1374 in
346 1345 487 1382 Poggium.
508 1343 577 1373 Plin.
590 1345 619 1372 in
633 1343 707 1372 Praef.
723 1347 751 1372 6.
780 1343 898 1372 Abunde
908 1344 1056 1381 pulchrum
1067 1346 1093 1374 Sc
1107 1344 1213 1381 magni-

104 1383 189 1413 ficum
201 1383 247 1413 est.
271 1383 376 1413 Sallust.
392 1383 420 1411 in
431 1381 558 1420 Jugurth.
593 1381 710 1411 Abunde
723 1391 822 1418 magna
836 1382 966 1418 praelidia.

88 1421 206 1454 Abunde
215 1421 262 1456 est,
279 1431 344 1450 cuni
355 1421 486 1458 genitivo.
508 1419 580 1456 Virg.
593 1429 617 1457 7.
635 1429 697 1455 552.
727 1419 878 1448 Terrorum
891 1420 1030 1449 &fraudis
1042 1420 1153 1449 abunde
1163 1419 1210 1449 est.

105 1459 139 1489 In
152 1459 206 1489 hoc
223 1458 358 1496 loquendi
371 1468 471 1496 genere
486 1457 575 1495 ipsum
601 1457 754 1493 (abunde)
781 1456 894 1493 figurate
908 1467 956 1495 pro
974 1459 1147 1488 nominativo
1161 1468 1214 1496 po.

105 1497 181 1526 nitur
191 1519 198 1532 ,
220 1497 288 1526 sicut
300 1499 326 1526 ἅ
337 1507 402 1526 cum
413 1496 532 1525 dicimus
542 1517 549 1530 ‚
570 1495 639 1524 Satis
651 1495 689 1524 est
699 1494 740 1523 illi
755 1495 890 1532 pecuniae.

87 1535 204 1564 Abunde
215 1535 348 1573 potentiae
363 1534 510 1571 gloriaeque
521 1533 647 1572 adeptus.
676 1533 791 1562 Sueton.
806 1533 836 1561 in
847 1532 911 1563 Caes.
933 1544 992 1572 cap.
1007 1538 1051 1569 86.

86 1573 204 1602 Abunde
216 1572 284 1602 salis.
317 1571 437 1609 Quintil.
454 1571 500 1601 lib.
518 1582 558 1600 10.
580 1581 640 1609 cap.
658 1581 680 1600 1.

87 1610 205 1640 Abunde
216 1610 269 1643 efl'e
280 1610 371 1640 alicui.
393 1610 426 1639 Id
437 1610 489 1645 est,
510 1610 580 1639 Satis
591 1608 725 1646 superque
734 1608 796 1638 effe.
827 1608 896 1638 Cels.
909 1609 956 1639 lib.
972 1620 995 1639 1.
1012 1620 1071 1649 cap.
1085 1619 1108 1647 3.
1141 1610 1214 1648 Ergo

107 1649 174 1678 huic
186 1648 297 1678 abunde
310 1650 348 1677 est
363 1648 427 1677 loco
438 1648 535 1685 tepido
550 1647 695 1676 demittere
707 1646 743 1676 se.

88 1686 206 1719 Abunde
226 1687 280 1721 est,
312 1686 444 1723 sequente
458 1685 604 1716 infinitivo
636 1684 704 1714 Plin.
719 1684 783 1721 Jun.
803 1684 886 1722 Epist.
901 1695 961 1722 103.
1002 1686 1057 1715 Sed
1073 1691 1214 1724 utrunque

107 1731 165 1754 tam
178 1734 310 1762 magnum
324 1724 362 1753 est
371 1746 378 1759 ,
399 1730 431 1753 ut
443 1723 554 1753 abunde
566 1723 597 1752 sit
609 1723 725 1752 alterum
741 1722 858 1752 efficere.

88 1762 206 1796 Abunde
216 1763 270 1798 est,
294 1772 344 1800 pro
356 1761 480 1797 Sufficit,
501 1761 562 1790 satis
574 1761 710 1799 superque
729 1761 784 1796 est,
813 1761 851 1790 ait
867 1761 935 1791 Bud.
957 1759 1025 1792 Plin.
1043 1761 1109 1797 Jun.
1128 1761 1211 1800 Epist,

116 1810 176 1829 122.
190 1800 307 1830 Abunde
322 1800 360 1829 est
371 1800 389 1828 si
401 1798 522 1837 epistolae
536 1799 598 1828 sunt
611 1798 740 1828 molestae.
1195 1814 1197 1818 ν

92 1838 206 1868 Abunde
219 1844 317 1875 gratus.
350 1838 434 1867 Ovid.
446 1849 471 1873 4.
490 1837 525 1866 de
539 1837 626 1866 Ponto
636 1859 644 1872 ,
664 1847 689 1866 V.
704 1845 746 1874 37.

88 1875 252 1906 Promittere
265 1876 385 1905 abunde.
418 1875 526 1905 Lucret.
542 1875 589 1904 lib.
603 1885 626 1912 3.
647 1880 708 1908 180,

88 1913 175 1944 Ratus
188 1914 308 1943 abunde.
337 1913 427 1943 Tacit.
440 1913 506 1942 Hist.
525 1913 571 1943 lib.
584 1923 608 1943 2.
627 1923 673 1949 95.

89 1952 250 1984 Satissacere
261 1951 380 1981 abunde.
402 1951 435 1981 Id
445 1951 492 1986 est,
506 1950 624 1986 Affatim,
637 1951 746 1988 largiter
756 1951 782 1980 &
793 1950 912 1989 copiose.
935 1950 993 1981 Cic.
1005 1960 1030 1984 2,
1044 1951 1079 1981 de
1087 1951 1180 1981 Divin.
1188 1960 1211 1982 1.

108 1990 167 2019 Erit
179 1990 289 2019 abunde
301 1989 469 2019 satisfac‘tum
482 1989 533 2018 toti
546 1989 611 2018 huic
622 1989 774 2026 quaestioni.

90 2028 207 2060 Abunde
216 2050 223 2064 ,
244 2037 308 2056 cum
320 2027 378 2057 aliis
390 2027 487 2057 verbis.
515 2026 573 2059 Cic,
586 2027 621 2056 de
631 2027 738 2056 Sene&
778 2026 867 2056 Etiam
879 2027 897 2056 fi
908 2037 966 2056 non
975 2027 1086 2056 abunde
1118 2028 1211 2057 otitur.

108 2066 154 2096 Sic
166 2065 276 2095 abunde
288 2065 338 2094 tibi
349 2064 448 2097 adsunt
459 2065 569 2094 omnia:
590 2075 641 2103 pro
653 2063 771 2103 Copiose
784 2064 943 2103 suppetunt.
979 2065 1037 2095 Cic.
1051 2066 1087 2095 ad
1096 2038 1170 2095 Pssiut.
1186 2076 1212 2101 4.

109 2103 226 2133 Abunde
240 2105 353 2132 tractata
363 2103 401 2132 est
414 2103 492 2132 ratio.
524 2102 593 2132 Plin.
607 2102 653 2132 lib.
667 2114 691 2138 ι).
712 2112 770 2140 cap.
784 2113 830 2138 41.

89 2141 224 2177 Abunde,
255 2151 320 2170 cum
340 2139 419 2170 subst.
456 2140 563 2170 Sallust.
580 2141 707 2179 jugurth.
730 2150 790 2178 cap.
811 2151 852 2176 14.
901 2141 975 2170 Dein
993 2141 1070 2179 quod
1086 2146 1215 2179 parentes

109 2180 220 2209 abunde
232 2179 373 2209 habemus.
398 2179 482 2216 Quasi
492 2185 523 2208 tu
535 2179 610 2208 dicas
620 2201 628 2214 ,
648 2179 718 2208 Satis
729 2186 876 2216 parentum
886 2202 893 2213 ,
915 2179 960 2208 vel
975 2179 1036 2208 satis
1054 2179 1157 2208 multos
1169 2189 1216 2216 pa-

108 2224 209 2247 rentes.
237 2217 317 2247 Idem
334 2217 364 2246 in
378 2217 456 2246 Orat.
468 2217 537 2247 Met.
551 2216 669 2246 Tribuni
679 2216 769 2255 plebis
780 2217 815 2246 ad
826 2217 955 2255 plebem:
976 2217 1083 2246 Cuncta
1105 2227 1138 2246 ue
1148 2227 1217 2254 prae-

108 2255 178 2285 senti
188 2255 296 2292 ignavia
313 2255 452 2291 mutastis,
483 2254 595 2284 abunde
607 2254 763 2284 libertatem
778 2256 828 2284 rati
840 2277 848 2289 ,
877 2256 940 2292 quia
958 2256 1040 2293 tergis
1055 2255 1088 2284 ab
1113 2256 1211 2284 inetur.

108 2294 164 2323 hoc
182 2293 237 2329 est,
266 2292 327 2323 Rati
345 2292 407 2322 satis
425 2292 479 2322 effe
496 2292 647 2328 libertatis,
675 2298 724 2322 aut
736 2292 797 2321 satis
816 2303 945 2331 magnam
964 2292 1129 2322 libertatem.
1170 2293 1216 2323 Sic

109 2331 220 2362 abunde
240 2330 278 2360 est
299 2330 442 2361 arboribus
463 2330 582 2361 altitudo
605 2337 723 2368 quatuor
736 2331 851 2368 pedum.
889 2330 1027 2360 Columel.
1045 2331 1092 2361 lib.
1107 2341 1132 2361 2.
1153 2341 1213 2369 cap.

110 2379 135 2403 2.
159 2379 170 2401 1
195 2392 200 2401 .
1150 2377 1151 2380 ’

54 2378 227 2441 ΛΒυΝυ7υ3
237 2429 246 2443 ,
266 2406 326 2442 Adj.
352 2404 423 2436 Gell.
437 2405 485 2435 lib.
500 2417 522 2435 1.
536 2417 594 2445 cap.
608 2417 633 2436 2.
656 2407 781 2437 Lavacris
794 2407 889 2437 nitidis
899 2409 925 2437 δε
935 2407 1069 2442 abundis,
1091 2408 1117 2437 Sc
1128 2406 1216 2436 collu-

92 2444 228 2475 centibus.
262 2444 297 2474 Et
307 2445 405 2474 Accius
417 2445 491 2482 apud
503 2445 629 2474 Nonium
638 2457 664 2482 4.
681 2456 740 2482 191.
772 2445 870 2483 Neque
880 2447 906 2474 vi
917 2452 992 2475 tanta
1008 2446 1153 2482 quisquam
1167 2446 1213 2481 est,

92 2492 183 2521 neque
196 2489 252 2511 tam
264 2482 392 2511 abundus
403 2482 522 2512 fortunis
539 2483 627 2512 ferox.
668 2484 708 2514 Ita
726 2484 795 2522 legit
811 2484 910 2522 Guyet.
931 2484 967 2513 ad
977 2483 1042 2513 Ter.
1057 2482 1135 2513 Adel.
1146 2495 1172 2520 4.
1188 2492 1211 2520 3.

91 2521 166 2552 Hinc
180 2520 342 2550 adverbium
354 2520 471 2552 Abunde
481 2543 489 2555 ,
511 2521 546 2550 de
558 2531 613 2558 quo
625 2528 713 2551 antea.
857 2523 860 2525 ’

56 2561 215 2594 Aisvom,
237 2555 423 2594 [ἀφίπᾶμεᾳ]
450 2558 577 2588 Volando
590 2559 711 2589 discedo
742 2559 801 2591 Cic.
814 2569 839 2590 2.
856 2559 891 2588 de
908 2559 968 2589 fin.
982 2562 1043 2588 106.
1081 2558 1155 2589 Fluit
1168 2560 1218 2597 igi-

92 2602 138 2626 tur
146 2596 274 2634 voluptas
284 2596 408 2634 corporis
415 2618 423 2631 ,
439 2597 465 2626 ἃ
477 2597 565 2634 prima
575 2607 691 2635 quaeque
701 2597 811 2627 abvolat
820 2620 828 2632 ,
849 2597 1002 2635 fiFPIusque
1011 2597 1144 2635 relinquit
1154 2608 1218 2627 cau÷

92 2634 131 2665 fiis
144 2634 301 2673 poenitendi
316 2643 399 2670 quarn
413 2634 587 2664 recordandi.
631 2635 683 2665 Alii
701 2635 798 2672 legunt
811 2634 916 2665 Avolat.

57 2672 126 2702 Anu
135 2682 197 2702 Pus
206 2694 215 2707 ,
236 2672 382 2701 Britannice
398 2672 498 2701 fluvius
509 2673 646 2703 maximus
656 2696 663 2708 ,
686 2673 845 2704 Ptolemaeo.

57 2711 163 2745 Arius.
185 2708 308 2746 [λ’ζῶι]
329 2709 390 2739 Pars
405 2709 443 2739 est
456 2711 560 2740 montis
575 2711 659 2741 Tauri
673 2711 753 2749 supra
768 2712 925 2740 Armeniam
935 2733 943 2745 ,
964 2711 1000 2740 ad
1015 2712 1088 2741 viam
1099 2722 1152 2750 qua
1163 2712 1217 2741 itur

94 2747 183 2777 versus
200 2747 345 2780 Ecbatana.
379 2747 412 2780 V.
427 2748 514 2781 Strab,
531 2749 578 2778 lib.
594 2759 635 2781 11.
677 2749 722 2779 Est
733 2749 816 2779 etiam
833 2749 907 2779 Abus
920 2749 1087 2786 Ptolemaeo,
1116 2750 1218 2783 fluvius

93 2785 246 2817 Britanniae.

56 2823 199 2853 Anusro.
221 2823 252 2856 V.
274 2833 431 2856 Assu'ros.

57 2862 240 2898 AsusQJE,
261 2862 322 2897 [ἕως
339 2858 407 2897 λ’πῦ]
427 2862 493 2892 Adv.
512 2862 601 2893 Modo
612 2870 733 2902 tempus,
749 2863 835 2893 modo
848 2864 943 2895 locum
952 2863 1121 2899 fignificans:
1143 2863 1217 2894 &est

93 2900 206 2938 poetica
223 2908 295 2934 vox,
323 2910 374 2938 pro
393 2900 487 2938 Usque
504 2901 547 2930 ab.
582 2901 668 2931 Plaut.
690 2902 789 2940 Amph.
807 2913 832 2937 4.
876 2902 942 2931 Haec
961 2902 1019 2931 illic
1039 2902 1077 2932 est
1096 2908 1219 2940 pugnata

91 2936 322 3006 prugiiaAEbusque
333 2948 414 2969 mane
424 2939 460 2968 ad
472 2938 623 2977 vesperum.
663 2940 697 2970 Id
710 2941 748 2973 est
759 2962 767 2976 ,
787 2940 809 2970 A
819 2950 900 2972 mane
915 2949 1002 2977 usque
1015 2941 1050 2970 ad
1060 2941 1213 2980 vesperum,

118 2986 141 3005 ir
161 2999 167 3005 .
218 2985 243 3007 n.
259 2985 283 3012 7.
297 2981 359 3012 289.

143 2985 160 3014 ἓ
180 3013 319 3043 *Siculo
333 3014 474 3053 prospexit
486 3014 609 3053 abusque
622 3015 762 3054 Pachyno,

31 3073 38 3088 ,
94 3050 149 3081 Ubi
161 3051 287 3087 Servius,
313 3052 443 3090 Abusque
458 3054 484 3083 Sc
494 3053 624 3091 Adusque
636 3053 792 3092 usurpative
807 3054 934 3084 dicimus.
972 3053 1128 3092 Praepositio
1140 3057 1217 3086 enim

94 3098 147 3119 nec
158 3089 289 3118 adverbio
300 3090 438 3128 iungitur,
458 3101 511 3120 nec
522 3091 716 3130 praepoiitioni.
757 3092 890 3130 (Usque)
909 3099 1003 3123 autem
1014 3098 1061 3121 aut
1072 3093 1155 3132 Praep.
1168 3095 1215 3132 est,

93 3133 142 3156 aut
154 3127 222 3156 Adv.
252 3127 331 3157 Idem
343 3129 426 3158 sentit
438 3129 600 3161 Diomedes.
1126 3133 1130 3136 ’

93 3164 241 3203 Abusque,
274 3175 478 3204 nonnunquam
494 3166 543 3196 suo
565 3167 684 3197 ablativo
701 3168 883 3207 postponitur.

113 3203 249 3232 Animalia
260 3204 341 3233 maris
356 3204 471 3234 Oceano
486 3204 608 3242 abusque
623 3207 765 3243 petiverat.

8 3277 10 3281 y
58 3241 280 3276 Ass'uToNon,
301 3241 456 3278 [ἀξέπνον]
483 3242 576 3272 Herba
595 3243 633 3274 est
649 3243 823 3284 Dioscoridi,
850 3254 911 3284 quae
928 3243 982 3276 alio
1000 3245 1116 3274 nomine
1133 3245 1218 3275 Abro-

93 3284 194 3308 tonum
206 3285 327 3310 vocatur.
361 3280 391 3309 V.
413 3290 457 3311 AB
465 3290 506 3309 Ro
516 3290 534 3309 τ
542 3290 559 3310 o
568 3290 588 3310 N
597 3291 616 3310 u
624 3291 653 3311 M.

59 3316 204 3347 Ani-mori
214 3340 221 3353 ,
251 3314 453 3354 [λ’νιτχρρέομοᾳ,
479 3315 678 3354 »ωιταχϋίομ-οη,
704 3316 916 3356 maffia-affluas]
945 3319 1029 3349 abuti.
1067 3319 1112 3349 Est
1132 3320 1218 3351 Valde

94 3355 144 3384 uti.
188 3355 244 3385 Sed
261 3355 345 3384 etiam
365 3357 395 3384 in
415 3355 518 3385 bonam
534 3363 642 3394 partem
663 3359 689 3387 ἃ*
708 3368 758 3396 pro
780 3358 896 3396 simplici
920 3358 975 3387 Uti.
1014 3357 1071 3389 Cic.
1097 3358 1133 3387 de
1150 3359 1216 3391 Nat,

93 3391 177 3422 Deor.
193 3403 254 3429 151.
294 3393 354 3423 Nos
368 3394 588 3432 Elephantorum
604 3395 763 3426 acutissimis
780 3396 917 3430 senlibus,
946 3405 997 3426 nos
1014 3396 1158 3432 sagacitate
1175 3407 1219 3426 ca-

95 3440 164 3460 num
176 3431 211 3460 ad
224 3430 373 3463 utilitatem
392 3432 511 3461 nostram
523 3432 670 3462 abutimur.
700 3434 779 3464 Idem
793 3434 867 3464 Fam.
882 3434 928 3463 lib.
941 3444 966 3469 9.
981 3437 1005 3463 6.
1050 3434 1121 3470 Quae
1134 3435 1218 3473 igitur

95 3467 183 3499 studia
191 3479 355 3507 magnorum
369 3470 517 3499 hominum
527 3470 679 3507 sententia,
707 3473 882 3501 vacationem
900 3471 1021 3505 habent,
1050 3472 1148 3502 eadem
1167 3483 1219 3512 pu-

95 3505 161 3537 blici
173 3508 313 3543 muneris,
340 3508 373 3537 iis
391 3508 566 3537 concedente
581 3509 677 3546 repub.
694 3519 744 3539 cur
764 3520 822 3539 non
840 3510 1007 3539 abutamur?
1038 3509 1171 3542 Similiter
1188 3512 1219 3541 in

96 3542 197 3574 bonam
211 3550 317 3583 partein
330 3546 465 3583 accipitur
477 3546 507 3577 in
521 3546 684 3576 Miloniana.

96 3581 178 3611 Aburi
190 3590 296 3612 veteres
310 3583 376 3612 hinc
391 3584 539 3619 dixerunt,
567 3595 618 3622 pro
633 3595 666 3613 eo
681 3586 757 3622 quod
770 3585 810 3615 est
821 3585 928 3615 utendo
943 3584 1122 3621 consumere,
1152 3596 1219 3615 con-

115 3619 213 3656 ficere,
234 3621 413 3659 extinguere,
442 3628 473 3650 ut
486 3623 593 3651 notavit
604 3622 754 3652 Hotoman.
768 3624 797 3652 in
815 3623 862 3652 suo
878 3623 942 3653 Lex.
983 3622 1018 3652 Et
1030 3624 1060 3653 in
1075 3624 1126 3653 hac
1139 3624 1220 3661 signi-

114 3656 243 3689 ficatione
256 3658 314 3688 Cic.
333 3659 451 3689 ablativo
469 3660 565 3697 iungit.
596 3660 768 3690 Vetustiores'
778 3662 861 3690 etiam
876 3660 1038 3691 accusativo.
1070 3662 1128 3691 Cic.
1142 3663 1216 3694 Verr,

118 3704 142 3730 ς.
180 3696 238 3726 Nisi
252 3697 329 3725 omni
346 3698 472 3735 tempore
484 3720 492 3732 ,
523 3698 598 3735 quod
617 3699 686 3727 mihi
700 3699 761 3736 lege
782 3698 942 3729 concessum
961 3699 1017 3735 est,
1047 3699 1146 3729 abusus
1160 3710 1216 3730 ero.

115 3732 149 3763 Id
161 3733 215 3769 est,
247 3733 304 3765 Nisi
325 3744 409 3764 omne
428 3742 557 3773 tempus,
588 3737 664 3773 quod
682 3737 750 3767 mihi
771 3737 816 3766 let<
833 3735 984 3772 conceffit,
1016 3737 1137 3769 dicendo
1153 3748 1221 3767 con.-

114 3770 262 3808 sumpsero.
292 3772 361 3804 Cato
375 3773 410 3802 de
424 3773 455 3802 R.
472 3773 505 3802 R.
521 3784 581 3811 cap.
596 3778 638 3810 76.
657 3784 679 3809 3.
718 3774 811 3804 Linito
823 3784 909 3811 usque
921 3775 991 3803 adeo
1003 3775 1095 3805 donec
1105 3786 1220 3805 omnem

115 3808 224 3840 caseum
233 3818 297 3841 cum
310 3810 393 3840 melle
406 3811 504 3841 abusus
517 3812 578 3840 eris.
597 3813 669 3841 conf.
686 3812 766 3842 Paraei
777 3813 842 3842 Lex.
856 3812 921 3841 Crit.
936 3822 962 3850 p.
978 3817 1019 3842 16.
1042 3813 1128 3843 Plaut.
1138 3814 1218 3844 Trin.

116 3856 140 3882 3.
155 3856 180 3878 2.
200 3851 240 3882 56.
282 3847 331 3878 Me
344 3849 390 3885 qui
409 3848 506 3878 abusus
526 3849 585 3878 sum
599 3857 705 3880 tantam
722 3860 779 3879 reni
799 3851 924 3888 patriam.
961 3850 997 3879 Et
1011 3851 1050 3880 ita
1065 3851 1128 3881 Ter.
1149 3852 1222 3881 dixit

114 3885 145 3914 in
156 3884 225 3916 Prol.
238 3885 306 3914 And.
324 3897 356 3920 5„
376 3886 502 3924 Operam
511 3887 586 3916 abuti
599 3888 627 3916 in
641 3888 763 3925 prologis
781 3888 950 3922 scribundis,
972 3898 1023 3926 pro
1034 3888 1179 3919 Collocare
1194 3891 1220 3919 δι

29 3928 59 3948 ’..
113 3922 293 3989 tconsumere,
312 3925 553 3967 quemadmodum
565 3927 639 3957 recte
650 3919 775 3958 Turrieb.
794 3932 891 3957 contra
903 3932 1045 3968 receptam
1058 3928 1222 3967 interpretas

127 3969 221 3991 ionem
234 3968 383 3990 annotavit.

929 3168 1018 3198 Tacit.
1036 3168 1084 3198 lib.
1102 3179 1144 3207 ις,
1170 3179 1214 3209 37,

1662 144 1689 179 A
1787 145 1809 178 B
1909 143 1938 178 T
2365 159 2409 187 21

1293 221 1372 264 Abuti
1400 232 1505 254 veteres
1524 224 1624 262 passive
1651 226 1782 255 dixerunt
1811 235 1859 263 pro
1891 225 2051 255 Consumor.
2099 225 2170 256 Varr.
2193 228 2267 264 apud
2288 228 2411 260 Priscian.

1313 258 1359 288 lib.
1374 266 1398 301 8.
1416 272 1441 299 p.
1456 273 1518 298 792.
1562 263 1634 291 Utile
1655 273 1764 292 inanius
1783 265 1893 300 potius,
1922 273 2002 298 quani
2022 264 2054 292 ab
2074 274 2135 299 rege
2154 265 2306 294 abutamur.
2349 267 2416 296 Inde

1312 296 1410 337 abulus
1430 301 1604 336 participium
1632 302 1658 329 in
1685 303 1782 330 cadem
1806 301 2008 337 lignilicatione.
2048 302 2114 330 lbid.
2145 302 2269 331 llortcns.
2322 305 2415 334 Abuiis

1313 337 1515 376 Jalm'oinnibus
1535 338 1617 368 locis.
1647 338 1859 372 ιιμὲιχξνξγινπυ.
1897 338 1980 367 l'laut.
2003 338 2071 367 Alin.
2097 350 2116 367 i.
2140 349 2162 373 3.
2185 352 2229 376 44.
2280 340 2331 369 Ubi
2356 353 2416 379 quie

1316 370 1483 413 dedi—anre?
1505 384 1527 402 c.
1547 376 1634 404 abusi.
1682 376 1712 405 lii
1731 386 1812 413 quem
1828 376 1920 405 locuni
1937 376 2065 410 Nonius.
2096 376 2200 413 Abusa,
2229 379 2354 415 utendo,
2375 380 2419 409 vel

1317 417 1344 449 in
1359 410 1433 437 ulum
1448 412 1615 449 consumpti.

1298 444 1371 473 llinc
1388 447 1464 488 Aburi
1483 458 1529 484 per
1541 451 1744 488 metaphoram,
1766 462 1815 490 pro
1832 451 1907 481 Male
1923 451 1970 480 uti.
2012 449 2079 479 Cato
2093 461 2098 482 :
2122 452 2203 482 Utere
2215 454 2331 490 qiittfitis
2343 477 2350 490 ,
2372 454 2418 484 sed

1318 491 1353 509 nc
1367 484 1482 512 ridearis
1496 485 1578 515 abuti.

1299 518 1380 547 Abuti
1398 521 1520 551 muliere.
1552 523 1615 552 Ter.
1634 525 1740 556 I’horni.
1756 537 1780 556 2.
1795 537 1819 557 2.
1840 530 1883 558 67.

1319 566 1387 599 nore
1399 579 1405 590 ,
1432 558 1575 588 Abutimur
1589 572 1651 590 cum
1668 564 1773 595 iniuria.

1300 593 1381 639 Aburi
1396 596 1557 638 translatum
1571 599 1603 626 ad
1620 609 1660 627 res
1679 601 1869 638 incorporeas:
1901 609 1931 631 ut
2013 604 2030 631 ti
2052 602 2167 635 alicuius
2186 605 2326 641 patientia.
2359 605 2417 636 Cic.

1320 641 1347 659 in
1361 633 1470 675 Catilin.
1488 644 1508 662 i.
1530 644 1557 677 1..
1593 636 1745 701 Qflfflffllflss
1757 640 1867 668 tandem
1886 640 1968 669 abuti:
1984 651 1998 670 c
2010 640 2128 670 Catilina
2144 642 2275 678 patientia
2292 643 2402 671 uostra‘?

1301 668 1382 697 Abuti
1401 670 1511 713 auribus
1525 671 1647 714 alicujus.
1683 674 1698 701 l'
1713 675 1748 703 in.
1771 677 1832 709 jun.
1856 677 1934 713 issf-iit.
1953 688 2011 713 ¹50·
2053 678 2325 715 Acccduntquerelic
2345 681 2419 709 rusti-

1320 716 1415 748 corum
1427 729 1434 741 ,
1456 709 1626 750 quiauribus
1640 712 1706 738 ineis
1722 713 1778 747 post
1794 713 1905 748 longum
1919 724 2027 752 tenipus
2039 715 2086 744 suo
2101 716 2156 749 iure
2171 717 2329 747 abutuntur.

1301 742 1630 787 Immoderutcticilitate
1644 748 1766 781 alicuius.
1800 752 1855 778 Cic.
1882 762 1920 780 ¹2.
1949 754 2022 782 Fam.
2053 763 2073 781 i.
2099 760 2125 786 8.
2176 755 2209 783 At
2231 756 2306 783 enini
2324 756 2359 783 itu
2376 755 2423 784 dc-

1321 791 1475 825 crevimus:
1511 784 1627 812 lecimus
1651 785 1679 812 id
1702 787 1811 826 quidem
1837 791 2005 824 temporibus
2025 791 2176 827 cedentes,
2210 802 2269 829 quac
2287 793 2420 821 valentin

1321 828 1377 856 rep.
1399 819 1567 856 plurimum:
1601 821 1648 850 scd
1669 823 1848 854 immoderate
1876 827 1985 861 quidam
2009 831 2034 857 δι
2054 829 2157 864 ingrate
2182 831 2271 859 nostra
2293 829 2423 863 Facilitate

1322 856 1481 886 abutuntur.

1302 893 1509 927 Dominatione.
1542 895 1655 925 Sueton.
1675 897 1702 924 in
1722 897 1786 926 Cius.
1802 902 1845 934 76.
1865 909 1886 928 1.

1303 931 1511 962 festivitatibus.
1547 934 1604 962 Cic.
1630 935 1658 962 in
1682 936 1756 963 Orat.
1784 940 1840 971 ¹7⁶·

1924 525 1976 556 Ubi
1996 525 2138 563 Donatus,
2166 528 2275 558 Utiniur
2291 539 2355 559 cum
2371 530 2421 559 lio-

1344 970 1348 974 ·
1439 975 1441 979 ι
1484 971 1489 976 ⁶
1527 970 1534 975 .
1571 972 1603 977 ..
1649 972 1654 977 .
1721 973 1725 978 ³
1758 972 1765 977 ὴ
1841 975 1845 979 .
1894 937 2005 973 Gorgias
2023 946 2113 970 autem
2134 942 2238 972 aridior
2258 943 2296 972 est
2319 943 2426 979 generis

1323 979 1382 1003 eius
1394 992 1401 1003 ,
1425 974 1450 1000 ot
1463 971 1504 999 liis
1519 972 1708 1000 iestiV1tatibiis
1720 972 1881 1003 inlolentius
1892 975 2019 1004 abutitur.

1303 1006 1432 1037 Fortunis
1447 1008 1592 1037 hominum
1608 1010 1642 1038 ad
1656 1011 1845 1047 cupiditatem.
1879 1012 1936 1041 Cic.
1952 1022 1976 1043 7.
2000 1013 2069 1043 Verr.

1304 1044 1397 1073 Gloria
1415 1046 1544 1074 nominis.
1572 1047 1628 1077 Cic.
1644 1059 1669 1082 4.
1691 1049 1772 1080 Acad.

1303 1081 1480 1118 Ignoratione
1493 1083 1617 1116 alicuius.
1649 1085 1706 1114 Cic.
1718 1096 1768 1123 pro
1780 1085 1864 1123 Ligar.
1883 1096 1904 1116 1.
1946 1086 2054 1116 Paratus
2070 1098 2214 1125 veneram,
2245 1102 2327 1127 quum
2344 1100 2374 1122 tu
2397 1094 2425 1122 id

1324 1129 1413 1157 neque
1432 1131 1481 1158 pei·
1503 1127 1529 1150 te
1543 1121 1648 1164 scires,
1681 1133 1770 1166 neque
1790 1124 1884 1153 audire
1901 1123 2014 1153 aliunde
2033 1126 2161 1162 potuiilcs
2173 1150 2179 1161 ,
2210 1135 2238 1156 ut
2255 1130 2425 1163 iunnraiione

1322 1164 1386 1192 tua,
1418 1159 1453 1187 ad
1474 1159 1593 1188 hominis
1612 1160 1700 1189 miseri
1720 1161 1833 1191 lalutem
1851 1162 1986 1191 abuterer.
2266 1161 2268 1165 ¹

1304 1194 1422 1239 Legibus
1438 1197 1472 1224 ad
1483 1198 1622 1233 quaeltum.
1654 1200 1711 1228 Cic.
1729 1210 1778 1237 pro
1792 1199 1870 1229 Rosc.
1891 1201 1978 1228 Amer.
1997 1211 2038 1235 54.
2079 1200 2155 1237 Quid
2169 1202 2205 1230 cst
2222 1202 2294 1232 aliud
2313 1206 2424 1241 indicio,

1324 1243 1355 1276 ac
1366 1233 1475 1275 legibus
1485 1256 1493 1268 ,
1511 1244 1543 1263 ac
1553 1236 1691 1271 majestate
1708 1238 1793 1266 vestra
1808 1237 1884 1267 abuti
1902 1238 1937 1266 ad
1951 1238 2082 1274 quaestum
2092 1261 2099 1273 ,
2127 1246 2207 1275 atquc
2219 1241 2253 1268 ad
2263 1242 2405 1272 libiiinem
2418 1254 2424 1272 :

1325 1273 1373 1299 nili
1389 1271 1442 1301 hoc
1458 1272 1543 1300 modo
1562 1273 1708 1304 accusare?

1305 1308 1429 1338 Nomine
1446 1309 1538 1338 alieno
1550 1311 1584 1339 ad
1595 1311 1656 1341 suos
1671 1312 1795 1348 quaestus.
1826 1312 1884 1345 Cic,
1901 1324 1923 1348 5.
1945 1312 2018 1342 Verr.
2034 1323 2076 1347 50.

1307 1346 1375 1388 Otio
1394 1350 1420 1376 ok
1438 1347 1534 1376 litei-is.
1568 1348 1624 1378 Cic.
1643 1359 1664 1378 1.
1683 1350 1764 1380 Ture.
1787 1361 1808 1380 1.
1827 1360 1851 1385 3.
1891 1351 1962 1380 Fieri
1981 1358 2073 1380 autem
2096 1351 2201 1387 potest,
2231 1359 2261 1381 ut
2280 1356 2350 1382 recle
2368 1356 2428 1391 quis

1324 1385 1443 1414 sentiat:
1476 1387 1501 1415 St
1515 1386 1545 1428 id
1562 1387 1637 1423 quod
1655 1387 1753 1422 sentit,
1788 1388 1874 1425 polite
1895 1388 1988 1424 eloqui
2009 1398 2065 1416 non
2087 1388 2190 1425 pollit:
2231 1389 2275 1418 scd
2301 1393 2427 1422 mandare

1325 1432 1484 1460 quenquam
1501 1423 1587 1453 literis
1605 1426 1787 1462 cogitationes
1806 1426 1863 1455 suas
1875 1448 1882 1460 ,
1915 1428 1960 1463 qui
1980 1436 2024 1455 eas
2043 1436 2093 1455 nec
2112 1426 2273 1463 disponere,
2304 1439 2354 1458 nec
2370 1430 2430 1459 illu-

1325 1461 1405 1490 strare
1429 1461 1527 1498 pollit,
1559 1472 1611 1491 ncc
1635 1463 1820 1492 delectatione
1840 1463 1931 1500 aliqua
1947 1463 2056 1493 allicere
2075 1464 2225 1500 lectorem,
2253 1466 2371 1495 hominis
2391 1470 2428 1497 eit

1324 1499 1542 1536 intemperanter
1557 1500 1695 1529 abutentis
1713 1504 1737 1530 ok
1755 1502 1813 1529 otio
1832 1503 1857 1531 8<
1876 1502 1970 1530 literis.
2002 1501 2104 1531 Patere.
2124 1501 2170 1530 lib.
2184 1512 2207 1531 2.
2226 1513 2269 1538 ος.
2287 1514 2312 1539 p.
2330 1514 2386 1536 123.
2403 1512 2426 1539 8.

1325 1536 1453 1565 Sentium
1479 1538 1659 1568 Saturninum
1675 1561 1682 1573 ,
1713 1539 1873 1568 militariiim
1896 1539 2050 1568 officiorum
2071 1540 2222 1577 patientem
2243 1551 2273 1569 ac
2294 1543 2427 1578 peritum:

1325 1574 1373 1606 sed
1387 1575 1509 1604 eundem
1519 1598 1526 1610 ,
1548 1576 1595 1605 ubi
1609 1577 1722 1614 negotia
1738 1577 1863 1606 iecissent
1881 1576 1976 1606 locum
1991 1578 2050 1606 otio
2063 1599 2070 1613 ‚
2092 1576 2240 1609 liberaliter
2252 1578 2379 1615 lauteque
2395 1591 2430 1609 co

1325 1612 1495 1644 abutentem,
1650 1615 1652 1617 ’

1306 1649 1403 1687 Regno
1418 1652 1443 1680 ἃ
1459 1650 1571 1680 licentia
1585 1651 1619 1680 ad
1633 1653 1734 1682 onmia.
1768 1653 1825 1682 Cic.
1844 1663 1865 1684 1.
1884 1654 1919 1683 de
1933 1654 1996 1683 Nat.
2010 1653 2091 1683 Deor.
2108 1657 2151 1689 65.

1306 1688 1415 1718 Scelere
1431 1691 1456 1718 ot
1470 1689 1585 1726 pertidia
1600 1690 1634 1718 ad
1648 1689 1764 1726 alicujus
1776 1692 1901 1720 exitium.
1934 1692 1992 1723 Cic.
2007 1692 2059 1721 Att.
2077 1691 2123 1720 lib.
2140 1701 2162 1727 3.
2185 1700 2225 1726 14,

1306 1727 1440 1757 Sermone
1460 1727 1552 1764 aliquo
1571 1726 1648 1756 abuti
1662 1738 1713 1765 pro
1733 1729 1869 1758 mandatis
1881 1751 1889 1765 ,
1918 1730 1947 1758 id
1967 1730 2022 1763 est,
2054 1729 2143 1758 Verba
2161 1728 2277 1764 alicuius
2295 1730 2428 1767 arripere,

1327 1766 1354 1793 ἅ*
1370 1765 1406 1793 ad
1428 1764 1513 1793 alium
1531 1771 1663 1802 tanquam
1685 1766 1709 1794 ei
1734 1767 1896 1797 mandatum
1915 1767 1946 1796 sit
1964 1768 2078 1796 deferre.
2126 1766 2183 1796 Cic.
2200 1767 2253 1795 Att.
2275 1766 2320 1796 lib.
2338 1777 2362 1804 7.
2389 1778 2428 1803 13.

1326 1801 1364 1831 Ut
1383 1802 1411 1831 id
1429 1802 1517 1840 ipsum
1535 1802 1603 1831 milii
1620 1803 1666 1832 ille
1678 1804 1803 1833 videatur
1818 1805 1951 1834 irridendi
1966 1804 2044 1834 causa
2059 1804 2152 1834 feciss‘e
2162 1827 2169 1839 ,
2191 1805 2237 1841 qui
2255 1806 2337 1834 tantis
2349 1805 2382 1834 dc
2393 1816 2433 1835 re-

1326 1840 1378 1870 bus
1389 1840 1454 1868 huic
1469 1840 1599 1869 mandata
1617 1841 1741 1871 dederit:
1770 1843 1817 1871 nili
1829 1843 1899 1872 forte
1910 1853 1969 1872 non
1984 1843 2079 1877 dedit,
2108 1845 2134 1873 ok
2148 1842 2194 1871 hic
2204 1842 2329 1872 sermone
2340 1843 2432 1882 aliquo

1327 1886 1436 1915 arrepto
1446 1900 1454 1912 ,
1478 1888 1529 1915 pro
1544 1879 1680 1908 mandatis
1695 1879 1792 1909 abusus
1806 1880 1845 1912 lit.

1308 1916 1418 1945 Viribus
1432 1916 1563 1953 corporis.
1594 1916 1651 1946 Cic,
1667 1927 1689 1946 1.
1707 1917 1742 1948 de
1754 1918 1860 1948 Invent.
1876 1927 1898 1954 3.
1920 1919 1947 1947 ἃ
1961 1917 2016 1947 Liv.
2032 1927 2056 1948 2.
2080 1915 2119 1945 Ab
2141 1917 2173 1946 U.
2186 1916 2217 1946 C.
2237 1923 2296 1951 182.

1308 1954 1490 1987 Abutendum
1503 1953 1529 1982 se
1540 1955 1707 1992 permittere.
1740 1956 1856 1986 Sueton.
1876 1957 1904 1985 in
1918 1955 1995 1985 Galb.
2012 1965 2071 1993 cap,
2090 1965 2130 1989 ¹4-
2166 1955 2216 1984 His
2234 1955 2339 1984 diverso
2354 1957 2434 1985 vitio-

1327 2002 1389 2021 rum
1407 2001 1506 2058 {enere
1521 1991 1715 2028 grassantibus,
1744 1994 1814 2025 adeo
1830 1994 1858 2027 se
1878 1993 2052 2025 abutendum
2069 1992 2190 2030 permisit
2206 1994 2232 2022 Sc
2250 1994 2380 2029 tradidit,
2403 2002 2434 2023 ut

1327 2031 1374 2060 vix
1392 2030 1407 2058 ii
1431 2030 1438 2058 i
1460 2030 1507 2067 ipsi
1523 2030 1664 2061 constaret.
1706 2031 1769 2060 Hoc·
1782 2032 1837 2068 est,
1866 2031 1907 2061 Ita
1923 2031 1949 2060 se
1974 2031 2096 2069 permisit
2112 2030 2225 2064 illorum
2244 2031 2374 2070 arbitrio,
2404 2038 2436 2061 ut

1328 2078 1380 2107 pro
1396 2068 1513 2097 libidine
1528 2067 1574 2098 sua
1587 2069 1695 2105 quidvis
1708 2069 1734 2098 ei
1749 2069 1830 2099 facile
1844 2069 2047 2108 persuaderent.

1271 2110 1428 2143 Ariusio,
1459 2106 1570 2142 Tropus
1588 2106 1626 2136 est
1639 2107 1750 2142 durior,
1783 2108 1829 2145 qui
1852 2104 2001 2142 ηφπέχξηστς
2026 2107 2128 2136 dicitur
2148 2117 2154 2136 :
2191 2107 2226 2139 de
2248 2116 2303 2144 qua
2323 2107 2383 2138 Cic.
2405 2108 2435 2138 in

1310 2146 1387 2175 Orat.
1408 2144 1442 2173 ad
1460 2144 1534 2173 Brut.
1555 2154 1598 2180 94.
1641 2144 1796 2176 Aristoteles
1817 2152 1911 2174 autem
1929 2144 2102 2174 translationi
2125 2144 2184 2174 haec
2203 2145 2260 2182 ipsa
2279 2144 2434 2181 subjungit,

1311 2185 1339 2214 Sc
1359 2182 1519 2213 abusionem
1534 2204 1541 2217 ,
1572 2192 1655 2219 quarn
1674 2182 1847 2212 Catachresin
1866 2189 1987 2212 vocant:
2023 2188 2053 2212 ut
2072 2192 2136 2212 cum
2155 2182 2299 2212 Minutum
2318 2184 2437 2214 dicimus

1310 2221 1435 2251 animum
1450 2230 1499 2257 pro
1518 2219 1620 2255 Parvo,
1649 2222 1675 2250 Sc
1688 2221 1827 2250 abutimur
1843 2221 1933 2250 verbis
1950 2220 2114 2258 propinquis
2129 2242 2137 2255 ,
2171 2220 2188 2248 si
2213 2230 2284 2258 opus
2305 2222 2342 2250 cst
2354 2243 2361 2255 ,
2392 2221 2436 2250 vel

1310 2258 1387 2298 quod
1409 2258 1545 2294 delcetat,
1574 2257 1619 2287 vel
1637 2259 1713 2296 quod
1732 2258 1806 2291 licet,
1846 2259 1889 2292 De
1908 2259 1959 2292 hac
1979 2268 2090 2296 quoque
2111 2258 2239 2287 meminit
2259 2258 2323 2288 Fab.
2343 2259 2389 2288 lib.
2407 2265 2434 2293 8.

1311 2308 1371 2335 cap.
1387 2306 1412 2326 2.
1436 2298 1461 2327 ὃς
1480 2295 1526 2325 lib.
1541 2305 1563 2332 3.
1586 2306 1645 2334 cap.
1662 2305 1686 2332 ζ,

1271 2336 1434 2370 Asusoss,
1457 2334 1519 2363 oris.
1542 2344 1579 2362 m.
1600 2334 1741 2371 Prodigus.
1769 2334 1885 2364 Salvian.
1901 2340 1926 2368 8.
1942 2344 1970 2371 p.
1985 2337 2048 2370 296.
2086 2333 2259 2363 Perditorum
2273 2333 2326 2362 hoc
2343 2334 2436 2364 adole-

1310 2373 1436 2403 scentum
1450 2371 1566 2410 speciale
1580 2373 1739 2401 convicium
1752 2372 1806 2407 est,
1837 2379 1868 2401 ut
1881 2372 2008 2401 abusores
2024 2371 2129 2401 scilicet
2147 2373 2173 2405 δε
2187 2371 2316 2400 incuriosi
2338 2382 2369 2400 ac
2389 2382 2436 2401 ne-

1313 2411 1447 2449 gligentes
1461 2420 1552 2439 rerum
1563 2409 1672 2439 suarum
1686 2409 1739 2439 csse
1753 2411 1889 2443 dicantur.⁴

1272 2450 1429 2483 Ani-isus,
1459 2449 1498 2477 us.
1528 2458 1564 2479 m.
1597 2447 1773 2486 [in-figam]
1804 2448 1914 2477 Dicitur
1939 2458 2026 2486 quum
2051 2447 2142 2485 aliqua
2163 2458 2193 2476 re
2217 2457 2266 2485 per
2294 2447 2435 2476 licentiam

1312 2487 1384 2517 male
1400 2486 1512 2516 utimur.
1551 2485 1665 2515 Ponitur
1682 2496 1697 2514 a
1709 2485 1914 2522 Jurisconsultis
1927 2496 1977 2524 pro
1990 2485 2210 2523 Consumptione
2220 2508 2227 2521 ,
2257 2486 2437 2523 quemadmo-

1313 2525 1382 2554 dum
1397 2526 1423 2554 δι
1436 2524 1552 2553 verbum
1570 2523 1652 2553 Abuti
1669 2534 1718 2561 pro
1740 2524 1908 2553 Consumcre
1926 2546 1934 2558 ,
1967 2526 1992 2554 Se
2014 2523 2120 2552 utendo
2134 2524 2258 2561 perdere.
2305 2524 2378 2552 Hinc
2396 2533 2434 2552 eie

1311 2573 1355 2593 res
1370 2563 1399 2591 in
1414 2562 1497 2594 abusu
1509 2584 1517 2594 ,
1549 2571 1607 2591 non
1625 2561 1672 2591 usu
1691 2562 1834 2591 consistere
1850 2563 1998 2597 dicuntur,
2027 2571 2143 2597 quarum
2161 2560 2224 2590 usus
2243 2561 2291 2590 nisi
2306 2569 2434 2599 pereant,

1313 2600 1407 2631 nullus
1421 2600 1476 2635 est,
1508 2600 1560 2628 sive
1579 2610 1639 2637 quse
1655 2600 1761 2628 utendo
1779 2599 1987 2629 consumuntur.
2018 2599 2081 2637 Ulp.
2102 2598 2119 2627 l.
2136 2610 2157 2633 ς.
2176 2600 2196 2635 §.
2212 2609 2233 2628 1.
2251 2599 2285 2628 D.
2303 2599 2337 2628 de
2351 2599 2431 2628 usust.

1313 2649 1408 2669 earum
1426 2648 1518 2668 rerum
1537 2648 1597 2675 quae
1619 2637 1666 2667 usu
1690 2637 1812 2667 consum.
1862 2638 1888 2667 Si
1904 2638 2030 2675 pecuniie
2050 2637 2204 2666 usufructus
2218 2659 2227 2672 ,
2257 2637 2365 2674 inquit,
2396 2636 2434 2665 le-

1313 2685 1391 2716 gatus
1406 2676 1438 2706 sit
1451 2698 1459 2710 ,
1493 2675 1539 2705 vel
1560 2676 1674 2705 aliarum
1699 2686 1790 2706 rerum
1806 2698 1814 2714 ,
1858 2685 1919 2713 quae
1942 2676 1972 2704 in
1992 2674 2076 2704 abusu
2102 2675 2270 2709 conlistunt,
2304 2685 2354 2703 nec
2373 2684 2434 2703 cau-

1312 2717 1353 2745 tio
1372 2715 1553 2744 interveniat:
1587 2714 1742 2746 videndum
1756 2715 1793 2743 est
1806 2736 1813 2748 ,
1843 2724 1878 2742 an
1891 2713 1970 2742 finito
1985 2713 2144 2748 usufructu,
2171 2713 2289 2751 pecunia
2307 2723 2366 2750 quie
2387 2713 2433 2740 da-

1312 2760 1340 2783 ta
1359 2754 1413 2788 est,
1443 2752 1486 2781 vel
1510 2760 1614 2781 czeterae
1637 2762 1698 2787 res,
1732 2762 1792 2789 quae
1813 2752 1841 2780 in
1859 2751 2050 2788 absumptione
2074 2750 2136 2780 sunt
2149 2773 2157 2785 ,
2191 2751 2302 2779 condici
2322 2749 2430 2787 pollint.

1313 2792 1372 2821 Cic.
1388 2792 1417 2820 in
1436 2790 1536 2828 Topic.
1560 2800 1600 2827 17.
1654 2790 1720 2820 Non
1739 2790 1823 2819 debet
1843 2799 1875 2818 ea
1894 2789 2012 2826 mulier,
2046 2789 2089 2818 cui
2110 2789 2150 2817 vir
2169 2789 2305 2817 bonorum
2323 2788 2434 2816 suorum

1312 2829 1513 2859 usumfructum
1534 2828 1653 2866 legavit,
1682 2827 1760 2857 cellis
1779 2828 1888 2856 vinariis
1910 2829 1936 2857 oi:
1955 2827 2063 2856 oleariis
2080 2826 2170 2864 plenis
2190 2826 2307 2859 relictis,
2337 2834 2433 2862 putare

1313 2868 1344 2897 id
1358 2868 1393 2896 ad
1406 2867 1432 2896 se
1447 2867 1595 2904 pertinere.
1635 2865 1704 2895 Usus
1716 2867 1790 2895 enim
1800 2888 1808 2900 ,
1830 2875 1886 2894 non
1903 2865 2002 2895 abusus
2018 2864 2123 2902 legatus
2138 2865 2183 2893 est.
2224 2864 2276 2892 Ubi
2288 2863 2431 2897 Boethius,

1314 2906 1424 2935 Utimur
1438 2905 1471 2933 iis
1483 2927 1490 2939 ‚
1517 2914 1577 2941 quie
1594 2904 1675 2933 nobis
1694 2903 1836 2933 utentibus
1854 2910 2035 2941 permanent:
2065 2903 2097 2932 iis
2116 2912 2181 2931 vero
2197 2901 2351 2935 abutimur,
2372 2910 2434 2938 qua:

1314 2944 1395 2973 nobis
1409 2942 1551 2972 utentibus
1566 2948 1693 2980 pereunt.

1276 2985 1434 3016 Amisus,
1456 2990 1488 3016 a,
1508 2990 1565 3010 um.
1586 2980 1647 3016 Adj.
1682 2979 1712 3012 V.
1733 2979 1816 3017 paulo
1831 2985 1894 3008 ante
1909 2979 1938 3009 in
1955 2987 2111 3007 ABUTOR.

1274 3021 1455 3054 Asusivs,
1485 3018 1552 3047 Adv.
1587 3015 1804 3056 [wemma]
1847 3016 1965 3053 Quintil.
1989 3016 2035 3045 lib.
2050 3026 2074 3051 9.
2092 3025 2150 3052 cap.
2163 3024 2187 3043 2.
2197 3023 2230 3056 P·
2244 3023 2307 3051 777.
2340 3013 2432 3056 I3urni,

1311 3058 1398 3092 Nunc
1410 3067 1468 3086 non
1478 3055 1587 3089 abusive
1601 3055 1766 3093 dispensatio
1780 3055 1825 3087 est.
1851 3055 1930 3084 Idem
1941 3060 1966 3089 8.
1980 3058 2006 3087 6.
2043 3053 2156 3085 Abusive
2169 3051 2258 3088 aliqua
2272 3062 2300 3085 re
2315 3059 2363 3085 uti.

1276 3210 1346 3240 ABY
1354 3219 1373 3239 1>
1382 3209 1446 3238 0εό
1455 3219 1506 3241 MAE
1515 3229 1525 3243 .,
1544 3209 1561 3244 [
1569 3202 1741 3242 ἀέυὲηόμαᾳ]
1762 3205 1900 3235 Dicuntur
1911 3203 2100 3241 sycophantae.
2121 3211 2135 3230 a
2143 3200 2227 3230 verbo
2240 3201 2336 3234 νεμέόν,
2355 3200 2433 3237 quod

1312 3247 1352 3277 est
1371 3246 1465 3276 Efferri
1478 3269 1486 3281 ,
1518 3247 1544 3275 Sc
1564 3254 1661 3283 parum
1681 3243 1804 3272 modeste
1822 3243 1848 3272 se
1867 3252 1966 3280 gerere.
2006 3240 2158 3281 Hoc-enim
2174 3239 2294 3281 nominer
2303 3238 2374 3267 male
2388 3248 2434 3267 au-

1314 3285 1430 3315 diebant
1444 3284 1587 3321 Abydeni,
1608 3282 1684 3320 quod
1695 3281 1812 3319 insignes
1823 3280 2021 3310 calumniarum
2032 3279 2147 3306 artihccs
2158 3278 2251 3310 client.
2281 3275 2345 3306 Cael.
2360 3275 2434 3305 Rho-

1315 3324 1370 3360 dig.
1387 3322 1433 3352 lib.
1448 3326 1491 3351 26.
1509 3332 1568 3359 cap.
1583 3331 1626 3350 21.
2143 3353 2147 3358 Ι
2417 3352 2421 3356 η

1277 3361 1447 3394 ABYDON,
1470 3364 1549 3389 onos.
1582 3351 1723 3395 [Ᾰζυὲὲν]
1755 3354 1927 3394 Regiuncula
1945 3353 1982 3382 est
1998 3352 2182 3387 macedonii-e.
2221 3351 2356 3384 Authiires
2375 3352 2435 3380 Sui³

1315 3399 1382 3434 das,
1404 3400 1430 3428 ἃ
1444 3397 1609 3435 Stephanus.
1879 3430 1883 3434 ⁵
1936 3429 1941 3434 ¹
2048 3428 2053 3434 ’
2387 3426 2393 3430 ᾖ

1276 3438 1441 3470 Animus,
1470 3433 1620 3471 [Ᾱζυὲῶω]
1649 3433 1719 3463 Urbs
1737 3432 1800 3462 Asia¹
1814 3441 1828 3459 a
1844 3428 1955 3459 Milesiis
1970 3428 2083 3457 condita
2097 3428 2133 3457 ad
2145 3426 2357 3465 Hellespontum
2377 3428 2433 3458 lita.

1315 3475 1403 3513 patria
1420 3473 1557 3507 Leandri,
1584 3472 1629 3501 cui
1643 3472 1731 3501 Sestos
1746 3471 1774 3499 in
1790 3469 1897 3504 Europa
1918 3466 2086 3503 opponitur,
2114 3466 2305 3499 intercedente
2323 3464 2436 3502 angusto

1315 3522 1391 3542 mare
1403 3510 1646 3548 Hellespontiaco:
1675 3509 1709 3538 de
1724 3518 1776 3545 quai
1791 3505 1864 3543 apud
1880 3504 1948 3540 Virg.
1963 3505 2060 3547 Georg.
2078 3514 2100 3533 i.
2120 3514 2182 3545 ²07·

1392 3549 1496 3578 Pontus
1511 3550 1537 3578 S:
1552 3548 1675 3577 Ostriferi
1691 3547 1783 3575 fiiuces
1799 3549 1939 3572 tentantur
1952 3542 2048 3579 Abydi,
2275 3578 2279 3583 ¹
2359 3577 2363 3581 ι

1315 3587 1408 3617 Hodie
1418 3585 1599 3616 Dardanclla:
1621 3585 1793 3613 munimenta
1807 3580 1852 3609 illa
1866 3579 1890 3608 T
1893 3580 1991 3608 urcica.
2034 3579 2078 3609 Est
2092 3580 2160 3608 item
2171 3579 2281 3616 ffigypti
2298 3576 2436 3614 oppidum

1316 3625 1478 3655 Memnonis
1489 3625 1562 3660 regia
1577 3625 1603 3653 ἃ
1617 3622 1730 3651 Osiridis
1742 3618 1846 3655 templo
1857 3617 2001 3655 inclytum.
2030 3617 2098 3646 Plin.
2113 3617 2159 3645 lib.
2176 3628 2199 3653 ς.
2216 3626 2275 3653 cap.
2288 3625 2312 3651 9.
2420 3651 2425 3656 .

1317 3663 1446 3695 Abvdum
1463 3672 1497 3691 ne
1514 3670 1626 3690 temere.
1657 3657 1768 3688 subaud.
1785 3656 1910 3692 Navigcz.
1953 3655 2074 3692 Nequod
2086 3664 2168 3696 grave
2186 3653 2342 3692 periculum
2359 3650 2438 3680 susci.-

1336 3696 1411 3739 pias,
1432 3700 1488 3728 line
1500 3699 1696 3728 causaidonea.
1732 3694 1827 3723 Erasm.
1846 3695 1874 3722 in
1888 3693 1970 3736 Adag.
2170 3729 2174 3734 ι
2432 3725 2437 3730 ι

1278 3739 1389 3776 Abydos
1412 3738 1528 3774 gemina.
1567 3732 1858 3773 Appropinquantibus
1877 3741 1953 3760 enim
1973 3736 2085 3768 apparet
2104 3739 2213 3767 gemina
2238 3734 2350 3766 propter
2371 3725 2437 3758 Sesti

1336 3777 1516 3808 vicinitatem.
1539 3773 1594 3802 Val.
1612 3772 1698 3802 flacc.
1711 3772 1808 3811 Argon.
1825 3780 1846 3798 1.
1865 3775 1927 3803 285.

1278 3816 1399 3845 ABYDE
1410 3822 1477 3841 Nts
1488 3834 1495 3847 ,
1516 3811 1576 3846 Adj.
1600 3805 1761 3846 [A’mea'nj
1782 3808 1847 3837 Stat.
1865 3807 1912 3835 lib.
1929 3816 1950 3835 1.
1967 3805 2039 3842 Sylv.
2052 3815 2076 3834 2.
2092 3810 2135 3841 87,

1276 3847 1281 3849 ’
1390 3850 1452 3878 Vidi
1466 3851 1491 3878 Sc
1504 3848 1628 3885 Ab3deni
1643 3847 1750 3883 juvenis
1765 3846 1898 3874 certantia
1913 3844 1994 3872 remis
2112 3881 2116 3885 .

1390 3887 1511 3918 Brachia.
1543 3886 1575 3915 ld
1589 3886 1644 3919 cst,
1665 3884 1791 3916 Leandri.
1830 3883 1908 3912 Idem
1925 3892 1946 3913 1,
1965 3879 2059 3910 Achill.
2087 3880 2190 3909 Littore
2206 3879 2347 3916 Abydeno„
2370 3914 2374 3918 ⁶

1317 3926 1443 3957 Abvdeni
1460 3935 1474 3953 a
1491 3924 1617 3961 Philippo
1637 3922 1828 3952 Macedonum
1845 3930 1908 3957 rege
1925 3919 1997 3956 gravi
2016 3918 2160 3947 obsidione
2173 3917 2252 3950 press'i
2264 3939 2270 3951 ,
2300 3924 2375 3944 omni
2390 3912 2434 3950 spe

1335 3959 1429 3996 salutis
1445 3962 1569 3999 abjecta,
1598 3962 1625 3990 in
1645 3970 1703 3989 eam
1726 3960 1830 3991 rabiem
1844 3958 1907 4024 sript
1921 3956 2044 3990 accensi,
2074 3964 2104 3985 ut
2125 3954 2151 3983 se
2169 3954 2282 3992 suasque
2296 3952 2437 4018 uxliligiio}

1935 4003 1946 4029 3
2429 4010 2435 4022 2
