2600 4177
0 2154 7 2183 Y

0 2185 6 2208 Ι·

0 2210 29 2283 ⁵,ss

0 2287 30 2333 ιι

30 2335 31 2359 j
82 2323 113 2354 In
125 2324 240 2354 Praetura
251 2324 366 2362 collega.
388 2324 445 2354 Cic.
465 2334 487 2353 1.
504 2323 561 2353 Off.
579 2334 641 2360 144.

14 1605 341 1648 Ι0000110011110,
364 1604 433 1633 finis.
460 1603 478 1632 f.

452 127 483 162 C
571 127 607 162 O
699 127 726 162 L

33 215 56 245 C
66 225 82 244 o
92 224 131 242 LL
140 215 156 241 Κ
166 221 185 240 τ
194 222 210 240 o
221 234 228 246 ,
250 206 465 248 [summarium]
485 212 539 238 are.
561 208 639 237 Idem
654 207 729 244 quod
742 206 889 244 Ampliare.
929 205 1011 235 Unde

34 253 105 282 COL
115 260 159 278 LA
169 260 188 277 'r
201 260 218 277 Α
230 259 248 277 T
260 260 277 277 u
288 259 299 277 s
310 270 317 283 ‚
339 258 353 276 a
363 269 371 282 ,
392 257 449 276 um.
479 246 538 275 Cic.
553 246 582 274 in
594 245 669 274 Orat.
689 250 748 280 187.
771 245 924 281 Quodsi&
938 243 1048 279 angusta
1057 243 1182 280 quaedam

71 295 151 325 atque
164 287 271 315 concisa
281 308 289 319 ,
310 287 336 315 ἃ
350 285 401 314 3113
413 285 450 313 011
461 283 589 314 collatata
601 284 626 312 6<
637 281 734 311 diffusa
746 283 843 315 oratio,
864 281 970 311 neccsse
982 282 1020 310 est
1030 281 1058 309 id
1070 291 1126 309 non
1138 281 1183 323 lit-

70 331 189 354 terarum
202 324 328 353 accidere
341 330 436 350 natura
450 343 457 354 ,
478 321 524 349 sed
536 319 740 349 intervallorum
754 319 901 356 longorum
922 320 948 347 δι
962 319 1087 347 brevium
1099 328 1185 347 varie·

70 369 126 392 tate
159 364 209 390 620.
234 361 358 396 ungusta.
370 362 394 389 ἂ
406 358 514 388 concisa
528 358 625 390 oratio,
638 367 697 394 qua:
712 357 835 385 minutos
846 357 930 385 habet
946 366 1086 390 numeros,
1108 357 1186 385 &re-

72 399 163 429 missos
177 409 182 426 :
196 398 287 435 quales
298 398 357 426 sunt
369 396 487 426 iambi&
499 395 610 424 trochaei
622 405 630 429 ς
646 401 676 423 ut
687 394 800 432 proMil.
814 401 856 427 28.
899 394 970 423 Milo
984 400 1086 436 autem,
1099 402 1184 430 quum

72 438 101 466 in
113 436 206 465 senatu
217 435 307 464 fuilset
318 445 352 463 eo
363 434 419 467 die,
431 433 522 470 quoad
534 432 641 461 senatus
652 432 776 460 dimissus
786 432 833 466 011,
847 432 963 460 domum
979 438 1064 465 venit,
1076 432 1186 460 calceos

72 476 98 505 &
110 474 272 502 vestimenta
282 472 417 501 mutavit:
440 469 578 508 paulisper
590 470 656 498 dum
666 470 691 497 se
703 479 773 498 uxor
784 491 792 503 ,
814 478 844 498 ut
857 469 887 497 fit
901 491 908 502 ,
930 476 1072 504 comparat
1081 490 1089 504 ,
1111 477 1188 497 com-

71 518 193 542 moratus
202 511 248 539 est.
288 510 382 545 Quem
392 508 489 538 locum
500 508 678 538 vehementer
688 507 839 535 admiratur
854 507 973 543 Quintil.
991 507 1037 535 lib.
1047 517 1074 542 4.
1091 515 1184 543 capa.

73 550 180 579 Omnes
191 548 248 576 fere
262 547 344 579 iambi
357 546 438 581 sunt,
460 548 485 575 Sc
501 545 623 574 trochaei.
646 545 713 581 quin
734 543 768 572 ab
787 544 879 573 iambo
894 544 1010 580 incipit,
1033 546 1058 574 Sc
1078 544 1187 572 duobus

72 586 170 617 iambis
183 585 287 614 desinit.
328 583 428 613 Nullus
440 590 532 612 autem
543 592 674 611 numerus
684 589 731 611 aut
741 592 788 618 pes
804 581 896 610 iambo
917 581 1056 610 deiiiilsior
1067 583 1092 611 δι
1103 591 1188 617 angu-

72 625 136 655 stior
147 623 192 652 est.
233 621 368 650 Collatata
380 623 405 651 80
422 620 519 650 diffusa
533 623 621 650 oratio
639 620 797 655 grandiores
820 622 844 648 Sc
867 619 1039 648 sublimiores
1057 628 1188 648 numeros

73 662 172 692 habet:
196 659 290 696 quales
311 659 373 688 sunt
391 659 529 696 spondaei,
552 658 667 692 Cretici,
691 657 787 691 Ionici,
805 657 913 686 Paeones
925 679 932 691 ,
954 657 1066 690 epitriti.
1089 664 1119 686 ut
1135 665 1187 694 pro

73 699 181 730 Milone
191 703 236 732 85.
249 698 325 733 Quas
337 697 383 725 ille
396 706 518 734 praeceps
531 696 661 730 amentia,
674 694 746 723 caesis
762 695 952 731 prostratisque
963 694 1133 723 sanctiisimis
1150 694 1190 722 Iu-

72 738 128 771 cis,
149 735 380 765 substructionum
402 735 500 763 insanis
519 733 639 762 molibus
653 732 831 770 oppresserat.
872 733 973 769 Incipit
993 733 1068 762 enim
1082 732 1189 770 aspon-

73 776 153 809 daeo,
174 775 199 802 ἅ
214 773 349 801 desinitin
362 773 488 801 Ionicum
504 782 518 800 a
535 772 641 806 majori.
664 770 757 799 Postea
769 769 924 805 subjungit:
948 769 1045 799 Vestrae
1056 778 1114 799 tum
1126 780 1188 803 arae,

71 812 164 843 vestra:
173 810 319 848 religiones
331 811 486 845 viguerunt.
508 809 554 838 ubi
571 809 653 838 etiam
664 808 745 836 initio
758 807 903 844 spondaeus
915 807 971 842 est,
996 808 1023 836 in
1044 808 1098 837 line
1119 808 1192 836 Ioni-

73 858 121 881 cus
133 848 267 878 aminori.
308 848 452 884 Sequitur:
476 847 566 876 Vestra
576 847 617 875 vis
629 846 732 879 valuit,
754 855 835 881 quam
851 845 895 874 ille
916 846 993 874 omni
1012 845 1113 875 scelere
1133 845 1192 883 pol-

74 888 170 917 luerat.
193 886 239 915 ubi
251 886 341 922 primo
352 887 414 914 loco
425 879 549 914 Cre‘ticus
557 884 604 918 est,
620 883 756 921 postremo
769 883 847 911 Paeon
858 884 970 920 primus.
994 883 1097 912 Natura
1109 884 1192 920 igitur

73 924 235 963 syllabarum
246 925 271 953 Sc
281 925 396 961 pedum,
412 923 498 952 eflicit
508 923 662 951 orationem
673 921 755 950 aliam
764 920 915 957 angustam,
929 921 1010 950 aliam
1021 921 1189 951 collatatain.

3 978 5 983 =
37 964 85 996 Co
96 974 111 991 1.
120 973 135 991 L
145 972 164 990 A
177 972 192 990 u
207 972 224 990 o
234 972 250 990 o
262 983 270 995 ,
291 961 482 997 [ammaum]
502 964 556 989 are.
581 958 707 995 Ejusdem
718 958 922 994 significationis
931 968 995 988 cum
1006 958 1054 988 suo
1065 959 1192 996 simplici.

4 1009 5 1016 ¹
24 1000 36 1034 ,’
74 1000 137 1031 Ter.
156 999 224 1029 Eun.
242 1010 265 1034 ς.
282 1010 307 1034 9.
324 1003 369 1028 60.
393 999 426 1028 Et
437 997 592 1027 collaudavi
608 996 762 1025 secundum
773 996 843 1025 faria
857 998 881 1026 ἃ
893 997 1009 1026 virtutes
1020 1004 1088 1027 tuas.
1102 997 1190 1026 Cim.

72 1039 110 1075 Q.
127 1038 186 1066 frat.
203 1048 225 1072 5.
248 1037 413 1066 Orationem
424 1046 514 1065 meam
526 1035 694 1065 collaudavit
705 1033 768 1063 satis
780 1033 873 1063 multis
885 1034 983 1064 verbis.

73 1074 299 1106 Benevolentiam
315 1075 544 1111 diligentiamque
566 1072 720 1109 aliquorum
740 1071 905 1101 collaudare.
927 1072 984 1101 Cic.
999 1082 1024 1109 7.
1038 1072 1113 1102 Verr.
1130 1075 1193 1103 161.

91 1114 153 1150 Agit
163 1113 326 1179 1101011011)οἐ
350 1114 448 1149 gratias
459 1134 467 1147 ,
489 1114 515 1142 Sc
530 1120 627 1140 eorum
641 1119 705 1147 erga
720 1108 747 1139 se
761 1109 986 1140 benevolentiam
1006 1110 1193 1148 diligentiam-

91 1161 145 1188 que
163 1160 196 1179 co
219 1160 264 1179 aut
276 1156 338 1179 avit.

73 1189 257 1219 Clementiam
267 1188 385 1224 alicujus
394 1198 443 1226 per
454 1187 558 1216 litteras
571 1185 738 1215 collaudare.
761 1184 818 1214 Cic.
833 1196 859 1221 9.
872 1186 926 1216 Att.
941 1189 984 1216 16.

75 1228 187 1257 Fadium
198 1226 315 1261 alicujus
326 1226 493 1255 collaudare.
516 1225 575 1253 Cic.
591 1234 614 1259 ς.
627 1223 746 1261 Philipp.
759 1229 804 1257 28.

34 1273 38 1282 ·
73 1265 252 1296 Memoriam.
275 1265 333 1293 Cic.
350 1266 445 1300 Anteq.
459 1264 547 1291 iretin
560 1261 625 1290 exil.
637 1270 664 1290 2.

75 1303 115 1333 Ab
123 1302 252 1331 omnibus
269 1301 428 1330 collaudari.
451 1301 509 1329 Cic.
525 1310 547 1329 i.
560 1299 634 1328 Fam.
653 1307 678 1335 7.
801 1336 806 1340 η

75 1341 140 1371 Non
157 1340 362 1373 cohortandus,
384 1338 431 1369 sed
449 1338 537 1374 magis
550 1337 753 1366 collaudandus
771 1336 878 1374 aliquis.
899 1336 958 1367 Cic.
973 1347 996 1367 i.
1011 1337 1047 1367 de
1058 1337 1134 1368 Orat.
1150 1346 1194 1374 30.

77 1378 222 1409 Proverbio
235 1378 330 1406 Graeco
339 1376 499 1406 collaudare
511 1375 541 1404 sit
552 1375 654 1404 solitus.
677 1376 752 1404 Suet.
764 1374 830 1404 Ner.
845 1384 886 1411 33.
910 1376 945 1405 H.
958 1375 997 1405 St.

42 1414 114 1447 coi.
123 1428 139 1445 ι.
149 1427 169 1445 A
180 1426 198 1445 u
209 1425 227 1444 o
238 1419 254 1444 Ᾰ
263 1425 283 1443 'r
295 1425 314 1444 u
323 1425 335 1444 s
345 1437 353 1450 ‚
374 1425 390 1443 a
401 1436 409 1448 ,
429 1423 485 1443 um.
511 1410 752 1449 [vuvzwavriiass‘fia]
772 1413 837 1442 Stat.
848 1418 874 1443 6.
888 1413 980 1443 Theb.
993 1424 1057 1449 490.

229 1468 266 1473 —-—
277 1452 418 1490 vic‘tusqne
429 1453 454 1481 &
466 1450 639 1480 collaudatus
650 1450 755 1480 abisset.
923 1451 956 1480 Et
975 1451 1052 1481 Curt.
1067 1460 1092 1487 7.
1113 1462 1136 1487 ς.
1150 1458 1192 1489 38.

77 1490 230 1521 Alexander
244 1490 363 1519 multum
379 1489 539 1519 collaudato
550 1490 711 1527 Spitamene
721 1489 869 1519 conversus
879 1490 913 1519 ad
925 1489 1033 1519 Bessum
1046 1511 1053 1523 ,
1066 1491 1118 1520 &c.

77 1528 173 1558 Verbis
190 1527 361 1565 amplilsimis
378 1527 561 1557 collaudatus.
600 1527 676 1556 Suet.
689 1526 755 1556 Caes.
772 1531 813 1557 16.
836 1529 1018 1564 Accitumque
1032 1528 1060 1557 in
1070 1529 1193 1564 curiam,

98 1568 123 1597 ἃ
140 1565 313 1604 ampliisimis
328 1566 417 1595 verbis
433 1565 641 1599 collaudatum,
665 1566 718 1594 &c.

511 1602 718 1640 [συνεπαᾶνὲσπ]
746 1602 803 1632 Cic.
815 1611 841 1631 2-
866 1603 902 1632 (le
919 1603 1027 1633 invent.
1048 1613 1109 1638 ¹²5·
1140 1604 1196 1633 Pri-

78 1652 153 1672 mum
161 1641 300 1680 scriptoris
314 1641 522 1671 collaudatione
534 1663 541 1675 ,
564 1642 590 1670 ἃ
600 1640 663 1670 loco
675 1641 829 1675 communi,
851 1640 921 1670 nihil
935 1651 983 1670 eos
996 1643 1043 1678 qui
1057 1643 1195 1678 judicent,

79 1680 127 1709 nisi
138 1680 167 1708 id
178 1680 253 1717 quod
264 1679 397 1718 scriptum
407 1679 438 1709 iit
450 1679 572 1717 spectare
586 1685 726 1716 oportere.
767 1679 802 1708 Et
813 1680 912 1708 Auctor
927 1679 962 1708 ad
973 1678 1097 1710 Herenn.
1108 1689 1135 1710 2.
1152 1690 1163 1710 1
1171 1690 1195 1717 3.

78 1718 223 1756 Scriptoris
232 1717 448 1747 collaudatione.

43 1753 89 1785 Co
99 1767 114 1784 L
123 1767 139 1784 1.
150 1765 169 1784 A
180 1766 197 1784 u
209 1766 226 1784 o
236 1765 309 1784 ATo
319 1765 336 1784 ir.
345 1777 354 1791 ,
375 1756 438 1785 oris.
461 1764 500 1785 m.
522 1753 661 1793 Augustin.
677 1753 829 1791 Confess4.
846 1765 889 1792 14.
902 1761 972 1786 extr.
994 1755 1082 1786 Nullo
1093 1755 1197 1786 collau-

80 1793 177 1823 datore
191 1793 322 1822 mirabor.

44 1829 115 1862 cot
125 1842 141 1860 L
150 1842 170 1860 A
180 1842 198 1860 0
209 1842 226 1860 o
238 1841 296 1860 AB!
307 1842 323 1859 L
334 1841 379 1866 is,
400 1840 425 1861 e.
447 1830 576 1860 Prudent.
596 1830 745 1867 Hamartig.
767 1840 792 1860 v.
807 1834 870 1866 ⁶94·

235 1885 272 1890 -
285 1879 339 1898 000
353 1869 443 1898 bonus
457 1869 495 1898 est
507 1890 514 1903 ,
537 1877 589 1897 nec
600 1868 791 1898 collaudabilis
806 1868 862 1898 ille.

20 1902 270 1941 ῘῚ(3000110111,
293 1906 673 1941 00001101Αο1103,10
694 1916 870 1936 COLLIGO.

21 1959 23 1965 ,
45 1945 275 1979 ςοω,ἒ(;,1,ῖε.
296 1955 333 1974 in.
355 1944 500 1980 [συνάρχων]
521 1943 642 1981 Collegae
663 1944 776 1982 (inquit
790 1945 871 1974 Varro
887 1945 921 1974 de
934 1945 964 1975 L.
977 1945 1081 1982 L.5.7.)
1103 1946 1200 1976 dicun-

81 1987 123 2011 tur
140 1983 196 2018 Qui
212 1993 267 2012 una
282 1983 345 2012 10011
356 1983 425 2012 sunt.
466 1982 603 2020 Ulpianus
616 1982 633 2011 l.
648 1992 709 2018 173.
733 1983 766 2012 D.
785 1983 820 2011 de
831 1983 978 2014 verborum
992 1984 1199 2021 significationi-

80 2019 130 2049 bus
142 2042 150 2056 ,
172 2020 348 2057 Collegarum
357 2019 582 2058 appellationehi
593 2021 773 2050 continentur
783 2043 790 2055 ,
813 2022 860 2057 qui
879 2021 940 2050 sunt
948 2021 1071 2056 ejusdem
1082 2023 1200 2059 potesta-

79 2059 124 2087 tis.
164 2057 289 2087 Perottus
299 2080 308 2093 ,
330 2058 450 2095 Collegae
461 2057 523 2087 sunt
534 2057 710 2095 inlegatione
722 2066 768 2088 aut
780 2059 934 2096 magistratu
946 2059 1021 2089 socii.
1061 2061 1128 2090 Plin.
1149 2061 1199 2090 lib.

81 2105 124 2131 19.
140 2105 201 2134 cap.
216 2102 240 2130 8.
267 2096 382 2126 Invenio
395 2096 514 2125 mustum
524 2102 645 2125 rutatum
657 2097 763 2135 populo
775 2097 870 2126 datum
883 2107 898 2126 a
913 2097 1044 2127 Cornelio
1053 2099 1177 2136 Cethego
1188 2120 1198 2134 ,

80 2134 110 2163 in
121 2133 270 2164 Consulatu
281 2134 388 2170 collega
402 2134 502 2171 Quint.
516 2134 665 2163 Flaminini
675 2157 683 2170 ,
704 2135 826 2164 comitiis
837 2135 964 2172 peractis.
996 2146 1000 2148 “

80 2171 328 2208 Collega&socius
337 2172 461 2208 alicujus
503 2172 561 2201 Cic.
571 2183 598 2206 4·
609 2171 684 2202 Verr.
700 2183 760 2208 ¹09-
791 2173 848 2209 Qui
868 2174 894 2203 se
913 2182 973 2203 non
992 2173 1198 2210 Timarchidis‚

98 2209 145 2239 sed
156 2210 239 2248 ipsius
250 2211 338 2240 Verris
351 2210 488 2248 collegam
500 2212 525 2239 &
535 2210 641 2240 socium
649 2211 703 2241 esse
717 2211 837 2241 dicebat.

80 2247 169 2285 Regni
180 2248 294 2285 collega.
319 2248 377 2278 Cic.
389 2258 414 2278 2.
428 2248 546 2286 Philipp.
559 2253 603 2283 85.

81 2286 113 2316 ln
122 2286 234 2315 censura
245 2286 369 2324 collegae.
393 2286 451 2316 Cic.
464 2286 498 2315 de
511 2286 624 2316 Amicit.
635 2295 680 2322 39.

81 2362 216 2399 Abrogare
230 2355 393 2400 potestatem
406 2361 527 2399 coliegae.
550 2362 608 2391 Cic.
623 2371 648 2393 τ.
662 2362 698 2392 de
711 2363 805 2401 Legib.
818 2372 864 2399 24.

31 2404 32 2407 ’
81 2399 240 2438 Discrepare
253 2401 356 2436 judicia
368 2402 438 2430 inter
452 2400 580 2438 collegas.
602 2400 660 2430 Cic.
675 2411 724 2438 pro
737 2402 847 2431 Cluent.
863 2411 923 2431 12i.

82 2437 181 2468 Facere
191 2438 327 2475 collegam
337 2440 369 2468 in
381 2439 501 2476 quodam
512 2448 636 2468 munere.
660 2439 717 2469 Cic.
732 2441 767 2468 de
777 2440 847 2469 Clar.
860 2440 938 2469 Orat.

8 2476 17 2505 'i
33 2502 35 2506 .
81 2475 216 2513 Frangere
226 2476 371 2506 libidinem
382 2477 576 2513 levitatemque
585 2477 698 2515 collega:
708 2478 795 2508 vultu.
818 2478 875 2507 Cic.
888 2488 939 2516 pro
950 2477 1024 2509 Sext.
1039 2489 1082 2516 19.

82 2513 191 2544 Habere
205 2514 342 2550 collegam
359 2516 387 2544 in
401 2515 524 2552 quodam
535 2524 659 2544 munere.
681 2515 739 2545 Cic.
755 2526 778 2545 1.
791 2515 850 2545 Off.
864 2526 926 2551 144.

35 2564 36 2587 l
83 2551 250 2583 Numeratur
260 2554 343 2582 alicui
354 2552 460 2590 collega
472 2552 615 2596 quispiam.
657 2553 714 2582 Cic.
723 2565 750 2589 4.
767 2553 839 2583 Verr.
855 2559 916 2588 108.
938 2554 964 2583 Is
973 2554 1011 2583 011
1019 2554 1049 2584 C.
1061 2554 1178 2584 Clodius
1190 2577 1198 2590 ,

60 2599 63 2601 ’
102 2590 149 2627 001
162 2591 192 2619 10
202 2591 296 2620 Sicilia
307 2590 524 2627 sequesteristius
535 2613 542 2625 ,
563 2597 698 2629 interpres
712 2613 721 2627 ,
741 2592 885 2622 conferftor
896 2593 1092 2631 negotiorum,
1112 2603 1200 2632 prope

102 2627 210 2666 collega
225 2629 399 2658 Timarchidi
408 2628 612 2658 numerabatur.

84 2664 207 2696 Timeret
220 2667 340 2696 censoris
350 2676 441 2696 mores
453 2667 537 2697 etiam
546 2666 662 2704 collega.
682 2667 699 2703 J
701 2676 782 2697 uven.
798 2677 810 2697 1
818 2677 841 2698 1.
853 2668 908 2698 Sat.
920 2678 965 2704 92.

51 2703 396 2740 COLLRGATAMUS,
436 2704 466 2734 V.
487 2714 680 2739 COLLEGO,
702 2708 756 2735 are.

409 2741 559 2778 [σωέὴωμ
578 2740 730 2787 criminae]
750 2744 862 2781 proprie
884 2743 1017 2781 significat
1035 2744 1206 2776 Societatem

23 2792 27 2801 ¹
41 2806 43 2812 .
86 2780 172 2818 ipsam
185 2779 363 2818 collegarum.
401 2780 471 2810 Tres
491 2790 609 2810 numero
624 2780 778 2818 collegium
792 2782 882 2811 tacere
893 2782 1060 2812 existimavit
1071 2783 1203 2814 Horatius

87 2818 204 2848 Priscus:
227 2819 303 2855 quod
318 2819 404 2856 magis
418 2818 589 2856 sequendum
601 2819 718 2848 affirmat
730 2819 879 2849 Marcellus
895 2841 902 2854 ,
924 2830 1006 2856 quam
1026 2822 1101 2858 quod
1123 2822 1207 2859 pleri-

87 2865 140 2894 que
160 2856 341 2895 scripserunt,
362 2857 497 2892 majorem
511 2857 546 2885 ad
566 2857 596 2886 id
615 2867 763 2886 numerum
779 2858 958 2887 necessarium
979 2857 1041 2888 else.
1082 2859 1205 2898 Collegae

86 2899 179 2924 tamen
196 2895 326 2924 dicuntur
343 2895 400 2924 duo
414 2916 422 2930 ‚
444 2896 471 2924 ἃ
494 2894 642 2932 collegium
666 2895 768 2924 dicitur
785 2896 821 2924 de
838 2895 997 2925 consulibus
1017 2906 1032 2926 a
1054 2896 1132 2927 Livio
1153 2899 1204 2928 lib.

90 2942 132 2963 10.
144 2941 180 2961 ιι
230 2933 378 2971 Expertum
387 2932 423 2968 se,
444 2931 515 2962 nihil
527 2933 660 2962 concordi
676 2932 795 2970 collegio
810 2933 913 2962 firmius
922 2934 957 2962 ad
971 2944 1059 2973 remp.
1070 2937 1206 2966 tuendam

7 2973 9 2978 '
88 2969 150 3000 esse.
191 2970 268 3000 Idem
283 2972 333 3000 tria
349 2970 467 3008 collegia
479 2978 562 3001 vocat
581 2978 636 3000 tres
656 2971 776 3000 duorum
795 2972 941 3001 consulum
956 2973 1040 3002 vices.
1077 2974 1205 3004 Budaeus.

3 3007 47 3060 νζ]
88 3007 146 3038 Cic.
162 3011 188 3038 6.
201 3008 274 3039 Verr.
290 3014 351 3043 108.
371 3009 447 3039 Tum
457 3018 492 3039 ex
508 3008 675 3046 amplissimo
692 3009 812 3047 collegio
834 3010 1016 3039 Decemvirali
1027 3032 1036 3044 ,
1057 3012 1109 3040 810.
1133 3012 1204 3042 Geli.

78 3044 136 3079 «lib.
151 3056 192 3076 11.
204 3056 265 3087 cap.
276 3056 300 3083 3.
325 3047 405 3077 Aliter
418 3048 492 3076 enim
503 3047 559 3076 dici
571 3048 700 3076 videbam
712 3069 720 3082 ,
744 3047 889 3077 Pontifices
900 3057 951 3083 pro
971 3047 1091 3086 collegio
1112 3049 1207 3079 decre-

58 3085 63 3088 ”
89 3083 162 3114 visse.
202 3085 221 3114 i.
233 3096 258 3116 e.
286 3085 325 3115 Ex
339 3086 502 3115 auctoritate
514 3085 683 3115 &sententia
696 3085 806 3123 collegii
824 3085 1005 3123 pontificum,
1026 3087 1117 3125 inquit
1129 3087 1208 3117 Vola-

90 3127 221 3153 terranus.
263 3123 326 3153 Huc
338 3124 479 3161 pertinent
488 3123 697 3158 Magistratuum
708 3125 734 3153 Sc
747 3124 928 3153 Sacerdotum
939 3123 1012 3162 seqq.

19 3171 25 3191 ι
50 3171 51 3174 ’
90 3157 251 3191 Flavialium
261 3161 420 3200 collegium.
441 3162 518 3191 Suet.
534 3160 640 3191 Domit.
659 3171 719 3200 cap.
733 3173 760 3198 4.
783 3162 814 3192 V.
837 3171 1051 3192 FLAvaLES
1071 3164 1098 3193 &
1117 3162 1207 3193 Pitisc.

109 3199 144 3228 ad
156 3199 209 3229 loc.

0 3246 9 3270 z¹
52 3250 54 3254 ·
91 3234 254 3267 Pontificum
264 3236 424 3274 collegium.
446 3235 504 3267 Cic.
517 3247 567 3276 pro
583 3236 677 3267 Domo
690 3246 733 3275 33.

1 3291 4 3303 i
91 3273 248 3305 Praetorum.
272 3275 330 3304 Cic.
346 3273 439 3311 3.Off.
451 3281 497 3308 80.

94 3312 264 3349 Quaestorum
276 3312 435 3350 collegium.
457 3313 532 3342 Suet.
548 3312 646 3343 Claud.
657 3323 703 3349 2⁴.

0 3362 1 3379 π
33 3345 57 3375 ι4η
93 3350 280 3381 Sacerdotum.
305 3351 363 3380 Cic.
378 3351 414 3379 de
424 3350 495 3380 Clar.
511 3351 588 3381 Orat.
603 3360 664 3388 127.

25 3399 37 3430 ³!
58 3388 65 3419 i*
94 3388 245 3418 sacerdotii
258 3388 416 3427 amplissimi
427 3388 587 3426 collegium.
606 3389 664 3419 Cic.
677 3388 844 3424 3.Farn.10.

31 3478 40 3486 '¹
60 3522 61 3526 η
98 3503 172 3532 cre.
186 3512 210 3539 3.
224 3503 259 3532 de

40 3438 44 3445 ·
95 3425 282 3471 Tribunoruin
293 3427 392 3465 plebis.
414 3426 472 3456 Cic.
489 3437 539 3465 pro
555 3428 644 3456 Domo
655 3437 700 3464 47.

95 3465 174 3502 Apud
181 3464 331 3532 0011οῗοφ
339 3463 530 3495 Tribunorum
541 3465 631 3509 ple-bis
641 3464 749 3495 causam
758 3464 873 3499 alicuius
881 3465 1139 3531 agere.l(3ic34.Ver·r.
1146 3476 1208 3498 100.

62 3553 63 3579 i
114 3549 223 3584 nemqe
236 3502 914 3585 d.,Zissbs‘assg·m‘.}2³.‘gds.{”¹{{33„t;{3‡‡{fss3{?ggf‘3
923 3503 1211 3584 {riisffssissssfnfflm

62 3582 64 3612 'i
98 3576 268 3615 Collegium,
290 3589 341 3617 pro
366 3576 512 3608 Consortio
534 3578 634 3612 officii,
663 3579 717 3609 sive
737 3578 883 3609 societatis.
931 3579 1020 3609 Tacit.
1034 3589 1058 3616 3.
1084 3582 1153 3610 ann.
1165 3591 1209 3618 31.

115 3615 278 3646 Consulatus
288 3617 373 3654 patris
383 3638 392 3652 ,
413 3623 496 3654 atque
510 3616 561 3646 filii
576 3617 694 3654 collegio
704 3616 825 3654 insignis.

0 3648 22 3687 115
65 3643 284 3695 g'Collegiorum
295 3655 366 3683 ordo
378 3655 489 3691 quidam
502 3661 560 3685 erat
571 3656 597 3684 &
606 3655 726 3692 dignitas
736 3677 744 3689 ,
765 3665 797 3683 ac
808 3654 951 3698 quoddam
962 3664 1093 3698 magnum
1103 3656 1212 3686 diceba-

0 3735 15 3765 ii

2 3772 23 3801 ,r-

1 3809 23 3840 ,ᾖ

0 3845 23 3880 :iil
70 3853 72 3875 l

2 4038 33 4071 illl*

31 4000 33 4013 i

65 3698 66 3701 ’
115 3697 178 3727 tur,
197 3699 229 3721 ut
238 3691 297 3721 aliis
308 3693 334 3720 di
357 3693 418 3722 nius
430 3693 594 3730 &amplius
630 3694 676 3722 Sic
696 3693 770 3721 enim
782 3692 940 3730 legiinusin
953 3692 1133 3730 inscriptione
1149 3705 1214 3732 003-

116 3729 179 3759 dam
188 3730 293 3764 veteri,
313 3730 334 3759 V
353 3730 465 3760 ATORI
485 3730 655 3761 COLLEGIl
677 3730 807 3760 MAGNI.
848 3730 1005 3760 Turnebus.

98 3765 264 3804 Collegium,
286 3767 469 3805 Congregatio
481 3770 506 3798 ἃ
516 3768 631 3798 societas
641 3778 870 3805 quorumcunque
883 3768 1039 3798 hominum.
1078 3768 1148 3799 Plin.
1163 3769 1211 3802 lib.

118 3813 160 3834 10.
172 3805 254 3843 Epist.
268 3814 312 3841 42.
324 3813 392 3835 extr.
414 3805 459 3835 Tu
481 3807 615 3842 domine,
637 3805 742 3843 dispice
761 3815 796 3835 an
812 3806 1013 3836 instituendum
1026 3812 1110 3845 putes
1130 3809 1214 3839 colle-

117 3843 192 3879 gium
203 3842 355 3878 fabrorum,
369 3844 505 3874 duntaxat
518 3845 663 3874 hominum
683 3853 735 3873 ci..

101 3878 310 3910 Ambubaiarum
322 3880 446 3917 collegia.
468 3882 535 3912 Hor.
552 3892 575 3912 1.
587 3883 673 3911 Semi.
687 3891 712 3911 2.
726 3891 751 3911 1.

101 3916 320 3955 Capitolinorum
331 3918 491 3955 collegium.
526 3919 558 3949 V.
581 3919 757 3957 Capitolinus
770 3940 779 3954 ,
801 3919 830 3948 in
850 3928 867 3948 c
877 3926 937 3948 Api
948 3927 967 3948 Τ
976 3929 993 3949 o
1002 3930 1018 3948 1.
1030 3928 1108 3954 rum.

0 3959 38 3999 pf»
72 3959 73 3962 ’
102 3953 307 3986 Mercurialium
320 3957 479 3995 collegium.
519 3957 552 3987 In
571 3967 593 3987 M
604 3967 617 3987 11
626 3967 642 3986 R
652 3966 670 3986 c
678 3966 738 3988 uri-1
747 3966 765 3986 υ
773 3966 794 3986 s.

1691 126 1720 159 C
1819 125 1854 159 O
1951 127 1979 161 L
2326 135 2394 177 557

1275 205 1418 235 Poetarum
1435 205 1594 242 collegium.
1636 207 1723 237 Valer.
1742 207 1817 238 Max.
1838 216 1860 241 3.
1875 216 1899 243 7.
1915 217 1955 238 ri.
1989 208 2031 242 Is,
2052 208 2127 244 Julio
2151 209 2265 243 Ctesari.
2287 213 2396 250 amplis-

1295 243 1361 307 slii‘m
1372 244 1602 286 acii‹›remiii'imo
1613 246 1689 279 viro,
1709 247 1739 274 in
1755 245 1905 282 collegium
1924 253 2069 283 poetarum
2086 248 2227 283 venienti,
2250 258 2394 287 nunquam

1295 290 1310 308 a
1335 291 1444 310 arrexit.

1276 317 1390 383 Sodalgs
1401 319 1524 353 ejusdem
1532 320 1653 358 collegii.
1694 320 1777 351 Caius
1792 320 1820 349 in
1835 320 1852 350 l.
1864 321 1913 351 ult.
1938 320 1971 351 D.
1991 322 2026 351 de
2037 321 2169 359 Collegiis
2185 324 2210 353 &
2223 323 2328 353 illicitis
2337 334 2398 354 cor-

1297 365 1357 391 pori
1381 366 1419 384 uS.

1278 393 1376 422 Illicita
1387 393 1503 430 collegia
1515 401 1642 424 arcentur
1652 396 1893 426 senatusconsulto.
1934 397 2087 426 Martianus
2098 397 2127 426 in
2140 397 2158 427 l.
2173 407 2196 428 1.
2212 398 2243 427 D.
2260 399 2295 429 de
2308 399 2402 429 Colle-

1298 431 1348 466 giis
1359 431 1499 461 &illicitis
1512 433 1684 470 corporibus.

1279 467 1413 510 Soda'litia
1424 469 1547 505 collegia.
1588 471 1717 500 Martian.
1736 471 1793 500 inl.
1810 482 1832 501 1.
1847 472 1882 501 D.
1895 472 1930 501 de
1943 472 2048 510 Colleg.
2063 474 2088 503 Gr
2099 473 2187 502 illicit.
2198 483 2305 512 corpor.
2321 474 2402 504 Man-

1301 505 1371 546 datis
1383 507 1582 544 principalibus
1603 510 1761 547 pnecipitur
1779 510 1939 540 Praefidibus
1958 512 2165 548 provinciarum
2178 533 2185 546 ,
2206 521 2243 541 ne
2263 513 2403 550 patiantur

1303 543 1356 571 elle
1367 544 1485 579 collegia
1501 546 1634 574 sodalitia.

1282 579 1392 609 Naturae
1403 582 1562 619 collegium.
1601 584 1667 612 Plin.
1681 584 1728 613 lib.
1745 594 1786 613 io.
1798 595 1859 623 cap.
1878 595 1918 623 ¹7-
1941 585 2093 616 Auxiliatur
2107 587 2259 624 accipiter,
2282 587 2403 625 collegio

1301 619 1423 653 quodam
1433 627 1550 655 naturre,
1571 620 1731 659 bellumque
1743 623 1867 660 partitur.
1906 624 1924 654 i.
1938 633 1962 653 e.
1984 628 2034 651 Par
2042 625 2142 652 alliance
2154 628 2183 652 de
2193 633 2292 654 nature.

1283 655 1423 695 Adhibere
1435 658 1594 695 collegium.
1636 659 1666 688 In
1691 670 1709 688 Λ
1722 670 1738 688 D
1751 670 1770 688 H
1782 671 1789 688 1
1799 670 1871 689 uno.

1283 693 1437 723 Celebrare.
1452 695 1605 725 Martianus
1615 696 1643 724 in
1655 696 1671 725 l.
1684 697 1817 734 Collegia.
1832 698 1866 727 D.
1877 698 1911 727 de
1922 698 2055 736 Collegiis
2070 701 2096 729 ἃ
2110 699 2213 729 illicitis
2225 700 2400 738 corporibus.

1283 731 1537 806 egoiiibcii'suegmm'
1580 733 1709 764 Martian.
1730 736 1759 764 in
1772 737 1790 764 l.
1803 735 1936 773 Collegia.
1958 737 1993 767 D.
2007 738 2044 767 de
2054 737 2185 775 Collegiis
2197 738 2335 770 &illicitis
2345 748 2405 769 cor-

1285 806 1423 843 Cooptare
1434 807 1461 836 in
1472 808 1634 845 collegium.
1675 809 1705 838 In
1728 820 1882 841 coor'ro.

1285 844 1442 874 Deferread
1453 845 1614 883 collegium.
1637 845 1694 876 Cic.
1707 856 1732 876 2.
1746 847 1919 886 Philipp.87.

1284 881 1438 912 Dissolvere
1458 884 1592 923 collegia,
1614 884 1728 914 Tollere
1744 907 1752 919 ,
1774 885 1952 916 Interdicere.
1988 887 2064 917 Suet.
2090 888 2118 917 in
2139 889 2247 926 August.
2270 899 2332 928 cap.
2357 899 2402 924 3²-

1304 919 1432 949 Martian.
1447 921 1475 949 in
1487 921 1504 950 l.
1524 922 1655 959 Collegia.
1681 923 1712 952 D.
1726 923 1761 952 de
1773 923 1878 961 Colleg.
1891 926 1916 954 80
1928 924 2015 954 illicit.
2027 936 2136 964 corpor.

1285 957 1440 987 Distrahere
1450 958 1577 996 collegia.
1619 961 1707 990 Idem.
1729 961 1804 991 Suet.
1818 961 1883 992 Caes.
1897 972 1957 1000 cap.
1972 972 2018 1000 43.
2039 964 2148 993 Cuncta
2164 964 2292 1002 collegia,
2308 972 2406 1003 praeter

1305 996 1458 1032 antiquitus
1472 998 1635 1033 constituta,
1656 999 1787 1028 distraxit.
2062 1016 2063 1021 =

1286 1033 1435 1101 Uggrpar'ess
1473 1034 1584 1073 Ulpian.
1606 1037 1634 1064 in
1652 1036 1670 1065 l.
1695 1036 1826 1073 Quisquis
1848 1036 1987 1067 illicitum.
2028 1037 2062 1068 D.
2077 1039 2112 1068 de
2128 1038 2236 1077 Colleg.
2255 1041 2280 1070 Sc
2299 1040 2407 1070 illicitis

1344 1082 1416 1109 rpori
1439 1082 1479 1102 us.

1289 1109 1414 1147 Collegia
1425 1132 1433 1144 ‚
1455 1111 1482 1140 h.
1495 1121 1519 1140 0.
1542 1110 1704 1141 infimorum
1716 1112 1865 1141 hominum
1876 1135 1884 1147 ,
1906 1118 1994 1142 certas
2005 1119 2075 1143 artes
2086 1115 2189 1152 pariter
2205 1111 2408 1151 exercentium,

1307 1154 1462 1178 conventus
1473 1171 1481 1182 ,
1502 1150 1557 1184 jam
1578 1150 1644 1179 inde
1659 1160 1674 1179 a
1689 1150 1781 1180 Numa
1790 1160 1855 1187 rege
1864 1150 1918 1180 01Γο
1930 1151 2051 1180 instituta
2061 1173 2069 1185 ,
2091 1152 2120 1180 in
2137 1152 2215 1182 Plinii
2233 1154 2351 1183 naturali
2369 1155 2411 1183 hi-

1307 1186 1388 1215 storia
1400 1208 1407 1221 ,
1430 1188 1455 1216 Sc
1470 1187 1498 1215 in
1509 1187 1654 1216 Plutarcho
1665 1187 1796 1225 scriptum
1807 1188 1853 1217 est.
1876 1189 1969 1226 postea
1979 1211 1987 1224 ,
2008 1199 2093 1226 quum
2109 1190 2208 1220 horum
2226 1192 2410 1229 collegiorum

1308 1234 1440 1253 numerus
1451 1224 1516 1253 esset
1525 1227 1621 1254 auctus
1636 1247 1644 1260 ,
1665 1227 1760 1255 omnia
1771 1248 1778 1259 ,
1794 1234 1894 1264 praeter
1911 1236 1998 1263 pauca
2018 1234 2100 1264 atque
2111 1235 2185 1257 certa
2195 1251 2203 1262 ,
2224 1236 2255 1257 ut
2269 1229 2410 1260 fabrorum

1307 1262 1491 1299 fictorumque
1500 1285 1508 1297 ,
1530 1273 1590 1298 quae
1599 1264 1717 1293 civitatis
1729 1265 1830 1294 utilitas
1842 1264 2031 1299 desiderabat,
2053 1265 2178 1302 pluribus
2189 1266 2295 1303 legibus
2306 1267 2411 1297 sublata

1308 1300 1372 1329 sunt
1382 1322 1390 1335 ,
1411 1310 1501 1337 neque
1513 1301 1600 1330 solum
1611 1300 1718 1338 legibus
1728 1324 1735 1335 ,
1757 1302 1803 1331 sed
1815 1303 1900 1332 etiam
1910 1302 2151 1332 senatusconsultis
2163 1326 2171 1338 ,
2192 1311 2224 1333 ut
2234 1305 2263 1333 L.
2276 1305 2389 1334 Cascilio
2399 1327 2408 1340 .,

1309 1338 1346 1375 Q.
1371 1338 1477 1368 Marcio
1496 1348 1590 1368 coss.
1607 1349 1660 1369 nec
1678 1341 1754 1368 enim
1767 1341 1912 1370 hominum
1928 1340 2076 1370 humilium
2094 1342 2233 1372 coitiones
2248 1343 2277 1371 in
2298 1344 2411 1372 civitate

1306 1376 1369 1406 satis
1380 1382 1445 1406 tutae
1456 1376 1628 1406 videbantur.
1668 1378 1784 1407 Clodius
1795 1386 1888 1407 autem
1900 1400 1908 1414 ,
1930 1384 1961 1408 ut
1975 1379 2089 1416 inopem
2099 1378 2212 1416 plebem
2222 1401 2231 1413 ,
2252 1389 2312 1417 qua·
2329 1390 2413 1418 parvo

1308 1416 1424 1451 negotio
1435 1415 1468 1443 ad
1486 1415 1593 1444 facinus
1609 1415 1781 1453 impellitur,
1803 1416 1851 1445 sibi
1876 1416 2057 1452 conciliaret,
2079 1424 2179 1455 utpote
2198 1418 2245 1454 qui
2259 1418 2413 1448 novitatem

1308 1455 1336 1483 &
1348 1454 1404 1481 vim
1420 1453 1619 1487 meditaretur,
1641 1453 1760 1492 collegia
1769 1464 1826 1483 non
1843 1454 1930 1483 solum
1942 1462 2033 1484 vetera
2048 1455 2180 1491 restituit,
2202 1456 2249 1485 sed
2263 1457 2348 1485 etiam
2362 1466 2413 1486 no-

1308 1501 1342 1520 va
1353 1490 1565 1520 innumerabilia
1576 1491 1729 1522 constituit.
1751 1492 1786 1521 de
1795 1502 1851 1529 quo
1862 1496 1888 1522 ὅτ.
1897 1493 1926 1522 10
1937 1493 2062 1522 oratione
2074 1503 2124 1531 pro
2135 1493 2232 1523 Sextio
2244 1516 2252 1527 ,
2275 1497 2300 1524 ὅς
2323 1495 2351 1523 10
2370 1494 2413 1524 Ρ1-

1308 1529 1405 1558 sonem
1414 1528 1512 1558 Cicero
1535 1529 1672 1558 meminit.
1695 1538 1826 1567 praeterea
1850 1530 1923 1559 Dion
1939 1531 2010 1559 libro
2030 1540 2047 1559 x
2058 1540 2192 1561 xxviii.
2233 1531 2370 1562 Pedianus
2384 1533 2416 1562 in

1309 1567 1511 1597 commentario
1523 1567 1702 1597 Cornelianre.
1745 1568 1811 1597 Haec
1820 1576 1913 1598 autem
1924 1568 2043 1605 collegia
2056 1579 2115 1598 non
2127 1579 2143 1599 e
2156 1569 2219 1599 solis
2239 1570 2391 1608 peregrinis
2405 1592 2415 1606 ‚

1309 1611 1359 1634 aut
1371 1614 1387 1634 e
1399 1605 1500 1637 servis,
1522 1604 1569 1633 sed
1582 1614 1598 1634 e
1630 1606 1762 1642 eregrinis
1775 1628 1783 1641 ‚
1805 1607 1852 1643 qui
1893 1606 1966 1636 ostea
1981 1608 2056 1635 cives
2077 1606 2200 1643 fiebant,
2222 1617 2237 1637 e
2256 1610 2336 1637 novis
2346 1609 2415 1637 civi-

1310 1643 1381 1677 bus,
1402 1652 1437 1671 ex
1455 1643 1596 1672 veteribus
1641 1644 1747 1673 omanis
1760 1645 1856 1680 inopia
1882 1644 2080 1680 aborantibus,
2101 1654 2116 1674 e
2140 1644 2222 1675 servis
2242 1646 2414 1676 constabant.

1310 1681 1351 1710 est
1361 1681 1435 1710 enim
1448 1681 1597 1710 ridiculum
1608 1703 1616 1717 ,
1637 1691 1685 1711 eos
1697 1689 1795 1719 putare
1804 1682 1883 1711 fuisse
1892 1683 2054 1720 peregrinos
2065 1704 2073 1718 ‚
2093 1692 2211 1720 quorum
2222 1690 2312 1721 patres
2322 1685 2348 1713 &
2358 1694 2416 1713 ma-

1309 1720 1384 1755 jores
1393 1718 1486 1747 multis
1495 1725 1559 1748 ante
1569 1720 1648 1749 annis
1658 1727 1744 1749 artem
1755 1719 1790 1749 ali
1811 1730 1876 1750 uam
1886 1720 2067 1750 sedentariam
2077 1721 2152 1750 admi
2157 1721 2315 1751 nistraisent.
2338 1732 2417 1760 pere-

1312 1757 1382 1794 grini
1399 1757 1512 1794 qiidem
1532 1758 1557 1787 &
1577 1765 1669 1792 erant,
1692 1759 1718 1788 &
1739 1758 1801 1787 dice
1824 1765 1922 1794 antur,
1945 1766 2009 1788 ante
2029 1768 2112 1795 quam
2130 1759 2220 1788 essent
2234 1760 2325 1789 censi:
2348 1759 2416 1794 sed,

1312 1805 1398 1831 quum
1414 1795 1510 1824 Romae
1524 1795 1700 1825 domicilium
1720 1797 1774 1831 jam
1793 1806 1843 1834 per
1860 1796 1967 1833 aliquot
1986 1806 2075 1826 annos
2098 1796 2271 1832 habuissent,
2303 1797 2416 1836 proseffi

1312 1833 1388 1869 apud
1399 1841 1543 1870 praetorem
1554 1855 1563 1869 ,
1583 1834 1688 1863 civium
1699 1833 1892 1864 Romanorum
1902 1835 1962 1871 jura
1977 1833 2218 1872 consequebantur
2230 1857 2237 1868 ,
2260 1837 2285 1865 &
2300 1835 2346 1865 vel
2363 1835 2420 1865 eas-

1313 1872 1379 1900 dem
1388 1893 1395 1906 ,
1416 1881 1481 1908 quas
1494 1879 1574 1900 antea
1585 1893 1593 1907 ,
1615 1878 1685 1901 artes
1699 1872 1927 1902 administrabant
1937 1895 1945 1909 ,
1967 1873 2011 1902 vel
2029 1873 2057 1901 in
2070 1872 2198 1903 militiam
2209 1873 2419 1910 proficisceban-

1312 1915 1367 1938 tur.
1390 1910 1418 1938 in
1430 1919 1483 1944 qua
1499 1919 1584 1946 quum
1596 1910 1726 1939 nonnulli
1745 1910 1846 1939 fortem
1865 1910 2034 1948 fidelemque
2047 1920 2162 1949 operam
2180 1912 2247 1949 reip.
2261 1911 2417 1947 narrassent,

1312 1947 1443 1984 equestris
1457 1947 1511 1976 loci
1524 1947 1707 1983 dignitatem,
1729 1948 1747 1977 si
1769 1949 1856 1978 modo
1875 1959 1911 1977 H-
1923 1958 1944 1977 s.
1970 1948 2173 1987 quadringenta
2192 1949 2280 1979 millia
2301 1949 2421 1987 posside-

1313 1992 1395 2020 rent,
1416 1985 1671 2021 consequebantur,
1693 1986 1740 2015 vel
1751 1987 1855 2016 tribuni
1872 1986 1993 2015 militum
2003 1986 2123 2017 fiebant:
2146 1996 2181 2016 ex
2193 1997 2249 2024 quo
2267 1988 2361 2025 postea
2374 1988 2422 2016 tri-

1315 2023 1384 2052 buni
1394 2022 1469 2061 pleb.
1481 2023 1563 2052 facile
1577 2024 1757 2054 creabantur:
1779 2024 1855 2054 unde
1874 2025 1910 2054 ad
1930 2025 1999 2054 alios
2020 2025 2191 2063 magistratus
2209 2032 2267 2055 erat
2283 2025 2419 2055 ascensus.

1314 2061 1458 2091 Romanos
1470 2068 1564 2090 autem
1576 2062 1651 2091 cives
1663 2083 1672 2097 ,
1693 2062 1760 2091 alios
1771 2062 1970 2100 magistratibus
1982 2084 1991 2097 ,
2012 2063 2081 2092 alios
2092 2063 2209 2096 militiae,
2231 2064 2300 2093 alios
2309 2064 2424 2094 mecha-

1315 2100 1386 2129 nicis
1396 2100 1499 2129 artibus
1515 2109 1629 2136 operam
1640 2099 1745 2130 dedisse
1756 2123 1763 2134 ,
1786 2100 1868 2129 facile
1885 2100 1954 2129 milii
1967 2101 2108 2130 &Plinius
2125 2101 2291 2139 persuadet,
2314 2103 2361 2139 qui
2378 2111 2421 2140 pr.

1315 2137 1366 2167 lib.
1381 2147 1423 2172 34.
1438 2138 1474 2166 de
1491 2138 1617 2173 collegiis
1637 2139 1796 2167 aerariorum
1809 2161 1816 2171 ,
1839 2138 1968 2174 fabrum,
1991 2139 2018 2168 &
2038 2138 2186 2176 figulorum
2209 2149 2224 2168 a
2246 2140 2338 2169 Numa
2358 2149 2423 2177 rege

1315 2175 1446 2205 institutis
1455 2178 1630 2205 mentionem
1644 2177 1724 2206 facit:
1749 2177 1775 2206 Sc
1788 2176 1815 2205 L.
1825 2176 1920 2206 Florus
1931 2177 2006 2206 idem
2017 2186 2113 2214 aperte
2131 2177 2301 2207 demonstrat
2313 2188 2320 2207 :
2342 2178 2424 2214 cujus

1315 2213 1377 2243 haec
1389 2213 1451 2242 suut
1461 2214 1543 2242 verba
1554 2213 1602 2243 lib.
1623 2224 1645 2243 1.
1660 2224 1720 2251 cap.
1735 2219 1760 2244 6.
1779 2220 1849 2243 extr.
1874 2214 1913 2244 Ab
1924 2214 1979 2244 hoc
1995 2215 2116 2252 populus
2127 2215 2270 2247 Romanus
2283 2216 2383 2245 relatus
2394 2216 2425 2245 in

1315 2251 1452 2286 censum,
1477 2251 1597 2288 digestus
1609 2252 1637 2280 in
1647 2252 1761 2287 claises,
1783 2252 1906 2282 decuriis
1926 2252 1981 2287 (al.
2000 2252 2111 2289 Curiis)
2134 2260 2217 2290 atque
2240 2253 2366 2291 collegiis
2384 2255 2426 2283 di-

1304 2289 1462 2320 ‚stributusz
1485 2289 1646 2328 summaque
1660 2291 1731 2327 regis
1740 2289 1849 2320 solertia
1859 2291 1897 2320 ita
1911 2290 1949 2320 est
1960 2291 2088 2320 ordinata
2101 2291 2170 2328 resp.
2194 2292 2329 2322 utomnia
2339 2292 2426 2330 patri.

1318 2328 1428 2362 monii,
1449 2328 1610 2365 dignitatis.
1633 2330 1720 2358 artatis
1732 2350 1740 2364 ,
1762 2329 1862 2357 artium
1874 2350 1883 2364 ‚
1906 2328 2117 2366 officiorumque
2134 2329 2293 2359 discrimina
2306 2331 2335 2358 in
2346 2330 2426 2359 tabu-

1318 2366 1359 2395 las
1369 2366 1534 2396 reserrentur
1542 2388 1551 2401 ,
1572 2376 1604 2396 ac
1615 2366 1633 2394 11
1644 2367 1765 2396 maxima
1775 2366 1872 2396 civitas
1882 2367 2006 2396 minimae
2017 2367 2119 2396 domus
2135 2367 2281 2404 diligentia
2299 2369 2426 2397 contine.

1318 2411 1402 2434 retur.
1428 2404 1552 2442 Collegia
1568 2405 1703 2433 nominat.
1725 2406 1751 2434 Sc
1762 2405 1837 2434 Artes
1850 2415 1856 2434 :
1879 2414 1940 2442 quae
1950 2404 2011 2434 duae
2024 2405 2163 2434 dictiones
2178 2405 2322 2435 manifesto
2332 2405 2426 2435 decla-

1318 2449 1398 2477 rant,
1420 2448 1517 2471 contra
1527 2452 1610 2479 quam
1624 2441 1771 2480 Dionysius
1783 2442 2002 2472 Halicarnasseus
2019 2443 2142 2480 quodam
2157 2443 2186 2472 in
2208 2443 2273 2472 loco
2286 2443 2423 2480 affirmat,

1318 2488 1391 2511 artes
1401 2480 1461 2510 illas
1477 2502 1485 2514 ,
1507 2491 1567 2517 quae
1579 2481 1607 2509 in
1620 2480 1738 2510 officinis
1754 2481 1906 2510 tractantur
1917 2503 1926 2515 ,
1947 2481 2030 2510 etiam
2040 2481 2073 2510 ab
2083 2481 2116 2510 iis
2128 2482 2174 2518 qui
2192 2481 2287 2511 multis
2302 2488 2366 2511 ante
2378 2491 2426 2511 an-

1320 2520 1364 2548 nis
1375 2520 1435 2555 jure
1445 2518 1551 2548 civium
1559 2518 1752 2548 Romanorum
1769 2525 1932 2554 uterentur,
1952 2517 2007 2547 01Γο
2027 2518 2123 2548 cultas.
2146 2519 2202 2549 hoc
2216 2521 2242 2549 Sc
2262 2520 2360 2550 Cicero
2380 2520 2429 2549 de-

1320 2557 1453 2586 monstrat
1463 2557 1491 2585 in
1502 2557 1629 2586 oratione
1641 2566 1691 2593 pro
1709 2557 1800 2586 Domo
1813 2556 1859 2586 sua
1872 2565 1916 2595 74.
1928 2557 1967 2586 ait
1980 2556 2056 2586 enim
2070 2557 2122 2587 sic:
2145 2557 2262 2587 Nullum
2274 2558 2313 2587 011
2328 2559 2355 2587 in
2375 2558 2428 2588 hac

1321 2595 1390 2625 urbe
1401 2595 1568 2632 collegium,
1589 2594 1659 2624 nulli
1670 2595 1788 2632 pagani,
1810 2602 1858 2624 aut
1876 2595 2019 2630 montani,
2041 2595 2196 2632 (quoniam
2220 2595 2297 2633 plebi
2315 2606 2428 2633 quoque

1322 2634 1435 2663 urbanae
1446 2633 1563 2668 majores
1575 2633 1658 2662 nostri
1670 2633 1870 2662 conventicula
1882 2655 1890 2667 ,
1912 2634 1938 2662 δι
1953 2632 2026 2670 quasi
2039 2632 2160 2662 concilia
2171 2635 2297 2671 quaedam
2309 2633 2364 2663 esse
2381 2644 2429 2663 vo-

1322 2671 1457 2705 luerunt)
1479 2671 1524 2708 qui
1536 2680 1594 2699 non
1603 2670 1767 2708 amplissime
1779 2680 1838 2699 non
1847 2671 1934 2700 modo
1943 2671 1979 2700 de
1989 2670 2075 2700 salute
2083 2681 2146 2700 mea
2157 2693 2164 2704 ,
2186 2671 2234 2701 sed
2248 2672 2330 2701 etiam
2342 2672 2377 2701 de
2388 2672 2431 2701 di.

1323 2710 1427 2747 gnitate
1437 2709 1600 2738 decreverit.
1638 2709 1769 2739 Praeterea
1783 2709 1832 2738 lib.
1845 2714 1870 2738 6.
1883 2709 1965 2747 Epist.
1979 2718 2003 2738 1.
2029 2709 2064 2738 ad
2081 2710 2133 2740 Att.
2153 2709 2283 2745 Judicem
2303 2709 2357 2739 eise
2372 2710 2429 2739 Ro-

1322 2758 1375 2777 nire
1387 2747 1520 2785 significat
1529 2747 1702 2784 Turpionem
1713 2746 1856 2776 sutorium.
1879 2747 1948 2784 quid
1958 2748 2072 2777 autem‘?
2094 2747 2241 2783 Pedianus,
2262 2748 2309 2785 qui
2321 2748 2372 2778 fuit
2383 2758 2431 2776 an-

1323 2786 1484 2823 tiquitatum
1495 2785 1684 2815 Romanarum
1695 2784 1767 2814 bene
1782 2786 1906 2824 peritus,
1927 2794 2022 2814 nonne
2040 2786 2069 2814 in
2089 2786 2224 2815 orationis
2243 2795 2293 2823 pro
2320 2786 2430 2815 Milone

1324 2824 1527 2853 commentario
1545 2825 1571 2853 3<
1587 2823 1775 2858 concionem,
1797 2825 1823 2853 &
1837 2822 1975 2861 populum
1992 2824 2135 2858 nominat,
2157 2833 2244 2861 quum
2266 2824 2301 2852 de
2322 2825 2355 2853 iis
2381 2825 2430 2861 qui

1324 2862 1500 2891 mechanicas
1508 2868 1579 2891 artes
1588 2863 1737 2891 tractarent
1745 2861 1889 2901 manifeste
1900 2861 2049 2898 loquatur‘.>
2070 2871 2135 2891 03111
2155 2871 2240 2898 00001
2261 2862 2379 2899 exponit
2398 2861 2431 2891 il-

1325 2900 1374 2929 lud
1386 2909 1430 2936 71.
1454 2900 1557 2929 Contra
1569 2899 1723 2929 hesternam
1740 2900 1909 2929 concionem
1927 2899 2023 2935 illam,
2045 2899 2187 2937 subjungit
2206 2900 2281 2929 haec:
2304 2899 2383 2929 Idem
2393 2899 2429 2930 T.

1326 2938 1472 2968 Munatius
1487 2937 1601 2967 Plancus
1613 2959 1621 2972 ,
1644 2942 1675 2966 ut
1685 2936 1754 2974 saepe
1771 2938 1910 2973 diximus,
1931 2937 1992 2975 post
2000 2938 2095 2967 audita
2106 2960 2113 2971 ‚
2134 2940 2160 2968 ἅ
2172 2938 2311 2974 obsignata
2319 2938 2431 2967 testium

1326 2976 1427 3010 verba,
1449 2974 1625 3012 dimiffosque
1639 2976 1753 3004 interim
1773 2976 1898 3012 judices,
1918 2981 2018 3005 vocata
2036 2977 2175 3005 concione
2193 2976 2354 3005 cohortatus
2372 2981 2431 3004 erat

1325 3014 1465 3052 populum
1476 3035 1484 3048 ,
1506 3020 1537 3043 ut
1546 3012 1641 3043 clausis
1653 3013 1775 3044 tabernis
1784 3013 1893 3051 postero
1902 3014 1948 3043 die
1958 3014 1992 3042 ad
2003 3014 2141 3049 judicium
2153 3013 2273 3048 adesset,
2290 3023 2343 3043 nec
2355 3019 2433 3051 pate-

1327 3059 1403 3082 retur
1414 3051 1485 3081 elabi
1498 3051 1646 3081 Milonem.
1686 3051 1770 3081 Erant
1780 3052 1863 3089 igitur
1872 3051 2007 3089 opificum
2019 3051 2136 3089 collegia
2155 3061 2191 3080 ex
2209 3058 2328 3088 quatuor
2345 3051 2436 3080 homi-

1329 3100 1397 3119 nurn
1407 3090 1571 3127 generibus,
1591 3099 1608 3119 0
1617 3088 1701 3119 servis
1711 3111 1720 3125 ,
1739 3099 1775 3118 ex
1787 3091 1869 3128 inopi
1880 3096 2004 3119 veterum
2015 3090 2118 3118 civium
2128 3089 2147 3118 R
2155 3098 2320 3119 omanorum
2330 3089 2415 3127 plebe
2424 3111 2434 3124 ,

1328 3138 1365 3158 ex
1376 3129 1454 3157 novis
1468 3128 1592 3164 civibus,
1613 3137 1647 3156 ex
1663 3128 1696 3157 iis
1707 3128 1754 3165 qui
1771 3137 1858 3164 quum
1870 3128 2000 3165 proxime
2020 3128 2049 3156 in
2071 3127 2167 3156 urbem
2185 3126 2338 3163 venissent,
2359 3127 2433 3157 censi

1329 3166 1460 3195 nondum
1471 3173 1549 3195 erant
1559 3188 1566 3200 ,
1588 3165 1634 3195 sed
1643 3165 1691 3194 illa
1701 3175 1762 3202 quae
1774 3165 1800 3195 P.
1818 3165 1935 3195 Clodius
1944 3166 2081 3199 restituit,
2103 3166 2150 3202 qui
2171 3165 2255 3194 ctiam
2267 3187 2274 3199 ,
2295 3171 2326 3194 ut
2337 3165 2375 3194 ait
2391 3166 2438 3195 Ci-

1329 3214 1395 3233 cero
1408 3205 1436 3232 in
1454 3204 1596 3239 Pisonem,
1617 3213 1692 3233 nova
1711 3204 1838 3240 quaedam
1859 3213 1875 3232 e
1894 3203 2064 3232 servitiorum
2083 3202 2152 3232 faece
2168 3203 2318 3232 constituit.
2359 3203 2437 3233 Dion

1329 3242 1447 3271 historiae
1463 3242 1515 3271 suae
1534 3241 1581 3270 lib.
1596 3250 1761 3277 xxxi111,
1782 3240 1812 3267 πὶ
1832 3238 1947 3272 imm-(92
1972 3240 2079 3272 nemim
2102 3241 2246 3270 nominat:
2270 3241 2345 3276 quod
2365 3241 2437 3271 nihil

1329 3280 1405 3309 aliud
1417 3279 1522 3315 essent,
1543 3289 1625 3317 quam
1636 3278 1771 3316 opificum
1781 3278 1955 3308 sodalitates:
1985 3277 2080 3315 quales
2098 3277 2225 3308 Venetiis
2242 3278 2370 3308 videmus
2381 3279 2438 3309 esse

1330 3317 1557 3355 quamplurimas.
1580 3318 1667 3354 Quod
1677 3317 1722 3346 etsi
1735 3319 1773 3346 ita
1783 3317 1823 3350 sit,
1847 3317 1882 3345 ad
1896 3316 1979 3345 aliam
1996 3323 2088 3345 tamen
2098 3315 2261 3345 sententiam
2273 3323 2439 3347 converten-

1330 3357 1398 3385 dum
1412 3355 1529 3385 estillud
1540 3356 1653 3391 quodin
1671 3355 1718 3384 lib.
1729 3355 1764 3384 de
1775 3355 1886 3383 300001.
1904 3365 1950 3389 4ς.
1971 3363 2006 3383 ex
2023 3352 2140 3391 persona
2160 3354 2273 3383 Catonis
2293 3354 2352 3384 Cic.
2372 3365 2438 3393 pro-

1333 3394 1460 3423 nuntiat:
1472 3393 1637 3423 Sodalitares
1647 3392 1731 3430 paulo
1742 3398 1806 3421 ante
1815 3402 1860 3421 me
1868 3393 2032 3427 quaestorem
2041 3391 2197 3420 constitutae
2209 3391 2280 3422 sunt.
2294 3402 2353 3422 non
2361 3394 2439 3423 enim

1332 3432 1368 3461 de
1383 3432 1508 3469 collegiis
1519 3431 1652 3469 opificum
1666 3431 1704 3460 est
1713 3430 1938 3466 intelligendum,
1951 3430 1997 3458 sed
2011 3429 2246 3459 desodalitatibus
2256 3429 2439 3461 honestorum

1333 3471 1455 3505 civium,
1478 3471 1561 3498 animi
1580 3468 1669 3498 caussa
1680 3468 1844 3497 constitutis.
1866 3469 1893 3496 ἃ
1914 3467 2152 3503 quemadmodum
2173 3466 2349 3502 sodalitates,
2370 3470 2438 3499 item

1333 3508 1451 3545 collegia
1460 3517 1518 3536 non
1528 3506 1636 3544 semper
1649 3506 1684 3535 de
1694 3505 1831 3534 artificum
1850 3505 1970 3534 coetibus
1983 3507 2122 3534 dicuntur.
2145 3514 2202 3534 non
2214 3506 2290 3535 enim
2300 3507 2438 3543 quodlib.

1334 3556 1361 3576 2.
1373 3547 1408 3575 ad
1420 3546 1547 3581 Qu.frat.
1565 3545 1612 3582 Ep.
1628 3555 1649 3578 ς.
1665 3552 1733 3573 extr.
1759 3543 1889 3580 scriptum
1901 3543 1948 3578 est,
1970 3542 2009 3572 M.
2023 3542 2136 3572 Furium
2149 3542 2276 3572 Flaccum
2287 3566 2294 3578 ,
2315 3546 2440 3581 equitem

1331 3583 1492 3614 Romanum
1505 3581 1654 3620 Capitolini
1671 3584 1696 3611 dc
1710 3581 1888 3610 Mercuriales
1898 3584 1933 3609 de
1944 3581 2063 3618 collegio
2074 3581 2227 3616 ejecerunt,
2249 3581 2285 3611 110
2294 3591 2438 3620 exponen-

1334 3622 1402 3651 dum
1413 3621 1451 3651 est
1460 3644 1467 3655 ,
1489 3628 1518 3650 ut
1528 3621 1562 3649 de
1573 3620 1692 3656 collegio
1700 3628 1796 3648 eorum
1808 3619 1854 3655 qui
1872 3618 2049 3648 mechanicas
2065 3626 2136 3648 artes
2146 3627 2324 3655 exercerent,
2345 3621 2391 3650 sed
2404 3621 2439 3650 de

1335 3660 1455 3697 collegio
1474 3658 1566 3694 aliquo
1586 3657 1761 3686 sacerdocum
1779 3656 1900 3688 01061001
1914 3656 1969 3685 effe
1989 3656 2137 3691 Flaccum,
2159 3657 2358 3695 intelligamus.
2381 3667 2438 3687 nou

1335 3699 1411 3727 enim
1425 3695 1640 3734 suspicarialiter
1649 3693 1791 3732 possumus
1801 3716 1809 3727 ,
1831 3704 1916 3731 quum
1925 3704 2009 3731 eques
2022 3694 2164 3724 Romanus
2174 3694 2250 3727 esset.
2265 3703 2336 3726 artes
2347 3703 2438 3725 anteiri

1335 3736 1501 3773 quaestuariae
1517 3733 1550 3762 ab
1570 3732 1665 3761 infima
1685 3732 1766 3769 plebe
1786 3734 1986 3765 tractarentur.
2016 3733 2169 3769 argentaria
2190 3742 2285 3763 tamen
2302 3744 2439 3770 excepta,

1334 3783 1417 3810 quam
1430 3784 1443 3802 a
1455 3773 1488 3808 Q
1505 3770 1590 3800 Caelio
1599 3792 1606 3805 ,
1627 3771 1721 3806 equite
1730 3769 1860 3799 Romano
1870 3791 1877 3803 ,
1900 3770 2046 3807 Pomponii
2059 3771 2140 3799 Attici
2149 3772 2289 3801 avunculo
2300 3794 2307 3804 ,
2330 3772 2438 3801 0110311-

1335 3811 1536 3843 ministratam,
1559 3808 1629 3837 libro
1652 3817 1684 3841 i,
1705 3808 1739 3836 ad
1755 3808 1876 3837 Atticum
1898 3808 1995 3837 Cicero
2015 3808 2165 3845 significat:
2188 3809 2205 3838 si
2222 3811 2309 3838 modo
2321 3811 2440 3838 1100013-

1335 3856 1379 3878 tor
1396 3850 1420 3877 ἃ
1432 3847 1601 3881 argentarius
1612 3846 1689 3874 idem
1706 3845 1766 3874 fuit.
1807 3853 1867 3874 erat
1885 3845 1967 3882 igitur
1986 3847 2059 3875 inter
2076 3847 2248 3884 qurestuarias
2267 3855 2336 3877 artes
2355 3847 2439 3885 paulo

1336 3886 1498 3918 honestior,
1519 3883 1563 3913 vel
1581 3891 1612 3913 ut
1627 3884 1720 3913 dicam
1744 3883 1854 3915 verius.
1875 3883 1959 3921 paulo
1979 3884 2074 3913 minus
2092 3885 2180 3921 turpis
2200 3886 2372 3920 argentaria.-
2395 3884 2439 3912 cui

1336 3931 1431 3953 tamen
1451 3931 1564 3960 operam
1584 3922 1667 3955 dare,
1687 3921 1790 3958 probro
1808 3921 1971 3951 ducebatur.
2012 3923 2107 3959 itaque
2127 3923 2261 3955 Octavio.v
2284 3924 2330 3958 qui
2346 3922 2439 3957 postea

1336 3962 1376 3991 est
1391 3962 1525 3999 Augustus
1544 3958 1720 3997 appellatus,
1747 3969 1831 3989 avum
1855 3960 2042 3997 argentarium
2067 3959 2109 3990 M.
2133 3961 2271 3989 Antonius
2291 3962 2317 4027 {a
2335 3960 2441 4026 Callips

2316 4007 2409 4026 armen
2422 4006 2444 4026 is
