2600 4177
475 132 505 169 C
601 136 636 172 O
734 134 769 171 N

108 205 163 240 Res
172 208 383 249 eonfitutroque
391 213 486 244 modo.
509 215 617 246 Lucret.
628 216 677 246 lib.
692 227 717 253 4.
728 226 793 252 292.

107 243 248 315 Cpnfore,
269 248 536 288 [ammaim-raim]
556 254 681 285 futurum
691 261 801 293 tempus
813 255 945 287 infinitivi
961 256 1049 287 modi.
1069 253 1134 286 Ter.
1156 254 1226 286 And.

149 308 156 315 .
172 296 195 316 1.
209 297 271 323 140-

437 342 474 348 —
481 327 560 357 restat
567 328 701 359 Chremes
709 352 718 365 ,

204 361 261 398 Qui
273 364 341 393 mihi
355 364 514 394 exorandus
527 365 583 395 est:
607 368 633 396 ὃς
644 367 721 405 spero
730 368 855 398 confore.
935 369 990 398 Ubi
1003 368 1139 401 Donatus.
1160 367 1234 398 Con-

126 397 208 442 fore,-
225 402 258 429 ab
269 410 304 429 eo
315 402 390 437 quod
406 401 443 444 est
458 401 568 437 confit,
590 404 606 432 i.
621 414 645 433 e.
668 405 823 436 Perficitur:
848 406 971 436 futurum
983 413 1094 444 tempus
1104 406 1234 436 infinitivi

128 437 209 466 modi
226 437 348 467 Confore
362 439 445 473 facit,
465 439 482 468 i.
495 450 519 469 e.
542 440 696 472 Perfectum
710 444 751 472 iri.
773 444 820 473 Sic
829 444 946 482 Adelpli.
959 454 983 479 ς.
995 447 1020 477 8.
1036 452 1082 481 23.
1195 459 1198 463 ’

266 490 303 495 —-
312 485 409 520 verum
420 477 486 513 quid
498 487 550 514 ego
562 479 653 509 dicam
662 481 676 509 ¹?
697 480 752 510 hoc
764 481 850 510 confit
861 482 938 518 quod
948 481 1023 511 volo.
1097 480 1137 510 Al.
1163 481 1235 510 Cum

129 509 169 540 fit.
211 511 350 549 Confleri,
372 523 390 543 1.
407 523 431 542 0.
454 514 558 545 Persici.
600 517 681 547 Unde
698 518 867 548 Confectum
886 521 1030 555 negotium
1051 518 1170 554 dicitur,
1190 519 1235 549 vel

129 549 258 580 confecta
272 560 332 587 res,
354 551 425 587 Qiae
439 552 475 581 ad
487 553 602 590 plenum
615 556 764 593 perficitur.
788 556 858 594 Virg.
871 567 897 593 4.
913 557 974 587 IEn.
990 559 1053 586 116.

317 625 323 632 ·
343 604 380 610 ·—
389 599 466 620 nunc
476 601 529 628 qua
538 593 645 622 ratione
655 594 732 630 quod
743 593 824 623 instat

200 623 323 655 Confieri
334 627 416 663 poffit
425 630 521 665 paucis
542 630 699 667 (adverte)
719 631 838 661 docebo.
923 631 990 661 Haec
1006 631 1144 661 Donatus.

73 658 96 689 C
106 669 122 689 0
132 669 152 689 N
162 671 175 689 F
184 671 193 689 1
202 671 220 690 R
228 673 248 691 Μ
256 673 272 691 o
284 685 292 697 ‚
323 664 447 700 [βεζααόω
458 689 466 702 ,
487 669 670 705 ηςιτασκώαὶζω
684 691 692 702 ,
719 666 814 705 cneigen
824 690 831 703 ,
855 666 969 703 ὃνναμᾴω
979 691 987 704 ‚
1010 669 1159 704 nepa-roudus]
1179 671 1234 699 Ere.

109 698 232 728 Firmum
242 700 343 743 sacere.
382 704 441 733 Cic.
458 715 510 742 pro
523 704 596 742 Lege
608 706 705 736 Alanil.
722 715 768 742 24.
798 705 978 737 mithridates
996 715 1089 736 autem
1117 708 1143 737 Sc
1162 706 1238 736 suam

110 745 226 766 manum
239 748 293 773 jam
303 738 493 777 confirmarat,
513 745 566 772 dcc.

110 772 238 804 Educare
250 777 284 820 (ic⁴
293 779 457 809 confirmare
476 790 518 810 ars
536 781 638 812 dicitur
655 791 687 812 ea
699 803 708 817 ,
730 790 791 818 quae
799 780 862 812 sunt
872 788 931 812 orta
939 782 996 818 jam
1006 782 1035 811 in
1047 780 1129 811 nobis
1139 781 1165 810 &
1175 791 1239 821 pro-

131 819 230 855 creata.
254 814 311 845 Cic.
324 826 349 845 2.
369 818 405 846 de
416 819 493 847 Orat.
513 823 575 854 356.

110 847 221 886 Erigere
231 850 258 880 se
270 854 295 882 ἃ
308 855 481 886 confirmare.
523 857 580 886 Cic.
597 866 621 886 1.
634 857 670 894 Q.
681 857 740 887 Frat.
755 865 780 894 3.
802 856 882 895 Erige
896 862 923 887 te
935 857 1105 888 &confirma
1116 878 1124 893 ‚
1146 857 1164 885 si
1178 865 1238 894 quae

128 886 272 919 subeunda
284 891 428 922 dimicatio
442 895 503 923 erit.

110 923 285 969 Confirmare
297 931 322 959 Se
337 932 459 961 excitare
472 931 603 969 aliquem.
644 932 702 962 Cic.
720 942 744 961 1.
758 931 812 961 Att.
826 941 868 961 ri.
903 932 960 971 Ego
980 933 1102 963 recreavi
1121 931 1239 962 afflictos

129 972 238 994 animos
249 966 404 1004 bonorum,
425 979 654 1007 unumquemque
670 969 838 999 confirmans
855 972 1024 1001 &excitans

109 1001 152 1031 Ad
164 1002 338 1045 voluntatem
351 1006 464 1037 alterius
474 1007 508 1036 se.
523 1008 581 1037 Cic.
596 1018 618 1037 1.
631 1007 707 1037 Fani.
721 1013 747 1041 8.
760 1007 958 1038 Verumtamen
976 1008 1034 1047 ipse
1045 1018 1091 1038 me
1103 1007 1239 1038 confirmo

81 1048 85 1052 ’
129 1039 165 1067 ad
179 1049 240 1081 cius
251 1042 435 1080 voluntatem,
445 1055 460 1074 a
471 1056 527 1083 quo
537 1045 650 1075 honeste
660 1045 802 1075 dissentire
813 1055 869 1075 non
885 1046 1004 1084 possum.
1028 1046 1238 1076 A1.Conformo.

100 1075 299 1121 ¹confirmatur
308 1082 475 1113 cicatricula.
498 1083 568 1113 Cels.
582 1083 630 1113 lib.
644 1092 669 1113 2.
682 1093 743 1121 cap.
757 1094 799 1114 10.
821 1084 944 1121 Ideoque
954 1085 1082 1122 protinus
1094 1084 1240 1113 brachium

128 1114 328 1159 de¹¹gaf¹dum‚
350 1119 568 1159 habendumque
579 1120 681 1158 itaest,
702 1123 795 1151 donec
814 1121 908 1152 valens
930 1122 1089 1153 cicatricula
1108 1122 1157 1158 sit,
1179 1131 1239 1160 quae

130 1152 277 1184 celerrime
292 1157 319 1185 in
329 1166 399 1188 vena
409 1159 596 1189 confirmatur.

110 1189 221 1234 Corpus
238 1194 413 1226 confirmare.
455 1197 525 1227 Cels.
536 1196 585 1227 lib.
598 1207 624 1233 4.
645 1206 706 1235 cap.
718 1207 745 1232 4.
768 1197 868 1234 Neque
886 1198 1022 1228 vomitum
1040 1198 1124 1234 huius
1141 1197 1238 1227 afferre

130 1230 299 1272 periculum,
320 1235 405 1264 etiam
414 1244 500 1272 quum
508 1235 622 1273 repetit,
643 1235 663 1264 si
675 1241 741 1264 ante
752 1236 917 1265 confirmare
927 1238 954 1267 &
965 1236 1083 1275 implere
1097 1245 1198 1274 corpus
1209 1235 1241 1264 li-

128 1274 196 1296 cuit.

110 1303 253 1372 liiiitestiitia.
294 1308 363 1339 Cels.
375 1308 424 1340 lib.
438 1320 465 1346 4.
480 1319 542 1348 cap.
556 1320 599 1347 19.
620 1310 720 1348 Neque
730 1311 806 1341 enim
815 1311 871 1341 ulla
883 1321 924 1342 res
934 1312 1021 1350 magis
1032 1311 1162 1341 intestina
1172 1320 1240 1341 con-

151 1352 208 1372 rma
225 1367 231 1374 .

110 1378 283 1413 membrum.
323 1383 393 1415 Cels
407 1384 457 1415 lib.
468 1391 495 1419 8.
507 1394 568 1424 cap.
581 1395 625 1416 ιο.
643 1386 720 1416 Τ11111
728 1387 849 1425 paxillus
859 1387 1045 1418 removendus
1056 1409 1065 1423 ‚
1088 1387 1192 1417 vulnus
1201 1385 1239 1416 sa-

129 1420 257 1465 nandum
270 1422 327 1458 est,
347 1424 463 1453 cicatrix
478 1423 594 1454 inducta
612 1424 734 1454 fovenda
754 1425 852 1463 frigida
866 1436 938 1463 aqua
955 1426 1010 1462 est,
1029 1427 1081 1456 &c.
1102 1427 1130 1455 Sc
1151 1425 1239 1463 magis

128 1462 216 1487 etiam
226 1459 272 1489 liic
284 1460 483 1496 quiescendum
495 1482 504 1496 ‚
519 1461 614 1492 donec
624 1462 780 1492 membrum
793 1464 982 1494 confirmetur.

112 1493 285 1540 Confirmare
294 1497 321 1527 se
332 1499 463 1529 dicuntur
474 1499 532 1536 Qui
544 1510 579 1530 ex
588 1500 687 1530 morbo
697 1502 910 1531 convaluerunt.
932 1502 991 1532 Cic.
1006 1504 1049 1531 16.
1057 1501 1132 1531 Fam.
1145 1511 1170 1531 z.
1183 1500 1238 1530 Cu-

128 1542 158 1562 ra
169 1540 251 1571 igitur
261 1542 289 1564 te
298 1557 306 1571 ,
329 1537 355 1566 81
365 1537 516 1567 confirma:
539 1540 565 1568 ἃ.
575 1548 661 1575 quum
673 1540 824 1569 commode
836 1540 939 1578 poteris
953 1562 961 1575 ,
973 1541 1026 1569 &c.
1047 1540 1083 1569 ad
1099 1549 1150 1569 nos
1162 1539 1236 1569 veni.

107 1569 193 1600 Plane
202 1572 229 1602 se
238 1572 402 1605 confirmare
416 1575 530 1605 alicubi.
571 1576 629 1606 Cic.
646 1580 688 1607 16.
706 1577 781 1607 Fam.
801 1589 825 1613 ς.
848 1578 920 1607 Nlilii
930 1578 1068 1615 placebat,
1093 1577 1111 1607 fi
1133 1577 1238 1607 firmior

128 1608 198 1639 effes
211 1632 219 1645 ,
240 1619 271 1640 ut
280 1619 307 1641 te
318 1611 477 1644 Leucadem
487 1615 666 1652 deportaret,
686 1621 717 1644 ut
727 1615 766 1644 ibi
782 1622 809 1645 te
818 1616 901 1653 plane
909 1615 1096 1646 confirmares.

109 1645 186 1691 AEtas
201 1649 259 1685 jam
273 1650 445 1682 confirmata.
487 1652 546 1682 Cic.
560 1663 584 1688 ς.
599 1653 636 1682 de
646 1653 735 1684 Finib.
748 1662 794 1690 43.
818 1655 850 1684 ln
867 1654 912 1683 his
925 1663 991 1684 vero
1010 1654 1156 1691 aetatibus,
1178 1663 1239 1692 quae

128 1696 185 1722 Jam
200 1687 368 1719 confirmatae
381 1689 460 1726 sunt,
481 1691 542 1728 quis
552 1691 589 1720 est
601 1713 608 1725 ‚
631 1692 683 1721 810.

110 1722 250 1755 valetudo
259 1727 315 1762 jam
327 1728 490 1758 confirmata
500 1739 514 1758 a
526 1729 749 1759 morbo.Cic.10.
765 1730 819 1758 Att.
834 1727 1080 1764 19.Valetudinem
1095 1730 1238 1766 wamiam

130 1763 324 1794 confirmatam
338 1765 392 1796 effe
405 1768 431 1796 &
444 1776 459 1796 a
469 1773 562 1796 vetere
573 1766 670 1796 morbo
680 1789 689 1802 ,
712 1768 739 1797 &
750 1776 765 1796 a
778 1767 857 1797 novis
868 1767 1070 1798 tentationibus
1080 1768 1199 1805 gaudeo.

109 1798 247 1832 Nondum
257 1802 320 1833 satis
328 1804 546 1834 confirmatusad
553 1804 1063 1841 scribendum.Cic.9.Fam.ii.extr.Ex
1071 1816 1193 1836 moerore
1200 1805 1237 1836 sc.

109 1838 285 1870 Confirmant
295 1841 320 1870 se
332 1864 339 1877 ‚
363 1842 422 1879 Qui
433 1843 558 1872 animum
569 1843 683 1873 sumunt
699 1843 813 1873 excusso
834 1844 944 1873 timore.
985 1842 1045 1873 Cic.
1060 1853 1086 1881 7.
1104 1843 1178 1874 Verr.
1191 1855 1236 1881 95.

129 1877 307 1908 Confirmant
320 1880 368 1918 ipsi
381 1881 407 1910 se
416 1903 424 1916 ,
446 1891 531 1918 quum
541 1881 564 1911 is
572 1882 658 1911 etiam
672 1889 734 1911 tum
744 1881 917 1912 semisomnis
928 1881 1058 1920 stuperet.

110 1914 284 1946 Confirmare
292 1917 319 1946 se
327 1918 361 1947 ad
370 1920 473 1948 omnia.
498 1918 557 1948 Cic.
570 1920 599 1948 in
610 1919 729 1956 quadam
744 1921 880 1949 oratione.

108 1953 236 1991 Aliquem
249 1954 419 1986 confirmare.
461 1956 520 1986 Cic.
537 1967 546 1985 i
556 1967 579 1986 1.
594 1957 668 1987 Fam.
683 1968 709 1993 9.
733 1957 865 1988 Plancum
876 1967 986 1995 quoque
995 1958 1166 1988 confirmetis
1176 1967 1236 1994 oro,

129 2002 215 2030 quem
224 1992 305 2031 spero
318 1994 397 2031 pulso
410 1995 532 2024 Antonio
542 2017 550 2030 ,
573 1994 695 2033 Reipub.
711 2005 770 2025 non
780 1996 952 2025 defuturum.

109 2029 235 2061 Alterum
246 2031 412 2062 confirmare
421 2055 429 2069 ,
450 2042 508 2062 non
517 2034 556 2062 est
565 2042 602 2063 ex
611 2033 690 2064 causa
706 2040 788 2072 atque
797 2034 909 2064 fortuna
918 2034 977 2071 ejus
986 2056 995 2071 ,
1015 2034 1062 2064 cui
1080 2034 1176 2065 omnia
1192 2033 1239 2064 de-

130 2068 202 2099 sunt.
226 2069 284 2099 Cic.
298 2075 323 2099 6.
342 2070 418 2100 Fam.
431 2080 456 2107 3.

110 2107 241 2144 Aliquem
250 2108 332 2138 dictis
342 2108 516 2139 confirmare.
541 2109 640 2139 Claud.
654 2109 689 2140 de
701 2109 769 2140 Bell.
782 2109 856 2140 Gild.
872 2119 939 2146 424.

110 2147 244 2176 Animum
255 2146 428 2177 confirmare.
451 2147 537 2177 Plaut.
551 2147 610 2181 Aul.
624 2157 651 2177 2.
663 2153 689 2183 8.
707 2158 730 2177 1.

206 2183 287 2214 Volui
297 2186 424 2216 animum
435 2186 550 2215 tandem
561 2185 725 2216 confirmare
736 2186 823 2216 hodie
835 2195 948 2216 meum:

203 2221 242 2252 Ut
250 2222 323 2252 bene
334 2223 466 2253 haberem
476 2224 540 2253 filiae
551 2225 666 2261 nuptiis.

110 2259 243 2328 Animgm
254 2260 370 2329 alicbujus
377 2261 568 2301 sapientissimi
577 2264 603 2292 &
612 2261 769 2292 amicissimi
780 2262 903 2292 hominis
915 2262 1080 2293 auctoritate
1092 2262 1242 2293 confirma-

130 2307 169 2327 re.
203 2298 249 2329 ‘lc
260 2303 287 2328 6.
323 2310 377 2330 am.
388 2305 414 2330 6.

110 2336 226 2366 Animos
235 2337 325 2370 verbis
335 2338 508 2368 confirmare.
548 2337 616 2368 Caes.
632 2347 656 2368 1.
666 2337 735 2369 Bell.
748 2337 819 2368 Gall.
834 2347 877 2375 33.
913 2337 1001 2368 Caesar
1019 2335 1165 2368 Gallorum
1184 2339 1242 2368 ani-

131 2383 192 2403 mos
203 2375 294 2405 verbis
309 2376 491 2406 confirmavit.

110 2412 250 2442 Ordinem
262 2413 402 2443 labantem
410 2414 588 2444 confirmare.
599 2414 674 2444 Suet.
685 2413 752 2444 Caes.
767 2424 809 2449 14.
820 2414 851 2443 V.
859 2413 976 2443 Bernec.
986 2411 1113 2443 Indicem
1125 2414 1154 2442 in
1162 2414 1239 2445 Suet.

110 2447 299 2487 Confirmare,
324 2451 487 2487 Asi'everare,
506 2452 696 2487 corroborare,
717 2451 862 2481 affirmare.
903 2451 964 2481 Cic.
979 2463 1005 2487 4.
1018 2452 1101 2481 Acad.
1114 2461 1160 2486 2³·
1182 2453 1242 2483 Ma-

131 2489 207 2518 xime
224 2499 289 2519 vero
301 2491 436 2520 virtutum
449 2491 574 2527 cognitio
593 2490 750 2526 confirmat,
768 2490 876 2528 percipi
898 2491 924 2519 ἃ
939 2489 1142 2528 comprehendi
1154 2491 1242 2521 multa

130 2526 218 2564 posse.
259 2527 338 2557 Idem
354 2528 390 2558 de
409 2529 519 2558 Amicit.
534 2538 577 2558 10.
611 2528 702 2558 Nemo
723 2537 847 2566 unquam
872 2528 945 2564 erit,
966 2529 1013 2564 81,
1033 2536 1064 2558 ut
1077 2528 1242 2560 confirmare

129 2564 241 2602 possum
252 2587 260 2600 ,
282 2575 367 2595 nemo
380 2572 454 2596 certe
466 2564 528 2596 fuit.

111 2602 284 2633 Confirmare
294 2603 349 2633 sese
358 2614 449 2642 neque
460 2604 566 2640 legatos
575 2603 701 2633 missuros
715 2626 723 2639 ,
745 2613 837 2641 neque
850 2603 938 2634 ullam
957 2603 1155 2634 conditionem
1163 2606 1241 2643 pacis

131 2648 305 2679 accepturos.
335 2643 353 2671 i.
366 2651 390 2671 e.
415 2639 562 2672 Affirriiare.
587 2642 653 2671 Caes.
665 2652 691 2671 2.
702 2640 771 2672 Bell.
785 2641 854 2672 Gall.
869 2652 911 2677 ³5·

110 2678 174 2708 Plus
184 2679 221 2708 est
233 2680 406 2715 Persuadere,
415 2690 498 2718 quam
507 2680 685 2710 Confirniare.
708 2680 816 2710 Cic.16.
829 2681 912 2715 Att.5.
935 2679 998 2708 Hoc
1007 2689 1093 2716 quum
1103 2680 1171 2709 mihi
1182 2690 1241 2712 non

130 2716 411 2748 modoconfirmaffet
421 2741 429 2754 ‚
450 2719 498 2748 sed
510 2719 594 2747 etiam
606 2717 776 2756 persuasisset
785 2740 794 2754 ,
815 2718 873 2755 egit
883 2726 994 2746 mecum
1008 2724 1152 2754 accurate,
1167 2720 1220 2750 810.

112 2754 285 2792 Confirmate
297 2758 322 2786 ἐξ
332 2756 523 2794 comprobare.
546 2757 604 2786 Cic.
617 2756 777 2794 Cupiennio
789 2778 797 2792 ,
816 2761 857 2785 16.
880 2756 935 2784 Att.
950 2759 992 2784 16.

112 2793 284 2824 Confirmare
304 2796 330 2825 81
351 2795 508 2830 lniirmare,
530 2795 675 2824 contraria.
718 2794 776 2824 Cic.
791 2804 817 2823 2.
839 2794 874 2822 de
887 2793 1103 2837 ῼ1ν111.;8.·Τ11
1125 2794 1240 2832 quidem

131 2841 190 2860 non
202 2832 351 2862 hostiarum
364 2833 458 2862 casum
471 2832 617 2862 confirmas
631 2832 745 2862 sortium
762 2831 962 2867 similitudine,
982 2831 1030 2861 sed
1046 2830 1169 2863 infirmas
1185 2832 1241 2863 sor-

129 2876 171 2898 tes
180 2870 331 2900 collatione
340 2869 500 2900 hostiarum.

111 2905 277 2938 Promittere
288 2915 370 2946 atque
382 2909 555 2939 confirmare.
578 2908 636 2938 Cic.
652 2916 676 2944 3.
693 2908 768 2938 Fam.
782 2918 824 2937 ιο.

112 2945 480 2982 Confirmare&Resellere,
505 2947 653 2976 contraria.
694 2946 753 2976 Cic.
769 2955 792 2975 1.
804 2945 840 2974 de
855 2944 932 2974 Orat.
944 2954 988 2981 90.
1008 2944 1043 2975 Et
1063 2946 1092 2975 id
1110 2946 1187 2984 quod
1198 2947 1240 2976 in.

131 2985 311 3014 tenderemus
323 2985 487 3015 confirmare
498 3006 506 3020 ‚
526 2986 553 3014 &
566 2984 595 3013 id
606 2983 682 3021 quod
693 2990 790 3013 contra
802 2984 944 3013 diceretur
954 3005 963 3017 ,
982 2983 1119 3014 refellere.

113 3021 285 3052 Confirmare
297 3024 323 3052 &
334 3023 464 3053 Refutare
475 3045 483 3058 ‚
504 3024 652 3051 contraria.
693 3022 754 3051 Cic.
767 3032 793 3051 2.
807 3022 843 3050 de
853 3021 930 3050 Orat.
944 3026 989 3054 80.
1023 3021 1121 3052 Nostra
1141 3021 1242 3052 confir-

131 3069 207 3090 mare
219 3062 390 3098 argumentis
405 3071 437 3091 ac
446 3060 601 3090 rationibus
611 3082 620 3094 ,
640 3058 744 3089 deinde
756 3059 892 3089 contraria
907 3059 1036 3090 refutare.

112 3097 284 3128 confirmare
295 3098 443 3128 &sancire
466 3098 526 3128 Cic.
544 3108 584 3127 io.
598 3097 718 3135 Philipp.
734 3108 757 3127 1.
816 3135 820 3141 Ι

111 3136 203 3166 Ausim
218 3136 383 3166 confirmare
396 3159 404 3171 ,
424 3136 442 3166 i.
458 3146 482 3166 e.
506 3135 655 3166 Affirmare.
678 3135 787 3165 Lucret.
802 3134 851 3164 lib.
862 3143 888 3163 2.
902 3138 963 3170 178.

109 3174 172 3203 Otii
182 3174 262 3206 causa
270 3175 374 3212 aliquid
385 3174 557 3204 confirmare.
569 3174 627 3203 Cic.
638 3173 780 3212 Capitoni,
794 3176 837 3202 16.
850 3175 902 3202 Att.
919 3175 962 3202 16.
982 3172 1025 3203 De
1036 3173 1104 3203 actis
1114 3173 1234 3204 Caesaris.

109 3212 226 3250 Aliquid
235 3212 397 3242 confirmare
406 3213 441 3242 de
450 3222 478 3242 re
488 3212 589 3250 aliqua.
612 3211 671 3241 Cio.
693 3222 744 3250 pro
760 3210 838 3241 Arch.
855 3220 898 3246 14.

109 3250 154 3280 De
170 3250 262 3280 reditu
276 3250 402 3285 alicuius.
423 3250 483 3280 Cic.
496 3254 522 3280 6.
540 3250 614 3280 Fam.
626 3253 653 3279 6.

111 3288 153 3318 Ex
167 3288 322 3318 rationibus
334 3289 448 3326 aliquid.
471 3288 579 3318 Lucret.
596 3287 644 3316 lib.
660 3296 686 3316 2.
702 3294 764 3322 179.

111 3326 178 3356 Sine
190 3326 245 3356 ulla
257 3326 433 3356 dubitatione
443 3326 557 3363 aliquid.
580 3325 638 3355 Cic.
654 3325 690 3353 de
700 3323 773 3354 Clar.
786 3323 865 3353 Orat.
878 3331 924 3358 ας.
1070 3361 1077 3368 ·

112 3365 328 3394 auetoritatibus
341 3363 449 3394 causam
458 3364 578 3399 aliquam
588 3362 761 3393 confirmare.
783 3362 840 3392 Cic.
854 3371 902 3399 pro
915 3361 986 3405 Lege
999 3361 1098 3392 Manil.
1114 3369 1160 3399 71.

111 3400 279 3432 Rationibus
293 3402 605 3440 exquisitisconfirmare
614 3400 728 3438 aliquid.
751 3400 809 3430 Cic,
825 3410 847 3429 1.
860 3400 896 3429 de
909 3399 997 3429 Finib.
1012 3409 1056 3436 30.

111 3440 234 3471 Ratione
245 3441 332 3471 omni.
353 3440 412 3470 Cic.
425 3448 451 3470 2.
462 3440 499 3469 de
509 3440 582 3477 Lege
591 3441 651 3476 Agr.
665 3447 707 3474 14.
1079 3474 1085 3481 .

111 3479 250 3509 Sermone
259 3479 386 3508 omnium
398 3477 565 3508 confirmari.
608 3477 666 3506 Cic.
679 3485 705 3512 7.
720 3475 792 3505 Verr.
807 3485 866 3504 101.
890 3475 958 3505 Haec
973 3479 1067 3503 autem
1077 3472 1153 3506 istius
1167 3476 1240 3506 vitu-

131 3518 242 3554 peratio
251 3523 332 3553 atque
342 3516 455 3546 infamia
465 3514 682 3545 confirmabatur
693 3524 791 3543 eorum
809 3512 934 3542 sermone
947 3535 956 3546 ,
976 3512 1022 3549 qui
1034 3513 1086 3542 810.

112 3554 256 3592 suffragiis
265 3555 378 3592 aliquid.
397 3554 457 3583 Cic.
469 3564 520 3591 pro
532 3553 622 3583 Domo
632 3562 676 3589 47.
699 3552 786 3588 Quod
796 3552 900 3592 factum
913 3561 970 3579 non
979 3550 1027 3583 est,
1040 3556 1072 3579 ut
1081 3551 1112 3580 fit
1122 3552 1237 3588 factum,

131 3592 195 3622 ferri
204 3593 238 3621 ad
249 3593 384 3630 populum
394 3599 441 3621 aut
451 3591 542 3621 verbis
553 3591 615 3620 ullis
627 3590 735 3625 sanciri,
752 3596 799 3619 aut
812 3589 946 3625 suffragiis
957 3587 1115 3619 confirmari
1125 3590 1213 3627 potest
1223 3592 1237 3620 ‘?

113 3630 228 3660 Crimen
238 3630 464 3660 commentitium
473 3629 644 3659 confirmare.
687 3626 744 3657 Cic.
761 3637 812 3665 pro
824 3627 903 3670 Rosc.
919 3627 1008 3669 Amet.
1021 3635 1065 3661 42.
1098 3627 1149 3658 Ille
1168 3638 1239 3666 quo-

132 3668 222 3697 modo
233 3669 459 3698 commentitium
470 3669 574 3696 crimen
585 3665 762 3695 confirmaret
773 3687 781 3701 ,
803 3674 861 3694 non
876 3663 1044 3694 inveniebat.

113 3705 334 3736 Divinationem.
358 3707 416 3735 Cic.
431 3716 452 3734 1.
466 3706 500 3735 de
510 3705 602 3734 Divin.
617 3713 661 3740 71.

113 3744 232 3775 Facinus
241 3744 392 3780 objectum.
414 3743 510 3779 Justin.
522 3743 570 3772 lib.
583 3751 625 3778 32.
642 3751 703 3779 cap.
715 3750 740 3769 2.
752 3748 821 3770 extr.
845 3740 881 3769 de
897 3736 999 3769 Perseo.
1110 3778 1117 3784 ·
1142 3778 1148 3785 ²

113 3781 287 3820 Opinionem
298 3779 470 3811 confirmare.
508 3780 575 3810 Plin.
591 3789 633 3816 37.
650 3789 672 3808 1.
694 3779 849 3808 Confirmat
859 3778 932 3807 lianc
940 3777 1061 3808 eandem
1070 3786 1237 3817 opinionem

132 3821 226 3850 edicio
239 3820 386 3849 Alexandri
397 3820 505 3857 magni.
528 3828 585 3855 quo
598 3818 702 3852 vetuit,
718 3818 769 3846 &c
789 3854 794 3859 ι
1036 3853 1042 3859 Ι

112 3856 211 3888 Pacem
219 3857 385 3887 confirmare
395 3867 459 3887 cum
468 3856 571 3894 aliquo.
612 3856 670 3884 Cic.
688 3865 708 3883 i.
725 3853 846 3891 Philipp.
862 3863 887 3882 2.
910 3852 965 3882 Pax
977 3851 1100 3894 denique
1110 3864 1160 3893 pei·
1170 3862 1237 3884 eum

134 3898 159 3926 ἃ
171 3906 219 3932 per
230 3896 330 3925 liberos
341 3903 404 3924 cum
418 3893 639 3933 praestantiss'imis
652 3891 811 3922 civitatibus
828 3888 989 3935 confirmata
1002 3890 1048 3935 est.

113 3933 276 3970 Periurium.
315 3932 375 3962 Cio.
386 3937 411 3961 6.
427 3933 498 3963 Verr.
515 3943 556 3968 ¹9·
579 3931 707 3968 thuam
726 3930 879 3974 minimum
894 3929 960 3960 dem
973 3928 1029 3960 illis
1046 3931 1182 3969 temporie
1200 3930 1236 3960 ad

133 3972 328 4002 meditandum
339 3970 619 4007 confirmandumque
630 3969 793 4008 perjurium.

1677 139 1706 176 C
1803 144 1838 179 0
1931 144 1966 179 N
2390 157 2461 195 637

1324 219 1501 257 Religionem
1516 228 1593 252 metu
1607 232 1708 259 poenae.
1736 223 1793 253 Cic.
1806 232 1831 253 2.
1844 224 1879 254 de
1888 224 1982 261 Legib.
1995 235 2040 263 29.

1324 258 1408 294 Spem
1420 261 1552 297 temporis
1568 261 1674 297 reliqui.
1699 260 1756 290 Cic.
1774 272 1795 291 i.
1812 262 1885 291 Verr.
1904 269 1944 297 ¹8-

1327 295 1498 326 Coniirmare
1517 298 1638 335 aliquem
1661 299 1792 328 libertati.
1833 300 1898 329 Cres.
1922 311 1945 330 1.
1966 301 2034 331 Bell.
2055 299 2136 331 Civil.
2159 311 2203 338 14.
2234 301 2460 342 Gladiatoresque

1347 343 1416 376 quos
1428 334 1465 363 ibi
1477 335 1564 365 Caesar
1580 337 1609 365 in
1621 336 1688 365 ludo
1704 336 1844 373 habebat,
1866 339 1895 366 in
1907 338 1999 368 forum
2008 340 2164 378 productos
2176 362 2185 376 ‚
2206 339 2340 371 Lentulus
2351 343 2460 374 liberta-

1347 377 1367 398 ti
1380 371 1542 408 confirmat,
1564 381 1646 410 atque
1659 375 1691 403 iis
1700 384 1786 410 equos
1803 376 1939 406 attribuit.

1327 407 1529 439 Confirmatum
1542 411 1588 440 est.
1611 412 1669 441 Cic.
1683 423 1709 447 4.
1726 412 1801 442 Verr.
1814 422 1859 449 23.

1256 445 1258 449 ’
1290 443 1312 473 C
1321 454 1338 474 o
1350 455 1368 473 N
1378 456 1390 474 r
1403 457 1411 474 i
1423 457 1438 475 R
1448 458 1468 476 Μ
1478 451 1492 475 x
1506 457 1524 475 *r
1536 459 1553 477 υ
1563 459 1585 482 s,
1597 449 1694 478 Partic.
1708 447 1961 486 [κεκμτιαωμᾙῶν]
1978 457 2021 487 ut,
2032 450 2200 483 Confirmata
2211 453 2294 483 acies.
2315 453 2348 484 In
2368 464 2459 487 scits.

1329 482 1436 520 Corpus
1447 485 1654 515 confirmatum.
1676 487 1733 516 Cic.
1751 493 1792 518 16.
1805 489 1879 518 Fam.
1892 497 1916 525 3.

1327 521 1442 551 Animus
1452 530 1542 552 certus
1563 525 1588 553 &
1603 524 1790 555 confirmatus.
1831 527 1889 556 Cic.
1907 536 1958 564 pro
1975 527 2075 564 Quint.
2089 535 2134 564 77.
2165 527 2337 558 Diffidebam
2354 529 2462 559 meher-

1346 557 1481 626 {gleshC
1493 561 1585 598 Aquili
1599 583 1606 597 ,
1627 561 1689 590 satis
1709 563 1804 592 animo
1823 570 1900 594 certo
1922 566 1948 594 ὁὶ
1959 566 2124 596 confirmato
2134 575 2179 595 me
2190 566 2268 605 poss'e
2280 567 2309 596 in
2320 567 2372 596 hac
2381 567 2461 598 causa

1385 606 1420 625 ΠΙ
1446 607 1500 627 ere.

1328 632 1452 701 Consigo
1467 635 1594 701 11011ιὲ10111
1606 636 1771 666 confirmato
1784 660 1791 674 ,
1810 638 1858 668 sed
1874 639 1991 670 ineunte
2007 646 2088 670 aetate
2103 650 2198 671 curam
2208 641 2331 680 aliquam
2341 641 2459 681 suscipe-2

1347 681 1386 700 re.
1434 683 1468 703 ic.
1485 684 1509 707 ς.
1555 683 1605 702 011.
1622 682 1646 707 3.

1327 707 1546 753 Incommodum
1557 711 1586 739 in
1596 709 1690 748 aliquo
1700 712 1908 743 confirmatum.
1929 714 1988 744 Cic.
2005 715 2102 754 Anteq.
2119 718 2210 747 iretin
2225 717 2290 747 exil.
2305 721 2346 747 16.

1327 745 1445 789 Ingenia
1455 749 1628 790 confirmata.
1668 749 1727 778 Cic.
1746 751 1781 780 de
1793 752 1902 781 Aniicit.
1918 757 1963 788 76.
1987 752 2115 784 Omnino
2128 756 2258 785 amicitiae
2274 755 2459 786 corroboratis

1347 793 1402 818 iam
1417 786 1638 823 coniirinatisque
1652 788 1808 824 &ingeniis
1822 811 1830 825 ,
1852 791 1878 819 &
1890 789 2015 820 aetatibus
2028 792 2186 827 iudicandae
2196 793 2267 823 sunt.

1329 820 1413 851 Ratio
1426 824 1597 853 confirmata.
1619 823 1678 853 Cic.
1691 836 1718 859 4.
1731 826 1816 855 Acad.
2087 830 2101 843 ⁰

1328 859 1429 890 Sensus
1439 861 1627 890 confirmatus.
1667 862 1725 891 Cic.
1741 873 1762 892 i.
1782 864 1891 898 Fam.8.
1904 874 1944 902 pr.
1968 865 2090 897 Difficile
2100 868 2138 898 est
2147 868 2254 898 sensum
2268 869 2297 898 iri
2305 869 2460 907 republica,

1351 897 1502 935 praesertim
1512 900 1619 928 rectum
1633 900 1659 929 &
1668 899 1863 930 confirmatum
1878 902 2031 940 deponere.

1292 935 1315 966 C
1324 945 1340 964 o
1352 945 1372 964 N
1382 946 1395 964 r
1406 946 1415 964 1
1425 946 1441 964 11
1452 947 1472 965 Μ
1481 946 1528 965 AT
1538 947 1551 965 iz
1563 958 1572 971 ,
1594 937 1662 966 Adv.
1684 939 1786 967 Auctor
1801 939 1836 968 ad
1848 939 1972 970 Herenn.
1985 952 2011 977 4.
2027 945 2069 971 16.
2093 941 2154 972 Νο0
2170 944 2260 981 potest
2278 944 2440 975 confirmate
2450 967 2459 981 ,

1329 982 1421 1011 neque
1431 972 1545 1004 viriliter
1554 972 1610 1004 sese
1622 975 1764 1011 expedire.

1295 1011 1318 1041 C
1327 1021 1343 1040 0
1353 1021 1373 1040 Ν
1383 1021 1396 1040 1¹
1407 1022 1416 1040 1
1426 1021 1442 1040 11
1451 1023 1472 1040 Μ
1482 1022 1502 1041 A
1512 1021 1549 1041 Ti
1559 1022 1576 1041 o
1587 1034 1595 1047 ,
1615 1013 1687 1042 onis.
1709 1013 1727 1042 f.
1741 1013 1903 1049 [vt-tuna»)
1916 1036 1924 1050 ‚
1934 1014 2081 1051 neemiam]
2097 1017 2156 1046 Cic.
2170 1028 2194 1054 ς.
2206 1018 2242 1048 de
2255 1018 2395 1055 Finib.15.
2418 1019 2465 1048 111.

1330 1055 1413 1078 venta
1424 1049 1487 1079 vitae
1495 1050 1540 1079 via
1549 1050 1588 1080 est
1599 1050 1831 1088 confirmatioque
1852 1053 1982 1082 omnium
1993 1053 2157 1084 officiorum.
2195 1056 2236 1085 Al.
2258 1057 2461 1088 Conformatio.

1330 1087 1536 1117 Testimonium
1549 1089 1575 1117 &
1587 1089 1696 1125 gravior
1707 1089 1892 1120 confirmatio.
1916 1090 1978 1121 Cic.
1993 1100 2017 1121 1.
2031 1091 2067 1121 de
2081 1092 2189 1123 invent.
2203 1099 2250 1130 48.

1329 1125 1432 1155 Animi.
1457 1125 1516 1155 Cic.
1532 1129 1558 1155 6.
1578 1126 1653 1155 Fam.
1665 1131 1692 1156 6.

1328 1163 1396 1192 Non
1408 1169 1471 1201 eget
1482 1163 1694 1194 confirmatione
1706 1163 1803 1195 virtus.
1826 1165 1884 1195 Cic.
1895 1168 1922 1195 6.
1935 1165 2011 1196 Fam.
2026 1175 2052 1202 ῃ.

1327 1200 1529 1237 Confirmatio,
1552 1201 1615 1232 Pars
1630 1203 1763 1233 orationis
1780 1203 1946 1233 Rhetoricae.
1985 1204 2044 1234 Cic.
2061 1214 2083 1234 i.
2105 1205 2141 1234 de
2154 1205 2264 1236 invent.
2279 1216 2323 1244 34.
2357 1208 2462 1238 Confirz

1348 1239 1437 1268 matio
1448 1239 1486 1269 est
1498 1261 1507 1275 ,
1527 1249 1669 1277 perquam
1681 1241 1903 1278 argumentando
1914 1242 2012 1271 nostrae
2025 1242 2111 1272 causae
2123 1243 2207 1274 fidem
2228 1246 2254 1274 &
2271 1247 2462 1276 auctoritatem

1352 1278 1379 1306 ἃ
1391 1276 1600 1308 firmamentum
1607 1278 1736 1316 adjungit
1746 1280 1845 1308 oratio.

1289 1313 1315 1345 C
1324 1324 1341 1344 0
1349 1324 1390 1344 NF
1401 1326 1410 1343 1
1419 1325 1434 1344 R
1444 1326 1464 1344 M
1475 1319 1492 1344 Ti
1500 1325 1520 1344 *r
1528 1325 1545 1345 o
1555 1326 1572 1345 a
1582 1338 1591 1351 ‚
1612 1317 1674 1346 oris.
1695 1327 1732 1347 m.
1755 1312 1936 1353 [βεέααωτὲς]
1957 1316 2017 1348 Cic.
2027 1328 2079 1356 pro
2089 1317 2201 1349 Cluent.
2217 1328 2262 1351 72.
2285 1320 2363 1351 Urius
2378 1322 2404 1351 &
2424 1321 2461 1350 al-

1328 1359 1371 1382 ter
1383 1353 1444 1383 dies
1456 1353 1642 1383 intercesserat
1651 1377 1659 1389 ,
1675 1363 1762 1392 quum
1771 1364 1814 1384 res
1826 1364 1925 1393 parum
1937 1362 2013 1386 certa
2024 1356 2188 1387 videbatur:
2210 1356 2344 1396 sequester
2356 1361 2382 1389 &
2394 1369 2464 1389 con-

1329 1390 1453 1421 firmator
1463 1392 1591 1430 pecuniae
1601 1392 1819 1422 desiderabatur.

1328 1428 1435 1458 Erroris
1446 1429 1634 1461 confirmator.
1659 1430 1778 1461 Tertull.
1796 1430 1859 1460 adv.
1879 1430 1968 1461 Marc.
1984 1435 2028 1468 36.

1326 1467 1479 1497 Sententiae
1490 1467 1680 1499 confirmator.
1721 1469 1847 1499 Laciant.
1864 1478 1888 1499 1.
1901 1479 1927 1500 2.
1949 1469 2037 1506 Cuius
2046 1468 2188 1500 sententiae
2200 1472 2298 1502 auetor
2308 1472 2346 1502 est
2357 1472 2460 1502 Demo-

1347 1505 1433 1535 critus
1447 1515 1454 1535 :
1477 1505 1658 1535 confirmator
1673 1506 1822 1546 Epicurus.

1288 1541 1313 1572 C
1324 1552 1340 1572 0
1351 1552 1371 1571 Ν
1382 1553 1404 1609 ik
1404 1554 1414 1571 1
1424 1553 1441 1572 a
1451 1554 1472 1572 Μ
1483 1554 1503 1588 ¹⁴}
1513 1554 1533 1573 T
1541 1554 1576 1574 111
1584 1553 1602 1573 x
1610 1565 1620 1580 ,
1639 1546 1701 1576 icis.
1722 1546 1743 1576 f.
1765 1544 1884 1576 Tertull.
1905 1545 1942 1575 de
1954 1545 2065 1576 Corona
2076 1545 2138 1577 Mil.
2150 1555 2213 1585 cap.
2231 1557 2259 1583 4.
2280 1547 2461 1578 Consuetudo

1328 1590 1383 1610 con
1408 1588 1529 1612 rmatrix.

1289 1617 1314 1647 C
1323 1628 1341 1647 o
1349 1628 1369 1647 Ν
1378 1629 1392 1647 r
1402 1630 1411 1648 1
1420 1629 1437 1648 R
1445 1631 1466 1649 Μ
1476 1630 1497 1649 A
1504 1629 1524 1649 1·
1531 1631 1541 1649 1
1549 1629 1566 1650 v
1575 1630 1599 1657 iz,
1608 1619 1680 1660 Adv.
1696 1619 1814 1651 Tertull.
1825 1620 2060 1657 adv.Marc.4.4i.
2071 1622 2270 1653 Confirmative
2280 1623 2459 1662 respondere.

1288 1655 1339 1686 Co
1350 1666 1371 1686 N
1381 1667 1395 1686 p
1405 1668 1414 1686 1
1423 1659 1517 1687 RM'i‘T
1526 1668 1546 1687 A
1555 1667 1568 1688 s
1579 1680 1587 1695 ‚
1608 1659 1670 1689 atis.
1692 1659 1711 1689 f.
1736 1659 1934 1696 [amodum]
1956 1659 2043 1690 Plaut.
2054 1659 2143 1690 Milit.
2160 1670 2187 1691 2.
2201 1670 2227 1691 2.
2244 1671 2287 1697 3⁴·

1409 1695 1450 1725 Os
1464 1697 1549 1726 habet
1563 1718 1572 1731 ,
1589 1696 1715 1735 linguam
1725 1719 1733 1732 ,
1755 1696 1900 1735 perfidiam
1912 1719 1920 1733 ‚
1942 1697 2080 1727 malitiam
2098 1705 2180 1736 atque
2191 1699 2339 1730 audaciam
2352 1722 2360 1736 ,

1409 1732 1620 1765 Confidentiam
1634 1757 1642 1770 ,
1665 1732 1884 1765 confirmitatem
1897 1756 1904 1770 ‚
1926 1734 2153 1766 fraudulentiam.

1288 1769 1314 1800 C
1324 1779 1340 1800 0
1349 1780 1370 1800 Ν
1380 1780 1394 1800 iv
1405 1782 1415 1800 i
1426 1781 1438 1801 s
1447 1782 1465 1802 c
1473 1782 1490 1802 o
1501 1794 1509 1808 ‚
1531 1769 1712 1809 [δὶιμρπστίω]
1731 1776 1787 1803 are.
1808 1772 1840 1803 111
1859 1771 1956 1803 fiscum
1968 1796 1976 1809 ‚
1997 1773 2028 1803 id
2042 1774 2080 1803 est
2100 1775 2130 1803 in
2170 1775 2298 1804 ecuniam
2310 1775 2462 1813 publicam,

1328 1809 1462 1846 redigere.
1504 1810 1535 1840 V.
1557 1821 1570 1839 r
1580 1821 1590 1840 1
1599 1820 1663 1841 scu
1673 1821 1695 1841 s.
1731 1811 1807 1841 Suet.
1831 1812 1860 1840 in
1879 1810 1967 1848 Calig.
1991 1820 2053 1850 cap.
2070 1815 2113 1842 16.
2178 1812 2241 1842 ultis
2263 1814 2462 1844 incendiorum

1327 1847 1432 1877 *damna
1443 1847 1601 1886 supplevit,
1623 1859 1656 1878 ac
1668 1849 1686 1878 si
1697 1849 1798 1887 quibus
1810 1858 1895 1887 regna
1906 1849 2042 1885 restituit,
2063 1850 2167 1886 adjecit
2177 1852 2203 1880 &
2217 1851 2337 1880 fructum
2349 1862 2466 1882 omnem

1327 1885 1541 1923 vestigaliorum
1550 1888 1577 1916 &
1588 1887 1729 1917 redituum
1741 1888 1830 1920 medii
1842 1887 1979 1925 temporis
1990 1909 1999 1923 ,
2020 1895 2051 1917 ut
2061 1889 2199 1919 Antiocho
2211 1889 2372 1927 Comageno
2390 1899 2411 1919 11
2423 1910 2431 1915 -
2440 1900 2462 1920 s.

1329 1923 1436 1953 millies
1450 1924 1642 1955 confiscatum.
1683 1925 1817 1955 Erasmus.

1328 1960 1561 1992 Confiscaribona
1575 1963 1726 1999 dicuntur,
1748 1964 1857 2000 Quaein
1869 1962 1966 1993 fiscum
1977 1970 2127 2002 coguntur.
2150 1965 2170 1995 l.
2187 1963 2238 1996 ult.
2259 1966 2282 2003 ἕ.
2298 1974 2364 2004 pen.
2381 1965 2417 1996 D.
2428 1965 2467 1996 de

1349 1999 1416 2030 bon.
1427 2010 1483 2030 eor.
1496 2001 1515 2030 l.
1527 2009 1552 2037 3.
1565 2001 1601 2030 de
1612 2011 1641 2031 re
1650 2001 1731 2031 milit.
1743 2002 1793 2032 lib.
1809 2011 1851 2031 12.
1871 2002 1903 2031 C.

1329 2034 1514 2069 Haereditates
1522 2038 1681 2069 confiscare.
1710 2040 1785 2070 Suet.
1797 2039 1901 2069 Domit.
1913 2048 1975 2077 cap.
1988 2048 2030 2070 12.
2053 2039 2281 2071 confiscabantur
2291 2040 2463 2072 alieniffimae

1347 2075 1521 2107 liaereditates
1532 2099 1540 2112 ,
1561 2078 1606 2107 vel
1617 2078 1752 2108 existente
1760 2087 1817 2108 uno
1828 2079 1875 2115 qui
1887 2077 1996 2107 diceret
2012 2078 2118 2108 audiffe
2138 2078 2165 2109 se
2176 2088 2212 2108 ex
2225 2079 2361 2109 defuneto
2373 2090 2461 2117 quum

1348 2114 1470 2150 viveret,
1496 2115 1635 2145 haeredem
1647 2115 1696 2145 sibi
1707 2116 1841 2146 Caesarem
1855 2115 1918 2145 effe.

1328 2150 1487 2183 confiscare
1501 2175 1509 2189 ,
1540 2155 1627 2183 etiam
1646 2154 1680 2183 ad
1695 2154 1832 2183 Homines
1846 2153 1982 2189 relatum,
2003 2163 2062 2183 non
2074 2153 2165 2183 solum
2184 2154 2220 2184 ad
2238 2154 2317 2184 Rem.
2336 2154 2412 2185 Suet.
2434 2156 2466 2185 in

1350 2189 1437 2228 Calig.
1455 2201 1516 2229 cap.
1531 2201 1577 2227 41.
1600 2191 1633 2221 Et
1645 2193 1788 2228 quondam
1802 2192 1932 2230 proximo
1949 2191 2098 2227 collusori,
2124 2193 2292 2222 demandata
2315 2193 2378 2222 vice
2395 2193 2442 2223 sua
2453 2216 2463 2229 „

1347 2227 1503 2266 progressus
1515 2230 1545 2258 in
1556 2229 1657 2259 atrium
1665 2230 1768 2259 domus
1777 2252 1785 2266 ,
1808 2239 1897 2268 quum
1908 2235 2108 2268 praetereuntes
2122 2230 2196 2259 duos
2210 2231 2317 2267 equites
2329 2230 2409 2261 Rom.
2422 2230 2466 2260 lo.

1349 2266 1477 2304 cupletes
1487 2267 1543 2297 sine
1554 2277 1632 2297 mora
1643 2268 1746 2306 corripi
1757 2290 1766 2304 ,
1787 2267 1987 2305 confiscarique
1995 2266 2111 2304 juffiffet
2119 2290 2128 2303 .,
2149 2268 2279 2298 exultans
2287 2269 2382 2306 rediit,
2402 2269 2464 2308 glo-

1354 2304 1481 2342 riansque
1492 2327 1501 2341 ,
1523 2315 1668 2342 nunquam
1678 2305 1706 2335 se
1715 2305 1889 2344 prosperiore
1901 2305 1961 2335 alea
1974 2306 2063 2335 usum.
2104 2305 2239 2336 Erasmus.

1331 2341 1452 2372 Pecunia
1461 2343 1617 2373 confiscata.
1640 2344 1716 2373 Suet.
1729 2344 1839 2380 August.
1852 2353 1913 2382 cap.
1929 2353 1990 2373 101.
2001 2344 2171 2381 regionariis
2184 2350 2313 2374 trecenos
2322 2353 2469 2376 nummos:

1350 2389 1433 2415 quam
1443 2381 1582 2411 summam
1596 2382 1784 2419 repraesentari
1795 2381 1881 2417 juffit.
1923 2381 1996 2410 Nam
2008 2383 2034 2412 &
2045 2381 2222 2411 confiscatam
2238 2382 2362 2419 semper,
2384 2392 2466 2421 repo-

1351 2417 1484 2457 fitamque
1494 2420 1636 2449 habuerat.
1659 2420 1677 2449 i.
1694 2429 1719 2449 e.
1741 2420 1774 2449 In
1785 2419 1856 2449 fiscis
1867 2420 1894 2450 ἃ
1904 2418 2020 2449 sacculis
2032 2419 2179 2455 repositam
2196 2421 2223 2457 64
2236 2419 2405 2450 asservatam.

1293 2453 1316 2484 C
1326 2464 1358 2523 ῗςζ
1351 2465 1371 2484 Ν
1372 2467 1393 2524 G
1403 2468 1412 2485 1
1423 2467 1435 2487 s
1445 2467 1469 2525 ὃ
1470 2467 1493 2525 ia
1501 2467 1527 2525 ITs
1530 2469 1540 2487 1
1548 2468 1565 2487 o
1574 2479 1583 2494 ,
1605 2458 1677 2488 onis.
1698 2458 1718 2488 f.
1741 2457 1814 2488 Flor.
1829 2466 1853 2495 3.
1862 2467 1888 2494 9.
1905 2466 1930 2494 3.
1953 2457 2030 2487 Socii
2043 2457 2156 2496 vivique
2164 2458 2237 2495 regis
2245 2457 2415 2488 confiscatio.
2430 2457 2462 2489 V..

1393 2502 1430 2525 et.
1479 2506 1498 2525 ‘0
1523 2519 1530 2525 .

1290 2529 1316 2560 C
1325 2541 1342 2560 o
1351 2542 1372 2561 Ν
1381 2544 1394 2562 r
1403 2545 1412 2562 1
1420 2543 1433 2563 s
1444 2543 1490 2563 CA
1498 2543 1518 2562 T
1527 2542 1545 2562 0
1554 2543 1571 2562 R
1580 2555 1588 2569 ,
1609 2533 1673 2563 oris.
1696 2542 1734 2564 m.
1756 2533 1818 2563 Vet.
1835 2530 1922 2563 Gloss.
1944 2531 2123 2564 confiscator.
2145 2532 2296 2569 πιμιέχῶη

1293 2569 1483 2601 0011111310
1497 2593 1506 2607 ,
1527 2571 1730 2601 Comisus.
1768 2571 1800 2602 V.
1824 2581 2004 2601 CONFIDO.

1288 2605 1314 2636 C
1323 2616 1340 2638 ο
1349 2611 1438 2638 Νιτῑτ
1447 2619 1461 2638 a
1471 2618 1487 2639 o
1498 2619 1514 2638 s
1525 2631 1534 2645 ,
1553 2606 1638 2639 feffus
1648 2609 1708 2639 sum
1721 2632 1729 2645 ,
1752 2610 1768 2646 [
1778 2609 1915 2645 ὁμςλοςέω,
1934 2608 2099 2645 insanimus
2109 2630 2118 2645 ,
2133 2605 2326 2645 {Zomam'opm
2337 2631 2345 2645 ‚
2366 2606 2464 2645 σύμφη-

1327 2647 1384 2682 μι]
1406 2648 1454 2677 ἔτί.
1476 2647 1555 2677 idem
1568 2647 1644 2684 quod
1655 2647 1746 2677 Fateri
1758 2657 1765 2677 z
1788 2647 1838 2676 nisi
1847 2647 1924 2684 quod
1935 2647 2102 2684 compositio
2113 2647 2220 2684 aliquid
2229 2657 2329 2685 augere
2339 2648 2463 2679 videtur:

1329 2692 1360 2714 ut
1369 2685 1401 2714 sit
1417 2685 1551 2715 Confiten'
1560 2707 1569 2721 ,
1591 2686 1700 2723 Sponte
1711 2685 1921 2722 quodammodo
1930 2685 2026 2721 fateri,
2046 2684 2090 2715 vel
2100 2684 2154 2714 alio
2166 2684 2314 2722 suadente,
2337 2693 2385 2715 aut
2395 2697 2462 2717 cum

1327 2722 1383 2752 alio
1396 2723 1485 2754 fateri.
1509 2723 1651 2759 Donatus,
1674 2723 1784 2753 Iudicat
1795 2724 1817 2753 is
1828 2723 1874 2760 qui
1885 2723 1921 2753 de
1931 2722 1957 2753 se
1966 2722 2064 2753 volens
2074 2722 2179 2760 aliquid
2191 2745 2198 2755 .
2221 2725 2247 2754 &
2257 2723 2292 2753 de
2302 2723 2363 2753 aliis
2373 2726 2459 2755 etiam

1326 2761 1440 2799 prodit:
1464 2761 1511 2791 sed
1522 2761 1688 2798 Confitetur,
1711 2762 1758 2799 qui
1770 2761 1805 2791 de
1822 2761 1850 2791 se
1862 2767 1982 2796 tantum,
2004 2763 2030 2791 &
2041 2762 2151 2790 invitus.
2173 2761 2238 2790 Ter.
2250 2762 2347 2792 Heaut.
2357 2772 2427 2797 5-3·¹
2437 2771 2462 2794 2.

1411 2799 1507 2837 Egone
1518 2799 1756 2830 confitearmeum
1767 2809 1826 2829 nori
1837 2799 1891 2829 esse
1906 2799 1998 2828 filium
2011 2821 2018 2834 ,
2040 2800 2088 2836 qui
2103 2799 2134 2828 111
2148 2800 2249 2829 meus?
2332 2798 2386 2829 Pro
2403 2799 2464 2830 Dif-

1325 2836 1407 2868 'fitear
1417 2860 1424 2873 ,
1447 2838 1491 2868 vel
1502 2837 1610 2867 Infitiar
1623 2837 1678 2867 effe
1692 2845 1797 2868 meum.
1838 2837 1917 2867 Idem
1929 2837 2038 2867 Phorm.
2054 2848 2077 2872 ς.
2091 2847 2115 2880 q.
2128 2840 2175 2873 4⁶-

1422 2875 1536 2913 ignosce
1547 2897 1556 2911 ,
1581 2882 1656 2911 orat,
1677 2876 1829 2906 confitetur
1839 2898 1847 2911 ,
1868 2882 1984 2913 purgat,
2007 2875 2074 2913 quid
2084 2884 2124 2904 vis
2136 2874 2256 2912 amplius
2268 2875 2281 2905 ?

1327 2910 1463 2943 Confiteri
1473 2936 1480 2949 ,
1501 2914 1644 2943 interdum
1655 2913 1777 2943 Profiteri
1791 2913 1935 2952 significat.
1975 2914 2050 2943 Suet.
2061 2914 2091 2942 in
2104 2913 2212 2949 August.
2224 2922 2255 2942 ca
2280 2935 2285 2941 .
2298 2922 2325 2948 4.
2338 2921 2378 2950 pr.
2401 2912 2460 2943 De.

1347 2953 1453 2981 cedens
1470 2952 1633 2990 provincia,
1654 2951 1813 2990 priusquam
1826 2951 1955 2981 confiteri
1972 2950 1998 2980 se
2011 2950 2175 2980 Consulatus
2199 2922 2388 2993 candidatum!
2399 2951 2462 2994 pos-

1347 2989 1396 3023 set,
1406 2997 1497 3019 morte
1504 2989 1577 3018 obiit
1587 2991 1742 3028 repentina.
1765 2990 1820 3020 Ubi
1836 2997 1930 3019 tamen
1939 2990 2057 3018 correcti
2069 2989 2152 3018 codd.
2167 2989 2315 3031 praeferunt
2323 2987 2457 3018 Profiteri.

1327 3026 1452 3057 Profiteri
1467 3029 1493 3057 &
1503 3027 1647 3058 confiteri.
1682 3028 1741 3058 Cic.
1754 3038 1803 3066 pro
1813 3028 1916 3058 Caecin·
1929 3036 1974 3062 24.
1995 3027 2035 3057 lta
2045 3027 2166 3057 libenter
2178 3028 2340 3064 comitetur,
2360 3033 2461 3057 utnon

1351 3065 1442 3095 solum
1450 3066 1529 3095 fateri
1543 3087 1552 3100 ,
1573 3065 1620 3095 sed
1631 3066 1715 3096 etiam
1726 3065 1850 3102 profiteri
1861 3066 1995 3095 videatur.

1329 3103 1431 3141 Aperte
1441 3104 1654 3141 atqueingenue
1663 3104 1913 3141 confiterialiquid.
1937 3103 1995 3133 Cic.
2015 3112 2039 3139 ς.
2056 3102 2132 3132 Fam.
2145 3111 2172 3132 2.

1329 3141 1493 3178 Quaestione
1504 3141 1638 3172 adhibita.
1664 3142 1722 3171 Cic.
1739 3154 1760 3172 i.
1773 3143 1808 3171 de
1820 3142 1911 3171 Divin.

1328 3179 1467 3210 Tacendo
1477 3180 1553 3217 loqui
1565 3202 1573 3214 ,
1595 3190 1654 3209 non
1666 3180 1813 3210 infitiando
1825 3178 1952 3209 confiteri
1962 3178 2060 3209 vider-i.
2082 3178 2140 3208 Cic.
2150 3187 2204 3216 pro
2216 3177 2291 3208 Sext.
2304 3187 2350 3214 40.

1329 3217 1506 3247 Adulterium
1516 3216 1653 3247 confiteri.
1675 3218 1733 3248 Cic.
1745 3218 1774 3247 in
1789 3217 1895 3248 Sallust.
1915 3227 1957 3251 ις.

1329 3255 1406 3285 Deos
1416 3255 1469 3285 effe
1482 3255 1677 3285 confitendum
1689 3256 1734 3285 est.
1756 3256 1817 3286 Cic.
1833 3265 1855 3285 1.
1866 3255 1902 3285 de
1913 3255 1976 3284 Nat.
1989 3253 2073 3283 Deor.
2085 3263 2131 3289 44.

1328 3291 1498 3361 Deviiicigm
1507 3293 1534 3323 se
1549 3293 1602 3361 eksse
1613 3293 1711 3324 officiis
1723 3293 1840 3330 aiicujus
1853 3315 1861 3329 .
1884 3291 2013 3322 confiteri
2029 3301 2089 3321 non
2104 3291 2194 3321 solum
2206 3314 2214 3328 ,
2233 3291 2282 3322 'sed
2295 3292 2378 3322 etiam
2393 3302 2458 3330 gau.

1348 3332 1424 3361 dere.
1473 3332 1506 3360 ic.
1523 3342 1544 3361 i.
1581 3341 1633 3361 am.
1645 3342 1671 3366 9.

1328 3367 1443 3399 ’ῦκίιῃεη
1455 3369 1581 3399 confiteri
1591 3369 1713 3407 aliquod.
1748 3368 1806 3398 Cic.
1820 3368 1849 3397 in
1858 3367 1966 3399 Sallust.
1982 3377 2026 3405 ις.
2044 3365 2194 3397 Confessus
2203 3367 2242 3397 est
2252 3367 2332 3398 vobis
2341 3368 2458 3399 audien-

1348 3407 1424 3437 tibus
1443 3408 1619 3437 adulterium.

1327 3444 1400 3475 Iram
1412 3445 1498 3474 vultu.
1518 3445 1603 3475 Ovid.
1617 3448 1643 3474 6.
1657 3444 1726 3474 Met.
1740 3453 1783 3480 35.
1856 3480 1861 3486 .
1909 3481 1914 3486 ι

1328 3483 1442 3513 Motum
1454 3483 1539 3512 animi
1551 3483 1590 3512 sui
1599 3482 1738 3520 iacrymis.
1762 3480 1883 3518 Quintil.
1895 3480 1945 3510 lib.
1957 3484 1983 3510 ⁶.
1995 3490 2055 3518 cap.
2070 3489 2095 3509 1.

1328 3521 1476 3551 Peccatum
1486 3520 1574 3557 suum,
1593 3523 1668 3558 quod
1677 3519 1762 3550 celari
1774 3518 1881 3557 posset,
1904 3519 1945 3548 vir
1956 3518 2066 3557 sapiens
2077 3517 2205 3548 confiteri
2216 3518 2330 3550 mavult.
2353 3519 2412 3552 Cic.
2425 3528 2452 3552 ι.

1348 3560 1384 3589 de
1393 3559 1457 3588 Nat.
1476 3558 1558 3587 Deor.
1574 3568 1616 3588 ir.

1328 3597 1500 3634 Religiones.
1522 3596 1582 3626 Cic.
1596 3606 1623 3625 2.
1636 3596 1672 3625 de
1681 3594 1775 3632 Legib.
1788 3603 1834 3628 29.

1327 3635 1473 3664 Timorem
1484 3633 1598 3671 pallore.
1621 3634 1708 3664 Ovid.
1727 3643 1750 3662 1.
1762 3631 1843 3661 Trist.
1856 3640 1880 3668 3.
1894 3638 1957 3668 113.

1328 3672 1442 3702 Verum.
1466 3671 1549 3701 Ovid.
1562 3672 1597 3700 de
1607 3671 1686 3701 Rem.
1702 3671 1792 3700 Amor.
1807 3675 1869 3705 318.

1328 3709 1372 3741 De
1381 3709 1545 3739 criminibus
1556 3709 1673 3744 obieetis
1687 3719 1744 3738 non
1760 3707 1896 3737 confiteri.
1919 3706 1979 3736 Cic.
1992 3716 2043 3743 pro
2055 3706 2148 3736 Domo
2160 3715 2205 3742 93.

1327 3748 1372 3780 Dc
1382 3744 1531 3777 maleficio.
1570 3747 1629 3776 Cic.
1642 3756 1691 3784 pro
1703 3746 1781 3775 Rosc.
1797 3747 1885 3775 Amer.
1903 3755 1964 3780 119.
1984 3745 2040 3774 Res
2051 3755 2134 3782 porro
2147 3745 2197 3774 abs
2209 3750 2236 3774 te
2251 3744 2388 3781 ejusmodi
2404 3756 2453 3784 po-

1348 3786 1516 3819 stulabatur,
1539 3790 1570 3813 u't
1580 3783 1817 3819 niiiilintereffet,
1838 3790 1934 3813 utrum
1944 3792 2007 3812 eam
2018 3792 2077 3813 rem
2086 3782 2242 3818 recusares,
2262 3793 2298 3812 an
2316 3784 2352 3813 de
2369 3784 2454 3813 male-

1350 3824 1413 3853 ficio
1422 3822 1597 3852 confiterere.

1329 3862 1368 3892 Ut
1382 3862 1417 3890 de
1426 3870 1471 3889 me
1482 3859 1624 3889 confitear.
1646 3859 1703 3889 Cic.
1718 3868 1743 3888 2.
1753 3857 1857 3891 Verm.
1881 3857 2029 3894 Equidem,
2041 3863 2073 3887 ut
2080 3857 2116 3888 de
2126 3858 2320 3892 nieconfitear,
2331 3858 2454 3893 Judices,

1350 3908 1436 3936 quum
1447 3897 1541 3927 multae
1552 3898 1620 3927 mihi
1632 3906 1647 3926 a
1661 3897 1691 3927 C.
1707 3896 1790 3926 Verre
1799 3895 1903 3925 insidiae
1913 3902 1983 3925 terra
1993 3896 2117 3933 marique
2135 3896 2214 3926 factae
2226 3896 2291 3930 sint,
2312 3897 2363 3938 810.

1330 3936 1374 3968 De
1384 3946 1421 3966 re.
1464 3936 1521 3965 Cic.
1532 3936 1561 3964 iri
1573 3935 1736 3971 Paruit-127.
1758 3935 1878 3964 Minime
1891 3933 1945 3963 effe
1961 3934 2178 3965 concedendum
2191 3956 2199 3968 .
2218 3940 2250 3963 ut
2270 3934 2292 3962 is
2309 3942 2356 3970 qui
2374 3932 2410 3962 de
2424 3942 2453 3961 10

1347 3973 1515 4006 confiteatur
1525 3995 1534 4009 ,
1557 3973 1633 4004 verbi
1644 3973 1670 4004 se
1679 3972 1911 4039 interpretatiprile¹
1918 3971 2059 4046 clie3sendat.
2413 4006 2455 4037 De
