2604 4222
139 145 211 186 634
609 127 638 162 C
735 123 770 158 O
866 118 902 155 N

132 206 135 210 .
199 229 260 257 quae
270 217 344 282 farge
356 214 462 249 soluta,
481 211 552 250 saepe
568 214 646 240 mota
666 207 748 242 sunt,
770 206 822 235 &c.
858 202 922 232 Hoc
943 199 978 229 ab
1004 197 1177 235 Hippocrate
1194 191 1296 223 dicitur

202 267 299 294 ἰζᾳιτνῦἰ
333 268 367 283 M.

571 286 586 321 ]
606 285 661 314 e‘re.
682 282 700 311 i.
712 291 736 310 e.
759 279 943 308 Vehementer
957 271 1130 317 incalescere.
1153 268 1292 312 0⁰¹⁰.me.¹·

582 330 674 351 emum
688 317 823 356 praediCtae
838 314 909 352 picis
923 312 1028 354 sextans
1038 331 1046 344 ‚
1070 310 1093 338 ὁ(
1107 308 1247 350 semuncta
1266 316 1296 335 iri

588 367 634 389 nta
644 357 770 392 adjicitur
781 376 788 388 ,
810 355 834 382 8(
855 350 983 380 rutabulo
995 349 1089 386 ligneo
1100 345 1279 384 permiscetur
1288 365 1296 379 ,

614 394 752 425 fervescat.
774 390 841 420 Plin.
854 388 902 418 lib.
920 393 958 422 18.
973 396 1033 423 cap.
1048 395 1090 419 ιο.
1116 384 1217 412 Vitruv.
1237 391 1296 418 5.3.

687 432 725 462 Ab
736 430 806 468 ignis
815 426 992 457 vehementia
1001 421 1245 453 confervescendo.

732 469 757 497 b.
774 471 798 496 6.
815 475 875 501 35²·
898 464 934 493 de
946 462 1093 497 fulmine,

147 297 438 329 Comen-asco,
455 284 563 331 [ὶπιζέω

186 334 234 364 lib.
251 342 289 362 12.
301 332 360 368 cap.
375 338 418 363 ιι.
442 327 474 356 [ιι
485 333 552 354 tunc
562 324 584 366 d·

187 371 318 402 sextarios
328 368 449 408 quinque
459 366 484 394 &
496 363 584 398 sexagi

187 419 241 440 nec
250 407 341 446 postea
351 411 470 440 tangitur
483 401 548 444 d'um
559 408 611 428 con

189 445 327 477 versando
339 438 526 472 confervescit.
549 438 574 466 8(
585 445 608 472 7.
625 444 666 463 ιι.

152 484 491 517 Cournnvi‘sramo.
514 476 568 504 ere.
593 469 727 502 Lucretii

271 518 398 550 Diffolvit
407 524 488 554 porro
499 512 578 542 facile
589 520 624 539 aes
634 531 642 544 ,
662 514 813 542 aurumque
825 507 939 540 repente

269 553 472 587 Confervefacit
481 573 488 586 ,
509 560 524 579 e
534 547 698 587 parvisquia
708 545 777 574 facia
789 542 896 571 minute

269 590 484 632 Corporibusvis
496 588 551 623 est,
571 588 622 616 Sic.

153 637 379 667 CONFRssio,
399 629 629 658 Confusos,
651 621 870 651 confussus.
908 614 941 644 V.
964 618 1186 643 courirson.

153 674 177 705 c
188 680 298 740 2135.ss
308 679 377 736 ‘0¹13‘
389 661 630 744 3..[1i⁷{{{³⁹ii5³‡2‘⁹e‘g]<‚
642 660 713 727 iii.
725 665 785 725 2¹‘5t‘
804 655 828 723 ii
840 653 989 730 ζὲἶῗίῗζὲᾱ.
999 651 1300 724 ‘itiaqffiisstit

190 738 609 814 gigig&psseggt)effig{{itviffilga
622 745 697 802 mgic.
714 780 737 800 i.
753 770 787 799 de
797 768 902 798 invent.
916 775 961 802 42.
983 764 1053 808 Quae
1066 762 1171 793 factum
1185 756 1299 796 aliquod

211 821 331 851 similiter
344 817 485 848 confestim
494 836 501 850 ,
524 821 612 842 autex
621 808 768 840 intervallo
778 807 866 836 solent
877 804 1017 847 consequi.
1282 833 1288 839 ⁸

190 861 254 890 Sine
266 858 320 888 ulla
331 866 406 886 mora
418 856 443 884 8(
455 847 597 883 confestim
610 858 668 878 rem
681 856 780 885 gerere.
822 844 879 874 Cic.
893 854 915 879 ς.
933 841 1050 877 Philipp.
1068 847 1092 874 3.
1125 837 1198 867 Rem
1214 834 1301 864 admi-

209 895 374 926 nistrandam
386 892 501 922 arbitror
514 889 568 918 fine
580 887 635 917 ulla
645 895 720 915 mora
730 907 737 920 ‚
760 886 784 913 8(
797 881 940 912 confestim
949 879 1097 916 gerendam
1108 875 1218 919 censeo.

616 925 629 960 ]
650 925 717 953 Cato
732 932 792 959 cap.
809 929 848 949 12.
872 918 980 948 Fibulas
992 915 1188 952 quadraginta,
1208 910 1301 940 vedies

154 936 396 967 CONUBULA’
413 940 442 959 ae'
465 929 482 957 f·
506 929 607 963 [mom
983 955 1096 992 primat,
1118 951 1135 980 si
1146 949 1301 982 dehiscent,

189 971 366 1009 quadraginta
377 991 385 1004 ,
402 965 553 997 confibulas
565 964 668 1000 ligneas
680 984 686 996 ‚
709 962 786 998 queis
798 958 908 1002 arbores
916 965 979 985 coni
1084 1001 1087 1002 .

189 1013 213 1040 8(
228 1017 333 1039 cuneos
351 1007 404 1036 sex.
445 1001 597 1034 Confibulae
615 1006 706 1029 autem
726 998 802 1031 sunt,
825 999 976 1032 interprete
1004 990 1147 1024 rumbo,
1168 994 1301 1024 tanquam

187 1047 320 1085 Duplices
331 1044 438 1077 fibulae,
460 1051 517 1079 quae
533 1039 552 1069 ii
567 1039 676 1075 quando
698 1035 763 1078 quid
781 1035 837 1063 hiet
849 1034 872 1063 8(
885 1032 1021 1076 aperiatur
1032 1053 1048 1073 ⁷.
1061 1029 1094 1057 ad
1112 1026 1301 1077 constringen-

188 1086 253 1114 dum
265 1085 393 1119 utrinque
404 1083 428 1110 8(
440 1089 500 1109 corn
526 1077 681 1107 riniendum
691 1072 857 1102 adhibentur
866 1092 874 1106 ,
896 1067 1063 1106 interpositis
1073 1067 1098 1096 8(
1110 1063 1300 1094 interculcatis

188 1124 270 1152 etiam
284 1121 378 1150 cuneis
389 1140 397 1154 ,
420 1127 486 1155 quos
516 1122 565 1145 ato
575 1114 709 1144 deiiderat
724 1110 777 1139 sex.
1112 1141 1118 1147 ι

149 1160 322 1191 Cominii
334 1167 390 1191 to,
410 1159 464 1185 z‘ire.
487 1153 633 1185 Novatian.
653 1151 688 1180 de
705 1149 804 1179 Trinit.
824 1154 883 1184 cap.
899 1149 941 1179 ¹8-
973 1143 1005 1174 ln
1024 1139 1169 1179 semetipso
1187 1148 1300 1170 concor-

187 1199 259 1228 diam
274 1194 452 1226 confibulare.
716 1224 721 1230 Ι
870 1221 876 1226 .
901 1220 908 1226 θ
1170 1215 1175 1221 ι
1279 1214 1285 1220 .

150 1237 173 1266 C
184 1246 200 1265 o
211 1246 228 1264 Ν
239 1246 251 1264 r
260 1246 269 1263 i
281 1245 295 1263 s
305 1244 322 1263 υ
333 1244 348 1261 1.
357 1241 375 1261 A
386 1242 405 1261 'r
416 1243 424 1260 i
434 1241 467 1266 o,
488 1228 560 1259 onis.
580 1226 600 1258 f.
621 1224 768 1257 Novatian.
785 1222 819 1251 de
828 1220 928 1250 Trinit.
942 1228 1003 1257 cap.
1021 1227 1061 1254 19.
1083 1215 1177 1246 Mutui
1186 1215 1300 1244 foederis

188 1270 406 1303 confibulatione
416 1269 556 1298 sociatum.
722 1297 734 1305 r
895 1295 900 1303 Ι
1097 1291 1103 1301 r
1179 1291 1192 1298 ..

150 1311 356 1343 Cot-iricio,
376 1308 436 1340 cci.
458 1307 564 1337 ectum,
587 1299 771 1338 [copenga-ria,
798 1292 1007 1338 Ἆῖμτΐαθομρα,
1034 1291 1154 1328 mewa]
1175 1300 1229 1320 ere.
1262 1298 1299 1334 eir

186 1350 248 1378 Con
259 1349 283 1377 &
297 1347 395 1382 Faci03
418 1345 493 1374 idem
503 1340 577 1379 quod
588 1341 686 1370 Facere
697 1336 739 1366 vel
752 1334 890 1365 Perficere.
932 1332 982 1361 Cic
1006 1341 1029 1367 ς.
1043 1329 1116 1359 Fam.
1133 1339 1142 1357 1
1152 1339 1173 1357 i.
1187 1328 1223 1357 de
1236 1327 1299 1357 Dio.

185 1386 262 1424 nysio
273 1407 280 1419 ,
302 1384 319 1413 fi
331 1393 375 1413 me
386 1392 457 1411 arnas
467 1379 587 1410 confice:
609 1383 801 1413 quamcunque
815 1373 840 1401 ei
852 1371 938 1400 fidem
955 1368 1063 1398 dederis
1074 1390 1081 1402 ,
1104 1366 1244 1405 praestabo.

190 1419 549 1454 Conficereexercitatione.
591 1415 648 1445 Cic.
668 1423 688 1446 i..
700 1412 734 1441 de
744 1412 849 1442 lnvent.
866 1420 888 1445 ς.
912 1408 975 1437 Hoc
998 1406 1015 1435 si
1035 1406 1106 1434 forte
1127 1414 1184 1433 non
1201 1412 1299 1433 natura

204 1461 305 1495 modo,
327 1468 416 1496 neque
431 1454 627 1487 exercitatione
645 1450 789 1482 conficitur
802 1471 810 1486 ,
836 1455 933 1478 verum
947 1444 1032 1475 etiam
1049 1443 1165 1473 artificio
1176 1442 1299 1480 quodam

207 1503 394 1536 comparatur.
928 1522 934 1528 ,
976 1520 982 1527 ,
1060 1519 1065 1526 ,

186 1537 232 1567 Ma
255 1546 287 1565 na
296 1544 378 1570 cura,
399 1531 484 1562 multa
494 1539 577 1568 opera
588 1550 595 1564 ‚
617 1526 743 1558 &labore
754 1523 890 1567 conficere
900 1520 1012 1558 ahquid.
1034 1520 1092 1550 Cic.
1108 1521 1150 1548 16.
1167 1519 1221 1548 Att.
1235 1527 1278 1556 17.

186 1546 282 1604 Verkiiis
297 1572 414 1610 aliquem
431 1568 582 1602 conficere,
603 1576 653 1603 pro
665 1564 794 1595 Refutare
807 1561 879 1591 dixit
889 1560 974 1590 Plaut.
987 1557 1081 1588 Pseud.
1097 1567 1121 1587 ι.
1136 1567 1160 1593 ς.
1170 1567 1216 1593 49.

185 1612 218 1641 Vi
230 1620 366 1646 manuque
380 1608 514 1638 conficere
523 1605 637 1642 aliquid.
660 1603 717 1632 Cic.
733 1599 829 1645 1.'Off.
843 1602 889 1643 76.

185 1651 316 1679 Amanter
323 1648 527 1684 diligenterque
539 1642 675 1673 conficere
683 1639 795 1682 aliquid.
818 1637 877 1666 Cic.
892 1646 918 1666 2.
931 1635 983 1664 Att.
996 1644 1024 1670 4.
1169 1669 1177 1677 ο

184 1686 330 1717 Conficere
343 1694 452 1714 nucem.
494 1682 559 1712 Plin.
581 1681 690 1710 Nucem
701 1676 830 1707 dentibus
841 1674 998 1706 conficere,
1017 1681 1049 1701 ac
1064 1670 1151 1714 plagae
1169 1679 1296 1707 impone-

204 1735 241 1754 re.
271 1724 332 1753 h.e.
356 1721 525 1753 Masticando
544 1724 705 1752 conterere,
726 1717 752 1745 &
772 1713 973 1744 comminuere.
1016 1711 1095 1747 [Nili
1106 1718 1181 1738 error
1191 1708 1239 1738 est.
1261 1707 1295 1738 V.

205 1762 251 1791 lib.
266 1761 389 1797 23.Seet.
405 1770 447 1796 77.
462 1765 530 1788 extr.
923 1787 940 1794 ..
1184 1784 1189 1790 ¹
1256 1783 1263 1790 ι

184 1799 331 1831 conficere
343 1798 494 1828 hominem.
535 1794 657 1824 Donatus
677 1792 706 1820 in
724 1790 794 1820 Eun.
815 1788 941 1819 Terentii
963 1797 986 1821 ς.
999 1797 1024 1823 4.
1038 1789 1063 1815 6.
1093 1784 1209 1829 Proprie
1230 1783 1297 1827 (in.

203 1838 284 1875 quit)
304 1837 358 1866 hoc
371 1835 483 1866 verbum
492 1831 622 1863 convenit
653 1828 831 1859 ladiatoribus
847 1827 890 1870 iis,
905 1826 953 1862 qui
962 1823 1124 1869 graviffimis
1135 1821 1296 1865 vulneribus

202 1875 402 1905 occubuerunt.
428 1872 472 1903 Sic
483 1871 541 1901 Cic.
558 1879 583 1900 2.
598 1869 627 1898 in
635 1839 720 1898 {atis
732 1876 776 1901 ²4-
797 1864 950 1895 Gladiatori
961 1864 1004 1892 illi
1014 1861 1142 1891 confesso
1157 1862 1182 1890 8(
1193 1860 1292 1889 saucio.

202 1913 280 1944 Idem
292 1921 317 1950 7.
331 1912 406 1941 Verr.
422 1920 460 1945 ιι.
483 1908 568 1945 Plagis
579 1906 739 1936 confectum
750 1905 814 1933 dico
826 1913 842 1932 a
854 1902 997 1932 lictoribus
1008 1901 1062 1930 tuis
1073 1900 1165 1929 civem
1174 1898 1295 1929 Roman.

203 1957 268 1981 ante
280 1949 376 1980 oculos
390 1956 453 1978 tuos
468 1944 626 1977 concidisse.
967 1977 972 1983 Ι

184 1988 264 2026 Ignes
275 1987 427 2017 conficiunt
440 1985 534 2019 silvas,
554 1984 572 2013 i.
584 1991 609 2012 e.
631 1980 813 2011 Consumunt.
831 1977 941 2022 Lucret.
954 1976 1004 2007 lib.
1021 1986 1121 2013 1.905.

184 2026 271 2057 Pavor
279 2026 410 2055 attonitos
420 2023 576 2054 confecerat
585 2019 683 2049 hostes.
704 2018 806 2062 chan.
819 2016 867 2047 lib.
879 2020 906 2046 6.
920 2024 982 2052 131.

186 2065 248 2094 Sica
259 2062 395 2094 conficere
405 2062 533 2099 aliquem.
555 2058 615 2088 Cic.
628 2067 678 2095 pro
691 2056 788 2086 Milon.
803 2060 846 2098 ³8.-
1169 2089 1176 2097 ι

185 2101 346 2136 Conficere,
367 2099 488 2130 absolute
499 2120 507 2134 ‚
525 2107 574 2136 pro
587 2095 732 2126 Occidere.
772 2093 862 2123 Tamt.
877 2101 901 2121 1.
914 2091 1022 2121 Ann.6.
1055 2089 1154 2127 Quem*
1168 2096 1295 2127 ignarum

203 2140 395 2175 inermumque
405 2146 472 2174 aegre
484 2135 614 2165 confecit.
638 2134 668 2162 V.
692 2132 776 2162 etiam
786 2141 812 2166 4.
826 2132 895 2159 Ann.
910 2138 936 2165 7.
951 2138 988 2172 3..

185 2176 331 2207 Conficere
343 2197 350 2211 ‚
372 2185 421 2214 per
433 2173 661 2207 translationem,
681 2179 731 2208 pro
750 2169 865 2199 Gravare
878 2189 886 2203 ,
908 2175 1083 2210 opprimere,
1104 2166 1130 2195 8(
1146 2165 1296 2194 vehemen-

202 2221 244 2244 ter
254 2213 370 2243 afficere.
407 2212 473 2242 Plin.
489 2217 514 2245 8.
528 2209 609 2248 Epist.
625 2212 666 2238 16.
697 2206 884 2237 Confecerunt
900 2214 945 2234 me
966 2203 1138 2232 infirmitates
1155 2212 1292 2232 meorum.

202 2251 262 2281 Cic.
278 2260 301 2286 ι.
321 2252 373 2280 Att.
387 2256 412 2284 8.
435 2250 528 2286 ltaque
546 2256 630 2285 quum
649 2254 727 2275 meus
748 2253 793 2274 me
811 2252 915 2273 moeror
923 2242 1108 2279 ‘quotidianus
1126 2240 1247 2275 lacerat,
1270 2242 1296 2270 8(

202 2289 334 2323 conficit,
355 2294 413 2318 tum
428 2296 491 2316 vero
504 2286 561 2315 haec
570 2285 663 2314 addita
674 2293 738 2313 cura
748 2283 792 2312 vix
806 2281 876 2310 mihi
888 2281 971 2310 vitam
981 2279 1115 2316 reliquam
1125 2278 1200 2308 facit.
1222 2278 1296 2308 Con-

202 2327 278 2360 ficit,
299 2327 315 2356 i.
327 2336 351 2356 e.
373 2325 529 2358 Consumit,
552 2320 807 2353 &tabescerefacic
1039 2355 1045 2362 ι
1129 2354 1135 2361 .

182 2365 294 2401 Quosin
307 2363 381 2399 foro,
403 2372 471 2400 quos
481 2361 687 2395 inambitione,
709 2367 777 2395 quos
788 2358 816 2386 in
829 2355 937 2394 Repub.
959 2364 1028 2393 quos
1037 2364 1066 2384 in
1080 2364 1234 2384 amicorum
1246 2364 1293 2385 ne«

201 2403 282 2439 gotiis
292 2411 334 2431 res
346 2400 402 2439 ipsa
413 2407 475 2429 ante
485 2399 623 2433 confecit,
645 2406 725 2434 quam
736 2395 889 2434 poffemus,
907 2396 959 2424 810.
983 2394 1040 2422 Cic.
1055 2403 1076 2422 ι.
1089 2393 1124 2422 de
1137 2393 1215 2422 Orat.
1228 2402 1272 2429 79.

182 2440 359 2470 consectatus
370 2439 439 2468 est&
452 2437 581 2467 confecit.
622 2436 680 2465 Cic.
696 2444 721 2464 2.
734 2435 768 2463 de
778 2433 885 2462 lnvent.
903 2442 931 2461 ιι
942 2443 962 2460 i.
986 2431 1071 2467 Quod
1088 2439 1180 2459 tamen
1198 2440 1296 2461 excur-

200 2477 320 2507 sionibus
330 2478 354 2506 8(
366 2476 516 2505 latrociniis
527 2474 650 2503 infestam
660 2471 828 2510 provinciam
843 2470 1007 2499 redderent.
1031 2469 1204 2499 consectatus
1221 2469 1294 2500 est&

199 2515 330 2544 confecit.
370 2513 491 2543 Subaudi
509 2512 546 2542 Ex
556 2510 755 2550 superioribus,
777 2508 912 2546 quosdam
927 2509 957 2537 in
974 2506 1072 2538 Gallia.

182 2552 325 2583 Conficere
336 2552 454 2589 aliquam
463 2551 603 2588 virginem.
624 2548 768 2592 Ter5Eun.
785 2558 807 2583 ς.
819 2558 846 2583 4.
859 2549 885 2576 6.

586 2602 621 2607 —
636 2597 673 2615 Vir
696 2596 768 2614 lndm

259 2627 350 2664 Quam
365 2625 492 2661 amabat,
513 2634 573 2654 eam
583 2596 693 2653 confecgi
707 2624 759 2653 fine
773 2622 913 2658 molestia,

259 2665 324 2695 Sine
340 2664 466 2702 sumptu.
487 2662 541 2692 fine
553 2662 699 2700 stipendio.
781 2660 833 2690 Ubi
854 2660 978 2689 Donatus
990 2681 999 2694 ‚
1019 2658 1047 2689 Si
1060 2657 1186 2693 dixisset,
1210 2657 1294 2688 Amo-

201 2713 257 2733 rem
278 2702 406 2737 confeci,
427 2700 515 2739 poffet
534 2699 672 2737 intelligi,
692 2698 818 2733 confeci,
840 2698 992 2736 expedivi,
1013 2698 1126 2735 perfeci.
1168 2699 1198 2725 eit
1226 2707 1291 2726 vero

200 2741 338 2778 Virginem
350 2740 455 2768 confeci
473 2739 749 2775 quidintelligemus,
770 2737 818 2765 nisi
831 2736 884 2765 hoc
905 2745 990 2765 unum
1011 2736 1085 2773 quod
1107 2733 1219 2764 insultat
1235 2735 1293 2763 Par-

200 2788 284 2808 meno
296 2800 304 2813 ,
326 2777 485 2807 Confectum
499 2776 632 2813 virginem
643 2797 651 2809 ‚
671 2775 741 2811 quasi
752 2776 825 2804 dicat
834 2774 996 2812 Superatam
1007 2794 1016 2809 ,
1037 2780 1118 2810 atque
1129 2773 1290 2803 devictam?

199 2816 277 2852 [Sed
289 2816 368 2845 satius
380 2815 417 2844 est
431 2815 551 2850 priorem
564 2813 762 2851 expositionem
773 2812 855 2849 sequi.

182 2854 286 2891 Angore
298 2853 407 2882 confici.
431 2852 462 2881 V.
485 2860 531 2880 AN
541 2860 558 2879 c
568 2860 584 2880 o
595 2860 611 2879 a
631 2852 656 2881 8(
675 2850 769 2888 partic.
791 2859 834 2879 co
844 2858 962 2878 NPECT
972 2858 1017 2879 us.

181 2891 259 2921 Curis
270 2891 377 2920 confici.
401 2889 457 2919 Cic.
471 2900 496 2924 4.
511 2887 583 2918 Fam.
595 2897 639 2924 23.
661 2889 686 2918 8(
707 2898 728 2917 i.
741 2888 776 2916 de
787 2887 845 2916 Fin.
860 2897 902 2923 59.

182 2928 320 2958 Desiderio
333 2928 446 2964 alicujus
459 2926 570 2956 incendi
585 2927 609 2955 8(
627 2925 734 2954 confici.
757 2926 814 2955 Cic.
826 2926 855 2954 in
867 2926 944 2955 Orat.
958 2932 1002 2962 33.

181 2966 283 2996 Dolore
294 2967 318 2996 8(
331 2966 437 3004 pudore
451 2963 559 2994 confici.
582 2964 639 2993 Cic.
656 2974 697 2999 14.
714 2963 788 2993 Fam.
805 2971 829 3000 3.

181 3003 326 3033 Doloribus
338 3003 456 3033 summis.
480 3002 537 3032 Cic.
553 3011 577 3037 ς.
593 3002 628 3032 de
640 3001 699 3031 Fin.

181 3041 271 3080 Fame.
293 3042 350 3070 Cic.
367 3050 388 3076 3.
404 3039 460 3070 Off.
474 3050 519 3075 29.

185 3078 297 3115 Frigore.
320 3077 537 3114 Cic.3.Off.29.

181 3116 214 3145 Se
231 3116 372 3146 conticere.
414 3115 469 3145 Cic.
487 3126 527 3145 ιο.
539 3114 613 3144 Fam.
627 3123 670 3151 ¹7·
694 3113 749 3153 Ego
762 3122 827 3143 eum
838 3122 896 3143 non
912 3112 1001 3143 solum
1012 3111 1137 3143 hortatus
1145 3111 1223 3143 sum:
1243 3122 1290 3143 ve-

200 3164 259 3183 rum
267 3155 349 3183 etiam
361 3154 437 3196 coegi
451 3154 498 3183 isto
508 3151 657 3192 proficisci,
678 3152 753 3189 quod
765 3154 790 3182 8(
807 3151 854 3182 illa
872 3151 1031 3182 valetudine
1050 3152 1138 3189 magis
1151 3152 1289 3182 conficere

201 3190 226 3220 se
240 3214 247 3224 ,
269 3202 348 3228 quarn
360 3202 403 3220 me
414 3201 506 3227 juvare
517 3190 603 3228 poffet
617 3191 646 3219 in
659 3189 760 3219 castris.

182 3228 333 3258 Solicitudo
344 3239 388 3258 nie
398 3229 518 3258 conficit.
540 3228 596 3258 Cic.
612 3237 653 3257 ιι.
668 3229 721 3257 litt.
738 3238 763 3262 4.
775 3232 844 3256 extr.

184 3265 301 3295 vetustas
312 3267 404 3295 omnia
413 3266 526 3295 conficit
535 3267 559 3296 8(
572 3265 716 3295 consumit.
738 3265 794 3295 Cic.
806 3274 856 3303 pro
869 3262 994 3294 Marcell.
1010 3273 1051 3293 ιι.

184 3302 325 3332 Conficere
338 3326 345 3338 ,
365 3305 443 3332 variis
455 3305 612 3333 nominibus
623 3304 753 3341 jungitur.
775 3310 822 3338 ut,
842 3302 986 3332 Conficere
1004 3300 1225 3332 ambulationem
1236 3313 1290 3341 po-

203 3342 376 3370 meridianam
388 3343 416 3369 in
427 3341 518 3376 aliquo
530 3342 601 3370 loco.
625 3342 682 3370 Cic.
696 3352 719 3376 ς.
738 3341 772 3369 de
782 3341 842 3370 Fin.
859 3350 881 3369 i.
912 3340 939 3368 h.
952 3349 976 3369 e.
1001 3340 1193 3369 Deambulare.

184 3377 387 3420 Absolutionem
400 3401 407 3412 ,
431 3379 578 3408 Absolvere.
612 3377 669 3407 Cic.
681 3389 730 3416 pro
741 3378 850 3407 Cluent.
868 3387 913 3414 7⁸.
937 3377 965 3406 ln
976 3377 1121 3407 coniiliuni
1134 3386 1211 3407 erant
1222 3379 1289 3409 ituri

205 3417 306 3450 judices
317 3417 424 3452 triginta
434 3420 457 3445 8(
470 3418 526 3446 duo
535 3439 541 3450 ,
563 3416 704 3445 sententiis
713 3418 808 3445 decem
821 3418 845 3445 8(
857 3415 902 3444 sex
913 3415 1049 3444 absolutio
1059 3414 1158 3444 confici
1170 3423 1287 3453 poterat.

186 3452 285 3489 st'quor
296 3454 385 3488 spatiis
401 3455 560 3483 immensum
571 3454 708 3483 conficere
721 3475 728 3488 ‚
748 3455 916 3483 Percurrere.
943 3452 1014 3491 Virg.
1028 3463 1054 3482 2.
1069 3453 1168 3490 Georg.
1185 3465 1246 3489 54¹·

186 3491 277 3518 Annos
288 3490 399 3526 aliquot.
421 3492 477 3520 Cic.
495 3503 516 3520 i.
529 3492 610 3520 Tusc.
624 3500 668 3526 92.

185 3527 275 3555 Annos
291 3537 494 3564 propccenrum
508 3530 635 3558 confecit.
659 3529 715 3558 Cic.
726 3528 754 3557 in
766 3528 842 3558 Orat.
863 3531 924 3564 176.
947 3527 1010 3557 h.e.
1036 3528 1164 3566 Explevit
1178 3551 1186 3563 ,
1208 3530 1288 3561 vixit.

185 3565 321 3593 tinnulum
333 3587 340 3599 ,
363 3566 471 3601 pallium
483 3588 491 3601 ‚
511 3567 604 3596 foccos
621 3567 648 3595 su
708 3577 761 3595 anu
774 3567 920 3595 conficere.
944 3566 1001 3594 Cic.
1016 3575 1039 3601 3.
1052 3567 1087 3595 de
1098 3570 1174 3595 Orat.
1187 3575 1248 3604 ¹²7-

185 3601 331 3636 Argentum
344 3603 475 3638 alicuius,
497 3605 635 3640 Uillipzire.
651 3577 718 3633 Ἧι.
734 3605 840 3633 l'liorm.
854 3615 877 3638 ς.
894 3615 918 3638 ς.
935 3614 976 3632 ιι.

280 3640 318 3667 N«
329 3650 409 3674 quum
423 3641 464 3669 hic
476 3651 529 3669 non
540 3643 653 3670 videant
667 3652 710 3670 me
720 3663 727 3675 ,
748 3641 884 3670 conficere
895 3642 1009 3670 credant
1023 3649 1166 3677 argentum
1178 3641 1267 3672 suum.

186 3674 313 3741 Bfl¹¹¹ff¹5¹³³
336 3677 462 3741 l'tugnare.
492 3678 558 3708 Plin.
577 3679 625 3708 lib.
643 3683 684 3708 16.
696 3689 755 3716 cap.
770 3685 812 3715 3⁶.
836 3679 954 3708 Calamis
966 3679 1087 3708 Orientis
1100 3679 1198 3718 populi
1215 3680 1288 3711 bella

215 3724 256 3740 'On
279 3723 340 3741 etun
358 3737 362 3741 .

185 3749 290 3779 Bellum
310 3750 458 3785 conficere,
478 3761 528 3788 pro
547 3753 636 3782 Finire
652 3755 676 3783 ἃ
699 3753 846 3783 absolvere.
886 3753 945 3783 Cic.
965 3765 988 3788 ς.
1013 3754 1088 3784 Fam.
1103 3764 1146 3784 ιο.
1174 3755 1247 3786 Nam
1268 3757 1288 3786 st

205 3788 257 3815 hoc
269 3790 472 3823 cxpectndum
484 3791 520 3818 est
530 3812 537 3822 ,
561 3792 626 3819 dum
639 3796 727 3821 totuin
739 3793 840 3820 belluni
853 3792 1009 3820 conficiam.

185 3825 380 3868 Bibliothecim
391 3826 481 3853 alicui.
519 3827 567 3855 Cic
595 3839 613 3855 ι.
628 3830 674 3855 Art.
690 3839 714 3858 7.
742 3830 772 3857 bt
781 3829 862 3857 veliin
875 3831 978 3865 cogites
999 3831 1048 3864 (id
1061 3830 1135 3866 quod
1147 3831 1216 3860 mihi
1229 3831 1289 3869 pol-

203 3863 329 3906 licitust-s
344 3867 351 3894 )
372 3863 602 3898 quemadmodum
613 3865 807 3894 bibliothecam
818 3867 896 3895 nobis
909 3866 1044 3895 conficere
1060 3868 1151 3904 pulsis.

184 3900 275 3929 Cibus.
297 3909 305 3927 ι
329 3910 350 3928 e.
375 3901 570 3936 Concoquere,
591 3904 615 3930 ὅ(
632 3904 706 3937 quod
723 3905 804 3937 vulgo
817 3905 913 3932 dicunt
927 3904 1053 3939 Digeren>
1096 3906 1162 3933 Plin.
1179 3905 1225 3934 lib.
1246 3916 1287 3936 ri.

204 3947 261 3974 cip.
278 3947 318 3978 Π.
344 3938 432 3979 Poiteu
447 3939 543 3965 arteria
556 3941 580 3966 ὅ(
593 3938 745 3968 stomachus
757 3941 941 3970 denticulatus
953 3942 1024 3970 calio
1045 3952 1072 3970 w
1091 3945 1208 3973 modum
1227 3945 1291 3974 rubi

204 3976 238 4003 ad
250 3975 438 4003 conficiendos
451 3974 536 4004 eibos.

1816 86 2110 139 cois

1387 189 1473 219 cibos
1482 187 1566 218 etiam
1578 186 1717 216 conficere
1731 208 1738 221 ,
1760 194 1810 223 pro
1824 185 2064 215 Commanducare
2074 208 2081 220 ,
2100 185 2144 214 vel
2156 184 2287 222 subigere.
2308 185 2366 214 Liv.
2377 183 2505 220 liban.

1389 227 1474 257 Cibos
1484 225 1621 256 conficere
1633 246 1640 259 ,
1664 234 1712 261 pro
1729 226 1767 252 Ad
1782 224 1855 253 esum
1868 233 2029 261 praeparare.
2061 223 2197 254 Columel.
2214 223 2260 252 lib.
2277 233 2315 252 12.
2332 231 2392 259 cap.
2405 233 2429 256 ι.
2449 222 2509 253 Post

1408 274 1467 300 quae
1479 265 1512 293 ad
1525 264 1619 292 cibum
1632 262 1837 290 conficiendum
1850 261 1909 290 vasa
1920 261 2176 291 constituebantur:
2201 261 2266 290 inde
2278 270 2336 297 qtae
2349 261 2383 289 ad
2396 261 2510 290 lavatio.

1408 311 1483 331 nem.
1519 300 1603 330 Paulo
1614 300 1672 336 post
1684 321 1691 333 ,
1715 299 1784 335 Quae
1797 300 1832 328 ad
1845 299 1948 328 cibaria
1957 300 2102 336 coquenda
2117 301 2141 328 8(
2153 298 2327 328 conficienda
2339 299 2489 336 pertinent.

1389 339 1505 370 Cursum
1520 360 1527 373 ,
1551 338 1776 374 Navigationem.
1802 337 1859 366 Cic.
1871 347 1894 372 ς.
1912 338 1963 366 Att.
1979 347 2019 372 ις.
2043 336 2118 366 Hinc
2128 337 2258 373 Scyrum,
2280 337 2385 366 deinde
2394 336 2508 372 Delum,

1409 384 1527 413 utroque
1537 376 1619 404 citius
1634 385 1715 411 quani
1730 374 1882 409 vellemus,
1904 374 2014 403 cursum
2025 374 2207 404 confecimus.

1390 413 1565 481 ijrriculum
1576 412 1689 442 vivendi
1701 434 1710 448 ,
1731 422 1746 441 a
1757 419 1854 442 natura
1863 413 1959 442 datum
1970 413 2044 442 rec‘te
2057 414 2082 442 &
2097 412 2212 442 honeste
2231 411 2381 442 conficere.
2402 411 2461 441 Cic.
2475 410 2512 442 de

1436 452 1491 481 niv.
1508 456 1548 486 ³8.

1391 489 1490 519 Cursus
1498 497 1606 518 annuos
1618 487 1664 516 Sol
1674 486 1795 517 conficit.
1820 486 1876 516 Cic.
1896 496 1918 516 1.
1931 486 1967 516 de
1977 487 2040 516 Nat.
2052 487 2134 517 Deor.
2147 494 2192 523 38.

1391 528 1482 557 Diem.
1508 527 1595 556 Plaur.
1611 525 1689 554 Trin.
1702 535 1726 560 3.
1744 534 1768 561 3.
1782 531 1826 563 78.
1850 525 1945 561 Longo
1959 524 2086 554 sermone
2097 526 2201 561 utimur
2213 547 2220 561 ‚
2242 526 2320 555 diem
2334 524 2509 556 conficimus.

1390 565 1472 595 Diem
1495 572 1651 594 extremum
1673 570 1773 593 morte.
1814 563 1872 594 Cic.
1886 562 1957 599 3.de
1969 563 2031 593 Fin.
2051 563 2149 600 Quum
2168 570 2323 594 extremum
2348 564 2410 593 vitae
2435 563 2513 594 diem

1411 609 1501 631 morte
1512 603 1672 632 confecerit.

1390 641 1489 673 Escas.
1511 642 1644 669 dicuntur
1655 639 1754 668 dentes
1765 639 1865 668 intimi.
1888 638 1945 668 Cic.
1960 647 1985 667 2.
2004 638 2040 668 de
2051 638 2115 668 Nat.
2133 638 2216 668 Deor.
2231 646 2291 675 137.

1390 678 1558 708 Exercitum.
1599 677 1658 706 Cic.
1672 682 1697 710 8.
1714 678 1766 706 Att.
1783 687 1824 706 ιι.
1847 677 1936 712 Reges
1944 676 2196 706 barbarosincitare
2207 698 2215 712 ,
2236 681 2333 715 gentes
2343 676 2414 707 feras
2424 686 2514 707 arma.

1411 724 1451 746 tas
1464 718 1493 745 in
1509 715 1615 746 ltaliam
1627 715 1783 750 adducere,
1805 716 1944 744 exercitus
1955 714 2094 744 conficere
2107 715 2253 744 maximos.

1390 754 1550 784 Exercitum
1568 752 1674 782 difficili
1690 753 1810 790 Reipub.
1829 760 1956 791 tempore
1966 752 2113 783 conficere.
2136 752 2194 782 Cic.
2207 762 2260 791 pro
2271 751 2342 790 Lege
2355 751 2452 782 Manil.
2466 756 2513 784 61.

1390 793 1517 822 Facinus.
1541 792 1598 820 Cic.
1614 801 1664 828 pro
1675 790 1755 820 Rosc.
1769 793 1859 821 Amet.
1873 794 1917 827 76.
2014 799 2018 803 ’

1389 830 1511 861 Famam.
1555 830 1612 858 Cic.
1624 830 1659 857 de
1671 829 1741 858 Clar.
1756 829 1834 858 Orat.
1849 839 1913 864 259.
1936 827 2050 858 Catulus
2070 833 2128 857 erat
2141 827 2188 858 ille
2206 828 2319 866 quidem
2337 829 2456 858 minime
2471 828 2514 858 in.

1410 870 1526 897 doctos:
1548 867 1595 896 sed
1608 874 1701 896 tamen
1716 866 1834 896 suavitas
1845 868 1924 897 vocis
1939 889 1946 902 ,
1969 868 1995 896 8(
2009 866 2080 896 lenis
2100 866 2252 904 appellatio
2269 866 2424 897 litterarum
2439 866 2513 897 bene

1409 906 1545 942 loquendi
1558 906 1659 934 famam
1668 904 1836 935 confecerat.
1866 906 1894 934 h.
1907 915 1931 934 e.
1952 904 1982 934 Ei
1994 911 2140 942 pepererat
2154 927 2161 938 ,
2183 904 2356 942 acquisierat.

1391 944 1546 981 Flagitium.
1567 943 1630 972 Ter.
1643 943 1751 972 Phorm.
1768 954 1791 976 ς.
1805 954 1831 972 2.
1846 954 1870 978 ς.
1893 943 1968 973 Dum
1979 943 2086 979 aliquid
2096 941 2191 980 flagitii
2202 942 2341 972 conficiat.

1391 983 1498 1013 Funera
1508 982 1585 1018 justa.
1612 980 1679 1010 Caes.
1689 985 1715 1011 6.
1729 980 1797 1010 Bell.
1811 981 1881 1011 Gall.
1895 986 2082 1019 cap.19.extr.
2098 982 2134 1010 Ac
2144 980 2227 1018 paulo
2240 980 2318 1019 supra
2326 980 2401 1011 hanc
2409 980 2516 1011 memo-

1411 1023 1479 1050 riani
1494 1020 1563 1049 servi
1579 1021 1605 1049 8(
1618 1019 1735 1049 clientes
1745 1040 1753 1054 ‚
1776 1029 1846 1056 quos
1863 1020 1897 1048 ab
1912 1019 1945 1048 iis
1958 1019 2077 1048 dilectos
2093 1018 2148 1048 effe
2162 1018 2302 1049 constabat
2314 1041 2323 1055 ,
2342 1020 2420 1056 justis
2435 1020 2516 1050 fune-

1410 1058 1485 1088 ribus
1497 1058 1649 1090 confectis.
1671 1067 1727 1086 una
1736 1057 1938 1087 cremabantur.
1980 1056 2021 1086 Al.
2044 1056 2226 1086 Funebribus.

1391 1097 1456 1128 lter.
1495 1095 1560 1126 Caes.
1574 1108 1600 1130 4.
1613 1095 1680 1124 Bell.
1694 1094 1765 1124 Gall.
1781 1105 1841 1134 cap.
1855 1108 1882 1132 4.
1905 1098 1995 1133 Atque
2006 1094 2062 1125 hoc
2073 1095 2260 1124 omniitinere
2277 1104 2333 1125 una
2342 1096 2426 1125 nocte
2438 1095 2516 1133 equi·
2559 1118 2565 1121 .

1409 1142 1467 1164 tatu
1481 1134 1611 1163 confecto
1622 1155 1630 1169 ,
1651 1132 1771 1169 inscios,
1787 1135 1841 1163 διο.

1389 1173 1626 1210 jurisdictionem.
1668 1171 1727 1201 Cic.
1741 1181 1767 1201 2.
1780 1171 1857 1202 Fam.
1871 1180 1916 1202 12.
1938 1170 2082 1208 Quoniam
2094 1170 2315 1208 jurisdictionem
2326 1171 2516 1209 confeceram,

1410 1212 1534 1241 civitates
1543 1209 1753 1247 locupletaram.

1390 1249 1570 1285 Legationem
1582 1249 1607 1277 8(
1618 1248 1748 1277 mandata
1758 1247 1905 1277 conficere.
1928 1247 1987 1277 Cic.
2000 1257 2052 1285 pro
2060 1247 2153 1277 Plane.
2162 1252 2209 1281 28.

1391 1287 1504 1318 Librum
1516 1310 1524 1321 ‚
1547 1296 1597 1324 pro
1608 1286 1734 1315 Scribere
1745 1287 1770 1315 8(
1783 1295 1966 1323 componere.
2009 1286 2038 1314 V.
2060 1295 2103 1315 co
2112 1295 2132 1314 N
2142 1296 2155 1314 r
2166 1295 2180 1314 iz
2189 1294 2206 1314 c
2217 1293 2236 1313 τ
2244 1295 2254 1314 ι
2264 1295 2291 1314 o.

1391 1325 1478 1363 Ligna
1488 1326 1521 1354 ad
1531 1325 1682 1354 fornacem.
1723 1323 1791 1353 Cato
1806 1333 1868 1361 cap.
1886 1328 1929 1353 16.
1951 1323 2091 1353 Calcarius
2112 1323 2222 1361 perficit
2239 1324 2266 1353 8(
2284 1322 2403 1361 coquit,
2424 1324 2452 1354 &
2478 1332 2515 1355 ex

1410 1365 1524 1394 fornace
1533 1363 1638 1392 calcem
1649 1363 1751 1391 eximit
1760 1384 1768 1397 ‚
1789 1361 1904 1399 &ligna
1917 1362 2031 1391 conficit
2043 1362 2079 1392 ad
2093 1361 2248 1391 fornacem.

1391 1402 1500 1433 Malum
1516 1401 1608 1430 alicui.
1631 1400 1694 1429 Ter.
1708 1401 1808 1429 Heaut.
1820 1411 1844 1435 ς.
1858 1409 1883 1436 3.
1897 1410 1921 1429 1.

1485 1440 1611 1469 Profecto
1623 1461 1630 1473 ,
1646 1439 1694 1467 nisi
1706 1448 1785 1467 caves
1798 1445 1828 1467 tu
1837 1438 1924 1467 homo
1935 1459 1944 1472 ,
1966 1437 2071 1475 aliquid
2086 1444 2170 1475 gnato
2180 1437 2313 1467 conficies
2322 1437 2398 1468 mali.
2439 1457 2441 1461 κ

1390 1478 1535 1509 Mandata.
1578 1478 1636 1506 Cic.
1649 1487 1674 1512 9.
1692 1476 1811 1514 Philipp.
1826 1480 1852 1505 6.
1875 1474 1968 1506 Atille
1977 1486 2154 1515 properans,
2175 1475 2381 1514 festinansque,
2401 1475 2516 1507 manda·

1410 1524 1437 1546 ta
1448 1517 1537 1546 nostra
1551 1515 1691 1545 conficere
1702 1515 1834 1552 cupiens,
1851 1515 1904 1544 &c.

1390 1554 1524 1585 Mandata
1534 1553 1651 1589 alicujus
1666 1553 1792 1599 digerere
1802 1574 1810 1589 ,
1832 1551 1976 1591 persequi,
1995 1552 2143 1583 conficere.
2164 1551 2223 1584 Cic.
2236 1561 2264 1583 2.
2277 1552 2314 1591 Q
2324 1551 2386 1583 ftat.
2402 1561 2447 1590 13.

1391 1594 1488 1623 Motus
1499 1594 1666 1622 animorum.
1689 1592 1748 1621 Cic.
1758 1601 1784 1621 2.
1801 1591 1837 1620 de
1847 1590 1923 1620 Orat.
1937 1599 2000 1628 324.

1390 1631 1496 1662 Murius
1511 1640 1644 1660 annuum.
1667 1629 1726 1659 Cic.
1740 1639 1766 1658 2.
1780 1629 1855 1659 Fam.
1870 1638 1913 1658 11.

1390 1670 1496 1699 Munus
1508 1669 1672 1707 susceptum.
1696 1668 1754 1697 Cic.
1764 1678 1790 1697 2.
1808 1668 1842 1696 de
1853 1667 1930 1696 Orat.
1946 1676 1988 1697 ιι.

1388 1707 1552 1746 Negotium.
1596 1706 1660 1735 Caes.
1675 1715 1699 1742 3-
1712 1706 1779 1735 Beli.
1793 1705 1862 1735 Gall.
1875 1714 1937 1744 cap.
1952 1715 1995 1741 ις.
2027 1703 2098 1742 Quae
2115 1703 2232 1744 quidem
2243 1713 2288 1737 res
2307 1703 2344 1736 ad
2361 1702 2513 1735 conficies.

1410 1747 1476 1775 dum
1487 1746 1630 1783 negotium
1645 1745 1767 1773 maxime
1778 1744 1831 1774 fuit
1844 1750 2013 1782 opportuna.

1390 1784 1542 1822 Negotium
1553 1794 1603 1822 per
1611 1782 1731 1819 aliquem
1744 1782 1892 1812 conficere.
1914 1781 1973 1812 Cic.
1986 1791 2009 1811 1.
2028 1781 2083 1811 Att.
2097 1789 2123 1818 3.

1390 1822 1545 1860 Negmium
1557 1831 1591 1851 ex
1607 1821 1742 1850 sententia
1753 1820 1901 1850 conficere.
1923 1820 1982 1850 Cic.
1997 1829 2040 1850 10.
2059 1819 2134 1850 Fam.
2148 1828 2193 1857 17.

1390 1860 1516 1899 Nuptias.
1541 1860 1605 1889 Ter.
1623 1859 1768 1888 Phorm.2.
1784 1869 1806 1888 ι.
1819 1863 1864 1893 ²8-
1993 1868 1997 1878 i

1483 1900 1571 1929 Bonas
1581 1908 1626 1927 me
1638 1897 1749 1927 absente
1764 1897 1810 1926 hic
1820 1895 1977 1926 confecistis
1987 1896 2110 1934 nuptias.
2182 1894 2216 1925 V.
2237 1894 2319 1926 insta.

1389 1936 1524 1967 Officium
1537 1936 1692 1973 legationis.
1734 1935 1801 1965 Caes.
1814 1945 1838 1971 3·
1852 1934 1920 1964 Bell.
1931 1934 2011 1964 Civil.
2022 1943 2084 1972 cap.
2099 1942 2161 1970 103.
2188 1933 2244 1964 Sed
2262 1934 2310 1972 qui
2333 1933 2367 1963 ab
2388 1941 2424 1963 eo
2441 1932 2514 1964 miffi

1408 1983 1504 2009 erant,
1527 1974 1658 2004 confecto
1674 1973 1823 2010 legationis
1833 1973 1927 2002 officio
1937 1994 1946 2008 ,
1966 1971 2081 2003 liberius
2091 1981 2157 2003 cum
2166 1972 2302 2003 militibus
2309 1970 2514 2011 regiscolloqui

1408 2020 1566 2051 coeperunt.
1590 2013 1684 2048 [Puto
1699 2012 1792 2050 Regiis
1807 2010 1997 2041 scribendum.

1390 2051 1471 2089 Opus
1481 2051 1627 2081 conficere.
1651 2050 1735 2080 Plaut.
1750 2050 1830 2088 Capt.
1844 2059 1869 2086 3.
1884 2060 1908 2085 ς.
1921 2053 1967 2085 67.

1389 2090 1571 2119 Ornamenta.
1611 2089 1671 2118 Cio.
1684 2099 1736 2127 pro
1745 2089 1820 2119 Sext.
1837 2098 1898 2118 110.
1921 2086 2008 2123 Cujus
2022 2086 2071 2117 ille
2087 2085 2193 2116 ordinis
2210 2095 2317 2116 nomen
2333 2085 2452 2121 retinet,
2471 2093 2515 2115 or-

1408 2134 1540 2157 namenta
1551 2127 1684 2157 confecit.

1389 2164 1542 2196 Pactiones.
1584 2166 1641 2195 Cic.
1656 2176 1680 2201 5.
1697 2167 1751 2195 Atr.
1765 2173 1807 2201 13.
1830 2164 1864 2195 Et
1873 2173 1907 2194 eo
1917 2163 2045 2193 facilius:
2067 2162 2143 2201 quod
2152 2162 2182 2192 in
2191 2162 2282 2193 nostra
2291 2161 2438 2201 provincia
2448 2170 2515 2191 con-

1407 2204 1488 2234 fectae
1500 2204 1561 2233 sunt
1576 2204 1728 2241 pactiones.

1388 2241 1496 2271 Partem
1508 2242 1645 2280 perpolire
1657 2251 1690 2271 ac
1700 2239 1841 2270 conficere
1855 2239 1995 2270 orationis.
2021 2237 2079 2268 Cic.
2091 2248 2116 2268 2.
2129 2239 2165 2267 de
2174 2238 2250 2268 Orat.
2266 2247 2298 2268 ια
2305 2246 2328 2268 ι.

1389 2280 1600 2315 Patrimonium,
1624 2280 1767 2318 Diffipare.
1810 2279 1867 2308 Cic.
1883 2289 1933 2315 pro
1947 2277 2034 2307 flacc.
2048 2287 2092 2310 oo.
2118 2277 2210 2313 Quam
2221 2286 2278 2306 non
2293 2275 2399 2306 amicus
2414 2274 2467 2304 suis
2475 2275 2514 2305 ci·

1408 2318 1504 2355 vibus,
1525 2318 1572 2355 qui
1591 2318 1793 2356 patrimonium
1802 2317 1864 2347 satis
1877 2316 1995 2350 lautini.
2017 2314 2304 2352 quodliicnobiscum
2315 2313 2452 2344 conficere
2462 2323 2514 2352 po-

1407 2356 1479 2392 tuit,
1501 2356 1659 2386 Graecorum
1672 2356 1811 2386 conviviis
1822 2355 1920 2385 maluit
1932 2354 2084 2392 dissipare?

1389 2393 1497 2424 Pacem.
1535 2395 1592 2424 Cic.
1610 2405 1660 2432 pro
1677 2394 1766 2424 Flacc.
1780 2403 1824 2428 πο.
1846 2394 1944 2423 Pacem
1960 2392 2130 2422 maritimam
2143 2390 2249 2422 summa
2260 2391 2364 2422 virtute
2377 2395 2460 2428 atque
2471 2388 2515 2420 in-

1409 2432 1537 2462 credibili
1550 2432 1690 2462 celeritate
1703 2431 1833 2462 confecit.

1389 2470 1488 2500 Pacem
1499 2470 1616 2506 alicujus
1630 2472 1658 2499 in
1670 2470 1744 2508 leges
1755 2469 1822 2499 suas.
1844 2468 1909 2499 Ter.
1925 2468 2023 2498 Heaut.
2038 2478 2062 2503 ς.
2073 2477 2097 2497 2.
2112 2472 2159 2503 4}-

1585 2525 1621 2530 ——
1632 2518 1753 2546 namque
1764 2507 1925 2540 adolescens
1934 2516 2015 2544 quam
2026 2506 2141 2535 minima
2153 2505 2182 2534 in
2194 2504 2240 2543 spe
2250 2503 2316 2536 situs
2324 2503 2394 2542 erit,

1482 2546 1552 2576 Tam
1565 2546 1697 2576 facillime
1709 2547 1792 2584 patris
1803 2555 1901 2584 pacem
1914 2546 1943 2574 iri
1958 2545 2034 2582 leges
2046 2543 2180 2574 conficiet
2189 2543 2258 2573 suas.

1389 2584 1534 2614 Peculium
1546 2585 1658 2622 grande.
1684 2585 1770 2614 Plaut.
1781 2585 1867 2614 Merc.
1882 2583 1951 2621 prol.
1965 2593 2009 2619 95.

1389 2623 1538 2652 Pecuniam
1550 2632 1583 2651 ex
1596 2633 1623 2652 re
1634 2624 1724 2660 aliqua
1735 2645 1743 2658 ,
1766 2633 1816 2660 pro
1833 2622 1934 2652 Curare
1953 2622 1979 2651 &
1991 2630 2096 2658 parare.
2137 2619 2194 2650 Cic.
2210 2627 2233 2656 3.
2247 2618 2322 2649 Verr.
2341 2623 2403 2655 ¹38.
2423 2616 2516 2656 Negat

1408 2661 1455 2689 illa
1469 2660 1545 2699 posse
1560 2661 1705 2690 hominem
1722 2661 1848 2691 exorari:
1876 2668 2057 2699 permagnam
2075 2666 2141 2688 eum
2154 2657 2248 2689 dicere
2267 2666 2303 2688 ex
2319 2655 2367 2687 illa
2381 2665 2411 2687 re
2429 2664 2515 2694 pecu-

1409 2700 1483 2728 niam
1498 2699 1598 2728 confici
1612 2699 1695 2737 posse.

1389 2736 1516 2767 Pensum.
1541 2737 1624 2766 Plaut.
1640 2738 1724 2767 Nlerc.
1742 2746 1768 2766 2.
1786 2741 1865 2773 3·8¹·

1485 2775 1520 2804 Ea
1533 2775 1636 2811 molet,
1659 2775 1792 2806 conficiet
1803 2773 1920 2813 pensum
1931 2795 1940 2809 ‚
1963 2772 2088 2812 pinsetur
2101 2772 2188 2810 flagro
2202 2773 2255 2803 ἃς.

1388 2811 1504 2843 Pensum
1517 2835 1525 2848 ,
1547 2813 1633 2843 aliter.
1658 2814 1743 2843 l’laut.
1757 2813 1825 2843 Pers.
1839 2822 1864 2842 2.
1879 2823 1906 2848 4.
1922 2821 1946 2842 ι.
2100 2826 2129 2830 >—

1483 2851 1596 2880 Pensum
1610 2861 1702 2881 meum
1723 2851 1797 2889 quod
1813 2852 1910 2881 datum
1925 2849 1980 2885 est,
2001 2848 2128 2879 confeci:
2150 2857 2227 2878 nunc
2246 2855 2368 2886 propero
2379 2845 2508 2877 domum.

1407 2889 1453 2918 Sic
1465 2911 1472 2923 ,
1496 2890 1641 2919 Conficere
1653 2900 1732 2927 opus.
1765 2889 1841 2919 ldem
1855 2889 1934 2927 Capt.
1948 2897 1973 2924 3.
1992 2891 2071 2924 ς.67.

1387 2926 1528 2957 Porticum
1545 2928 1620 2957 mille
1637 2928 1771 2966 pail'uum.
1813 2927 1872 2956 Cic.
1885 2939 1910 2962 4.
1923 2928 1975 2955 Att.
1991 2936 2033 2960 ις.
2058 2925 2088 2955 [ιι
2107 2933 2208 2962 campo
2222 2921 2326 2953 Martio
2342 2921 2418 2960 septa
2428 2920 2513 2950 tribu-

1407 2965 1442 2994 tis
1454 2966 1575 2995 comitiis
1587 2975 1739 2995 marmorea
1751 2966 1844 2995 smnus
1863 2966 1889 2994 8(
1902 2965 1976 2994 testa
1993 2963 2110 2999 facturi,
2130 2971 2217 3000 eaque
2237 2961 2383 2999 cingemus
2405 2957 2512 2990 excelsa

1407 3005 1519 3040 porticu
1531 3026 1538 3038 ,
1561 3011 1591 3033 ut
1601 3004 1678 3033 mille
1690 3003 1814 3041 passuum
1829 3002 2005 3033 conficiatur.

1388 3040 1546 3071 Prandium.
1571 3042 1656 3072 Plaut.
1672 3043 1748 3072 Men.
1767 3051 1790 3077 3.
1804 3051 1829 3070 2.
1843 3052 1860 3076 4

1359 3077 1362 3080 '
1387 3078 1586 3109 Proi'eliioneni
1598 3080 1752 3114 conficere,
1773 3079 1811 3109 est
1823 3064 2012 3108 Profiterirem
2026 3076 2101 3106 suam
2116 3075 2171 3106 eise
2186 3097 2194 3110 ,
2215 3075 2242 3104 &
2261 3073 2344 3105 edere
2362 3079 2515 3104 numerum*

1406 3118 1465 3152 ejus
1479 3117 1521 3146 vel
1536 3119 1651 3147 niodum
1663 3140 1672 3151 ,
1694 3118 1737 3147 vel
1755 3118 1964 3147 aestimationem
1980 3115 2056 3153 apud
2077 3114 2283 3152 magistratum,
2303 3119 2335 3142 ut
2358 3113 2388 3142 in
2409 3111 2511 3148 censu,

1408 3155 1485 3191 quod
1503 3157 1603 3185 vicaria
1623 3157 1708 3186 etiam
1729 3153 1841 3185 alterius
1865 3164 1949 3191 opera
1969 3153 2029 3184 fieri
2044 3154 2204 3186 interdum,
2225 3151 2418 3180 auctoritatem
2444 3150 2512 3180 dum
2536 3176 2547 3180 -

1406 3194 1542 3231 prfeitaret
1554 3216 1561 3228 ,
1583 3200 1700 3231 poterat.
1741 3194 1800 3224 Cic.
1815 3197 1857 3224 16.
1869 3193 1944 3223 Fam.
1956 3201 2001 3230 23.
2024 3191 2068 3222 Tu
2080 3200 2147 3222 vero
2159 3189 2268 3221 confice
2277 3188 2476 3227 professionem
2492 3187 2510 3216 fi

1408 3239 1489 3268 potes
1500 3254 1507 3266 ,
1525 3234 1575 3261 &c
1601 3232 1636 3261 Ex
1648 3232 1791 3262 Turnebo.

1388 3267 1531 3298 Rationes.
1554 3270 1611 3299 Cic.
1627 3274 1652 3300 6.
1668 3272 1720 3300 litt.
1732 3279 1757 3306 7.

1387 3305 1522 3336 Redituni
1534 3308 1617 3337 alicui
1629 3331 1636 3342 ,
1660 3318 1710 3346 pro
1723 3308 1874 3345 impetrare
1887 3307 1912 3336 8(
1926 3305 2036 3335 efficere
2048 3310 2079 3335 ut
2089 3304 2185 3334 redeat
2195 3302 2302 3342 aliquis.
2325 3302 2382 3334 Cic.
2398 3312 2422 3337 9.
2433 3299 2510 3332 Fam.

1406 3354 1452 3411 ἐς.
1477 3345 1609 3412 Κῧάιῑᾶυηι
1621 3347 1636 3376 si
1655 3353 1912 3413 ωὲῐεῐῃωηιειιιιεε,
1935 3349 2071 3382 quantum
2083 3350 2158 3373 certe
2169 3351 2254 3378 amas,
2275 3340 2436 3372 hominibus
2446 3349 2512 3369 con-

1429 3392 1468 3411 ce.
1524 3405 1530 3412 .
1597 3385 1672 3413 Suet.
1712 3394 1732 3413 ae
1748 3407 1753 3412 .
1787 3405 1794 3413 .
2364 3397 2366 3399 ·

1388 3419 1467 3450 Rem.
1510 3421 1574 3450 Caes.
1594 3432 1614 3450 i.
1628 3421 1695 3451 Bell.
1710 3394 1789 3451 Civii.
1802 3429 1862 3458 cap.
1875 3428 1919 3456 7²·
1942 3418 2029 3449 Caesar
2043 3419 2072 3448 in
2090 3427 2151 3448 eam
2172 3417 2248 3456 spem
2264 3421 2395 3451 venerat,
2417 3414 2512 3445 feline

1408 3468 1500 3495 pugna
1512 3460 1535 3488 ἃ
1546 3459 1602 3488 sine
1613 3460 1727 3489 vulnere
1738 3458 1848 3488 suorum
1857 3479 1865 3492 ,
1887 3467 1943 3487 rem
1957 3456 2096 3487 conficere
2105 3455 2188 3495 posse.

1387 3495 1457 3525 Rem
1472 3497 1629 3531 conficere,
1652 3499 1668 3527 i.
1682 3507 1706 3527 e.
1728 3496 1926 3526 Patrimonium
1938 3494 2109 3525 consumere.
2139 3494 2196 3523 Cic.
2214 3491 2273 3522 Post
2284 3491 2365 3521 redit.
2377 3491 2509 3521 inSenat.
2562 3491 2566 3494 ’

1409 3543 1451 3562 ιο.
1475 3535 1529 3570 Qui
1541 3545 1626 3572 quum
1637 3535 1710 3564 fuam
1724 3544 1779 3563 rem
1791 3543 1847 3562 non
1860 3534 1952 3562 minus
1967 3533 2076 3562 strenue
2091 3542 2173 3570 quarn
2186 3531 2278 3569 postea
2291 3529 2435 3568 publicam
2444 3537 2513 3558 con-

1405 3572 1511 3600 fecisset
1521 3595 1528 3605 ,
1551 3574 1697 3609 egestatem
1707 3574 1732 3603 8(
1744 3571 1883 3601 luxuriam
1894 3571 2047 3600 domestico
2059 3569 2202 3599 lenocinio
2213 3568 2372 3597 sustentavit

1388 3609 1478 3639 Sacra.
1510 3611 1568 3639 Cic.
1583 3620 1623 3646 i3.
1639 3612 1710 3641 Fam.
1725 3619 1765 3639 12.
1790 3609 1901 3645 Quibus
1911 3612 1935 3639 8(
1948 3609 2020 3638 sacra
2029 3607 2185 3643 conficere,
2207 3608 2233 3636 8(
2243 3606 2310 3636 sarta
2322 3607 2396 3636 tecta
2407 3604 2510 3635 aedium

1408 3647 1543 3676 sacrarum
1556 3649 1738 3686 locorumque
1748 3647 1941 3677 communium
1952 3670 1960 3682 7
1982 3647 2050 3675 tueri
2064 3645 2174 3683 poffint.

1388 3684 1560 3715 Sermonem.
1584 3686 1642 3716 Cic.
1660 3697 1682 3715 i.
1695 3687 1730 3715 de
1741 3685 1818 3714 Orat.
1830 3693 1874 3720 27.
1885 3684 1949 3714 Caes.
1967 3695 1987 3714 ι.
2002 3683 2068 3713 Bell.
2082 3682 2161 3712 Civil.
2173 3687 2198 3716 8.
2223 3681 2248 3711 Is
2257 3680 2365 3718 reliquo
2384 3681 2510 3710 sermone

1407 3722 1546 3763 confecto.
1566 3725 1644 3760 cuius
1654 3725 1692 3754 rei
1709 3723 1788 3753 causa
1804 3728 1934 3759 venerat,
1955 3721 2058 3752 habere
2072 3721 2098 3751 se
2111 3731 2126 3750 a
2139 3719 2274 3757 Pompeio
2282 3719 2318 3749 ad
2333 3729 2398 3749 eum
2412 3717 2512 3757 privati

1408 3761 1491 3788 oflicii
1503 3763 1631 3791 mundata
1641 3761 1819 3792 demonstrat.

1388 3796 1635 3840 significationem.
1658 3808 1700 3834 ut,
1725 3798 1895 3828 Exclamatio
1909 3797 1965 3832 est,
1986 3805 2046 3834 quae
2057 3795 2172 3826 conficit
2183 3794 2413 3833 significationem
2430 3791 2509 3823 dolo-

1384 3854 1387 3861 1
1408 3845 1452 3863 ris.
1479 3838 1553 3866 Auct.
1565 3838 1598 3865 ad
1612 3838 1711 3866 l-leren.
1726 3837 1774 3866 lib.
1788 3848 1813 3871 4.
1831 3845 1875 3871 η.

1389 3872 1588 3903 Solicitudines
1605 3875 1696 3904 alicui.
1738 3874 1802 3904 Ter.
1816 3874 1884 3903 And.
1897 3883 1922 3908 4.
1940 3882 1963 3902 r.
1976 3875 2022 3902 26.

1482 3912 1660 3948 Quantasque
1673 3913 1720 3942 hic
1733 3911 1786 3941 suis
1794 3911 1915 3941 consiliis
1924 3910 1992 3939 niilii
2003 3909 2126 3939 confecit
2137 3907 2338 3939 solicitudines.

1387 3947 1481 3985 Spatia
1492 3950 1592 3980 eadem
1600 3950 1748 3981 conficere.
1771 3949 1830 3980 Cic.
1843 3959 1867 3979 ι·
1884 3948 1920 3978 de
1930 3948 1994 3978 Nat·
2005 3947 2089 3979 Dem'·
2105 3952 2152 3981 88·
2417 3980 2513 4012 Stadia
