2641 4187
46 720 47 724 ¹
72 710 156 748 Agere
172 710 197 738 Sc
208 709 298 738 moliri
312 708 425 747 aliquid.
456 710 512 740 Cic.
525 721 574 749 pro
587 712 697 741 Μυκη.
710 717 754 747 82.

50 763 58 770 υ
87 754 177 785 ‘agunt
195 748 221 776 Sc
232 747 393 776 moliuntur.

45 797 49 801 >
72 786 167 824 Agere,
177 792 227 822 pro
237 784 344 814 Facere.
369 785 447 829 Virg.·
457 796 497 815 10.
511 785 573 816 AEii.
589 796 650 823 514.
671 785 825 823 Latumque
836 796 885 824 per
899 797 998 825 agmen

424 143 450 179 A
548 141 580 177 G
679 143 712 178 O

85 225 213 256 animum
221 227 247 256 ἂν
257 224 361 259 videre,
374 225 400 254 ἃ
409 223 505 253 audire
515 233 572 252 nori
584 233 630 253 eas
641 230 731 261 partes
742 225 826 254 animi
839 235 898 263 qua³
913 227 982 263 quasi
995 227 1117 258 fenestrae
1127 228 1190 257 sunt

85 265 203 293 aniniie:
226 263 325 300 quibus
335 269 427 290 tamen
437 271 514 290 niens
525 261 596 290 nihil
611 260 712 291 sentire
723 270 813 298 queat,
836 264 884 292 nisi
897 265 925 292 id
936 274 996 298 agat
1007 268 1032 296 Sc
1042 267 1118 295 adlit.
1131 267 1150 294 i.
1163 275 1188 294 e.

88 301 144 330 Nisi
156 299 478 337 niagnopereintentiiit.
519 298 549 327 V.
574 298 645 327 infra
664 302 746 336 Agere
758 322 765 334 ,
787 301 927 330 advertere
942 306 993 331 &Q

69 338 154 375 Agere
167 340 191 367 ἃ
201 337 298 366 facere.
321 336 378 364 Cic.
395 345 418 368 ἶ.
434 335 551 373 Philipp.
565 345 606 371 33.
630 336 714 373 Quod
725 339 863 373 agendum
878 347 958 375 atque
969 339 1139 374 faciendum,
1160 338 1191 367 id

91 385 147 403 non
159 375 243 403 modo
263 383 319 401 non
338 372 458 402 recusem
473 372 519 401 scd
531 380 660 410 appetuni
678 375 761 403 etiarn
772 381 852 411 atque
867 376 1022 413 deposcam.

70 412 191 448 Agere&
202 411 300 440 Facere
311 432 318 445 ,
340 411 407 438 item
424 412 505 440 Actus
516 411 541 439 St
554 410 672 440 infectus
682 435 689 442 .
707 412 773 448 quid
789 413 917 442 differant
928 437 935 448 ,
957 415 1041 443 docet
1054 413 1096 442 his
1103 412 1192 442 verbis

91 448 210 485 Quintil.
226 447 275 476 lib.
289 457 312 476 2.
327 457 387 484 cap.
408 453 448 479 153.
473 448 586 481 Artium,
608 448 711 485 inquit,
721 448 779 478 alife
792 451 884 487 polira‘
896 451 957 480 sunt
971 450 1191 488 ininspeerione,

90 487 121 515 id
131 486 178 519 est,
201 485 362 520 cognitione
382 487 407 514 St
418 485 620 515 existimatione
631 496 736 515 rerum:
761 487 846 523 qualis
857 488 893 516 cst
907 489 1064 526 Astrologia,
1084 487 1193 516 nullum

86 524 202 558 erigeris
212 522 369 557 ac'tum,sed
383 523 440 560 ipso
452 523 488 551 rci
500 523 579 557 cuius
589 524 708 552 studium
722 524 960 559 habenintellcc‘tu
970 534 1101 555 contenta
1114 535 1120 554 :
1132 534 1192 561 quoe

89 559 256 590 Theoretice
266 568 386 588 vocatur.
412 561 478 589 Aliae
488 561 515 589 iri
534 561 651 597 agendo,
663 571 776 598 quarum
789 562 815 590 in
826 561 881 591 lioc
891 563 952 592 finis
965 564 1011 598 est,
1023 566 1047 593 ἃ
1064 562 1121 600 ipso
1130 564 1193 591 astu

112 597 367 634 erficitur,nibilque
382 598 441 635 post
456 599 548 626 achim
559 608 649 636 operis
661 599 800 635 relinquit,
814 610 871 636 qua
884 600 1002 630 Prudice
1014 601 1193 636 dicitur,qua-

88 608 123 664 iis
135 636 173 664 est
183 634 296 663 saltatio.
318 635 383 663 Aliae
396 636 425 663 in
436 634 547 670 effectu,
556 647 616 673 qum
626 637 717 673 operis
729 637 803 673 quod
814 637 901 666 oculis
914 637 1193 673 stibjicitur,conssim-

88 672 212 702 matione
221 671 305 700 finem
318 673 469 715 accipiunt,
492 683 573 709 quam
589 674 718 703 Poeticen
731 674 912 712 appellamus.
935 677 1002 705 milis
1010 677 1047 705 est
1057 676 1173 712 pictura.

806 712 837 741 Id
859 686 933 749 quoii
952 712 1153 749 (mihicrede)
1167 712 1196 741 &

153 822 257 851 Arderis
274 822 392 852 limitem
405 832 462 860 agit
483 824 563 853 ferro.

0 864 8 882 ἰ
52 875 55 878 ·
72 860 175 897 Agere,
199 860 298 889 facere.
337 859 394 890 Liv.
415 861 573 890 Permissum
589 871 605 891 a
617 862 720 891 Senatu
735 860 901 892 Consulibus
910 872 967 892 nori
978 862 1054 898 esset,
1075 866 1196 900 agerent,

88 898 222 933 tacerent,
238 904 269 926 ut
283 907 298 927 e
311 897 468 936 Republica
480 899 623 928 ducerent.

63 936 168 973 Agere,
177 944 228 973 pro
239 936 350 970 Curare,
363 943 479 971 tentare,
491 936 624 970 laborare,
638 946 770 974 pugnare,
780 938 959 967 contendere.
982 937 1040 967 Cic.
1057 947 1108 975 pro
1116 936 1196 967 Rosc.

0 963 9 1018 ἶ
51 989 53 993 .
93 975 182 1003 Ainer.
195 978 220 1006 8.
241 972 290 1004 Sin
299 974 375 1002 aliud
387 975 475 1011 agitur
483 973 552 1003 nihil
563 997 570 1009 ,
590 975 639 1003 nisi
651 975 732 1004 uthis
743 976 924 1012 nequiddesit
943 977 1042 1012 quibus
1057 976 1117 1004 satis
1128 974 1199 1003 nihil

91 1015 148 1040 eit:
167 1009 185 1039 si
197 1009 251 1040 hoc
260 1010 347 1040 solum
359 1012 412 1041 hoc
421 1019 547 1050 tempore
559 1019 706 1049 pugnatur.
744 1012 827 1042 Paulo
838 1013 906 1051 post,
924 1013 1032 1043 Etenim
1045 1013 1111 1050 quid
1121 1012 1199 1041 aliud

1 1047 5 1058 “
40 1051 41 1054 ’
91 1047 147 1078 hoc
157 1047 264 1083 judicio
272 1054 402 1085 tentatur,
419 1049 467 1079 nili
478 1057 508 1078 ut
521 1050 552 1078 id
563 1050 621 1079 fieri
633 1050 716 1079 liceat
731 1051 744 1079 ‘2
771 1051 847 1080 [dem
865 1062 885 1079 1.
904 1050 960 1080 Off.
972 1062 1018 1087 41·
1040 1051 1140 1080 Totius
1152 1059 1199 1079 au-

0 1096 5 1106 ·
87 1085 302 1122 tem'lnjustitiae
314 1086 389 1116 nulla
402 1086 546 1125 capitalior
558 1088 612 1122 est,
632 1098 713 1125 quam
730 1098 827 1118 eorum
838 1089 884 1126 qui
901 1095 961 1117 tum
980 1098 1066 1126 quum
1077 1088 1199 1117 maxime

43 2927 54 2982 ζ
86 2941 408 2980 Agipro,Regi,haberi.
451 2942 524 2985 Virg.
540 2952 562 2971 1.
590 2942 651 2972 AEn.
666 2951 726 2978 573.

56 3064 62 3103 ¹.
106 3054 169 3085 AEn.
189 3057 254 3092 465·

89 1123 201 1159 fallunt,
211 1123 241 1152 id
251 1131 344 1161 agunt,
352 1131 384 1154 ut
393 1126 442 1154 viri
455 1125 521 1154 boni
538 1125 591 1154 effe
599 1126 753 1155 videantur.
775 1126 801 1155 h.
815 1135 838 1155 e.
873 1127 902 1156 ld
910 1126 1035 1155 laborant
1048 1128 1073 1156 Sc
1085 1132 1200 1155 conten-

84 1161 173 1190 dunt.
213 1160 292 1190 Idem
305 1172 355 1199 pro
375 1163 467 1192 Domo
477 1163 524 1192 sua
537 1185 545 1198 ,
570 1173 611 1193 11.
644 1164 746 1193 Nonne
763 1164 792 1192 id
806 1165 944 1201 agendum
964 1164 1044 1193 nobis
1068 1163 1200 1193 omnibus

93 1198 155 1234 fuit,
181 1206 211 1228 ut
220 1201 363 1229 materiem
381 1200 601 1230 subtraheremus
615 1201 701 1231 furori
714 1202 788 1230 tuo‘?
811 1202 828 1230 i.
844 1212 868 1231 e.
891 1202 1060 1232 Curandum.

0 1216 7 1256 l
41 1258 43 1262 ,
59 1235 146 1268 &Item
160 1246 210 1274 pro
230 1236 396 1274 Intendere,
414 1239 561 1276 inquirere.
586 1239 658 1277 Virg.
677 1250 702 1275 9.
720 1238 774 1268 Ecl.
791 1249 833 1276 ³7·

154 1274 186 1304 ld
197 1275 311 1312 quidem
320 1285 370 1313 ago
388 1298 396 1312 ,
415 1276 558 1306 &tacitus
577 1276 681 1314 Lycida
699 1287 808 1306 mecum
822 1276 878 1313 ipse
896 1276 1001 1307 voluto.
1078 1277 1198 1307 Nonius.

73 1312 161 1350 Agere
168 1313 261 1348 etiam,
273 1323 325 1350 pro
334 1314 485 1351 Congredi,
508 1314 610 1343 dicitur
620 1315 655 1344 de
666 1315 726 1344 -viro
735 1317 760 1344 ἅ
769 1314 893 1344 muliere.
928 1315 991 1353 Ulp.
1004 1314 1021 1344 l.
1037 1314 1066 1344 ff.
1081 1321 1104 1346 8.
1114 1315 1148 1344 de
1158 1314 1200 1343 his

94 1349 192 1417 quibsui
202 1349 248 1380 vel
258 1351 291 1380 al.
302 1351 354 1388 jur.
393 1352 422 1381 Si
436 1357 535 1390 agente
544 1353 643 1382 marito
658 1361 745 1382 uxore
754 1353 904 1390 concipiat.
934 1353 968 1382 Et
979 1352 1063 1391 paulo
1073 1353 1150 1390 post,
1167 1351 1200 1381 Si

95 1397 139 1417 am
160 1397 177 1417 o
195 1395 283 1425 agant.

36 1416 48 1431 ³
60 1423 64 1429 ⁴
74 1426 170 1464 Agere,
182 1426 218 1454 ad
227 1425 290 1456 lites
300 1428 327 1456 ἅ
339 1427 444 1463 judicia
454 1426 571 1457 relatum
586 1437 592 1456 :
614 1432 654 1461 ut,
684 1429 770 1465 Agere
783 1428 857 1458 furti.
880 1427 907 1457 h.
920 1438 943 1457 e.
975 1428 1121 1457 Anionem
1136 1427 1201 1456 furti

94 1464 241 1493 intendere
256 1474 262 1493 :
283 1465 360 1501 quod
370 1465 417 1499 est,
440 1464 481 1494 De
493 1465 564 1494 furto
577 1465 651 1502 apud
664 1465 786 1498 iudicem
797 1466 928 1495 accusare.
952 1465 1032 1495 Unde
1047 1467 1073 1495 δε
1084 1465 1201 1494 Αέῖοῐίη

94 1502 202 1538 judicio
220 1502 331 1538 dicitur,
350 1503 411 1540 Qui
422 1502 538 1532 accusat.
561 1503 619 1532 Cic.
637 1513 688 1541 pro
703 1504 813 1533 Cluent.
845 1503 955 1533 Deinde
972 1503 1121 1541 aliquando
1135 1512 1201 1532 cum

93 1538 171 1568 servo
185 1539 281 1569 Habiti
292 1540 358 1569 furti
368 1541 432 1577 egit.

74 1577 163 1615 Agere
173 1578 345 1614 injuriarum.
366 1578 423 1608 Cic.
439 1588 464 1607 2.
477 1578 512 1608 de
520 1578 628 1608 Invent.
642 1579 703 1616 Agit
712 1579 734 1608 is
747 1579 791 1608 cui
803 1588 900 1608 manus
911 1579 1020 1617 praecisa
1032 1579 1078 1613 est,
1091 1578 1202 1614 injuria-

97 1625 167 1644 rum.
208 1616 238 1645 In
255 1616 297 1645 his
309 1617 334 1646 Sc
348 1615 481 1646 similibus
493 1616 652 1646 subauditur
662 1616 806 1651 ablatiwus,
817 1617 948 1652 Crimine,
964 1623 1011 1646 aut
1019 1617 1145 1646 Aetione.

74 1653 165 1691 Agere
181 1653 291 1688 dicitur,
303 1654 359 1690 Qui
369 1655 536 1692 exceptione
553 1654 647 1683 utitur.
670 1654 734 1692 Leg.
750 1665 772 1683 1.
795 1654 829 1684 D.
854 1655 888 1683 de
900 1661 1008 1692 except.

79 1691 165 1729 Agere
180 1692 371 1730 pecuniariam
381 1692 460 1721 litem
471 1692 614 1721 adversum
628 1691 758 1730 aliquem.
781 1692 901 1728 Quintil.
918 1692 966 1722 lib.
980 1696 1004 1721 6.
1020 1702 1080 1730 cap.
1097 1701 1120 1722 1.

75 1729 174 1764 Agere,
186 1728 248 1767 plus
258 1730 295 1759 est
305 1739 385 1767 quam
397 1729 575 1759 Contraheie.
605 1730 714 1770 Ulpian.
725 1731 754 1759 in
768 1729 786 1759 l.
799 1730 899 1760 Labeo.
922 1730 957 1759 D.
978 1731 1012 1759 de
1020 1730 1094 1759 verb.
1111 1732 1199 1760 &ren

97 1762 186 1804 signif.
200 1766 290 1796 Labeo
299 1767 371 1797 libro
380 1768 470 1806 primo
479 1768 602 1797 Praetor-is
612 1768 713 1797 Urbani
726 1767 832 1803 definit,
853 1768 927 1805 quod
937 1768 1063 1805 quaedam
1075 1774 1203 1805 agantur,

98 1804 225 1842 quaedam
241 1812 377 1842 gerantur,
389 1806 514 1843 quaedam
533 1806 750 1835 contrahantur:
774 1807 800 1835 ἃ
812 1807 909 1835 Actum
926 1806 1038 1843 quidem
1050 1828 1058 1840 ,
1075 1804 1203 1843 generale

94 1843 212 1872 verbum
222 1842 286 1878 else,
297 1843 350 1873 five
359 1843 449 1873 verbis
465 1843 531 1881 quid
541 1850 643 1881 agatur,
656 1844 726 1873 utin
738 1844 932 1881 stipulatione:
953 1844 1006 1872 sive
1023 1853 1060 1879 re,
1076 1849 1106 1872 ut
1115 1843 1204 1885 innu-

94 1881 252 1910 meratione
264 1883 398 1919 pecuniae.
417 1881 596 1911 contractum
605 1890 697 1911 aurem
709 1881 782 1910 ultro
792 1882 917 1919 citroque
926 1881 1125 1918 obligationem
1136 1881 1201 1910 este:

94 1918 175 1955 quod
184 1918 272 1948 Graeci
289 1920 452 1955 avvokntzypca
463 1926 581 1949 vocant:
598 1919 685 1948 veluti
696 1920 879 1957 emptionem,
907 1919 1108 1953 venditionem,
1128 1919 1204 1947 :loca-

96 1957 216 2023 gopgzm,
227 1957 456 1993 conducffionem,
469 1957 637 1987 societatem.
664 1957 791 1993 Gestum,
812 1967 871 1987 rem
884 1957 1033 1995 significare
1043 1957 1099 1986 sine
1113 1955 1204 1988 verbis

129 2000 142 2023 C
173 2003 209 2023 m.

76 2032 174 2070 Agere,
189 2031 343 2071 Applicare,
365 2033 521 2062 admovere.
561 2032 634 2069 Virg.
653 2042 677 2062 2.
699 2032 761 2063 AEn.
780 2042 845 2070 441.

238 2086 275 2091 —
296 2069 484 2107 obsessumque
502 2071 561 2100 afta
572 2071 710 2100 testudine
719 2070 815 2100 limen.
907 2069 1026 2100 Servius.
1059 2069 1104 2099 Sic
1124 2077 1204 2112 agere

95 2107 193 2137 vineas
202 2108 337 2138 &turi-es.
362 2107 426 2137 Caes.
446 2118 469 2145 3.
483 2108 548 2138 Bell.
562 2108 632 2138 Gall.
647 2118 692 2138 21.
727 2109 837 2145 Quibus
847 2109 953 2138 fortiter
963 2106 1206 2141 resistentibus,vi-

97 2155 163 2175 neas
172 2152 314 2183 turresque
328 2147 392 2183 egit.
415 2146 461 2176 Sic
474 2146 522 2175 lib.
537 2156 562 2183 7.
578 2156 619 2183 17.
640 2146 742 2176 Vincas
754 2149 880 2177 autem&
889 2154 976 2176 turres
986 2146 1056 2174 dicit
1064 2145 1206 2176 machina-

99 2191 193 2213 menta
202 2183 302 2213 bellica
318 2184 354 2213 ad
370 2183 450 2213 urbes
465 2184 674 2223 oppugnandas.
713 2184 741 2214 V.
758 2184 776 2214 s.
796 2184 814 2213 l.

81 2221 177 2259 Agere,
198 2221 357 2257 Advertere,
374 2222 526 2251 attendere.
567 2223 632 2252 Ter.
657 2222 726 2252 And.
749 2233 771 2252 1.
786 2232 812 2252 2.
828 2232 869 2258 ις.
907 2231 931 2251 s.
952 2220 1079 2251 Hoccine
1090 2220 1157 2258 agis,
1168 2229 1204 2249 an

100 2260 184 2289 nou?
227 2269 256 2288 D.
279 2259 337 2296 Ego
351 2269 416 2289 vero
427 2260 503 2289 istuc.
525 2259 610 2290 Plaut.
627 2260 696 2289 Asin.
713 2260 784 2298 prol.
801 2271 823 2289 1.
863 2259 918 2289 vos
931 2259 988 2288 vhoc
1001 2260 1081 2296 agite.
1122 2258 1205 2287 Unde

101 2297 140 2327 est
150 2297 221 2326 illud
230 2297 441 2333 Terentianum,
465 2297 536 2327 Alias
550 2308 594 2327 res
608 2298 679 2336 agis:
700 2298 728 2328 h.
737 2308 761 2328 e.
784 2297 867 2327 Aliud
878 2298 981 2335 cogitas
997 2319 1006 2333 ,
1031 2306 1090 2326 non
1102 2295 1157 2326 huc
1167 2302 1206 2325 at-

101 2335 203 2364 tendis.
243 2335 275 2365 V.
296 2334 380 2373 paulo
391 2336 451 2374 post
468 2358 475 2371 ,
497 2335 569 2365 Alias
579 2346 621 2365 res
632 2345 721 2374 agere.

82 2373 106 2403 A
124 2382 168 2402 ere
180 2395 188 2408 ,
210 2373 392 2411 proExigere.
413 2373 478 2403 Ter.
493 2374 569 2403 Adel.
584 2384 607 2403 1.
627 2385 648 2403 1.
661 2383 705 2411 27.
746 2373 800 2408 Do,
817 2372 1020 2412 praetermitto:
1043 2381 1103 2401 non
1114 2371 1207 2401 neces-

114 2421 128 2440 e
138 2411 227 2440 habeo
242 2412 336 2440 omnia
347 2421 399 2449 pro
413 2421 476 2441 meo
486 2412 545 2447 jure
556 2421 645 2449 agere.

79 2449 178 2488 Agere,
194 2449 306 2487 Fugare,
317 2449 465 2493 expellere.
482 2450 553 2487 Virg.
568 2459 592 2479 2.
613 2449 712 2487 Georg.
730 2458 791 2485 130.
808 2449 874 2485 Quo
883 2447 1105 2486 nonpraesentius
1115 2446 1206 2477 ullum

186 2486 336 2516 ‘Auxilium
344 2494 422 2517 venit
433 2509 441 2523 ,
456 2488 486 2517 ’ἃ
496 2487 627 2517 membris
640 2488 698 2525 agit
707 2494 765 2516 atra
779 2496 897 2516 venena.
936 2486 1055 2515 Nonius.

81 2524 180 2563 Agere,
191 2524 300 2554 Gerere.
322 2525 382 2559 Cic.
394 2534 419 2555 2.
444 2525 518 2555 Fam.
535 2531 561 2560 8.
602 2525 668 2555 Non
681 2524 790 2563 aedepol
799 2533 929 2562 quantam
936 2524 1026 2561 egeris
1034 2532 1101 2559 rem,
1114 2532 1206 2561 neque

108 2570 244 2600 quantum
253 2562 360 2592 facinus
375 2563 482 2599 feceris,
496 2565 553 2593 &a

72 2601 180 2638 Agere,
190 2610 240 2639 pro
250 2601 359 2635 Gerere,
373 2601 449 2638 quod
460 2601 498 2631 est
508 2601 596 2630 Ferre.
618 2600 692 2630 Varr.
700 2600 837 2637 Bimargo,
850 2600 876 2629 N
878 2609 915 2628 on
923 2598 1058 2629 Hercules
1066 2605 1147 2637 potes
1158 2598 1208 2636 qui

58 2654 59 2660 κ
73 2640 77 2642 ’
103 2639 215 2676 agebat,
226 2637 276 2667 'sed
291 2648 447 2676 conopron.
505 2639 662 2669 Hadrianus
672 2639 772 2674 ,Iun-ius
784 2638 819 2667 fic
832 2637 917 2675 legit,
933 2637 999 2666 Non
1013 2636 1146 2666 Hercules
1157 2646 1208 2674 po-

109 2676 167 2712 test,
185 2677 230 2714 qui
246 2677 338 2714 Augiae
348 2677 404 2713 egit
423 2673 521 2712 κόνι-εον,
547 2679 574 2707 &
589 2677 698 2708 rectius.
721 2676 761 2706 Ex
777 2676 881 2705 Nonio.
919 2675 975 2704 Sed
995 2674 1026 2704 V.
1048 2675 1168 2704 Mercer.

87 2710 183 2752 Agere,
205 2714 328 2750 Movere,
342 2716 454 2752 agitare,
465 2720 504 2751 ut,
518 2715 603 2752 Agere
610 2716 738 2744 caudam.
770 2711 906 2743 Columel.
925 2712 942 2741 l.
957 2715 982 2742 6.
996 2722 1019 2741 c.
1034 2716 1059 2741 6.

87 2753 183 2790 Agere,
196 2751 292 2789 Loqui.
324 2752 389 2782 Ter.
408 2752 484 2782 Adel.
502 2764 524 2782 1.
541 2763 565 2782 r.
580 2762 622 2789 53.
663 2753 717 2782 Sed
728 2752 802 2781 estne
811 2752 820 2780 i
845 2751 886 2780 sus
898 2750 933 2779 de
945 2759 999 2787 quo
1009 2749 1124 2787 agebam
1137 2750 1151 2778 ‘?

89 2792 176 2828 Agere
190 2812 198 2825 ,
219 2799 269 2827 pro
279 2789 401 2832 Morari:
422 2796 470 2826 ut,
490 2791 575 2828 Agere
588 2792 619 2820 in
627 2790 782 2820 seceffibus.
822 2762 933 2827 slipi-an.
945 2788 1000 2817 in‘l.
1015 2788 1093 2825 Quid
1102 2793 1206 2816 tamen.

109 2830 130 2866 §.
144 2828 161 2856 si
172 2827 271 2857 arbiter
278 2828 390 2864 jusserit.
419 2828 452 2858 D.
470 2828 505 2857 de
518 2835 622 2866 recept.
635 2828 726 2858 arbitr.

40 2894 41 2898 ,
85 2866 175 2903 Agere
187 2887 195 2900 ,
212 2865 275 2903 plus
289 2866 615 2905 quzimKCommemorare.
653 2866 713 2895 Cic.
729 2875 755 2895 2.
784 2864 858 2893 Verr.
874 2873 919 2899 25-
941 2863 1046 2893 Omnia
1054 2872 1113 2892 non
1121 2861 1208 2892 niodo

60 2907 64 2918 ’
106 2904 415 2939 commemorabuntur,
440 2903 487 2934 sed
500 2905 583 2934 etiam
592 2904 721 2943 expositis
730 2902 812 2933 certis
819 2902 900 2932 rebus
913 2907 1036 2939 agentur.

994 2975 1112 3006 Servius.

167 2978 239 3009 Tros
249 3001 257 3014 ,
278 2979 432 3024 Tyriusque
444 2980 514 3009 mihi
527 2979 605 3009 nullo
620 2980 778 3009 discrimine
796 2985 899 3017 agetur.
1088 3013 1160 3050 νὺξ,
1178 3022 1206 3049 4

87 3018 173 3054 Agere
187 3038 196 3053 ,
224 3016 345 3053 Vexare,
362 3019 535 3056 ¹inquietare:
563 3018 640 3055 quod
655 3018 778 3047 ufitatius
798 3017 906 3054 Agitare
925 3014 1037 3043 dicitur.

413 3072 451 3077 —
470 3056 527 3093 agit
545 3056 602 3095 ipse
618 3056 756 3086 furentem

167 3092 200 3122 In
227 3091 330 3122 somnis
340 3093 415 3123 ferus
428 3093 536 3124 AEneas.

58 3171 60 3174 y
82 3129 194 3168 Agere,
214 3129 335 3168 Urger-e,
357 3130 499 3168 persequi,
525 3131 564 3160 ait
582 3130 656 3160 Serv.
690 3130 763 3168 Virg.
778 3141 803 3167 4.
819 3129 938 3166 AEn.7x.

247 3184 285 3189 —-
304 3170 390 3205 qualis
413 3169 539 3205 conjecta
559 3178 639 3198 cerva
662 3168 776 3206 sagitta,
885 3204 891 3210 ι

167 3205 261 3243 Quam
268 3206 366 3244 procul
376 3207 516 3238 incautam
524 3216 638 3236 nemora
652 3207 725 3236 inter
736 3204 836 3235 Cressia
846 3204 907 3234 fixit

167 3243 258 3274 Pastor
270 3253 353 3281 agens
366 3244 439 3274 telis.
623 3244 688 3274 Ter.
706 3244 783 3273 Adel.
801 3252 825 3280 3.
840 3253 865 3272 2.
877 3251 922 3270 21.
953 3239 1073 3269 Caeteros
1090 3246 1208 3273 ruerem,

60 3286 77 3308 κ
109 3290 232 3318 agerem,
254 3291 388 3319 raperem.
428 3282 483 3312 Ubi
500 3281 626 3312 Donatus
643 3303 652 3318 ,
672 3283 806 3320 Agerem,
829 3280 1022 3317 Persequerer,
1044 3285 1206 3315 premerem.

87 3318 136 3349 Sic
155 3319 227 3358 Virg.
248 3329 271 3348 1.
296 3320 358 3349 AEn.
376 3330 436 3355 191.

57 3358 60 3363 '
248 3372 286 3378 »-
305 3364 365 3387 tum
382 3358 481 3396 vulgus
504 3359 530 3388 ,Sc
544 3367 659 3387 omnem

169 3394 288 3430 Miscet,
307 3405 390 3433 agens
410 3396 491 3431 telis,
522 3405 638 3424 nemora
658 3395 729 3424 inter
740 3393 857 3423 frondea
874 3391 993 3422 turbam.
1135 3427 1141 3433 .

91 3430 179 3462 Lethe
192 3433 274 3469 dare,
303 3433 408 3463 Nonio.
447 3433 569 3470 [Inscite
589 3434 661 3463 satis.
698 3433 792 3462 Potius
807 3432 847 3460 est
865 3432 1077 3466 circumagere,
1099 3433 1209 3465 agitare,

11 3475 13 3477 '
63 3493 69 3499 .
110 3480 212 3507 urgere.

0 3696 13 3778 l

0 3783 12 3848 r

9 3867 17 3893 l

0 3958 19 4018 l?

0 3858 122 3954 li

0 4022 7 4095 l

90 3507 175 3544 Agere
185 3509 296 3546 proprie
305 3508 436 3546 srgnificat
444 3507 591 3547 'impellere
602 3530 610 3544 ‚
630 3514 695 3538 ante
710 3507 738 3537 se
756 3506 878 3545 pellere3
901 3502 1138 3547 quemadmodum
1163 3501 1211 3531 Ti-

113 3545 203 3576 bullus
215 3546 286 3575 dixit
300 3557 323 3576 1.
344 3558 367 3582 ς.
381 3557 405 3583 3.
460 3547 616 3577 Turbinem
626 3556 715 3584 agere.
755 3546 802 3575 Sic
815 3544 861 3581 Agi
878 3551 987 3586 animus
1005 3541 1107 3570 dicitur
1117 3562 1125 3575 ,
1146 3549 1211 3569 cum

110 3582 249 3614 Turbatur
261 3585 287 3613 &
298 3585 484 3622 inquietatur:
508 3585 603 3622 Nepos
615 3594 658 3619 25.
670 3595 695 3620 9.
712 3594 735 3614 1.
776 3581 914 3612 Naturalis
922 3580 1032 3608 bonitas
1047 3601 1055 3613 ,
1074 3588 1135 3614 quae
1150 3577 1212 3620 null-

111 3619 144 3650 iis
160 3621 264 3651 casibus
277 3632 366 3660 neque
377 3623 465 3660 agitur
474 3632 563 3659 neque
579 3623 722 3652 minuitur.
762 3620 887 3650 Maxime
897 3628 961 3646 vero
971 3618 997 3646 ὃς
1018 3616 1090 3652 quasi
1100 3625 1211 3653 proprie

111 3659 147 3687 de
161 3660 306 3697 pecoribus
325 3662 351 3689 Sc
363 3661 491 3689 armentis
502 3660 603 3689 dicitur
613 3682 621 3694 ,
643 3660 718 3689 unde
737 3660 764 3688 ἃς
774 3657 905 3700 Αςεῑῑορίὶ
915 3677 923 3690 ,
947 3656 972 3684 Se
992 3653 1109 3683 Baculus
1122 3654 1211 3691 pasto-

110 3696 174 3726 ralis
187 3719 196 3733 ,
215 3697 332 3765 Agolugi
344 3697 533 3764 appsssatumll
553 3703 584 3726 ut
594 3697 686 3727 Festus
698 3697 790 3726 docet.
832 3695 903 3731 Virg.
918 3702 942 3722 1.
963 3691 1021 3738 Ecl.
1037 3700 1079 3721 12.

249 3751 286 3756 -
328 3746 346 3764 u
367 3746 374 3764 i
409 3746 423 3765 e
444 3745 475 3764 ca
497 3745 511 3764 e
535 3745 563 3764 as

134 3771 140 3773 ‘
171 3771 303 3802 Protenus
319 3746 395 3810 aegei)
410 3783 461 3810 ago
474 3746 494 3802 :p
502 3773 574 3802 lianc
589 3773 673 3802 etiam
693 3772 741 3801 vix
753 3771 849 3808 Tityre
862 3768 944 3797 dum.
1041 3766 1108 3804 Ago,
1119 3771 1210 3810 inquit

110 3808 229 3845 Servius,
250 3812 375 3848 proprie:
397 3821 460 3840 nam
470 3811 513 3848 agi
525 3811 657 3839 dicuntur
668 3819 777 3848 pecora.
816 3807 909 3849 Festus
919 3804 963 3834 vel
974 3803 1076 3851 yPaulus
1091 3811 1184 3842 potius
1200 3814 1207 3833 ε

72 3876 75 3881 ,
111 3847 196 3884 Agere
214 3848 300 3876 modo
313 3848 444 3886 significat
463 3856 527 3878 ante
547 3848 573 3877 se
592 3847 705 3885 pellere.
728 3848 748 3876 i.
770 3856 794 3875 e.
817 3852 929 3873 minare.
959 3842 1032 3885 lug.
1063 3840 1097 3871 Et
1111 3850 1210 3886 potum

112 3885 198 3914 uastas
212 3894 262 3922 age
271 3885 376 3924 Tityre.
433 3886 530 3916 Cetera
550 3895 614 3915 cum
629 3884 797 3923 ineptissima
805 3882 856 3911 sint
866 3903 874 3917 ,
895 3879 971 3918 apud
982 3882 1072 3918 1pium
1088 3879 1144 3918 legi
1155 3889 1211 3909 ma-

125 3932 212 3952 umus.

92 3960 177 3999 Agere
191 3960 305 3990 radices.
324 3960 382 3991 Cic.
394 3971 420 3991 2.
442 3960 499 3991 Off.
511 3970 556 3997 43.
586 3959 655 3990 Vera
669 3959 756 3998 gloria
765 3958 869 3988 radices
883 3956 949 3994 agit,
969 3960 1052 3993 atque
1059 3954 1142 3984 etiam
1147 3964 1212 3993 pro-

1644 149 1672 183 A
1770 149 1804 183 G
1903 150 1937 184 O

1304 236 1428 265 pagarur.
1469 228 1581 259 Nonius
1602 229 1740 268 Porrigere
1751 231 1887 268 exponit,
1924 231 2064 266 [mallem
2080 235 2190 272 exigere
2205 256 2212 268 ,
2233 236 2350 273 adigere.
2379 236 2409 265 V.

1307 268 1377 294 intra
1402 265 1536 295 Radicem
1551 277 1639 304 agere.

1288 303 1391 339 Agere,
1423 303 1562 337 absalme.
1583 315 1632 341 pro
1654 305 1759 334 Vivere.
1800 304 1890 334 Tacit.
1903 314 1927 340 3.
1952 305 2021 334 Ann.
2051 317 2091 342 ¹9-
2147 308 2212 337 Non
2236 310 2320 338 modo
2339 312 2412 347 apud

1308 340 1371 368 illos
1391 340 1519 382 linniincs
1542 344 1589 377 qui
1612 350 1671 371 tum
1688 342 1821 380 agebant,
1844 343 1927 372 etiam
1941 342 2063 380 sequutis
2084 347 2256 383 temporibus
2277 347 2350 375 vario
2371 358 2414 377 ru-

1310 387 1384 404 more
1404 381 1508 409 metatu.

1290 413 1374 449 Agere
1390 415 1459 456 inter
1470 415 1604 445 homines.
1629 417 1645 446 i.
1667 427 1694 446 e.
1725 417 1821 447 Vivere
1835 440 1843 453 ,
1864 418 1948 447 vitam
1960 418 2077 454 exigere.
2112 419 2202 449 Tacit.
2224 430 2264 456 ις.
2288 423 2353 450 Ann.
2369 431 2412 458 74.

1311 453 1394 485 Agere
1404 458 1473 479 inter
1488 452 1614 482 homines
1631 455 1714 484 desiit.

1290 487 1376 524 Agere
1390 509 1397 520 ,
1428 488 1521 517 inultis
1534 492 1622 531 modis
1635 500 1790 532 acceptum.
1833 492 1952 522 Martini.
1972 495 1999 521 in
2018 494 2140 522 Attalum
2153 494 2197 524 lib.
2213 505 2234 524 1.
2252 501 2294 530 80.

1369 524 1483 565 Semper
1502 536 1556 560 agis
1574 530 1682 562 ciulai,
1705 533 1730 559 c:
1753 540 1793 559 res
1808 531 1863 566 agis
1881 530 1968 559 Attale
1980 530 2104 568 semper:

1385 598 1397 604 ..
1410 562 1469 595 hit,
1493 572 1550 590 non
1569 566 1611 605 est«
1631 567 1704 601 quod
1727 578 1806 603 agii&
1828 568 1916 597 ilttale
1941 567 2049 605 semper
2063 569 2126 606 agis.

1372 598 1399 626 δι
1420 608 1481 631 res,
1504 602 1529 628 ὅ(
1545 604 1628 629 caulae
1651 604 1746 633 desunt
1759 627 1766 639 ,
1784 606 1840 641 agis
1859 606 1944 634 Attalo
1964 606 2060 635 mulas.

1322 671 1330 676 ³
1373 672 1378 677 .
1413 636 1516 670 Attzile,
1541 647 1575 666 ne
1592 640 1665 674 quod
1686 650 1747 675 agas
1766 643 1848 675 desit,
1871 653 1932 680 agiis
1957 644 2085 673 animam.

1313 671 1445 715 ligmficat
1465 672 1617 703 Declamas.
1666 678 1727 714 Agis
1749 689 1805 714 res,
1835 681 1897 717 Agis
1924 683 2042 718 negotia.

1314 711 1381 745 Agas
1399 719 1518 738 animuin
1530 732 1537 745 ,
1560 712 1690 742 Mai-iare.

1292 747 1381 789 Agere
1400 748 1426 775 ἃ
1451 746 1534 781 ferre,
1558 750 1621 791 Arei,
1642 750 1756 787 ferrique
1770 774 1777 787 ,
1796 752 1972 784 proverbialis
1988 756 2070 793 figura
2082 756 2119 785 est
2133 779 2140 791 ,
2162 757 2291 787 translata
2305 767 2320 786 a
2339 768 2417 788 more

1314 783 1444 818 militari,
1475 785 1550 827 quod
1567 786 1624 814 illic
1642 787 1767 817 liornines
1793 793 1818 819 ok
1839 793 1959 823 iumenta
1984 802 2119 829 aguntur,
2147 794 2257 824 sarcinae
2279 796 2412 826 seruntur.

1315 821 1375 850 Hac
1386 827 1478 850 autem
1495 829 1606 865 utimur,
1628 833 1677 860 pro
1694 833 1726 853 eo
1740 827 1813 862 quod
1827 830 1864 857 cst
1877 829 2010 866 lliriperc,
2022 831 2146 868 vapulari
2159 842 2204 861 aut
2219 833 2331 862 vexare.
2356 834 2413 863 Liv.

1317 859 1352 887 de
1368 858 1434 888 Bell.
1447 859 1556 903 Maced.
1571 860 1618 889 lib.
1632 867 1657 894 8.
1676 861 1750 891 Tum
1764 864 1875 894 demun]
1892 867 1972 895 tractu
1982 870 2131 903 pertinacia
2145 871 2182 898 est
2197 892 2204 904 ,
2227 879 2258 899 ut
2279 870 2341 899 serii
2361 874 2416 909 agzi-

1316 906 1371 933 que
1386 906 1427 925 res
1441 896 1499 926 suas
1514 898 1653 927 viderunt.
1694 900 1734 927 Ad
1748 900 1822 930 hunc
1835 904 1948 932 modurn
1963 905 2022 934 usus
2032 907 2068 934 est
2080 907 2155 936 Idem
2169 919 2195 943 4.
2221 907 2324 937 Dec-iu.
2335 908 2352 937 l.
2373 902 2415 938 io.

1316 934 1491 978 Transfertur
1511 936 1736 979 qi.iandoque·ad
1750 939 1881 968 aninumr.
1923 941 2011 970 Tacit.
2031 943 2066 971 de
2083 944 2159 974 Ori-r.
2182 954 2241 982 cap.
2267 952 2292 979 8.
2334 947 2418 976 Nunc

1315 982 1457 1010 principes
1470 983 1498 1001 in
1518 973 1629 1003 Caesaris
1641 975 1763 1003 amicitia
1782 985 1866 1013 agunt
1878 978 2022 1014 feruntque
2039 983 2146 1010 cuneta.
2185 983 2211 1010 h.
2232 993 2256 1012 e.
2281 983 2329 1011 Pro
2348 986 2419 1013 arbi-

1315 1012 1369 1040 trio
1388 1017 1473 1053 agunt
1487 1012 1621 1053 quicquid
1636 1011 1748 1041 vvolunt.
1771 1012 1870 1042 Erasm.
1885 1015 1912 1043 in
1931 1016 2047 1045 Cliilizid.
2082 1018 2174 1053 [Virg.
2191 1019 2207 1048 l.
2227 1030 2252 1049 2.
2273 1021 2334 1050 AEn.
2353 1032 2415 1059 374.

1317 1084 1355 1114 ν.
1381 1046 1634 1085 Rapiuntincenlu,
1655 1050 1803 1087 feruntque
1852 1051 1987 1088 Pergama.
2009 1055 2053 1083 bic
2068 1056 2151 1084 (nacci
2165 1056 2231 1089 ἄγη-ι
2252 1061 2272 1094 ''s'
2282 1064 2360 1094 tergm.
2386 1060 2416 1089 V,

1348 1094 1415 1122 iger.
1430 1096 1453 1121 5.
1465 1097 1491 1121 4.
1502 1090 1527 1115 6.

1299 1123 1385 1160 Agere
1396 1122 1559 1160 aliquemad
1569 1124 1672 1161 aliquid
1686 1147 1694 1161 ,
1715 1125 1863 1162 impellere
1878 1148 1887 1161 ,
1909 1127 2042 1157 inducere
2055 1151 2062 1162 ,
2085 1130 2206 1159 incitare.
2233 1132 2287 1161 Liv.
2309 1144 2333 1168 9.
2349 1134 2417 1163 Bell.

1317 1160 1428 1190 Maced.
1441 1162 1540 1198 Captas
1550 1171 1656 1192 mentes
1667 1163 1742 1192 velut
1753 1163 1894 1193 furialibus
1907 1165 2022 1194 stimulis
2032 1166 2065 1194 ad
2076 1176 2158 1196 omne
2171 1168 2257 1197 scelus
2270 1172 2294 1198 δι
2305 1181 2418 1202 omnem

1316 1198 1464 1227 libidinem
1477 1206 1597 1236 agerent.
1636 1200 1717 1230 Unde
1735 1211 1825 1230 Apro
1836 1211 1873 1230 ER
1884 1212 1898 1231 r.
1918 1213 1943 1239 q.
1968 1203 1996 1231 V.
2031 1203 2094 1232 lior.
2110 1214 2133 1233 2.
2150 1206 2234 1235 Serm.
2250 1216 2275 1242 7.
2292 1218 2336 1244 24.

1379 1236 1470 1273 Siquis
1482 1237 1516 1265 ad
1528 1236 1574 1266 illa
1590 1238 1657 1267 deus
1667 1237 1757 1268 subito
1779 1246 1806 1268 te
1826 1246 1907 1277 agat,
1934 1249 2021 1277 usque
2037 1241 2150 1271 recuses.

1299 1274 1431 1304 Accurate
1443 1274 1549 1311 aliquid
1569 1285 1657 1313 agere.
1678 1276 1765 1306 Plaut.
1779 1276 1858 1315 Capt.
1871 1287 1896 1307 2.
1913 1288 1936 1307 1.
1954 1287 1996 1315 30.

1298 1312 1446 1342 Acerrime.
1467 1312 1525 1341 Cic.
1540 1322 1564 1341 2.
1585 1314 1620 1342 de
1633 1313 1709 1343 Orat.
1726 1324 1787 1351 137.

1298 1351 1432 1380 Accurate
1446 1359 1525 1387 agere
1536 1360 1600 1379 cum
1615 1351 1710 1388 aliquo
1723 1374 1731 1387 ,
1752 1358 1792 1382 ut.
1819 1352 1877 1382 Cic.
1894 1357 1936 1382 16.
1953 1353 2007 1382 Att.
2022 1364 2045 1389 ς.

2347 162 2415 192 125

2134 643 2205 680 Ubi,
2228 646 2289 681 Agis
2309 646 2411 682 causas,

2092 682 2155 718 Agis
2181 683 2267 712 mulas
2283 706 2290 718 ,
2318 683 2412 714 Ducis.

1394 1388 1399 1393 ἢ
1548 1388 1553 1393 1
1654 1390 1659 1394 ¹
2087 1353 2264 1390 Egitmecum
2275 1366 2400 1388 accurare
2411 1381 2418 1393 ,

1318 1387 1469 1424 multisque
1479 1388 1568 1417 verbis
1580 1410 1588 1424 ,
1609 1389 1661 1418 tibi
1674 1397 1705 1418 ut
1714 1389 1879 1428 sponderem
1890 1413 1897 1426 ,
1918 1390 1944 1419 se
1954 1391 2070 1429 dignum
2081 1392 2106 1421 δι’
2121 1399 2147 1420 te
2159 1393 2184 1421 St
2195 1393 2275 1423 nobis
2286 1394 2405 1424 futurum
2413 1420 2419 1425 .

1318 1425 1408 1463 Vulgo
1424 1425 1560 1455 Tra<ftare.
1601 1426 1632 1455 V.
1657 1427 1729 1457 Cum
1753 1427 1816 1465 aliq.
1869 1428 1986 1464 [Aliter.
2008 1440 2034 1464 4.
2051 1438 2074 1458 2.
2109 1430 2226 1459 Aetates
2241 1432 2278 1460 est
2296 1441 2421 1463 accurate

1319 1472 1333 1492 a
1345 1464 1443 1497 nobis,
1465 1464 1492 1492 <Sc
1502 1485 1510 1497 ,
1537 1463 1554 1492 si
1571 1473 1692 1501 unquam
1709 1466 1738 1494 in
1753 1466 1874 1495 dicendo
1888 1466 1990 1495 fuimus
2001 1466 2105 1503 aliquid
2118 1468 2166 1496 ἃς.
2185 1467 2220 1496 de
2230 1470 2363 1499 oratione.

1300 1501 1626 1539 Accusat—&prudenter
1636 1512 1699 1531 cum
1710 1503 1745 1532 ali
1768 1514 1803 1533 uo
1812 1504 1847 1532 de
1856 1513 1884 1533 re
1897 1504 1994 1541 aliqua.
2019 1504 2077 1533 Cic.
2090 1514 2114 1533 2.
2137 1505 2213 1535 Fam.
2227 1515 2268 1542 14.

1300 1540 1352 1576 Agi
1369 1539 1403 1568 ad
1412 1539 1516 1568 furores
1532 1546 1680 1570 extremos.
1716 1514 1773 1571 Vacl.
1788 1541 1876 1571 Flacc.
1890 1551 1914 1578 7.
1937 1544 2037 1579 Argon.
2054 1552 2113 1579 154.

1300 1577 1387 1613 Agere
1397 1577 1432 1606 ad
1441 1577 1587 1614 populum.
1609 1579 1666 1607 Cic.
1686 1588 1707 1608 1.
1728 1580 1782 1608 Att.
1810 1579 1840 1608 V.
1861 1580 1932 1609 Cum
1943 1580 2059 1617 populo.

1295 1614 1405 1643 Omnia
1419 1615 1454 1644 ad
1466 1615 1660 1653 praescriptum.
1683 1616 1748 1646 Caes.
1761 1627 1784 1653 3.
1806 1616 1872 1646 Bell.
1890 1617 1969 1646 Civil.
1987 1628 2029 1652 51-

1301 1652 1455 1683 }Emulatus
1470 1674 1477 1687 ,
1512 1663 1562 1690 pro
1578 1653 1788 1684 AEmulationes.
1828 1654 1855 1683 h.
1876 1665 1900 1684 e.
1923 1655 2064 1684 AEmulari.
2107 1655 2198 1684 Tacit.
2218 1665 2260 1692 13.
2292 1658 2358 1687 Arm
2376 1661 2421 1694 46.

1321 1690 1364 1719 Ne
1375 1690 1404 1718 in
1414 1690 1481 1719 urbe
1492 1690 1635 1730 aemulatus
1644 1699 1736 1728 ageret
1747 1715 1754 1727 ,
1775 1693 1924 1730 provinciae
1936 1692 2078 1722 Liilitaniae
2097 1693 2252 1731 praeficitur.

1301 1728 1430 1758 ffitatem.
1451 1728 1508 1757 Cic.
1519 1728 1556 1757 de
1566 1728 1636 1758 Clar.
1651 1731 1727 1759 Orat.
1738 1730 1811 1759 idem
1825 1731 1900 1767 quod
1914 1731 2019 1767 Degere
2031 1752 2042 1765 ,
2063 1731 2163 1760 vivere.

1302 1766 1421 1796 IEtatem
1432 1766 1461 1794 in
1471 1765 1567 1795 literis.
1589 1766 1646 1795 Cic.
1660 1776 1685 1796 2.
1704 1768 1738 1796 de
1750 1768 1843 1805 Legib.
1862 1777 1886 1804 3.
1922 1767 1958 1797 V.
1980 1777 2092 1797 AETAs.

1299 1803 1411 1833 AEvuni.
1443 1803 1526 1832 Ovid.
1549 1814 1590 1838 ις.
1618 1804 1685 1834 Met.
1704 1810 1765 1840 588.

1299 1840 1402 1870 }Evum
1414 1851 1478 1870 cum
1491 1842 1544 1870 diis
1557 1841 1584 1870 in
1595 1842 1677 1871 coelo.
1693 1843 1754 1872 Cic.
1773 1853 1793 1872 1.
1812 1842 1894 1873 Tusc.

1302 1878 1403 1946 Epium
1424 1889 1472 1916 per
1490 1879 1613 1909 crimina.
1654 1881 1672 1910 i.
1693 1891 1717 1910 e.
1742 1881 1837 1910 Vivere
1858 1880 1987 1911 scelerate
2009 1882 2035 1911 δι
2053 1880 2230 1912 dedecorose.

1334 1928 1341 1944 i
1357 1924 1392 1946 et.
1409 1926 1472 1953 243.

1300 1954 1440 1991 Aliquem.
1475 1955 1493 1984 i.
1516 1965 1540 1985 e.
1571 1955 1778 1994 Reprae'senrare
1798 1957 1824 1986 Sc
1845 1957 2001 1993 exprimere
2018 1956 2135 1992 alicujus
2152 1956 2304 1993 personam.
2329 1957 2384 1987 Cic.
2397 1968 2422 1988 2.

1319 1991 1397 2022 Fam.
1416 1999 1441 2027 8.
1477 1993 1571 2031 ltaque
1590 2004 1675 2032 quum
1692 1996 1813 2032 primum
1832 1995 1924 2024 audivi
1936 2017 1943 2027 ,
1964 2004 2015 2031 ego
2042 1994 2088 2023 ille
2103 1994 2159 2032 ipse
2179 1995 2267 2024 fadus
2283 1994 2356 2030 suin,
2371 1995 2424 2025 scis

1342 2040 1406 2059 uem
1423 2030 1505 2060 dico:
1538 2032 1580 2069 egi
1603 2041 1635 2061 ue
1655 2032 1717 2062 illos
1734 2042 1831 2061 onmes
1854 2032 2058 2067 adolescentes,
2080 2042 2149 2068 quos
2167 2031 2335 2068 illejaciitat.
2358 2034 2374 2061 i.
2398 2043 2422 2063 e.
2459 2050 2463 2054 ·

1348 2069 1533 2106 epraesentavi.
1571 2070 1581 2099 Ι
1604 2079 1648 2098 em
1659 2080 1708 2107 pro
1718 2070 1797 2100 Rosc.
1816 2070 1895 2099 Com.
1917 2080 1960 2099 20.
1981 2070 2054 2099 Nam
2065 2069 2222 2099 Ballionem
2233 2069 2312 2099 illum
2323 2071 2424 2107 impro-

1323 2106 1463 2136 bissimum
1482 2108 1509 2136 &
1524 2107 1738 2145 periurissimum
1748 2108 1882 2138 lenonem
1899 2118 1984 2145 quum
1999 2109 2056 2145 agit
2066 2129 2075 2143 ‚
2097 2108 2155 2145 agit
2166 2106 2314 2137 C'naercam.
2353 2108 2422 2138 Vide

1324 2145 1410 2182 Agere
1426 2152 1526 2182 partes.

1305 2180 1388 2212 Aliud
1402 2192 1491 2220 agere.
1529 2182 1560 2212 V.
1583 2182 1654 2212 Alias
1674 2193 1716 2213 res
1733 2193 1821 2222 agere.

1303 2220 1448 2258 Ambages.
1473 2219 1558 2249 Plaut.
1573 2220 1668 2250 Pseud.
1690 2232 1714 2256 ς.
1738 2232 1761 2252 i.
1777 2232 1820 2252 10.
1841 2230 1892 2260 pro
1906 2243 1914 2257 ,
1935 2220 1982 2250 Uti
1995 2219 2165 2258 ambagibus

1303 2257 1449 2295 Ambigue.
1471 2257 1561 2287 Tacit.
1581 2268 1604 2295 3.
1629 2259 1696 2288 Hist.
1711 2268 1754 2296 35.

1304 2296 1440 2325 Amicum.
1470 2295 1539 2325 Plin.
1561 2296 1591 2325 in
1606 2296 1704 2335 Paneg.
1735 2297 1818 2327 Tunc
1838 2296 2134 2334 maximeimperator,
2156 2306 2241 2333 quum
2261 2297 2424 2327 amicume‘z

1320 2334 1491 2372 imperatore
1516 2334 1581 2371 agit.
1619 2335 1666 2364 Sic
1680 2357 1687 2370 ,
1719 2335 1806 2373 Agere
1816 2341 1926 2373 patrem
1941 2356 1949 2371 ,
1969 2335 2112 2371 judIcem,
2133 2344 2241 2372 regem,
2268 2334 2424 2372 consulem,

1324 2372 1351 2401 ἃ
1372 2371 1477 2401 similia.
1512 2371 1542 2400 V.
1566 2371 1671 2401 Civem.

2272 1881 2354 1912 Ovid.
2376 1892 2421 1913 ιο.

1303 2409 1543 2447 Amphidromiam
1563 2409 1628 2446 agis.
1670 2409 1700 2439 V.
1729 2419 2014 2440 Airarrinsseirrfl..

1303 2447 1450 2477 Animalia.
1492 2447 1523 2476 V.
1546 2448 1631 2485 Agere
1647 2457 1758 2485 pecora.

1303 2486 1518 2522 Aniniamagere
1527 2485 1644 2520 dicitur,
1669 2485 1726 2522 Qui
1736 2485 1775 2514 est
1788 2486 2045 2523 mortiproximusq
2067 2486 2114 2524 qui
2125 2485 2233 2521 morbo,
2258 2485 2426 2515 autvulnei·e

1318 2523 1468 2552 consectus
1479 2545 1487 2557 ,
1509 2523 1562 2557 iam
1572 2523 1646 2552 estin
1654 2523 1776 2552 confinio
1784 2524 1917 2553 mortis&
1928 2524 1999 2553 vitae.
2023 2524 2080 2553 Cic.
2100 2534 2124 2553 1.
2140 2523 2221 2552 Tusc.
2238 2533 2278 2558 19.
2296 2524 2425 2552 Animum

1323 2567 1417 2590 autem
1427 2582 1438 2596 ‚
1467 2560 1512 2590 alii
1533 2561 1671 2595 animam,
1686 2568 1717 2590 ut
1733 2561 1790 2590 fere
1799 2561 1882 2590 nostri
1902 2561 2044 2591 declarant
2055 2562 2179 2592 nomine.
2219 2561 2292 2591 Nam
2305 2563 2331 2591 Sc
2342 2563 2426 2598 Agere

1323 2599 1459 2634 animam,
1482 2599 1508 2628 δε
1522 2598 1618 2628 Efflare
1630 2598 1750 2628 dicimus
1764 2621 1772 2634 ,
1794 2600 1846 2628 Sec.

1304 2636 1444 2666 Animum.
1467 2636 1534 2665 Hor.
1551 2637 1581 2664 in
1591 2641 1653 2665 Arte
1665 2636 1738 2665 Poet.
1770 2647 1830 2666 100.

1384 2674 1418 2703 Et
1432 2684 1599 2711 quocunque
1619 2674 1714 2703 volent
1726 2675 1851 2704 animum
1868 2675 2002 2705 auditoris
2016 2680 2129 2704 aounto.
2170 2675 2188 2704 i.
2214 2683 2237 2703 e.
2257 2673 2423 2711 impellant,

1326 2711 1447 2741 afficiant
1457 2734 1465 2747 ,
1486 2712 1595 2740 trahant
1608 2713 1634 2741 &
1648 2712 1792 2750 rapiantin
1803 2722 1997 2750 quemcunque
2010 2698 2140 2742 affectum
2148 2712 2252 2742 volent.

1304 2750 1405 2779 Animo
1415 2759 1473 2778 nori
1486 2750 1603 2778 inimico
1615 2759 1703 2787 agere.
1726 2750 1784 2779 Cic.
1801 2759 1826 2787 7.
1849 2750 1923 2780 Verr.
1939 2762 2001 2786 149.

1303 2788 1404 2817 Animo
1412 2797 1514 2825 magno
1526 2789 1552 2817 Sc
1562 2788 1625 2816 forti
1637 2797 1695 2816 rem
1705 2787 1825 2824 aliquam
1836 2797 1924 2826 agere.
1956 2789 2013 2818 Cic.
2029 2794 2054 2822 8.
2077 2791 2130 2817 Att.

1304 2827 1426 2861 Annum,
1437 2832 1543 2854 certum
1553 2825 1735 2854 aetatisNarro
1744 2835 1770 2854 2.
1783 2825 1818 2854 de
1830 2825 1863 2856 R.
1875 2825 1907 2856 R.
1921 2835 2013 2865 capsy.
2028 2826 2086 2856 Liv.
2100 2835 2123 2862 3.
2145 2825 2202 2855 Cic.
2223 2824 2257 2854 de
2271 2823 2377 2853 Sene&
2395 2833 2419 2859 5..

1304 2864 1399 2901 Agitur
1423 2873 1520 2892 annus.
1561 2863 1591 2893 V.
1619 2863 1715 2901 Agitur
1733 2863 1840 2893 niensis.

1304 2901 1470 2938 Apologum.
1495 2900 1581 2930 Plaut.
1602 2900 1687 2930 Stich.
1705 2912 1730 2937 4.
1749 2911 1770 2930 1.
1787 2910 1831 2937 32.

1304 2939 1387 2977 Apud
1400 2939 1515 2975 aliquos.
1549 2938 1607 2968 Cic.
1630 2948 1655 2968 2.
1670 2939 1706 2968 de
1722 2939 1798 2968 Orat.
1814 2948 1873 2977 175.

1304 2978 1393 3013 Aquas
1404 2977 1551 3014 agitvrivus.
1573 2976 1657 3006 Ovid.
1673 2986 1695 3005 1.
1715 2976 1782 3006 Fast.
1797 2988 1862 3012 404.
2338 3011 2342 3014 ,

1303 3015 1453 3045 Arbitrium
1463 3013 1580 3050 alicujus
1590 3014 1637 3043 rei.
1669 3015 1687 3043 i.
1710 3024 1733 3043 e.
1756 3015 1881 3044 Statuere
1891 3022 1940 3051 pro
1953 3013 2075 3043 arbitrio,
2103 3011 2156 3041 Liv.
2169 3021 2192 3045 ς.
2209 3009 2311 3040 Decad.
2325 3010 2371 3053 lib.
2391 3021 2420 3046 4.

1322 3052 1450 3082 Rhodios
1459 3053 1559 3081 nun-tio
1572 3053 1605 3081 >in
1614 3051 1680 3081 orbe
1691 3058 1823 3081 terrarum
1840 3052 1950 3082 arbitria
1957 3051 2166 3088 bellipacisquc
2183 3058 2269 3085 agere.
2293 3047 2382 3077 Tacit.
2391 3059 2419 3084 4.

1322 3090 1391 3120 Hist.
1407 3100 1451 3119 21.
1473 3089 1592 3119 Proinde
1601 3090 1715 3127 perfuga
1723 3090 1838 3120 Batavus
1857 3089 1999 3119 arbitrium
2009 3098 2099 3118 rerum
2115 3088 2299 3116 Romanarum
2317 3095 2353 3114 ne
2361 3095 2424 3123 age-

1320 3138 1365 3157 ret
1374 3150 1381 3163 ,
1405 3127 1452 3157 sed
1459 3128 1570 3157 meritas
1579 3127 1688 3157 sceleris
1699 3138 1797 3165 poenas
1809 3130 1976 3166 expectaret.

1305 3166 1405 3195 Astute.
1427 3165 1486 3194 Cic.
1510 3176 1550 3194 11.
1574 3165 1648 3195 Fam.
1671 3171 1714 3199 28.
2078 3199 2082 3203 ⁶
2107 3199 2112 3204 Ι
2141 3199 2145 3203 ¹

1304 3205 1390 3241 Agere
1401 3213 1480 3232 avem
1491 3225 1499 3238 ,
1520 3213 1571 3242 pro
1586 3203 1712 3240 Persequi
1725 3225 1733 3238 ,
1755 3202 1904 3233 Venuleius
1912 3198 2128 3239 eleganter-dixit
2139 3197 2192 3227 inl.
2208 3197 2258 3227 ult.
2285 3196 2320 3226 D.
2335 3196 2424 3234 Quod

1324 3243 1351 3270 vi
1369 3248 1416 3271 aut
1432 3241 1512 3270 clam.

1304 3280 1432 3316 Auguriis
1452 3279 1547 3308 divum
1559 3279 1674 3316 agimur.
1696 3278 1768 3315 Virg.
1784 3287 1807 3313 3.
1831 3276 1890 3307 ΖΕΗ.
1907 3287 1930 3312 ς.

1303 3316 1380 3347 Bella
1390 3316 1564 3354 nonagenda
1574 3326 1669 3354 puero.
1693 3316 1776 3345 Ovid.
1795 3325 1817 3344 1.
1842 3315 1882 3343 De
1891 3316 1951 3343 Arte
1963 3313 2018 3341 Am.
2037 3316 2096 3345 182·
2248 3348 2254 3354 .
2272 3348 2277 3354 .

1304 3355 1389 3390 Bene,
1410 3354 1538 3384 Praeclare
1552 3364 1663 3383 mecum
1675 3354 1763 3389 agitur
1776 3375 1783 3387 ,
1804 3353 1879 3381 idem
1889 3351 1926 3380 est
1945 3349 2019 3386 quod
2034 3349 2064 3378 ln
2083 3348 2157 3390 bona
2165 3348 2335 3378 'conditione
2351 3348 2425 3378 '‘sum.

1325 3393 1383 3422 Cic.
1394 3393 1426 3421 in
1435 3392 1519 3421 Laelio
1534 3402 1574 3421 11.
1611 3391 1681 3420 Cum
1693 3391 1741 3419 illo
1752 3400 1816 3419 vero
1825 3390 1883 3426 quis
1894 3394 1975 3424 neget
1988 3388 2080 3415 achim
2090 3386 2143 3415 esle
2152 3385 2306 3424 -praeclaret’
2345 3386 2424 3415 Non-

1321 3440 1469 3468 nunquam
1480 3430 1577 3459 aestive.
1599 3428 1686 3458 Valer.
1704 3428 1779 3458 Max.
1792 3427 1867 3461 lib.5.
1890 3425 1962 3454 Bene
1970 3423 2085 3461 egissent
2094 3424 2270 3452 Athenienses
2280 3432 2344 3452 cum
2357 3424 2424 3453 Mil-

1323 3468 1434 3503 tiade,1i
1452 3477 1517 3496 eum
1527 3467 1588 3505 post
1598 3472 1719 3495 trecenta
1727 3465 1812 3494 millia
1821 3462 1957 3493 Persarum
1969 3463 1996 3490 in
2009 3461 2174 3490 Marathone
2184 3462 2301 3503 devicta,
2318 3462 2348 3489 in
2366 3463 2424 3490 exi-

1322 3506 1393 3536 lium
1403 3505 1532 3536 motinus
1542 3504 1680 3538 misissent,
1701 3513 1732 3532 ac
1743 3503 1837 3531 nonin
1850 3508 1958 3529 carcere
1972 3501 1997 3528 Sc
2014 3498 2132 3528 vinculis
2140 3509 2209 3528 mori
2222 3500 2380 3540 coegillent.

1304 3538 1449 3574 Blanditiis
1459 3543 1547 3579 agitur
1558 3542 1636 3570 nihil.
1660 3540 1742 3570 Ovid.
1755 3543 1779 3568 6.
1797 3539 1865 3568 mer.
1884 3542 1947 3572 ⁶85-
1967 3538 1984 3565 i.
2007 3546 2030 3565 e.
2053 3537 2421 3574 nihilimpetratur,proiici-

1323 3589 1376 3610 tur.
1417 3581 1463 3610 Sic
1475 3580 1605 3614 Multum,
1625 3588 1681 3607 non
1697 3577 1823 3609 multum,
1844 3575 1914 3603 nihil
1927 3583 2014 3611 agere.
2037 3584 2062 3611 q.
2086 3574 2117 3616 V.

1303 3620 1390 3657 Agere
1399 3618 1550 3651 canticum,
1571 3615 1790 3646 dieitur-tibicen,
1816 3613 1872 3642 Liv.
1891 3622 1916 3649 7.
1960 3612 2045 3640 Venia
2055 3619 2140 3649 petita
2151 3620 2269 3647 puerum
2279 3611 2313 3640 ad
2322 3621 2423 3654 caneri-

1321 3658 1392 3687 dum
1402 3663 1466 3685 ante
1475 3655 1619 3684 tibicinem
1631 3662 1715 3690 quum
1726 3649 1863 3684 statuisset,
1881 3650 2019 3679 canticum
2039 3649 2120 3687 egisse
2130 3649 2270 3685 aliquanto
2286 3658 2372 3686 magis
2383 3659 2423 3678 Vl-

1328 3703 1410 3732 gente
1419 3700 1506 3726 motu,
1528 3693 1590 3728 quia
1601 3689 1672 3719 nil-iil
1686 3689 1760 3718 vocis
1772 3689 1833 3717 usus
1843 3687 2023 3725 impediebat.

1302 3733 1436 3770 Captivos
1444 3730 1492 3759 sub
1505 3728 1636 3758 curribus.
1669 3725 1787 3755 Martial.
1800 3726 1848 3755 lib.
1862 3730 1887 3759 8.
1903 3730 1946 3754 26.
1959 3735 2009 3763 pro
2019 3724 2051 3754 [n
2058 3722 2201 3761 triumpho
2213 3723 2323 3753 ducere.
2362 3722 2423 3752 Fre-

1323 3770 1452 3808 quentius
1471 3768 1538 3795 Ante
1551 3774 1660 3794 currum
1673 3772 1761 3801 agere.

1305 3808 1482 3844 Carpentum.
1524 3803 1554 3831 V.
1578 3803 1703 3831 Currum.
1954 3837 1959 3842 θ

1305 3844 1436 3875 Causam,
1457 3839 1609 3869 velcausas.
1651 3839 1680 3867 V.
1702 3846 1835 3868 ACTOR.
1858 3837 1926 3867 Pim.
1941 3836 1988 3866 lib.
2002 3845 2043 3869 17.
2061 3845 2120 3874 cap.
2132 3847 2158 3872 4.

1322 3881 1399 3919 apud
1412 3877 1543 3907 Censores
1561 3882 1662 3914 ageret.
2043 3911 2047 3915 .

1302 3918 1452 3948 Censurain
1461 3916 1532 3944 inter
1545 3914 1653 3951 aliquos
1665 3935 1672 3947 ,
1715 3923 1743 3942 ro
1752 3913 1895 3942 Exercere.
1921 3912 1984 3941 Seri.
1997 3910 2080 3949 Epist.
2094 3912 2137 3946 67.

1305 3953 1530 3991 Censuraagitur.
1553 3951 1636 3982 Ovid.
1655 3954 1680 3981 6.
1718 3951 1768 3980 ast.
1781 3956 1842 3989 647.
2337 3984 2343 3990 ο

1859 3987 1894 4024 Q
1907 3995 1918 4024 3
2312 3984 2424 4014 Circum

2207 3836 2303 3877 Quum
2317 3835 2424 3866 causam
