2604 4222
173 147 241 183 552
611 134 640 168 C
736 132 770 166 O
866 127 899 162 D

170 219 191 248 C
201 228 246 246 oo
260 226 305 245 AN
315 226 355 246 us
368 237 375 251 ,
396 216 415 245 i.
436 225 473 245 m.
500 209 666 251 [κέλινῶυ]
686 212 774 248 Super
794 209 884 239 Albim
898 206 1013 237 fluvium
1035 204 1133 247 ingens
1151 202 1239 235 finus,
1260 209 1316 228 ma-

210 256 269 292 gnis
279 276 286 289 ,
303 253 445 292 parvisque
457 253 550 282 insulis
561 251 712 280 refertusin
724 247 872 278 Germania
884 255 897 288 ι·
913 246 1013 287 dequo
1029 241 1096 270 Plin.
1106 240 1154 283 lib.
1168 251 1195 275 4.
1208 247 1317 282 capu.

174 293 196 322 C
205 303 222 321 o
234 303 250 321 u
259 295 274 320 ἓ
283 302 302 320 T
312 302 332 320 A
341 313 349 326 ‚
369 301 399 320 ae.
421 291 439 320 f.
462 293 572 319 auctore
584 288 660 317 Festo
671 310 679 320 ,
700 288 767 321 Ager
778 291 851 313 trans
864 282 986 311 Tiberim
999 301 1008 315 ,
1030 278 1105 315 quod
1117 288 1144 321 ‚¹¹¹
1155 278 1208 306 hoc
1220 275 1318 322 uirgul-

211 336 239 359 ta
248 329 422 358 nascerentur
433 328 540 364 equinis
555 326 650 355 caudis
664 323 768 353 similia.
805 321 878 363 Sue—t.
894 318 958 348 Caes.
970 326 1013 353 39.
1036 316 1067 360 ln
1085 324 1192 344 minore
1212 314 1319 358 Codeta

211 367 317 396 desoslo
334 367 404 395 lacu.
446 366 485 395 Ex
503 366 557 393 hoc
570 369 661 392 autem
684 361 745 389 loco
760 366 926 392 conjicimus
949 357 975 385 Sc
990 363 1122 390 majorem
1137 355 1162 382 ὅ(
1180 360 1319 381 minorem

212 405 345 434 Codetam
360 402 446 432 fuisse.
487 402 518 430 V.
540 399 661 430 Turneb.
675 395 781 427 Advers.
795 405 838 430 ²4·
857 405 898 429 ¹4·
1180 427 1186 433 ⁶

175 443 197 471 C
207 452 249 470 ou
261 452 274 470 i3
284 451 302 470 x
314 463 321 476 ‚
342 441 402 469 icis.
424 450 459 468 m.
480 436 628 474 [κέςμῶε]
648 436 667 464 i.
677 446 701 464 e.
724 433 836 463 Caudex
851 442 886 460 ex
896 440 951 468 quo
967 435 1062 472 cortex
1081 427 1243 471 extrahitur.
1283 425 1317 454 V.

210 489 254 508 cA
265 489 283 508 u
294 489 311 506 o
322 488 372 506 izx.
411 475 545 505 Columel.
558 475 604 502 lib.
616 484 641 508 4.
653 482 714 509 cap.
727 477 753 505 8.
781 471 843 499 Nec
859 476 915 498 tani
932 467 1057 497 celeriter
1071 465 1199 496 radi-culae
1214 469 1320 494 invete-

210 524 268 546 rato
279 517 334 551 jam
348 514 445 544 codice
460 512 632 542 enascuntur.
654 509 737 539 Ovid.
753 517 794 537 12.
806 508 875 551 Met.
887 515 951 541 433.
1125 521 1141 535 θ

299 553 403 581 Codice
414 551 458 587 qui
471 549 548 578 misso
558 571 564 583 ,
586 557 669 584 quem
678 547 797 582 vixjuga
811 545 876 573 bina
889 548 1036 586 moverent

297 589 396 624 Jund'ta
407 610 415 623 ⁷
435 586 642 617 Phonoleniden
658 595 672 613 a
687 584 794 613 summo
808 583 910 611 vertice
927 583 1014 617 tregit.

207 628 304 658 Codex
316 625 438 655 robustus
450 646 457 659 ,
478 634 527 661 pro
542 623 677 660 Supplicii
688 630 788 658 genere
799 621 873 658 apud
888 619 972 661 Plaut.
986 618 1062 661 Pren.
1074 625 1097 652 ς.
1110 624 1135 652 3.
1152 624 1197 659 μ.

206 665 340 695 Codicem
354 673 368 691 a
386 662 496 691 Robore
509 660 643 689 diversum
655 660 708 688 esse
720 658 818 688 censeo
829 679 837 692 ,
858 667 943 694 quum
953 658 986 699 sit
1002 655 1119 698 Ligneus
1131 654 1318 697 stipem-quen}

223 702 325 735 alligati
338 700 405 728 servi
421 700 468 736 qui
480 699 652 734 deliquerant
667 697 828 730 trahebant,
849 696 950 732 cuique
971 692 1127 722 insidebant
1144 692 1229 721 vrnc‘ii
1241 712 1249 726 ,
1270 700 1318 727 qui

223 735 307 769 hodie
318 738 391 775 apud
404 747 454 766 nos
466 736 586 773 appendi
598 735 666 764 solet
676 735 766 764 simiis.
788 734 908 771 Propert.
922 745 948 766 4·
962 741 987 768 7.
1000 743 1045 766 44.

294 775 403 804 Codicis
414 772 668 803 immundivincula
677 772 758 801 sentit
767 781 844 800 anus.
926 769 1027 804 Juven.
1040 778 1067 798 2.
1081 767 1136 810 Sat.
1147 776 1195 810 ,ς’-7,

293 812 409 842 Horrida
422 812 502 849 quale
513 811 580 840 facit
593 811 712 840 residens
727 810 755 838 in
772 809 870 838 codice
881 807 983 845 pellex.
1077 805 1221 848 Significat
1233 813 1248 832 a
1261 811 1316 845 ma-

219 850 378 880 trefamilias
391 849 492 878 servam
504 848 634 886 pellicem
645 848 716 876 male
728 847 854 880 tractari,
876 848 902 875 &
914 846 942 874 in
959 843 1078 873 vinculis
1092 842 1214 886 habitam
1230 841 1319 869 laniti-

217 889 262 917 cio
278 895 412 926 perpetuo
427 886 542 923 fatigari.
584 886 750 922 Quanquam
768 894 825 913 non
840 883 915 913 deest
928 883 973 920 qui
986 905 993 916 ,
1015 881 1045 911 ln
1060 882 1159 910 codice
1178 879 1296 908 residens
1306 899 1314 911 ,

216 927 287 955 inter
310 932 411 954 retetur
425 931 454 953 ut
465 925 563 953 Cicero
579 924 648 953 dicit
665 923 889 952 Lacedaemonios
904 922 932 950 ln
948 920 1048 949 robore
1060 918 1224 961 accumbere
1234 939 1242 950 ,
1263 925 1315 953 pro

214 963 245 993 In
259 936 365 992 robusta
375 972 510 999 quernave
524 961 597 990 sede.
639 961 700 989 Vidi
713 961 758 997 qui
770 960 903 989 Codicem
926 959 954 986 in
973 958 1086 1001 privatis
1099 957 1204 985 :edibus
1222 954 1315 996 adv-er-

214 1001 256 1030 sus
269 1000 409 1038 improbos
426 1001 452 1030 δι
466 1009 584 1036 nequam
593 999 683 1028 servos
697 999 725 1027 id
736 998 789 1027 esse
800 999 925 1038 diceret„
946 996 1021 1032 quod
1039 1005 1067 1023 in
1079 1003 1188 1023 carcere
1198 991 1313 1029 publico

214 1039 325 1068 Robur:
347 1047 412 1074 quas
423 1047 520 1066 omnes
529 1036 678 1066 sententias
687 1037 772 1066 etiam
782 1035 858 1065 volui
869 1035 984 1068 reserre,
1008 1039 1038 1062 ut
1054 1034 1125 1061 inter
1136 1041 1181 1060 eas
1198 1032 1315 1059 lectores

216 1076 349 1111 iudicent.
381 1075 419 1104 Ex
432 1074 572 1104 Turnebo.
1059 1107 1065 1113 ἢ
1185 1106 1190 1111 ,
1260 1106 1266 1111 ι

193 1113 291 1143 Codex
302 1136 310 1148 ,
332 1113 478 1148 [alance]
498 1113 582 1141 etiam
592 1112 693 1140 dicitur
707 1110 796 1140 Liber.
838 1109 950 1144 Antiqui
969 1108 1087 1137 enimin
1106 1106 1208 1150 tabulis
1217 1104 1314 1148 scribe-

213 1152 298 1186 bant3
321 1152 347 1180 S<
358 1151 479 1180 Plurium
489 1149 645 1179 tabularum
656 1155 803 1178 contextus
814 1169 822 1181 ‚
839 1146 935 1176 Codex
948 1146 1094 1189 dicebatur
1103 1152 1232 1180 antiquis.
1252 1142 1310 1186 Cic.

213 1198 238 1226 3.
261 1189 334 1217 Verr.
352 1199 411 1224 1¹9·
435 1189 528 1224 ltaque
546 1188 575 1216 L.
589 1187 646 1216 Piso
662 1186 764 1215 multos
783 1183 1137 1221 codicesimplewtearum
1148 1190 1237 1224 rerum
1254 1202 1262 1214 ‚
1283 1189 1312 1208 in

210 1227 310 1264 quibus
321 1225 516 1255 itainterceslit
530 1247 538 1261 ,
559 1225 635 1260 quod
648 1224 694 1252 iste
705 1224 783 1252 aliter
799 1229 881 1259 atque
894 1230 924 1250 ut
936 1222 1061 1250 edixerat
1071 1242 1079 1255 ,
1102 1218 1272 1249 decrevisset.

192 1264 262 1294 Cera
272 1271 394 1293 extrema
405 1264 521 1292 codicis.
561 1263 619 1291 Cic.
632 1271 656 1296 3.
669 1261 741 1290 Verr.
756 1270 799 1296 92.
822 1259 931 1289 Deinde
952 1259 980 1288 in
999 1258 1105 1288 codicis
1118 1266 1239 1286 extrema
1248 1265 1311 1285 cera

212 1312 315 1331 nomen
332 1302 459 1330 infimum
470 1301 498 1329 in
508 1300 641 1337 flagitiosa
652 1299 731 1328 litura
742 1299 816 1327 fecit.
858 1298 889 1327 In
906 1304 1028 1326 extrema
1040 1305 1102 1325 cera
1117 1296 1172 1331 est,
1192 1293 1311 1333 perinde

211 1349 243 1369 ac
254 1339 284 1369 In
295 1339 392 1368 ultima
403 1338 496 1368 tabula
508 1360 516 1373 ,
538 1338 635 1367 ultima
650 1343 727 1375 parte
737 1335 846 1366 tabulae.
885 1333 1018 1365 Asconius
1026 1334 1063 1363 ad
1071 1332 1127 1363 loc.

191 1376 284 1407 Litura
295 1377 409 1406 codicis.
431 1376 488 1405 Cic.
505 1385 528 1412 ς.
547 1376 620 1405 Verr.
636 1385 683 1411 41.

192 1415 366 1444 chartaceus.
407 1414 438 1444 In
459 1423 476 1443 c
487 1423 506 1442 i-i
518 1422 559 1442 AR
568 1423 588 1441 T
598 1423 629 1442 A.

189 1452 291 1483 Falsus.
313 1452 371 1481 Cic.
387 1461 412 1487 3.
432 1451 505 1480 Verr.
522 1459 582 1486 157.
877 1485 883 1491 .

188 1490 340 1521 Inter-litus.
379 1489 410 1518 V.
432 1488 540 1518 Habere
549 1487 771 1518 subsortitionem
781 1486 811 1516 in
820 1485 928 1516 codice.

189 1527 282 1558 Saevus
297 1527 397 1558 codex.
418 1526 518 1562 Juven.
535 1537 577 1556 10.
592 1527 647 1555 Sat.
659 1528 722 1560 236.

504 1581 541 1585 —-
554 1564 653 1593 codice
667 1563 737 1592 saevo

280 1602 412 1632 Haeredes
430 1607 505 1631 vetat
522 1601 576 1631 esse
597 1601 677 1630 suos:
699 1602 753 1630 διε.

207 1650 264 1678 quo
278 1647 355 1678 pater
369 1640 470 1669 liberos
479 1639 540 1668 suos
548 1639 661 1668 omittit.
1121 1673 1125 1679 .

187 1677 300 1709 Habere
322 1678 437 1707 nomina
455 1677 556 1716 digesta
574 1678 602 1706 in
625 1676 753 1706 codICem
771 1674 881 1712 accepti
900 1675 927 1704 &
948 1673 1071 1711 expensi.
1095 1672 1153 1702 Cic.
1169 1672 1307 1710 proRosc.

208 1716 286 1746 Com.
319 1739 325 1745 .

187 1726 417 1821 HCabere9nomen
441 1753 557 1784 relatum
579 1752 609 1781 111
628 1751 757 1781 codicem
776 1749 886 1787 accepti
902 1750 928 1779 Sc
948 1748 1070 1786 expensi.
1092 1748 1149 1778 Cic.
1160 1758 1210 1786 pro
1226 1748 1307 1778 Rosc.

230 1801 285 1820 om.
302 1802 325 1827 ς.

186 1829 296 1860 Habere
307 1828 529 1858 subsortitionem
540 1829 569 1858 in
581 1828 689 1857 codice.
729 1826 787 1855 Cic.
802 1834 854 1863 pro
865 1824 1039 1868 Cluentsji..
1054 1824 1141 1861 Quod
1160 1823 1191 1867 C.
1207 1823 1307 1867 Verres

205 1867 305 1897 Praetor
319 1867 445 1897 Urbanus
457 1889 465 1902 ,
486 1867 571 1896 homo
583 1865 689 1896 sanetus
702 1865 728 1894 &
744 1864 864 1900 diligens
875 1884 882 1897 ‚
904 1862 1130 1892 subsortitionem
1143 1871 1204 1899 ejus
1222 1871 1252 1892 in
1270 1871 1305 1891 eo

205 1905 303 1934 codice
318 1915 374 1934 non
388 1905 501 1935 haberet
514 1927 522 1939 ,
543 1905 660 1941 quitum
672 1901 810 1932 interlitus
822 1900 1025 1937 proferebatur.

184 1941 327 1972 Instituere
339 1943 474 1972 codicem.
498 1942 557 1972 Cic.
569 1951 619 1980 pro
629 1940 708 1971 Rosc.
723 1939 804 1970 Com.
813 1943 841 1969 6.

185 1979 296 2017 Legere.
319 1980 376 2010 Cic.
394 1981 422 2009 in
432 1979 521 2009 Vatin.
534 1990 558 2016 ς.

187 2017 345 2055 Obsignare.
366 2018 425 2048 Cic.
439 2027 463 2055 3-
479 2018 552 2047 Verr.
565 2026 627 2052 149.

187 2054 316 2086 Proferre.
339 2056 399 2085 Cic.
415 2065 438 2092 3.
452 2055 526 2085 Verr.
545 2065 607 2092 157.

186 2093 321 2123 Recitare.
343 2094 401 2123 Cic.
416 2095 444 2123 in
454 2093 542 2123 Vatin.
556 2103 580 2129 ς.

185 2131 313 2162 Recitare
322 2131 399 2160 suum
409 2132 535 2161 codicem
545 2131 619 2160 testis
628 2129 692 2160 loco
702 2129 864 2168 arrogantiae
879 2128 925 2158 est.
946 2126 1006 2158 Cic.
1022 2137 1073 2166 pro
1083 2126 1163 2157 Rosc.
1181 2127 1262 2157 Com.
1276 2136 1302 2163 ς.

187 2169 404 2206 Recognoscere.
427 2169 485 2199 Cic.
499 2171 526 2197 in
544 2169 633 2199 Vatin.
645 2179 668 2203 ς.

186 2207 299 2237 Referre
309 2208 338 2236 in
347 2207 483 2236 codicem.
506 2207 564 2236 Cic.
577 2216 626 2244 pro
636 2205 760 2242 Sull.44.
789 2227 793 2231 .

186 2245 298 2275 Referre
310 2245 406 2274 falsum
417 2245 446 2273 in
457 2245 592 2275 codicem.
616 2244 673 2273 Cic.
683 2253 734 2281 pro
747 2241 826 2272 Rosc.
839 2241 920 2271 Corn.
936 2250 961 2271 1.

184 2282 296 2313 Referre
308 2283 422 2312 nomina
431 2283 459 2312 in
474 2283 596 2312 codices.
618 2282 674 2311 Cic.
689 2291 740 2319 pro
751 2279 831 2310 Rosc.
842 2279 923 2309 Com.
934 2290 963 2315 4.

184 2320 318 2350 Scribere.
337 2320 395 2350 Cic.
405 2330 455 2358 pro
466 2320 542 2350 Rosc.
554 2320 632 2349 Corn.
647 2323 673 2349 6.

185 2359 293 2396 Corpus
312 2359 396 2387 etiam
413 2359 642 2388 constitutionum
661 2356 853 2395 Imperialiuni
868 2377 876 2390 ‚
896 2354 996 2384 Codex
1012 2352 1183 2396 appellatum
1200 2353 1247 2382 est.
1262 2359 1300 2397 ‘ut

203 2396 300 2425 Codex
316 2396 542 2430 Theodosianus,
563 2395 634 2432 jussu
645 2395 795 2425 Theodosii
816 2394 934 2423 Minoris
954 2402 969 2421 e
988 2391 1113 2434 Constitt.
1126 2391 1300 2434 Constantini

200 2433 242 2463 Μ.
255 2436 281 2463 81
293 2434 335 2471 seq
358 2457 363 2462 .
381 2434 470 2472 impp.
485 2434 638 2463 collectus:
660 2433 757 2462 Codex
766 2431 966 2468 justinianeus,
977 2430 1061 2466 ipsius
1073 2429 1218 2463 ,iustiniani
1234 2439 1301 2458 con-

203 2471 266 2501 stitt.
277 2471 321 2501 vel
330 2482 344 2500 a
375 2471 433 2509 ipso
444 2471 580 2509 probatas,
594 2471 785 2508 complectens
797 2480 804 2505 ς
828 2469 874 2506 qui
890 2468 1004 2511 Codicis
1015 2468 1130 2496 nomine
1141 2466 1229 2510 'v‘ulgo
1236 2467 1302 2496 alle-

201 2510 258 2547 gari
267 2509 418 2539 consuevit.
458 2509 549 2538 Notus
560 2511 585 2538 δι
598 2509 695 2538 Codex
712 2508 761 2537 LL.
772 2508 947 2544 antiquarum
960 2505 1167 2542 Lindenbrogii.

145 2547 218 2578 Con
230 2557 293 2576 icu
304 2556 346 2576 111
357 2555 369 2576 s
381 2569 390 2582 ‚
409 2547 427 2576 i.
448 2555 486 2576 m.
509 2544 673 2583 [βιῖλίδὶον]
694 2546 794 2575 dimin.
815 2555 831 2574 a
851 2544 969 2580 Codex,
990 2543 1059 2572 dum
1073 2553 1125 2580 pro
1153 2542 1235 2572 Libro
1250 2551 1300 2580 po-

182 2585 257 2614 nitur
271 2606 279 2621 ,
301 2584 402 2614 Parvus
411 2584 511 2614 codex.
541 2584 636 2622 Calep.
1066 2618 1071 2623 ·
1215 2618 1220 2623 ι

146 2623 193 2653 Co
204 2633 222 2651 n
232 2634 240 2650 i
250 2632 268 2651 c
278 2633 286 2650 1
296 2632 400 2658 Ltus,
420 2623 439 2652 i.
460 2632 497 2651 m.
529 2621 706 2658 [βιζλάμον]
735 2620 835 2649 dimin.
867 2619 982 2649 Parvum
1007 2618 1137 2647 codicem
1155 2617 1295 2654 significat.

180 2659 312 2690 Codicilli
322 2670 387 2689 vero
400 2669 516 2690 numero
527 2659 626 2698 plurali
636 2658 747 2696 proprie
757 2657 890 2695 Epistolas
901 2656 1061 2693 significant.
1076 2657 1134 2684 Cic.
1149 2665 1174 2684 2.
1188 2655 1224 2692 Q.
1234 2656 1295 2684 frat.

182 2709 225 2727 10.
249 2697 395 2735 Epistolam
406 2698 478 2727 hanc
490 2698 617 2727 convicio
628 2697 813 2733 efflagitarunt
822 2695 945 2724 codicilli
957 2695 1007 2724 tui.
1030 2694 1107 2723 [dem
1119 2697 1145 2722 6.
1159 2692 1234 2722 Fam.
1251 2698 1294 2727 18.

179 2735 333 2765 Codicillos
343 2737 368 2765 &
382 2735 497 2765 Litteras
507 2735 587 2764 multi
601 2733 794 2764 indifferenter
812 2733 964 2769 accipiunt.
1006 2731 1063 2768 Ego
1083 2732 1143 2774 (ait
1154 2731 1181 2760 P.
1197 2731 1297 2774 Manu-

199 2774 273 2809 tius)
295 2773 373 2803 aliter
386 2773 483 2802 sentio.
523 2773 594 2802 Nam
602 2771 728 2802 codicilli
736 2770 844 2800 tabellae
861 2777 959 2800 ceratae
971 2776 1049 2798 erant
1062 2789 1069 2803 ‚
1090 2779 1119 2797 in
1135 2769 1235 2804 quibus
1248 2768 1297 2797 ali-

197 2811 264 2848 quid
274 2811 333 2840 stilo
345 2817 391 2840 aut
411 2811 531 2840 breviter
546 2817 593 2840 aut
607 2810 767 2839 festinanter
777 2808 911 2846 scriptum
929 2808 1025 2837 fuerat.
1063 2806 1158 2843 ltaque
1169 2816 1295 2835 commo-

198 2849 347 2878 dissinieiis
355 2856 462 2878 veteres
475 2848 625 2878 utebantur
642 2869 650 2882 ,
671 2856 758 2884 quum
768 2845 885 2875 scribere
897 2846 926 2875 in
936 2844 1076 2874 codicillis
1093 2843 1202 2881 possent
1211 2844 1255 2873 vel
1265 2844 1294 2873 iri

196 2897 278 2916 coena
290 2908 298 2921 ‚
319 2886 362 2916 vel
373 2887 402 2915 in
414 2886 506 2920 curia,
528 2885 572 2914 vel
583 2886 612 2914 in
622 2886 681 2920 via,
701 2883 745 2913 vel
755 2883 923 2920 ubicumque
935 2882 1072 2912 libuisset:
1093 2882 1188 2911 charta
1200 2888 1294 2911 autem

197 2934 252 2953 non
262 2925 327 2954 item
343 2946 351 2960 ,
373 2925 401 2953 in
415 2934 468 2961 qua
477 2923 594 2953 scribere
605 2923 661 2952 sine
671 2928 823 2951 atramento
838 2923 863 2950 δι
873 2921 980 2950 calamo
992 2930 1049 2949 non
1060 2925 1197 2957 poterant.
1238 2919 1294 2948 Ne-

197 2972 250 2999 que
262 2971 383 2998 unquam
395 2962 423 2990 in
436 2960 575 2991 codicillis
585 2961 734 2998 quicquam
744 2958 796 2988 esse
807 2958 938 2996 scriptum
954 2959 1107 2992 reperietur
1118 2979 1126 2992 ,
1143 2957 1192 2986 nisi
1206 2967 1292 2994 quum

195 3006 242 3028 aut
252 3000 371 3029 breviter
382 3006 428 3029 aut
447 2999 547 3036 raptim
561 2998 738 3028 scribendum
754 2996 829 3026 esset.
869 2997 962 3032 Quare
985 2996 1093 3025 Litterae
1104 3003 1182 3024 erant
1192 3017 1200 3029 ‚
1222 2995 1292 3031 Quae

195 3038 224 3066 in
238 3038 330 3066 charta
341 3037 446 3074 scriptae
457 3037 583 3066 fuerant:
605 3034 736 3065 Codicilli
746 3056 755 3070 ,
775 3033 891 3064 Tabula:
903 3040 1010 3070 ceram,
1031 3034 1060 3062 in
1073 3033 1173 3071 quibus
1187 3032 1293 3070 aliquid

195 3075 334 3104 brevitatis
346 3074 388 3104 vel
401 3074 584 3104 festinationis
599 3073 677 3103 causa
684 3071 857 3102 exarabatur.

177 3112 207 3142 ln
217 3112 352 3142 codicillis
366 3122 477 3142 exarare
491 3111 662 3150 exemplum.
685 3110 744 3140 Cic.
757 3120 783 3145 9.
794 3109 869 3139 Fam.
882 3112 928 3138 26.

177 3150 246 3179 Cum
257 3150 392 3179 codicillis
406 3150 515 3179 obviam
530 3150 625 3179 venire
635 3148 729 3178 alicui.
752 3148 810 3177 Cic.
822 3158 847 3180 4.
862 3146 935 3176 Fam.
953 3155 995 3176 12.

177 3188 295 3217 Perferre
305 3187 449 3217 codicillos
458 3189 493 3217 ad
504 3187 633 3224 aliquem.
655 3187 730 3216 Suet.
744 3186 773 3214 in
784 3184 871 3221 Calig.
881 3193 942 3222 cap.
957 3194 1000 3218 ςς.
1079 3221 1084 3226 ·

176 3224 315 3260 Codicilli,
326 3225 494 3263 Diploniata,
507 3225 535 3254 id
545 3225 583 3254 est
595 3223 725 3254 chartulae
734 3222 919 3260 complicatae,
932 3223 957 3250 Sc
969 3221 1027 3250 lino
1036 3220 1293 3263 traledtaembsigna-

196 3270 294 3299 taeque,
305 3263 403 3300 quibus
411 3263 540 3300 Princeps
549 3263 642 3292 officia
652 3261 744 3291 dabat.
757 3261 832 3303 Suet.
847 3261 874 3288 in
886 3259 986 3303 Claud..
996 3268 1105 3302 carmo-
1119 3260 1290 3302 Suppositos,

196 3308 242 3328 aut
252 3301 335 3329 etiam
347 3300 436 3336 palam
447 3301 608 3330 immutatos
616 3301 744 3329 datorum
754 3297 911 3327 officmrum
923 3296 1079 3326 codicillos.
1092 3296 1290 3332 Hermogenia-

196 3346 247 3366 nus
257 3338 284 3365 in
293 3337 621 3368 l.administrantes.D.de
634 3334 1152 3367 excusationib.tutor.Administrantes
1165 3343 1206 3362 res
1216 3335 1291 3371 prin-

194 3375 289 3411 cipum
299 3397 307 3409 ,
328 3385 362 3404 ex
374 3375 545 3412 indulgentia
555 3385 652 3405 eorum
664 3397 671 3410 ,
692 3374 758 3403 licet
769 3375 836 3403 citra
846 3371 1004 3407 codicillos,
1016 3381 1031 3401 a
1041 3370 1127 3401 tutela
1138 3372 1260 3409 itemque
1274 3378 1289 3400 a

194 3420 258 3440 cura
270 3419 394 3449 tempore
405 3413 649 3442 administrationis
656 3412 747 3441 delata
757 3411 929 3441 excusantur.

174 3447 241 3477 Fasti
256 3449 457 3479 codicillorum.
486 3451 544 3479 Cic.
557 3462 583 3482 4.
599 3454 650 3480 litt.
662 3456 688 3484 8.
710 3448 746 3478 Ut
754 3459 811 3478 non
823 3449 914 3477 minus
924 3447 1019 3484 longas
1032 3446 1089 3482 jam
1103 3446 1132 3474 iri
1144 3445 1289 3476 codicillo.

193 3495 251 3514 rum
260 3486 330 3515 fastis
337 3487 490 3517 futurorum
502 3487 646 3517 consulum
661 3486 803 3524 paginulas
815 3486 916 3515 habeat
927 3507 934 3518 ,
956 3494 1037 3522 quam
1046 3484 1192 3513 factorum.
1219 3519 1224 3525 ἡ

173 3521 288 3559 lnlignia
303 3524 494 3554 codicillorum
506 3525 610 3554 auferre
631 3547 639 3559 ,
659 3535 708 3562 pro
720 3525 839 3554 Munere
854 3523 969 3561 publico
979 3544 987 3557 ,
1008 3521 1115 3564 horrore
1127 3543 1135 3556 ,
1158 3523 1184 3550 δι
1197 3521 1287 3558 digni.

193 3560 370 3626 ‘at-ebp‘ivaffi
411 3562 753 3628 Copstantiusddulianus
765 3563 913 3599 imperator
923 3561 953 3589 in
964 3559 982 3589 l.
995 3559 1103 3596 judices
1114 3580 1123 3593 ,
1144 3559 1179 3588 de
1198 3560 1288 3597 digni-

191 3604 238 3625 tati
262 3607 291 3626 us
342 3608 349 3626 1
372 3608 434 3628 .12.
464 3600 480 3628 ’.

172 3620 319 3669 Codicilii',
341 3635 414 3670 this
424 3636 484 3665 sunt
500 3637 596 3666 Libelli
608 3659 615 3672 ,
636 3637 664 3666 in
683 3637 783 3673 quibus
793 3645 879 3674 quum
890 3635 950 3672 quis
963 3634 1115 3672 impeditur
1126 3633 1285 3663 necessitate

191 3671 281 3708 aliqua
292 3693 300 3706 ,
322 3681 357 3700 ne
370 3673 450 3702 faciat
463 3675 654 3704 testamentum
664 3697 671 3709 ,
692 3675 727 3703 de
740 3674 823 3704 rebus
834 3674 886 3703 suis
898 3672 1021 3711 disponit
1033 3673 1061 3701 in
1079 3671 1176 3700 ultima
1186 3671 1285 3700 volun-

189 3715 253 3737 tate.
276 3719 328 3745 quo
339 3717 580 3748 autemtempore‚
602 3714 627 3742 &
642 3722 694 3749 qua
711 3713 817 3740 ratione
838 3712 881 3747 jus
901 3720 998 3740 eorum
1024 3710 1214 3739 introductum
1235 3709 1282 3743 sit,

189 3746 343 3774 declaratur
354 3746 434 3775 titulo
446 3748 480 3776 de
492 3750 636 3778 Codicillis
646 3771 653 3784 ,
675 3750 703 3778 in
716 3748 934 3778 Institutionibus
946 3747 1088 3781 civilibus,
1113 3747 1180 3775 Ante
1195 3748 1283 3782 Augu.

189 3783 219 3812 sti
233 3789 357 3819 tempora
367 3805 374 3816 ³
392 3784 481 3820 inquit
492 3807 499 3819 ,
521 3788 625 3815 constat
633 3787 826 3816 codicillorum
835 3788 878 3822 jus
889 3786 916 3814 in
927 3785 975 3814 usu
984 3795 1042 3814 non
1053 3782 1130 3813 fuisse
1140 3794 1146 3813 :
1169 3783 1217 3813 sed
1228 3784 1283 3821 pri-

189 3830 251 3849 mus
264 3820 362 3849 Lucius
376 3820 521 3855 Lentulus,
543 3833 575 3851 ex
585 3825 661 3859 cujus
673 3824 788 3860 persona
798 3825 882 3853 etiam
892 3822 1102 3852 fideicommissa
1121 3821 1175 3851 effe
1189 3831 1283 3858 coepe-

188 3865 269 3890 runt.
291 3856 435 3886 codicillos
448 3859 617 3894 introduxit,
635 3864 686 3890 ἃς.

168 3893 271 3931 Legare
281 3894 427 3936 codicillis.
468 3896 616 3926 Marcellus
633 3899 661 3926 in
674 3897 692 3926 l.
711 3898 776 3928 divi.
798 3899 821 3934 ς.
844 3897 862 3926 si
884 3897 942 3935 post
962 3896 1168 3926 testamentum.
1190 3896 1226 3927 D.
1247 3896 1283 3925 de

186 3934 246 3967 jure
256 3932 462 3961 codiCillorum.

847 1599 866 1629 i.
879 1608 904 1629 e.
933 1597 1113 1628 Testamento
1135 1596 1308 1627 inofficioso:

1339 3519 1599 3555 COEI.1ACUS,L
1624 3532 1660 3551 m.
1679 3521 1850 3557 [animandi]

1850 115 1879 148 C
1978 118 2012 150 O
2104 117 2132 151 E

1372 197 1681 230 Courcrur.Aais,
1703 205 1727 225 e.
1748 196 1807 230 Adi.
1837 195 2031 232 [βιῖλαρικᾶε]
2062 206 2107 232 ut,
2131 198 2246 227 Potestas
2266 199 2432 229 codicillaris
2451 200 2527 231 Lam.

1410 235 1510 272 pridio.
1559 233 1633 262 Alex.
1647 234 1738 262 Sever.
1751 244 1811 271 cap.
1825 245 1869 269 ⁴9·
1892 235 1908 262 i.
1922 244 1946 263 e.
1970 235 2038 270 Quae
2050 235 2188 264 beneficio
2204 237 2336 274 principis
2352 240 2377 267 St
2395 238 2529 275 diploma-

1407 280 1436 301 te
1451 273 1525 308 regio
1537 271 1686 300 obtinetur.
1709 272 1751 300 vel
1769 282 1823 307 quo
1840 272 1986 301 mandatur
1998 283 2098 302 munus
2111 273 2264 310 publicum.
2288 275 2336 303 inl
2363 276 2481 311 judices,
2493 277 2527 306 de

1409 310 1589 347 dignitatibus
1602 331 1610 342 ,
1631 309 1678 337 lib.
1697 318 1738 337 12.
1750 309 1781 337 C.
1824 309 1853 337 V.
1876 310 1959 345 paulo
1975 316 2038 339 ante
2054 311 2083 339 in
2106 321 2122 338 c
2134 321 2150 339 o
2164 321 2356 341 DICILLUS.

1372 347 1394 376 C
1406 358 1422 376 o
1433 358 1450 376 o
1461 359 1469 375 1
1483 358 1501 375 A
1511 358 1531 375 M
1542 361 1549 375 i
1562 357 1580 375 N
1590 357 1606 374 ο
1618 357 1637 374 N
1649 368 1655 379 ,
1678 347 1695 375 i.
1718 357 1745 375 n.
1769 346 1837 375 Plin.
1852 347 1899 375 lib.
1915 357 1958 376 21.
1974 358 2032 385 cap.
2050 358 2059 376 1
2070 358 2091 376 1.
2115 348 2204 377 Herba
2216 349 2253 378 est
2266 349 2307 378 bis
2319 351 2465 386 quotannis
2477 351 2525 380 flo-

1409 395 1472 414 rens
1482 407 1489 419 ,
1510 395 1574 414 vere
1587 387 1611 414 δι
1621 392 1764 414 autumno.
1786 386 1889 413 ael'tates
1901 394 1982 422 atque
1993 386 2032 414 hir
2043 396 2099 415 mes
2110 386 2226 423 fugiens.
2245 387 2335 416 Ruell.
2353 387 2427 416 bulbi
2439 398 2524 424 genus

1409 423 1462 451 esi‘e
1473 423 1610 451 existimat
1622 443 1633 457 ,
1655 424 1734 456 cujus
1744 422 1794 450 flos
1807 422 1916 451 Codion
1928 423 2091 460 appellatur.
2115 423 2144 452 V.
2167 423 2255 461 ipsum
2268 424 2315 453 lib.
2331 434 2356 454 2.
2370 435 2430 462 cap.
2447 436 2506 455 ioo.

1372 460 1419 490 Co
1431 471 1446 488 o
1458 470 1520 489 i··.:A
1534 470 1548 488 r.
1560 470 1618 493 ire,
1641 460 1732 488 Naves
1745 459 1824 488 dicte
1835 459 1896 488 sunt
1907 482 1914 492 ,
1936 470 1996 497 quae
2019 463 2045 489 ἃ
2065 461 2252 496 matricuriae,
2274 462 2349 499 quod
2369 473 2384 492 e
2407 463 2528 492 caudici-

1410 498 1478 532 bus,
1501 498 1518 526 i.
1533 508 1557 526 e.
1582 498 1673 534 Lignis
1683 496 1855 526 crassioribus
1865 498 1941 527 fac‘tre
1954 499 2012 527 siut.
2047 498 2128 527 Varro
2140 499 2175 528 de
2188 499 2245 529 Vita
2259 500 2325 537 Pop.
2338 500 2418 529 Rom.
2442 501 2527 536 Quod

1407 536 1513 571 antiqui
1523 535 1614 572 plures
1625 535 1729 563 tabulas
1744 536 1905 569 conjunctas
1918 536 2031 564 codices
2048 536 2178 565 dicebant
2190 558 2197 570 .
2219 548 2234 567 a
2251 548 2306 574 quo
2318 539 2346 566 in
2368 538 2464 567 Tiberi
2481 548 2528 568 na-

1408 583 1457 602 ves
1466 574 1618 601 codicarias
1629 573 1811 609 appellamus.
1854 573 1959 602 Sallust.
1975 574 2041 602 Hist.
2054 573 2100 602 lib.
2113 584 2139 608 4.
2173 575 2205 603 Et
2219 585 2376 612 quanquam
2390 576 2424 604 ad
2435 576 2464 604 id
2480 585 2526 605 na.

1407 620 1455 640 ves
1465 611 1612 640 codicariie
1622 611 1733 639 occulte
1743 620 1790 648 per
1801 610 1924 640 hiemem
1936 611 2074 640 fabricatae
2090 612 2215 642 aderant.
2236 613 2363 643 Perottus
2371 622 2406 642 ex
2421 613 2524 644 Nonio.

1412 657 1454 683 ¹3-
1471 658 1512 677 12.
1555 648 1586 677 V.
1610 657 1778 677 υΑυῡακ.

1371 685 1393 715 C
1402 696 1418 714 0
1428 696 1445 714 u
1456 697 1463 714 1
1473 696 1489 714 c
1500 696 1517 714 u
1527 696 1543 713 L
1554 694 1573 713 A
1584 708 1592 720 ,
1613 697 1643 715 as.
1665 686 1683 714 f.
1704 695 1753 722 pro
1766 685 1917 715 Caudicula
1929 707 1937 720 ,
1959 685 2003 715 vel
2013 685 2147 716 Caudula.
2172 687 2246 724 Apic.
2259 696 2284 724 7.
2301 697 2325 718 1.

1370 724 1417 753 Cr]
1429 734 1445 751 u
1458 735 1464 751 i
1475 731 1522 752 oN
1533 745 1541 758 ‚
1563 724 1580 752 i.
1601 734 1628 753 n.
1653 722 1779 759 [mam]
1801 724 1895 752 Genus
1906 723 2020 752 luftucae
2035 746 2043 759 ,
2065 735 2080 753 a
2092 725 2161 753 corii
2177 725 2374 760 similitudine,
2396 726 2425 755 in
2443 727 2528 764 petris

1405 761 1520 790 nascens
1533 770 1539 788 z
1562 761 1775 790 comosissimum
1785 762 1857 790 inter
1866 771 1973 790 omnes.
1996 762 2094 791 Perott.
2126 762 2169 792 Est
2184 764 2210 792 &
2225 762 2335 793 Ruellio
2347 763 2457 793 Codion
2465 765 2525 795 bul.

1406 799 1450 833 hi,
1471 799 1631 828 silvestrium
1641 799 1790 828 bulborum
1802 799 1861 828 flos.
1884 800 1922 828 ait
1931 799 2066 829 enimlib.
2078 810 2104 829 2.
2117 810 2177 838 cap.
2194 811 2255 830 100.
2278 801 2447 831 Silvestrium
2467 801 2535 832 buli

1406 837 1504 865 borum
1516 837 1613 865 florem
1626 838 1735 865 coronis
1744 837 1880 866 inseruere
1894 845 1999 866 veteres
2014 860 2022 872 ,
2045 847 2211 867 anemouem
2221 848 2352 870 vocantes
2362 862 2370 875 ‚
2393 840 2454 877 post
2464 850 2524 870 nar-

1405 874 1521 909 ciffum,
1542 883 1573 903 ut
1587 875 1793 912 Theophrastus
1805 875 1896 911 inquit
1908 875 1975 904 Hist.
1992 874 2078 904 Plant.
2093 876 2142 905 lib.
2155 887 2182 911 4.
2205 884 2356 906 exeuntem
2374 887 2437 906 vere
2449 899 2457 912 ,
2479 877 2526 907 sed

1405 912 1487 942 aliam
1498 934 1505 946 ,
1525 922 1610 949 quarn
1621 922 1684 949 *quae
1696 913 1797 942 dicitur
1808 913 1836 941 in
1846 913 1949 950 phaenii
1968 914 2122 943 mentione.
2162 914 2251 944 Graeci
2265 915 2363 944 florem
2381 915 2457 945 hunc
2473 915 2526 945 Co-

1405 951 1473 978 dion
1485 950 1561 978 bulbi
1579 958 1688 979 vocant.

1367 988 1390 1017 C
1399 992 1416 1018 ὅ
1427 999 1443 1016 i)
1453 992 1469 1017 6
1480 998 1498 1016 N
1510 998 1523 1016 iz
1533 997 1545 1016 s
1558 1010 1566 1021 ,
1588 998 1645 1017 um.
1667 998 1703 1017 m.
1726 988 1764 1026 pl.
1785 981 1934 1024 [adiciam]
1956 987 2018 1018 sunt
2028 988 2231 1019 Tintinnabula
2241 1012 2249 1025 ,
2271 991 2297 1020 &
2312 999 2381 1027 quos
2391 990 2475 1027 vulgo
2485 994 2526 1018 So.

1404 1028 1482 1053 nai'i'os
1491 1035 1623 1055 vocamus
1633 1049 1640 1061 ,
1662 1036 1697 1055 ex
1707 1036 1841 1063 equorum
1852 1026 1972 1063 phaleris
1983 1028 2193 1065 propendentes
2203 1027 2377 1066 plerumque.
2409 1028 2428 1057 F
2431 1028 2524 1059 iebant

1403 1070 1496 1092 autem
1509 1070 1539 1092 ut
1551 1064 1700 1101 plurimum
1710 1073 1744 1092 ex
1753 1064 1912 1093 orichalco:
1935 1065 2010 1094 unde
2023 1065 2052 1093 in
2063 1065 2262 1102 epigrammate
2281 1066 2397 1103 legitur,
2419 1064 2525 1102 ὂξωχυὲλ-

1403 1112 1434 1127 κε
1447 1098 1515 1132 ⁸22).ae
1527 1102 1657 1136 κύμῖοιλα,
1679 1102 1734 1131 hoc
1745 1102 1783 1130 est
1794 1112 1828 1131 ex
1840 1101 1981 1131 orichalco
1996 1103 2102 1139 garrula
2110 1103 2245 1140 cymbala.
2267 1103 2396 1133 Codonas
2406 1113 2441 1133 ex
2451 1104 2524 1134 Grae-

1403 1140 1443 1168 cis
1455 1139 1583 1168 nonnulli
1595 1139 1683 1168 Tubae
1697 1149 1802 1177 partem
1813 1140 2028 1177 interpretantur
2044 1140 2171 1170 latiorem
2183 1163 2191 1177 ,
2212 1151 2273 1178 quae
2291 1141 2322 1170 sit
2341 1142 2448 1179 generis
2466 1151 2523 1171 11011
2568 1162 2571 1166 ,

1402 1177 1486 1206 unius
1498 1198 1505 1211 ‚
1527 1178 1640 1214 quando
1655 1177 1716 1206 sunt
1728 1178 1869 1215 Libysticae
1881 1177 1963 1211 tubae,
1985 1188 2097 1207 necnon
2110 1179 2246 1216 AEgyptiae
2256 1201 2264 1214 ,
2286 1187 2368 1216 atque
2379 1180 2446 1208 item
2456 1177 2524 1217 Tyr-

1402 1215 1524 1243 rhenicae
1537 1225 1543 1244 :
1566 1225 1632 1252 quas
1642 1216 1769 1244 omnium
1781 1217 1885 1253 primus
1896 1216 2064 1246 Arichondas
2080 1226 2164 1254 opem
2181 1217 2337 1247 Heraclidis
2349 1217 2440 1247 ferens
2450 1218 2522 1248 intu-

1404 1252 1437 1281 lit
1448 1253 1567 1282 Graeciae.
1590 1253 1630 1282 Ex
1642 1253 1707 1282 Cael.
1720 1253 1840 1291 Rhodig.
1853 1253 1901 1282 lib.
1916 1263 1956 1288 19.
1968 1263 2029 1292 cap.
2043 1264 2069 1289 9.

1365 1289 1411 1319 Co
1423 1301 1439 1319 u
1449 1300 1466 1319 o
1476 1300 1496 1319 N
1507 1300 1524 1319 o
1532 1301 1546 1319 P
1556 1300 1576 1319 H
1586 1293 1602 1320 ὅ
1613 1301 1640 1319 111
1652 1313 1659 1326 ,
1681 1295 1770 1321 orum.
1793 1301 1830 1321 m.
1853 1283 2059 1327 [νινρὶινοφόξοι]
2086 1293 2304 1330 interpretantur
2313 1315 2321 1329 ,
2337 1292 2525 1324 Tintinnabu-

1399 1328 1426 1357 la
1437 1329 1587 1365 gestantes:
1611 1339 1679 1365 quos
1694 1329 1931 1360 Anteambulones
1948 1336 2067 1366 amatos,
2087 1332 2114 1360 &
2131 1330 2239 1360 Ferales
2259 1341 2402 1369 praecones
2427 1331 2522 1361 Latine

1399 1365 1540 1404 appellare
1552 1366 1704 1404 possumus.
1744 1368 1815 1397 Sunt
1823 1374 1916 1396 autem
1932 1367 2071 1398 Funerum
2083 1369 2234 1398 indistores
2249 1390 2256 1403 ,
2278 1370 2304 1399 ἃ
2321 1369 2378 1406 Qui
2388 1368 2523 1400 funebres

1402 1414 1522 1442 pompas
1535 1414 1601 1434 cum
1613 1404 1808 1434 tintinnabulis
1818 1405 2018 1442 crepitantibus
2027 1407 2207 1436 antecedunt.
2236 1406 2364 1436 Budaeus.

1362 1441 1411 1471 Co
1420 1452 1437 1470 n
1448 1452 1463 1470 R
1476 1452 1514 1472 us
1525 1464 1532 1478 ‚
1554 1443 1572 1472 i.
1595 1453 1632 1471 m.
1655 1442 1796 1478 [κόδῂῶυ]
1818 1443 2024 1472 Atheniensium
2035 1454 2083 1474 rex
2095 1445 2211 1473 ultimus
2225 1444 2292 1480 fuit,
2315 1445 2362 1482 qui
2375 1451 2435 1475 orto
2446 1444 2520 1475 bello

1399 1480 1472 1509 inter
1486 1480 1608 1510 Laconas
1620 1482 1645 1510 &
1659 1480 1836 1510 Athenienses
1847 1503 1854 1516 ‚
1875 1491 1962 1517 quum
1979 1481 2163 1519 respondisset
2181 1482 2325 1512 oraculum
2335 1505 2344 1518 ‚
2365 1483 2428 1512 illos
2446 1483 2521 1521 posse

1397 1518 1510 1548 vincere
1522 1528 1638 1556 quorum
1649 1519 1707 1547 dux
1716 1518 1850 1555 periisset:
1873 1518 1968 1548 habitu
1980 1519 2078 1549 humili
2094 1520 2234 1558 profec'tus
2249 1521 2287 1550 est
2299 1521 2333 1550 ad
2352 1521 2472 1550 hostium
2481 1521 2521 1551 vi—

1398 1556 1461 1585 cina
1473 1557 1594 1586 tentoria
1603 1579 1611 1591 ‚
1633 1558 1660 1586 ὁὶ
1669 1556 1726 1585 illic
1737 1557 1827 1593 jurgio
1841 1566 1889 1585 eos
1900 1557 1928 1585 in
1938 1557 2013 1586 suam
2029 1558 2135 1587 caedem
2146 1558 2285 1594 instigavit
2295 1580 2303 1592 ,
2325 1560 2351 1588 Sc
2361 1569 2376 1588 a
2386 1558 2465 1588 nullo
2475 1568 2522 1588 co-

1399 1594 1492 1632 gnitus
1503 1595 1673 1624 fecitlocum
1685 1594 1808 1623 oraculo.
1831 1595 1897 1623 Haec
1908 1596 2018 1624 Servius
2032 1596 2175 1632 explicans
2186 1596 2258 1625 illud
2272 1596 2346 1635 Virg.
2361 1607 2384 1633 ς.
2401 1596 2459 1627 Ecl.
2475 1606 2516 1626 u.

1491 1633 1588 1670 Incipe
1601 1632 1699 1670 Mopse
1709 1633 1785 1669 prior
1794 1655 1801 1667 ‚
1823 1632 1841 1661 si
1852 1642 1922 1668 quos
1936 1641 1982 1662 aut
1998 1633 2130 1671 Phyllidis
2143 1634 2222 1671 ignes
2232 1655 2241 1670 ‚

1492 1672 1544 1700 Aut
1562 1671 1675 1700 Alconis
1692 1671 1776 1700 habes
1790 1670 1906 1705 laudes,
1929 1679 1976 1700 aut
2000 1672 2088 1709 jurgia
2110 1672 2202 1701 Codri.
2312 1671 2392 1701 Idem
2407 1672 2518 1702 testatur
2602 1691 2604 1709 Ι

1398 1709 1457 1738 Cic.
1469 1707 1516 1738 lib.
1534 1719 1557 1738 1.
1579 1708 1661 1738 Tusc.
1682 1712 1743 1738 116.
1775 1708 1806 1737 V.
1827 1709 1912 1738 etiam
1933 1708 2030 1738 Vellei.
2046 1720 2105 1739 1.2.
2132 1709 2229 1745 Justin.
2242 1718 2268 1739 2.
2281 1712 2307 1739 6.
2320 1720 2362 1745 19.
2385 1711 2411 1739 ἃ
2430 1709 2514 1740 Valet.

1396 1746 1473 1776 Max.
1487 1757 1511 1781 5.
1523 1750 1548 1775 6.
1563 1756 1585 1775 1.
1599 1754 1667 1776 extr.
1707 1745 1828 1783 Scaliger
1839 1754 1932 1776 autem
1943 1747 1971 1776 in
1983 1748 2124 1777 Avimadv.
2137 1747 2233 1777 Euseb.
2244 1757 2291 1776 no.
2308 1757 2371 1785 927.
2383 1748 2452 1777 dicit
2461 1748 2518 1777 Vir.

1396 1785 1493 1821 gilium
1503 1794 1560 1813 non
1571 1784 1715 1821 respexisse
1724 1785 1758 1813 ad
1769 1785 1894 1814 Codrum
1905 1786 2112 1815 Atheniensium
2120 1795 2215 1824 regem
2226 1806 2234 1822 ,
2255 1785 2302 1815 sed
2324 1787 2360 1816 ad
2379 1786 2516 1824 quendam
2575 1801 2578 1807 ·
2597 1798 2604 1819 i

1396 1823 1533 1859 pastorem
1547 1823 1670 1858 ejusdem
1677 1823 1808 1852 nominis.
2601 1827 2604 1830 '

1398 1861 1580 1889 Conservator
1589 1861 1709 1890 civitatis
1724 1861 1838 1890 Codrus.
1861 1860 1919 1889 Cic.
1933 1871 1956 1896 ς.
1969 1861 2004 1889 de
2014 1860 2073 1890 Fin.
2085 1864 2130 1890 62.
2577 1891 2579 1894 ⁴

1396 1898 1505 1927 Codrus
1515 1908 1566 1936 pro
1576 1899 1661 1935 patria
1671 1907 1728 1927 non
1739 1899 1855 1928 timidus
1865 1899 1948 1927 mori.
1970 1898 2038 1928 Hor.
2053 1908 2078 1935 3.
2091 1899 2180 1929 Carm.
2191 1910 2217 1935 9.
2231 1908 2258 1929 2.
2576 1924 2577 1929 ,
2595 1894 2604 1922 4

1396 1936 1505 1966 Codrus
1515 1958 1522 1970 ,
1543 1937 1596 1965 fuit
1605 1937 1688 1965 etiarn
1701 1936 1746 1965 Vir
1757 1937 1869 1973 quidam
1882 1937 2092 1974 pauperrimus:
2115 1938 2194 1973 cujus
2211 1943 2358 1976 paupertas
2367 1938 2514 1976 proverbio
2571 1956 2576 1964 ·
2593 1943 2604 1972 1

1412 1974 1506 2003 locum
1520 1975 1605 2009 fecit,
1627 1982 1657 2003 ut
1665 1975 1806 2008 dicamus.
1828 1975 1922 2004 Codro
1933 1976 2089 2013 pauperior.
2110 1974 2208 2011 Juven.
2222 1985 2247 2012 3.
2262 1977 2317 2005 Sat.
2333 1986 2376 2005 io.
2574 1984 2575 1991 ¹
2596 1974 2604 1999 Ι

1488 2012 1561 2041 Tota
1576 2013 1677 2041 domus
1697 2012 1782 2041 Codri
1802 2012 1888 2041 rheda
1908 2013 2088 2050 componitur
2099 2023 2162 2043 una.
2260 2013 2290 2041 V.
2312 2013 2412 2043 Erasm.
2452 2013 2515 2049 [Ita

1412 2050 1528 2086 quidem
1539 2050 1638 2080 Erasm.
1659 2050 1706 2079 sed
1718 2049 1793 2087 lapsu
1803 2051 1954 2085 memoriae,
1973 2051 2077 2089 scripsit
2087 2073 2094 2086 ‚
2116 2061 2168 2089 pro
2187 2051 2242 2081 Sed
2254 2051 2322 2081 dum
2332 2058 2389 2081 tota
2404 2051 2515 2082 domus.

1413 2087 1518 2117 Debuit
1528 2089 1621 2125 potius
1633 2098 1667 2117 ex
1678 2088 1777 2117 eadem
1788 2088 1885 2117 afferre
1897 2089 1999 2118 Satura.
2017 2099 2041 2117 v.
2053 2093 2118 2123 ²08·

1475 2125 1522 2155 Nil
1533 2126 1630 2155 habuit
1640 2126 1757 2155 Codrus.
1779 2127 1839 2163 quis
1849 2127 1925 2155 enim
1937 2128 2039 2164 neget?
2062 2126 2094 2155 Et
2105 2134 2199 2156 tamen
2209 2126 2278 2155 illud

1473 2164 1596 2193 Perdidit
1609 2163 1712 2193 infelix
1723 2170 1814 2192 totum
1825 2164 1903 2193 nihil.
1999 2165 2083 2194 Hunc
2093 2173 2186 2195 autem
2195 2164 2318 2194 Codrum
2328 2165 2443 2202 poetam
2450 2163 2512 2194 fuis-
2529 2175 2531 2183 ¹

1413 2201 1440 2231 se
1452 2202 1608 2239 perhibent.
1649 2202 1681 2232 V.
1703 2201 1773 2232 Voss.
1787 2203 1822 2231 de
1835 2203 1910 2232 Poet.
1924 2202 1980 2232 Lat.
1991 2212 2053 2241 cap.
2064 2213 2092 2239 4.
2566 2216 2571 2238 :i

1813 2266 1842 2300 C
1933 2267 1967 2300 O
2051 2267 2078 2301 E

1353 2312 1565 2347 CoeciNuM,
1585 2312 1631 2342 vel
1655 2313 1843 2343 CfficiNuM
1857 2336 1864 2348 ,
1886 2313 1904 2343 i.
1927 2324 1953 2343 n.
1977 2314 2124 2352 Oppidum
2148 2314 2177 2343 in
2196 2314 2255 2344 sinu
2273 2314 2417 2352 Scyllaceo
2433 2313 2513 2344 Pom·
2562 2314 2569 2339 -³

1392 2352 1481 2389 ponio
1501 2351 1644 2380 Melaelib.
1660 2362 1686 2381 2.
1704 2353 1732 2380 in
1753 2352 1938 2390 descriptione
1960 2352 2063 2384 ltaliie,
2084 2362 2144 2390 cap.
2160 2364 2185 2387 4.
2218 2353 2379 2386 Secundus,
2401 2353 2508 2390 inquit,
2566 2360 2567 2369 ¹

1389 2390 1550 2426 Scyllaceus
1563 2390 1634 2418 inter
1655 2390 1839 2418 >romontoria
1851 2389 1997 2420 Lacinium
2009 2392 2034 2420 ἃ
2046 2390 2227 2427 Zephyrium,
2250 2391 2279 2420 in
2291 2401 2345 2428 quo
2357 2391 2394 2420 est
2406 2390 2508 2425 Petilia,

1390 2427 1539 2456 Coecinum
1551 2449 1558 2460 ‚
1580 2401 1775 2465 Scyliaceum,
1798 2428 1905 2457 Mislrae.
1947 2429 2001 2457 Sed
2016 2428 2100 2457 lectio
2113 2429 2213 2457 merito
2231 2428 2354 2466 suspecta
2373 2429 2420 2458 est.
2457 2429 2508 2458 Alii

1393 2465 1527 2494 Carcinus
1537 2464 1640 2499 legunt.
1684 2466 1713 2494 V.
1736 2464 1835 2495 Cellar.
1848 2466 1946 2502 Geogr.
1964 2467 2023 2495 Ant.
2039 2475 2063 2494 2.
2077 2476 2100 2502 9.
2117 2477 2142 2500 4.
2558 2480 2565 2502 i

1353 2502 1376 2532 C
1385 2513 1411 2531 oe
1423 2514 1437 2530 L
1449 2512 1466 2531 A
1477 2525 1484 2537 ,
1507 2513 1537 2531 ae.
1559 2503 1577 2531 f.
1601 2502 1721 2538 [κοίλη]
1743 2504 1837 2533 Atticae
1851 2504 2012 2539 regiuncula
2021 2504 2059 2532 est
2070 2526 2078 2539 ‚
2101 2503 2236 2534 Miltiadis
2248 2505 2273 2533 ἃ
2283 2503 2458 2542 Thucydidis
2472 2503 2508 2533 se·
2558 2512 2561 2530 ἰ
2580 2499 2596 2546 ᾖ

1391 2540 1495 2577 pulcris
1505 2540 1667 2576 nobilitata,
1688 2542 1766 2577 cujus
1778 2542 1906 2570 meminit
1917 2541 2071 2571 Marcellin.
2086 2542 2313 2580 invita'shucyd.
2582 2542 2594 2583 ,i

1352 2577 1411 2607 Coe
1422 2589 1458 2606 en
1479 2588 1490 2607 s
1501 2588 1518 2606 ir
1531 2589 1546 2606 R
1558 2589 1567 2606 1
1578 2588 1596 2606 A
1606 2600 1614 2613 ,
1636 2589 1666 2607 ae.
1685 2579 1703 2608 f.
1726 2581 1821 2615 [καλ-,1
1840 2578 1948 2615 tanda]
1970 2580 2067 2609 Strabo
2079 2579 2125 2608 lib.
2143 2583 2181 2609 16.
2205 2580 2280 2609 Tota
2293 2579 2369 2616 regio
2385 2579 2454 2609 ultra
2463 2579 2508 2608 Se-
2598 2583 2603 2612 ί

1387 2615 1528 2644 leucidem
1540 2617 1568 2644 in
1581 2615 1730 2654 AEgyptum
1742 2620 1766 2646 Sc
1779 2617 1904 2646 Arabiam
1920 2617 2054 2646 recedens
2063 2639 2071 2651 ,
2093 2617 2172 2647 Coele
2184 2618 2260 2655 Syria
2271 2617 2424 2655 appellatur
2433 2639 2441 2653 ‚
2462 2616 2506 2646 sed
2556 2633 2557 2637 =

1389 2654 1501 2691 proprie
1518 2664 1578 2690 qua:
1589 2654 1693 2683 Libano
1704 2656 1867 2684 terminatur
1877 2677 1883 2689 ,
1906 2656 1932 2684 &
1942 2655 2109 2684 Antilibano.
2152 2656 2291 2685 Hactenus
2302 2655 2410 2685 Strabo.
2452 2655 2506 2684 No-

1388 2701 1454 2720 men
1475 2691 1568 2721 sortita
1579 2692 1617 2721 est
1634 2702 1648 2721 a
1664 2692 1863 2728 concavitate,
1885 2703 1967 2729 quam
1986 2693 2072 2722 Graeci
2097 2696 2222 2721 κοιλότητα
2239 2695 2394 2722 nominant.
2435 2692 2504 2722 Nam

1387 2730 1412 2759 ἃ
1424 2731 1515 2759 aab&
1529 2752 1536 2765 ‚
1558 2730 1649 2758 omnis
1665 2730 1743 2760 locus
1757 2740 1838 2761 cavus
1851 2731 1961 2760 dicitur.
2000 2730 2098 2769 Populi
2112 2738 2205 2761 autem
2224 2731 2398 2769 appellantur
2415 2730 2506 2760 Graece
2603 2748 2604 2762 l

1386 2769 1526 2801 Κοιλόσυροι.
1547 2768 1636 2796 Strab.
2556 2791 2557 2797 ,
2583 2788 2585 2791 ν

1348 2804 1786 2839 Coetsns,CoeLri·iATus.
1827 2804 1858 2835 V.
1882 2815 2026 2835 clareas
2047 2805 2136 2844 supra.
2552 2803 2557 2828 ὃ
2587 2802 2604 2841 *s

1348 2841 1701 2879 COELEMRNTKTUS,
1723 2854 1737 2873 a
1751 2866 1759 2877 ‚
1781 2853 1837 2872 urn.
1868 2843 1985 2873 Tertull.
2007 2844 2070 2873 adv.
2094 2843 2199 2873 Valent.
2228 2853 2289 2882 cap.
2303 2853 2347 2880 23.
2379 2843 2502 2874 Mundus
2574 2815 2588 2879 i

1386 2880 1616 2909 coelementatus.

1348 2917 1859 2952 CoeLRS'rUs,V.'CAELi-:STUS.
2539 2942 2554 2965 -ι,

1347 2956 1369 2985 C
1380 2966 1406 2983 οε
1416 2967 1430 2983 L
1440 2967 1448 2984 1
1457 2966 1475 2984 A
1488 2966 1554 2992 gens
1564 2956 1672 2993 plebeja
1687 2957 1798 2992 quidem
1808 2956 1915 2990 Romae,
1926 2956 1972 2985 sed
1983 2956 2128 2986 illustrium
2140 2957 2263 2986 virorum
2295 2957 2412 2991 enetrix,
2425 2957 2452 2986 in
2461 2956 2502 2986 his
2548 2968 2554 2991 l·

1383 2990 1423 3023 M.
1442 2993 1546 3022 Coelius
1562 2994 1601 3023 Nl.
1616 2994 1642 3023 F.
1660 2995 1745 3023 Rufus
1757 3016 1765 3029 ,
1791 2994 1935 3023 Ciceronis
1951 2994 2102 3032 discipulus
2115 3017 2124 3030 ‚
2155 2995 2234 3030 cujus
2254 2967 2293 3024 esi
2308 2996 2420 3024 oc‘tuvus
2435 2995 2502 3024 liber
2547 3004 2550 3010 ¹

1382 3031 1465 3066 hujus
1480 3032 1603 3068 epistolis
1619 3032 1653 3060 ad
1669 3032 1827 3061 Familiares
1846 3031 1961 3061 insertus
1975 3054 1983 3065 ‚
2004 3033 2082 3066 cuius
2102 3033 2183 3062 etiam
2201 3033 2285 3062 vitain
2303 3042 2429 3068 magnarii
2444 3042 2501 3070 par·
2546 3024 2551 3057 i

1381 3075 1438 3098 tem
1448 3069 1577 3098 describit
1591 3070 1619 3098 in
1635 3070 1777 3103 oratione,
1799 3080 1881 3106 quam
1894 3080 1944 3106 pro
1961 3069 2010 3098 illo
2025 3070 2137 3108 scripsit.
2180 3070 2232 3099 Hic
2247 3071 2378 3108 quamdiu
2394 3070 2501 3100 Cicero-
2545 3064 2551 3112 ζ

1381 3107 1427 3136 nis
1442 3108 1600 3137 auctoritati
1612 3108 1703 3145 paruit
1715 3108 1854 3144 egregium
1867 3108 1956 3136 civem
1974 3108 1999 3136 se
2014 3109 2042 3136 in
2054 3109 2195 3137 tribunatu
2210 3108 2257 3137 suo
2269 3109 2391 3145 praeslirit
2402 3110 2429 3136 in
2441 3117 2502 3136 cau·
2544 3114 2549 3133 t

1381 3144 1406 3173 sa
1422 3145 1588 3181 optimatum
1601 3145 1787 3174 defendenda.
1812 3145 1902 3174 Postea
1915 3145 2002 3174 :edilis
2014 3145 2122 3174 Curulis
2133 3155 2165 3174 ac
2177 3146 2280 3174 deinde
2293 3145 2391 3174 Praetor
2400 3146 2496 3180 factus.
2543 3138 2546 3201 i

1380 3183 1461 3211 causa
1477 3182 1636 3212 debitorum
1647 3182 1769 3219 suscepta
1783 3182 1892 3211 turbare
1903 3193 1988 3220 remp.
2006 3183 2109 3219 coepit:
2126 3193 2224 3212 verum
2240 3184 2352 3212 decreto
2365 3191 2471 3221 patrum
2484 3191 2500 3211 a
2542 3202 2546 3210 .

1379 3230 1438 3257 rep.
1453 3229 1591 3256 remotus,
1609 3222 1743 3257 ‘curiaque
1756 3230 1787 3249 ac
1797 3221 1935 3249 concione
1949 3220 2104 3257 prohibitus
2115 3242 2123 3255 ,
2146 3221 2242 3250 dolore
2262 3222 2420 3255 ignominiae
2441 3229 2502 3257 per·
2540 3219 2545 3280 Ι

1380 3266 1484 3292 motus,
1498 3258 1571 3287 Urbe
1583 3259 1694 3288 cessit&
1707 3259 1742 3287 ad
1754 3257 1886 3287 Caesarem
1898 3258 2032 3295 proficisci
2048 3258 2072 3287 se
2090 3259 2228 3293 simulans,
2251 3258 2362 3288 Miloni.
2376 3260 2420 3295 qui
2433 3257 2500 3295 fugi-

1380 3296 1453 3324 tivos
1470 3304 1654 3330 contruxerat,
1671 3296 1696 3324 se
1708 3296 1864 3331 con-iunxit,
1885 3294 2084 3332 nonnullisque
2095 3296 2179 3325 Ituiiae
2193 3297 2353 3334 municipiis
2362 3296 2452 3325 frustra
2463 3294 2497 3324 ad
2538 3286 2545 3367 J

1379 3332 1484 3362 bellum
1508 3333 1650 3363 solicitatis
1661 3355 1669 3368 ,
1690 3333 1790 3362 Thurii
1806 3334 1927 3370 denique
1945 3333 1979 3362 ab
2000 3334 2138 3370 equitibus
2152 3334 2309 3363 Ciessirianis
2320 3333 2405 3363 Gallis
2415 3335 2441 3364 ἃ
2452 3332 2500 3363 Hi-

1378 3371 1485 3437 gianis,
1509 3372 1555 3408 qui
1570 3371 1607 3399 ibi
1619 3371 1782 3409 inpraefidio
1797 3379 1893 3407 erant,
1916 3372 2098 3408 interemptus
2113 3371 2173 3400 suit.
2214 3371 2246 3401 V.
2269 3372 2327 3400 Cic.
2344 3371 2362 3400 l.
2378 3381 2402 3400 c.
2422 3372 2448 3401 &
2463 3369 2498 3399 de
2537 3376 2542 3403 ῐ
2564 3387 2567 3393 -

1396 3408 1419 3437 'l.
1439 3409 1487 3437 Or.
1499 3417 1562 3445 27²·
1586 3409 1705 3445 Quintil.
1721 3409 1738 3437 l.
1757 3419 1797 3437 io.
1812 3419 1836 3438 c.
1850 3419 1872 3438 1.
1895 3408 1980 3438 Caesar
1990 3410 2025 3437 de
2040 3409 2108 3438 Bell.
2122 3409 2179 3438 Civ.
2194 3418 2218 3445 3.
2233 3418 2279 3439 20.
2289 3409 2344 3446 seq.
2365 3408 2496 3438 Paterca.
2537 3407 2540 3471 ἰ

1378 3450 1425 3479 68.
1443 3445 1515 3482 Epir.
1532 3446 1588 3476 Liv.
1607 3457 1667 3476 111.
1694 3447 1808 3483 Appian.
1825 3446 1841 3475 l.
1854 3456 1880 3475 2.

1377 3483 1419 3512 De
1440 3484 1503 3513 Aliis
1523 3484 1619 3514 Coeliis
1634 3494 1764 3521 cognom.
1793 3484 1887 3513 Caldis
1903 3505 1911 3517 ,
1943 3483 1972 3512 V.
1997 3483 2171 3513 Fulv.Ursin.
2198 3483 2335 3512 FamRo.
2536 3508 2538 3527 ‚

1873 3521 1987 3551 Morbus
2000 3521 2192 3550 intestinorum
2206 3543 2213 3554 ‚
2235 3521 2277 3550 vel
2292 3528 2376 3558 porta*
2387 3520 2494 3549 inferio·
2535 3531 2537 3543 1

1375 3560 1410 3587 ris
1423 3560 1568 3588 ventriculi
1580 3581 1588 3593 ,
1609 3560 1655 3596 qui
1672 3559 1784 3596 pylorus
1796 3559 1899 3588 Graecis
1908 3559 2017 3587 dicitur.
2060 3559 2127 3587 Cels.
2140 3558 2218 3594 lib.4.
2233 3568 2292 3595 cap.
2311 3568 2349 3587 12.
2373 3558 2403 3588 ln
2415 3557 2492 3595 ipsius
2534 3562 2536 3570 '

1373 3605 1440 3625 vero
1455 3597 1601 3626 ventriculi
1616 3605 1694 3634 porta
1709 3597 1829 3625 consistit
1843 3597 1865 3625 is
1877 3618 1885 3632 ‚
1905 3597 1951 3633 qui
1963 3598 1988 3625 Si
2004 3595 2104 3631 longus
2119 3595 2172 3625 esse
2186 3596 2347 3625 consuevit:
2370 3591 2493 3622 κιιλιακῖθ
2534 3597 2535 3626 3

1374 3643 1390 3662 a
1409 3635 1511 3663 Grzecis
1532 3636 1699 3664 nominatur.
1739 3634 1795 3663 Sub
1815 3634 1869 3663 lioc
1889 3642 1986 3663 venter
2011 3633 2178 3666 indurescit,
2201 3634 2337 3670 dolorque
2363 3634 2421 3669 ejus
2446 3631 2490 3661 est.

1374 3671 1457 3700 Alvus
1475 3672 1543 3700 nihil
1563 3673 1670 3707 reddit,
1692 3681 1724 3701 ac
1740 3681 1774 3700 ne
1791 3672 1915 3708 spiritum
1931 3671 2044 3705 quidem
2060 3671 2217 3701 transmitit.
2258 3672 2392 3700 Extremae
2402 3675 2492 3708 part&
2581 3687 2598 3718 &fi

1374 3709 1532 3745 frigescunt.
1574 3709 1729 3738 Difficulter
1744 3709 1852 3745 spiritus
1867 3709 2002 3738 redditur.
2600 3701 2604 3719 ¹

1374 3746 1531 3780 Cirliacus,
1553 3747 1784 3776 etianidiciturls
1806 3747 1852 3783 qui
1871 3746 1987 3775 coeliaco
2006 3745 2103 3774 morbo
2118 3745 2243 3778 laborat.
2266 3746 2345 3780 cujus
2366 3742 2490 3781 exempla

1391 3784 1558 3813 creberrima
1569 3784 1630 3813 sunt
1650 3786 1724 3821 iipiid
1741 3785 1808 3813 Plin.
1827 3792 1855 3813 iit
1868 3785 1916 3812 lib.
1933 3793 1976 3817 ²3·
1991 3793 2050 3819 erip.
2067 3794 2087 3812 1.
2113 3783 2265 3812 Decor-ium
2279 3792 2374 3812 eorum
2389 3789 2491 3811 veterec
2530 3797 2531 3821 i

1393 3821 1583 3857 dysentericos
1596 3825 1620 3851 ὁὶ
1634 3822 1764 3851 cruliacos
1778 3823 1861 3856 juvat.
1903 3822 1941 3850 De
1955 3821 2060 3849 nucleis
2072 3821 2225 3849 acinorum.
2455 3855 2462 3861 .
2571 3833 2588 3867 [Μ

1333 3857 1355 3886 C
1365 3867 1392 3886 οε
1404 3869 1418 3885 i.
1429 3869 1437 3886 i
1450 3868 1465 3886 u
1477 3868 1489 3886 s
1502 3880 1509 3892 ,
1534 3860 1616 3888 Mons
1627 3861 1717 3888 dictus
1729 3860 1765 3887 est
1776 3881 1784 3892 ,
1807 3861 1918 3887 auclore
1933 3859 2008 3887 Festo
2020 3880 2026 3889 .
2048 3868 2061 3885 a
2077 3858 2155 3886 Coeie
2170 3857 2292 3894 quodam
2309 3867 2342 3886 ex
2356 3856 2488 3899 Hetruriq,
2528 3878 2529 3889 γ
2562 3852 2600 3904 ,Fi

1371 3896 1416 3931 qui
1429 3895 1548 3924 Romulo
1559 3898 1698 3925 Auxilium
1711 3897 1836 3925 adversus
1851 3895 2114 3929 311111110511111111ιίῑς
2138 3905 2170 3923 eu
2191 3896 2265 3931 quod
2288 3895 2315 3922 in
2331 3904 2365 3922 eo
2378 3895 2490 3922 domici—
2564 3907 2565 3914 i
2583 3888 2604 3948 {Z

1370 3932 1554 3962 liuinhabuit.
1578 3934 1624 3964 ubi
1649 3935 1676 3963 V.
1699 3935 1796 3963 Ducer.
1837 3934 1921 3963 lione
1939 3933 2031 3963 lullus
2043 3933 2252 3962 liostiliusUrbi
2264 3931 2379 3965 addidit,
2396 3931 2488 4005 ibiiqpsg
2526 3939 2528 3970 ζ
2568 3957 2603 3986 ,Q
