2604 4222
132 120 198 161 383
588 102 617 135 C
715 98 753 133 AE
858 95 885 128 L

191 203 252 224 rum
264 193 289 221 ὅ(
299 200 389 220 rerum
401 184 598 224 significatione
609 205 616 216 ,
637 181 709 211 Silva
719 202 726 213 .
748 177 855 214 inquit,
877 172 972 216 caedua
983 170 1021 200 est
1042 171 1052 203 (
1065 174 1094 197 ut
1108 167 1220 204 quidam
1233 174 1286 207 pu.

190 232 271 262 tant)
293 239 351 265 quae
362 229 390 256 in
399 228 453 256 hoc
465 223 579 253 babetur
590 227 619 250 ut
631 219 790 248 caederetur.
830 214 940 242 Servius
952 217 1012 238 eam
1025 207 1078 236 esse
1091 215 1149 242 qux
1166 202 1268 232 succisa
1277 223 1285 236 ‚

191 269 280 299 rursus
290 278 323 296 ex
335 265 463 303 stirpibus
474 270 522 291 aut
531 258 669 288 radicibus
678 254 841 284 renascatur.
928 285 932 291 ι
973 285 978 290 ·
1271 275 1276 283 ί

175 308 284 338 Caediize
295 311 398 333 naturae
409 303 507 331 frutex.
551 296 618 325 Plin.
635 295 681 323 lib.
701 302 741 321 12.
762 300 821 332 cap.
837 298 878 322 ιε).
907 286 1037 327 Siccitate
1058 279 1197 319 gaudens,
1218 278 1290 307 steri-

194 345 246 375 lior
254 343 343 373 imbre
353 364 360 376 ,
381 340 485 369 caeduae
493 341 605 366 naturae.
627 333 669 362 De
677 331 775 360 ftutice
784 331 965 356 cmnamoml.

138 384 258 417 catix,
287 381 320 410 V.
342 386 446 409 csirx.

579 495 608 530 C
701 491 739 526 Ε
832 488 860 522 L

140 606 219 639 Cim.
228 626 237 640 ‚
257 611 308 641 pro
319 599 422 630 Caelum
434 595 504 625 dixit
515 591 680 637 Ennius-per
689 594 846 628 apocopen.
888 582 1024 629 Ausonius
1036 580 1066 610 in
1076 577 1274 615 monosyllabis
1284 596 1292 611 ‚

271 640 351 669 Unde
367 635 493 666 Rudinus
506 638 545 661 ait
560 630 662 660 Divum
676 627 776 656 domus
796 621 945 652 altisonum
958 620 1024 650 caei.
1108 616 1139 646 V.
1161 617 1205 647 Do
1216 637 1224 651 ,
1243 624 1294 654 pro

141 757 307 823 ἓὲιῗέιςτςῖ
317 760 390 816 Rigis.
408 747 546 820 ἶόιφαμίτῖμ
556 765 571 816 ‚¹
587 776 693 812 iiffi&]
714 775 817 805 dicitur
829 780 886 803 tam
901 767 959 809 Qui
971 771 1059 801 caruit
1069 769 1178 807 semper
1189 775 1276 796 uxore
1286 784 1295 800 .‚

177 838 260 866 quam
279 826 336 863 Qui
348 832 423 853 nunc
438 827 521 851 caret.
563 819 596 848 Et
609 814 676 845 inde
687 813 844 844 Caelibatus.
869 811 934 840 Haec
946 809 1021 839 Valla
1038 808 1086 837 lib.
1102 817 1128 843 4.
1162 804 1296 852 Caehbem

178 868 286 897 dietum
300 862 474 894 existimant.
495 856 570 895 quod
590 855 704 892 dignam
722 851 790 881 caelo
809 851 896 880 vitam
912 854 981 885 agat.
1004 847 1104 877 Festus.
1146 844 1203 873 Cic.
1215 851 1240 881 3.
1260 841 1296 870 de

177 903 270 941 Legib.
285 911 309 939 7.
337 899 452 930 Caelibes
460 896 513 926 esse
522 893 710 934 probibento3
747 927 752 933 ¹
800 926 805 932 Ι

177 942 293 973 Maritus
305 940 330 968 ἃ
341 935 447 967 Caelebs
457 956 465 968 .
486 932 632 963 contraria.
655 926 775 965 Quintil.
787 926 836 956 lib.
851 936 875 962 ς.
893 934 955 962 cap.
969 933 1012 953 10.

177 978 283 1009 Caelcbs
294 975 418 1005 muliere.
440 969 625 1002 Plaut.Cas1n.
637 977 663 998 2.
675 977 701 1003 4.
716 974 759 996 11.

176 1018 283 1048 Lectus.
307 1012 406 1043 Catull.
421 1014 465 1040 66.
479 1014 504 1039 6.
556 1046 561 1051 ⁵

177 1055 239 1085 Vita
249 1051 357 1083 caelebs.
376 1048 460 1080 Ovid.
473 1056 498 1077 2.
513 1044 593 1076 Trist.
609 1048 670 1079 163.
736 1079 741 1086 .

258 1091 328 1127 Quat
345 1089 363 1118 si
375 1097 432 1117 non
442 1087 547 1119 fuerat,
569 1082 669 1112 caelebs
679 1086 706 1109 te
716 1084 771 1109 vita
782 1077 902 1107 deceret.

179 1129 301 1162 Caelebs,
322 1136 371 1165 pro
384 1125 483 1155 Viduo.
505 1120 625 1152 martial.
636 1119 684 1148 lib.
696 1129 722 1153 4.
735 1127 781 1151 ας.

257 1165 363 1196 Diceris
374 1169 424 1193 hac
432 1163 520 1191 factus
528 1158 627 1189 caelebs
637 1163 732 1195 quater
740 1153 793 1184 effe
800 1153 906 1189 lagena.
1039 1185 1046 1192 ·
1259 1183 1265 1188 ι

177 1206 265 1238 Arbor
283 1202 391 1233 caelebs.
432 1200 500 1230 Plin.
516 1197 564 1227 lib.
578 1206 619 1233 17.
642 1205 702 1232 cap.
715 1202 760 1230 ²3·
782 1191 873 1221 Altera
892 1187 1002 1217 deflexa
1020 1190 1093 1220 vite,
1118 1183 1164 1213 vel
1182 1181 1297 1220 palmite

195 1245 273 1281 juxta
281 1242 356 1272 suam
368 1239 511 1272 arborem,
533 1241 579 1265 aut
587 1235 660 1264 circa
670 1228 826 1270 proximam
837 1225 972 1257 caelibem.
993 1223 1063 1253 Hor.
1076 1233 1102 1252 2.
1117 1222 1207 1251 Carm.
1222 1230 1296 1256 15.4.

456 1291 494 1296 -
504 1273 631 1312 platanus
652 1280 686 1300 ue
695 1267 793 1298 caelebs
930 1300 936 1307 .
1163 1298 1169 1303 ·
1247 1295 1253 1301 ι

218 1318 335 1349 Evincet
346 1314 446 1346 ulmos.
577 1309 642 1339 Caeli
665 1318 708 1337 em
719 1311 800 1336 vocat
823 1301 899 1339 quod
911 1310 938 1330 ei
949 1323 957 1336 ‚
978 1309 1038 1329 non
1055 1303 1087 1328 ut
1100 1297 1184 1328 ulmis
1196 1318 1204 1332 ,
1225 1300 1298 1326 vites

196 1356 269 1395 quasi
287 1352 465 1385 matrimonio
486 1350 644 1386 jungantur.
668 1344 751 1375 Ovid.
767 1353 810 1378 14.
828 1340 897 1370 Met.
909 1342 973 1375 663.

330 1409 367 1413 -
378 1389 479 1420 caelebs
489 1389 545 1417 sine
556 1385 671 1424 palmite
681 1390 804 1412 truncus,
1117 1411 1123 1417 ¹
1212 1411 1216 1416 Ι

140 1436 163 1465 C
174 1436 289 1464 amissi
300 1440 319 1460 T
330 1440 385 1465 us,
408 1429 448 1458 iis.
469 1423 618 1463 [ἀνέμων]
638 1423 714 1451 Suet.
730 1418 809 1449 Galb.
826 1425 886 1453 cap.
903 1424 927 1449 ς.
957 1411 1099 1443 Remanfit
1115 1420 1145 1440 in
1159 1409 1296 1439 caehbatu.

175 1471 309 1502 Marcian.
329 1466 442 1505 Capella
452 1466 482 1494 in
492 1462 564 1492 libro
577 1462 613 1490 de
628 1458 741 1498 Nuptiis
753 1454 921 1487 Mercurii&
931 1450 1112 1488 Philologiae,
1129 1448 1235 1478 Placuit
1245 1447 1299 1477 Mi.

176 1518 266 1539 nervae
277 1507 381 1545 pellere
391 1504 557 1534 caelibatum.
663 1530 667 1533 p
884 1526 887 1528 ,
955 1524 961 1534 .
1271 1523 1277 1529 .

140 1549 163 1579 C
171 1559 195 1578 ιε
203 1559 220 1576 1.
229 1557 239 1575 1
249 1557 264 1574 Β
273 1556 292 1574 A
300 1555 316 1573 R
326 1556 335 1573 i
345 1554 357 1574 s
367 1566 375 1578 ‚
397 1552 420 1571 e.
443 1541 502 1577 Adj.
527 1536 651 1568 Czelibari
664 1534 737 1564 hasta
748 1537 833 1571 caput
845 1530 978 1561 nubentis
995 1524 1158 1556 comebatur
1167 1546 1175 1559 ‚
1197 1529 1299 1567 quaein

178 1593 295 1622 corpore
313 1579 471 1619 gladiatoris
490 1575 601 1607 stetisset
618 1573 718 1609 abjeffl
731 1593 739 1607 ‚
761 1569 918 1606 occisique:
949 1572 980 1596 ut
996 1562 1236 1608 quemadmodum
1252 1561 1300 1590 illa

177 1622 328 1658 conjunfta
335 1619 418 1649 fuerit
431 1626 495 1646 cum
506 1623 623 1651 corpore
637 1610 797 1649 gladiatoris
807 1629 815 1644 ‚
836 1608 873 1636 sic
888 1605 945 1645 ipsa
959 1613 1023 1648 cum
1041 1612 1101 1632 Viro
1118 1601 1165 1635 sit,
1181 1602 1232 1630 Sec.
1254 1599 1299 1629 vel

178 1660 255 1699 quod
264 1657 382 1696 nuptiali
392 1657 450 1692 jure
460 1653 577 1692 imperio
586 1651 637 1680 viri
645 1648 788 1685 subjicitur
799 1645 909 1676 nubens
920 1667 928 1679 ‚
949 1651 1013 1680 quia
1027 1641 1101 1670 hasta
1112 1657 1122 1675 *⁵
1142 1638 1250 1668 summa
1260 1647 1300 1667 ar.

176 1707 288 1729 morum
298 1698 324 1726 &
338 1694 447 1732 imperii
458 1692 504 1721 est.
544 1690 637 1726 Quam
650 1688 686 1716 ob
699 1686 809 1716 causam
820 1684 871 1713 viri
881 1683 966 1712 fortes
978 1690 1011 1710 ea
1019 1680 1159 1723 donantur
1170 1698 1178 1712 ‚
1203 1677 1303 1713 &cap-

176 1737 228 1766 tivi
237 1735 285 1765 sub
295 1734 392 1764 eadem
405 1734 544 1763 veneunt,
566 1736 634 1765 quos
657 1726 746 1755 Graeci
758 1721 910 1760 θοςυοιλώτες
922 1723 944 1758 xj
958 1715 1099 1755 δὶξυκνιητες
1109 1720 1220 1745 vocant.
1252 1715 1302 1745 Fe.

177 1775 241 1804 stus.
271 1773 300 1801 V.
323 1768 502 1801 Elmenhorst.
517 1768 546 1796 in
558 1764 660 1795 Arnob.
673 1774 701 1802 p.
717 1768 779 1792 102.
950 1795 955 1802 .
1163 1791 1169 1797 ·
1225 1791 1230 1797 η

140 1813 163 1843 C
171 1824 195 1842 ε
205 1824 220 1841 L
231 1822 244 1841 iz
252 1821 263 1840 s
271 1820 291 1840 T
302 1821 311 1839 1
320 1819 341 1839 N
350 1820 360 1838 1
369 1831 378 1845 ‚
399 1807 519 1838 Umbriae
527 1803 628 1844 populi
639 1803 668 1832 in
680 1802 757 1831 sexta
767 1800 883 1838 regione
896 1795 990 1827 Italiae.
1012 1794 1114 1824 Auffitor
1129 1791 1200 1822 Plin.
1212 1790 1262 1821 hb.
1273 1798 1298 1828 3»

177 1861 208 1880 ca
231 1874 236 1880 .
251 1860 261 1878 1
286 1870 292 1879 .

141 1860 354 1921 Οεέεε4τιε,
374 1884 579 1915 Cfflszizsrus
593 1902 602 1916 ,
623 1877 850 1909 CAEL1COLA‚
871 1873 1062 1905 CAELITES‚
1100 1868 1133 1898 V.
1156 1874 1299 1897 CAELUM.

140 1927 266 1957 cmm
294 1930 388 1964 potus.
428 1922 461 1951 V.
483 1928 610 1950 eerA.
651 1917 782 1947 CAELrA
804 1911 909 1943 familia
928 1910 959 1940 V.
983 1914 1120 1938 coeLrA.

141 1965 397 1997 Cfflcicuuum,
433 1959 753 1990 CAEL1MONTANUS
765 1974 774 1989 ‚
796 1952 1011 1983 Caemorus,
1041 1946 1189 1976 Cfflmus
1208 1952 1301 1979 mons,

139 2041 163 2071 C
171 2002 222 2071 gi.
231 2012 276 2074 g?
285 2008 415 2076 ἔῖὲὲὲρῖι,
429 2029 597 2072 alwardus]
616 2033 672 2061 are.
695 2034 761 2060 cum
771 2025 950 2066 diphthongo
960 2046 969 2060 ‚
990 2021 1125 2062 fignificat
1134 2019 1302 2058 Insculpere.

178 2078 249 2107 Vide
261 2077 290 2107 in
305 2083 476 2111 Aucfflsus
495 2070 628 2102 exFesto.
666 2068 758 2098 Hsst.
925 2101 931 2107 ·
953 2101 959 2107 ι
1248 2096 1254 2102 .

178 2115 283 2147 Caelare
296 2118 412 2152 argento
420 2134 428 2147 ,
454 2112 481 2141 δι
499 2110 530 2139 in
547 2113 671 2146 argento.
713 2104 772 2135 Cic.
793 2114 816 2134 1.
844 2103 880 2132 de
896 2101 990 2144 Drvm.
1006 2106 1050 2137 79.
1082 2098 1162 2128 Hanc
1180 2096 1303 2141 speciem

196 2152 348 2185 Praxiteles
358 2149 587 2185 caelavitargento
596 2168 604 2181 ‚
625 2147 652 2175 ἃ
662 2143 753 2174 noster
764 2139 1018 2184 express‘itArchias
1036 2135 1164 2166 versibus.
1187 2135 1260 2172 Virg.
1278 2144 1302 2164 1.

198 2193 260 2224 AEn.
274 2194 338 2226 644.
437 2203 472 2208 —
482 2186 634 2222 caelataque
644 2183 674 2212 in
684 2191 752 2211 auro
834 2179 925 2222 Fortia
936 2177 1007 2206 facia
1016 2180 1135 2213 patrum.

178 2229 323 2261 Libidines
336 2227 368 2256 in
379 2224 488 2264 poculis
499 2222 603 2253 caelare.
628 2221 697 2250 Plin.
708 2220 737 2248 in
748 2226 867 2261 prooem.
880 2215 928 2245 lib.
941 2223 982 2252 33.
1024 2251 1029 2257 ,
1112 2246 1114 2248 ,

180 2268 302 2306 AEquora
312 2264 408 2295 caelare
418 2285 426 2298 ‚
446 2261 562 2292 flumina
571 2282 578 2295 ‚
602 2259 698 2289 bestias
708 2279 716 2293 ‚
737 2259 763 2287 &
774 2256 867 2285 aliam
879 2253 953 2283 vasis.
976 2250 1059 2294 Ovid.
1070 2259 1096 2280 2.
1109 2249 1216 2292 Meus.

179 2308 332 2344 Argentum
341 2301 448 2332 caelare.
487 2297 659 2336 Pomponius
670 2296 700 2324 in
713 2295 730 2324 l.
764 2293 815 2324 Etsi
835 2302 892 2321 non
909 2291 971 2320 sunt
986 2289 1065 2319 claVi.
1089 2289 1111 2325 §.
1133 2287 1211 2323 Quid
1227 2294 1302 2331 ergq.

200 2345 235 2375 D.
248 2344 283 2373 de
293 2343 365 2372 Auro
377 2341 403 2370 ἃ
414 2342 527 2376 argento
538 2336 629 2373 legato
641 2356 649 2369 ‚
670 2332 749 2370 Quid
764 2341 829 2368 ergo
846 2330 864 2359 si
890 2335 1015 2367 coeptum
1027 2327 1058 2356 sit
1067 2332 1211 2370 argentum
1223 2324 1307 2368 fabri.²

199 2382 256 2412 cari
269 2403 277 2417 ‚
289 2382 343 2411 &c.
380 2377 460 2407 Certe
473 2375 490 2405 si
501 2375 558 2411 jam
568 2379 626 2403 erat
642 2372 745 2402 {aetum
756 2392 764 2405 ‚
785 2369 832 2399 sed
847 2367 1010 2402 caelabatun
1034 2365 1098 2394 facti
1116 2362 1306 2407 appellatione

200 2418 399 2450 continebitur.
440 2415 480 2443 An
495 2414 521 2443 ἃ
538 2411 626 2441 caelati
644 2407 835 2440 continebitur
852 2406 929 2443 quod
946 2404 1036 2434 caelari
1049 2402 1160 2440 coepit‘?
1188 2401 1222 2431 Et
1234 2408 1304 2439 puto

202 2455 341 2488 contineri
352 2477 360 2490 ,
382 2451 447 2482 sicui
457 2450 527 2481 forte
537 2449 665 2479 caelatum
674 2447 705 2476 sit
715 2452 861 2483 argentum
872 2444 1002 2480 legatum.

182 2494 318 2527 Inclaruit
329 2493 359 2522 in
372 2500 438 2520 auro
448 2488 583 2520 caeiando.
622 2486 653 2515 V.
677 2497 686 2514 1
695 2494 715 2514 N
726 2494 743 2513 c
753 2495 769 2512 ι.
778 2493 795 2512 A
807 2493 823 2511 R
833 2492 848 2511 Ε
857 2492 883 2511 o.
1003 2490 1005 2494 ’

184 2534 326 2564 Craterem
335 2529 429 2560 caelare
437 2528 523 2565 longo
536 2530 709 2563 argumento
731 2521 817 2552 Ovid.
831 2526 872 2557 13.
887 2518 957 2550 Met.
970 2521 1035 2554 684.

185 2571 288 2602 Caelare
299 2568 374 2598 scuta
384 2576 458 2596 auro.
480 2565 537 2594 Liv.
550 2575 576 2599 9.
1200 2590 1207 2598 ·

147 2612 170 2642 C
179 2621 204 2641 ιε
214 2621 230 2638 1.
240 2619 258 2638 A
268 2618 288 2637 T
297 2617 316 2637 u
325 2617 353 2639 s.
374 2616 389 2634 a
400 2626 408 2639 ,
428 2612 486 2633 um.
508 2603 612 2632 Aurum
623 2601 649 2630 ὁὶ
657 2603 801 2637 argentum
811 2594 937 2626 caelatum
951 2616 958 2629 ,
980 2601 1031 2631 pro
1047 2592 1120 2622 Valis
1133 2600 1221 2621 aureis
1232 2591 1257 2621 &
1269 2599 1308 2620 ara

185 2646 293 2686 genteis
304 2642 416 2674 caelatis.
453 2641 511 2670 Cic.
524 2651 548 2677 ς.
558 2638 641 2670 Tusc.
652 2641 697 2667 61.
719 2636 881 2672 Abacosque
893 2632 1052 2670 complures
1063 2631 1170 2661 ornavit
1180 2635 1307 2668 argento,

185 2693 307 2722 auroque
318 2681 423 2712 caelato.
657 2713 663 2719 ι
721 2713 726 2718 Ι
800 2708 806 2718 δ
1001 2714 1004 2715 .

187 2723 278 2754 Galeae
295 2729 378 2750 aeneae
391 2717 491 2748 caelatae
503 2724 589 2754 opere
600 2712 756 2743 Corinthio.
775 2711 832 2741 Cic.
841 2712 868 2740 6.
884 2708 962 2738 Verr.
976 2717 1020 2745 79.

186 2760 314 2799 Scyphus
325 2756 436 2788 caelatus
444 2763 529 2784 manu
540 2752 659 2782 artificis.
682 2750 749 2780 Plin.
761 2758 805 2786 33.
822 2758 832 2777 1
841 2758 864 2777 1.

186 2800 276 2830 Tetra
292 2795 387 2827 caelara
403 2795 429 2824 &
443 2792 578 2829 laqueata.
599 2789 657 2819 Cic.
673 2798 697 2818 1.
709 2788 792 2818 Tusc.
809 2792 854 2822 ες.

187 2837 256 2867 Vasa
271 2832 388 2873 pretiose
398 2830 501 2861 caelata.
523 2828 582 2858 Cic.
597 2837 648 2866 pro
659 2825 739 2856 Rosc.
751 2826 841 2855 Amer.
855 2827 916 2859 133.

189 2874 333 2905 Velamina
342 2870 438 2901 caelata
447 2867 535 2898 multa
544 2873 610 2896 arte.
632 2863 721 2894 Valer.
737 2874 761 2899 5.
781 2864 879 2900 Argon.
890 2864 919 2904 .⁶·

190 2912 325 2944 caelatum
349 2917 451 2939 novem
473 2904 558 2936 Molis
578 2912 658 2941 opus.
699 2902 767 2931 Hor.
788 2910 816 2931 2.
845 2899 929 2937 Epist.
942 2906 968 2928 2.
982 2905 1026 2934 9².
1060 2901 1143 2926 vocat
1159 2895 1260 2926 Poema
1271 2904 1312 2926 ar-

208 2949 356 2981 tificiosum
370 2948 396 2977 δι
408 2945 481 2975 varie
497 2942 570 2981 quali
585 2942 700 2980 piCtum.

155 2991 287 3022 CAELAT
298 2991 315 3016 ῡ
326 2995 373 3015 RA
384 3006 393 3020 ‚
414 2994 444 3013 ae.
469 2982 488 3011 f.
509 2979 641 3017 [γλυφὴ]
662 2978 700 3007 est
714 2977 785 3013 Quae
794 2984 879 3008 auru,
901 2978 1037 3010 argento,
1059 2979 1128 3007 aere,
1147 2972 1229 3007 ferro,
1247 2981 1316 3009 ope..

191 3038 221 3058 ra
231 3025 316 3056 efficit
330 3046 339 3060 ‚
361 3021 452 3059 inquit
463 3017 585 3057 Quintil.
596 3016 644 3046 lib.
655 3025 681 3045 2.
695 3025 754 3052 cap.
766 3023 811 3043 21.
840 3011 910 3042 Plin.
923 3011 970 3041 lib.
987 3021 1029 3046 19.
1043 3020 1104 3048 cup.
1116 3020 1143 3046 4.
1169 3010 1313 3048 Superque

191 3065 367 3104 pistrinarum
376 3058 508 3098 operibus
525 3058 551 3086 8<
562 3054 697 3085 caelaturis
710 3054 812 3082 vivere.
870 3075 873 3079 .
1117 3085 1122 3091 .
1155 3084 1160 3090 ι
1295 3085 1300 3091 Ι

193 3101 346 3135 AEstimatio
354 3099 508 3129 caelaturae:
532 3092 669 3124 Paulusin
681 3091 699 3120 1.
723 3090 763 3119 Ex
781 3094 904 3125 argento.
926 3086 959 3116 D.
978 3086 1013 3114 de
1031 3085 1218 3114 Condieuone
1236 3085 1314 3114 furti-

212 3151 262 3174 va,
287 3139 327 3168 Ex
339 3142 453 3174 argento
463 3133 586 3170 surrepto
598 3127 700 3169 pocula
710 3128 781 3158 fadia
797 3125 908 3156 condici
918 3123 993 3161 posse
1007 3122 1149 3165 Fulcinius
1170 3123 1207 3152 ait
1219 3133 1225 3153 :
1248 3132 1314 3162 ergo

213 3179 243 3208 in
256 3172 436 3206 condic‘tione
447 3171 614 3211 poculorum
624 3168 708 3197 etiam
720 3165 856 3196 caelaturae
866 3162 1009 3205 aestjmatio
1018 3162 1073 3190 net.

195 3216 261 3247 Nori
276 3213 428 3244 habeamus
438 3215 583 3247 argentum
595 3228 604 3243 ,
625 3207 655 3235 in
670 3204 747 3242 quod
761 3201 841 3232 solidi
853 3210 911 3231 auri
923 3199 1049 3229 caelatura
1065 3197 1247 3228 descenderit.
1267 3198 1316 3228 Se.

215 3263 284 3283 neca
295 3249 414 3289 Epistola
427 3255 478 3285 5ta.
503 3247 536 3276 H.
547 3246 586 3275 St.
725 3279 731 3286 ⁸
896 3276 902 3283 ⁴
941 3276 946 3281 .
993 3275 998 3282 ι
1278 3275 1283 3281 .
1308 3273 1315 3281 Δ

198 3291 331 3321 Caelatura
348 3287 429 3317 altior
447 3285 522 3323 rupit
541 3289 654 3313 tenuem
666 3279 808 3310 laminam.
846 3274 968 3313 Quintil.
980 3274 1030 3303 lib.
1043 3283 1069 3303 2.
1083 3282 1144 3310 cap.
1154 3283 1180 3308 4.
1221 3274 1253 3304 V.
1276 3274 1316 3304 1b1

216 3329 308 3358 Burin.
323 3327 358 3355 de
368 3324 528 3354 discrimine
539 3322 611 3350 inter
620 3318 783 3350 Caelaturzim
794 3338 803 3352 ‚
824 3316 851 3346 δι
865 3314 1043 3351 Sculpturam
1054 3333 1062 3347 ‚
1084 3311 1117 3341 V.
1132 3311 1192 3341 Ald.
1205 3311 1315 3342 Manut.

290 3365 318 3393 st.
330 3364 350 3393 E
372 3363 412 3392 ist.
442 3384 448 3391 .
479 3384 485 3390 .

162 3366 369 3436 cffiffiaeronff
386 3372 448 3430 orizs.
459 3369 506 3429 9m.
528 3395 685 3434 [γλυπἹῆς]
713 3393 783 3424 Plin.
799 3388 847 3421 lib.
862 3398 904 3427 34.
920 3398 980 3426 cap.
990 3392 1016 3422 8.
1039 3386 1151 3424 Argenti
1167 3386 1316 3418 caelatores.

200 3441 258 3470 Cic.
271 3444 295 3469 6.
313 3439 388 3468 Verr.
441 3460 446 3467 .

199 3478 315 3508 Coelator
325 3448 569 3506 caeluiii4defiderat
580 3495 590 3508 ‚
611 3473 636 3502 6<
647 3470 737 3510 pistor
746 3466 888 3508 penicilla.
908 3463 1028 3501 Quintil.
1040 3462 1089 3492 lib.
1099 3472 1125 3492 2.
1138 3470 1197 3502 cap.
1205 3472 1250 3494 21.

201 3516 318 3546 Caelator
329 3523 438 3542 curvus.
459 3513 556 3548 juven.
568 3521 594 3545 9.
605 3511 660 3539 Sat.
679 3519 739 3543 145.
907 3542 913 3547 .

166 3556 187 3586 C
196 3557 267 3584 ffiiJi
278 3563 298 3581 M
308 3562 321 3580 a
330 3561 349 3580 N
361 3573 369 3586 ‚
384 3553 448 3580 inis.
472 3561 498 3579 n.
522 3550 598 3578 ldem
610 3547 685 3584 quod
694 3544 838 3575 Caelatura.
859 3541 945 3585 Ovid.
962 3549 1004 3576 13.
1024 3538 1093 3569 Met.
1104 3547 1170 3573 ²91·

353 3597 491 3625 —neque
502 3587 578 3616 enim
591 3585 684 3623 clypei
694 3584 837 3613 caelamina
848 3586 927 3609 nOVit
937 3600 946 3613 ‚

291 3626 434 3655 Oceanum
446 3628 471 3655 ἃ
482 3633 566 3654 terras
577 3646 584 3658 7
606 3632 725 3659 cumque
735 3621 791 3650 alto
803 3620 889 3648 iidem
899 3617 968 3646 caelo
976 3637 984 3650 ,
1002 3616 1055 3644 &c.

165 3668 320 3699 Cianum.
343 3665 359 3692 i.
384 3665 522 3699 [nimos.
545 3662 692 3694 γλυπῖηων
709 3680 714 3687 .
731 3657 871 3692 γλυφέων]
894 3656 1107 3685 instrumentum
1126 3660 1181 3687 quo
1202 3654 1320 3680 utuntur

201 3702 355 3741 argentarii,
368 3702 479 3730 auetore
491 3700 585 3728 Servio
600 3699 628 3727 in
638 3698 760 3735 primum
780 3696 841 3725 AEn.
857 3700 920 3729 644.
944 3692 990 3721 ubi
1000 3701 1050 3734 per
1062 3700 1077 3719 e
1094 3689 1210 3733 longum
1223 3696 1321 3717 contra

199 3749 324 3773 veterum
335 3746 581 3767 monumentorum
591 3736 684 3769 iidem,
693 3733 871 3764 scribendum
882 3732 1038 3760 contendit.
1049 3729 1148 3762 Stat.4.
1160 3726 1226 3756 Silv.
1241 3729 1316 3757 626.

281 3778 335 3807 Hic
344 3776 394 3805 tibi
405 3785 463 3810 quae
480 3776 563 3803 docto
574 3774 693 3802 multum
706 3772 817 3808 vigilata
828 3769 941 3806 Myroni
1156 3801 1161 3808 .

282 3816 360 3848 ffira,
381 3812 519 3841 laboriferi
529 3813 623 3839 vivant
634 3820 693 3846 quae
706 3818 842 3837 marmora
853 3807 921 3836 caelo
1035 3802 1186 3833 Praxiteli&

201 3852 307 3885 Caelum
319 3874 327 3886 ‚
349 3847 445 3887 [κεφνές
457 3871 464 3882 .
478 3847 578 3881 viana]
601 3847 731 3881 signifieat
742 3848 827 3875 etium
840 3844 989 3874 Mundum.
1012 3842 1097 3870 Varro
1113 3842 1148 3869 de
1161 3839 1189 3868 L.
1199 3838 1228 3868 L.
1240 3838 1320 3873 lib.4.

242 3901 285 3925 .9.
298 3890 341 3919 ed.
351 3896 412 3918 tert.
425 3886 520 3923 Steph.
544 3885 647 3913 Caelum
658 3885 764 3913 dic‘tuin
777 3883 872 3912 scribit
882 3882 968 3910 JElius
983 3880 1078 3909 Gallus
1090 3901 1097 3914 ‚
1121 3878 1196 3915 quod
1214 3877 1252 3905 est
1271 3886 1322 3904 cae-

218 3902 323 3960 fatum:
347 3932 395 3956 aut
412 3936 427 3955 a
449 3923 588 3954 contrario
610 3922 724 3951 nomine
736 3941 745 3957 ‚
773 3921 849 3957 quod
862 3926 988 3956 apertum
1007 3918 1054 3947 est.
1096 3916 1130 3945 Et
1142 3914 1227 3953 paulo
1238 3914 1318 3952 post,

1798 79 1827 113 C
1924 79 1960 114 ΑΞ
2059 82 2086 115 1.

1391 159 1450 193 Ego
1462 161 1548 196 mauis
1559 166 1626 197 puto
1638 171 1652 189 a
1665 160 1734 189 cliao
1746 169 1843 189 cavum
1859 182 1866 194 ,
1888 161 1913 190 ἃ
1924 159 1991 189 hinc
2005 161 2104 190 carlum
2119 171 2126 191 z
2149 163 2279 199 quoniam
2295 166 2327 190 iit
2341 162 2418 199 dixi,
2439 165 2493 195 hoc

1392 198 1498 226 circum
1511 220 1518 230 .
1536 199 1668 235 supraque
1679 199 1753 233 quod
1764 198 1912 233 toniplexu
1923 200 2048 227 continet
2059 210 2160 228 terrani
2171 222 2178 234 ‚
2201 211 2257 229 civi
2270 207 2298 228 m
2311 199 2416 230 caelum.
2443 201 2495 231 lta-
2528 210 2530 215 ’

1395 236 1748 278 que(licitJindromuclia.
1770 236 1909 276 Noelique
1923 246 1989 265 cava
2002 237 2062 266 caeli
2082 237 2310 273 lignizenentibus
2330 238 2443 268 conficis
2455 239 2494 269 bi-

1395 283 1446 310 gis.
1468 273 1536 317 Pliii.
1553 273 1599 302 lib.
1614 283 1638 302 2.
1659 284 1719 310 cap.
1735 284 1761 308 4.
1791 274 1925 309 hquidem
1948 277 1973 303 ἐξ
1989 275 2122 304 consensu
2144 277 2269 311 gentium
2287 285 2409 305 moveor.
2431 285 2495 307 nam

1397 321 1480 345 quem
1493 323 1570 343 ›wo-fito
1580 324 1581 327 ¹
1593 312 1679 340 Graeei
1694 312 1808 353 nomine
1820 313 1974 340 ornamenti
1983 311 2194 350 appellaverunt
2204 336 2211 347 .
2235 322 2299 342 eum
2310 314 2336 342 ὁὶ
2348 321 2399 342 nos
2411 323 2425 342 a
2436 323 2496 351 per-

1396 348 1468 391 fecta
1479 348 1656 385 absolutaque
1667 348 1802 385 elegantia
1815 370 1822 382 ,
1840 349 1986 378 mundum.
2028 350 2134 379 Caelum
2147 351 2259 387 quidem
2268 350 2341 379 haud
2353 349 2437 380 dubie
2446 361 2496 381 cae-

1397 386 1445 415 lati
1455 392 1616 429 argumento
1627 387 1749 414 diximus
1762 408 1769 420 .
1791 394 1821 415 ut
1832 386 2027 424 interpretatur
2038 388 2077 417 M.
2092 388 2184 417 Varro.
2226 388 2367 422 Perottus,
2394 388 2496 419 Caelum

1399 425 1474 461 quod
1493 424 1547 452 alio
1566 424 1652 452 modo
1667 424 1766 452 dicitur
1788 425 1928 453 mundus:
1954 426 2032 459 cujus
2051 426 2222 455 circunfloxu
2238 427 2338 454 cuneta
2351 431 2494 463 teguntur,

1399 461 1474 504 quod
1491 462 1617 491 caelatum
1630 484 1637 496 ‚
1660 462 1714 490 hoc
1724 461 1760 490 est
1773 460 1907 498 signatum
1916 462 2047 491 sideribus
2058 463 2096 492 sit.
2139 464 2209 492 Nam
2222 463 2296 500 quod
2309 463 2392 491 Varro
2404 473 2419 492 a
2429 473 2496 493 cavo

1398 501 1505 544 dietum
1521 500 1676 541 existimat.
1703 499 1786 528 nimis
1810 500 1910 529 durum
1928 500 1975 529 est.
2020 503 2041 529 A
2059 501 2154 530 Graeco
2168 510 2250 535 vero⁷
2275 500 2330 530 hoc
2351 500 2389 530 est
2407 497 2453 527 λ’πι)
2466 502 2497 529 τὲ

1399 544 1484 571 neem,
1507 539 1581 580 quod
1593 537 1725 574 significat
1735 546 1889 566 concavum
1904 560 1912 571 ‚
1934 538 2035 567 deduci
2047 548 2104 567 non
2117 539 2155 567 est
2172 538 2345 576 putandum:
2366 538 2498 576 siquidem
2512 559 2518 569 .

1400 584 1450 612 per
1465 585 1492 603 ue
1504 575 1685 617 scriberetur,
1707 575 1781 612 quod
1796 575 1930 612 nusquam
1942 575 2197 606 animadvertimus.

1381 612 1486 642 Caelum
1498 613 1552 641 hoc
1563 622 1648 649 quum
1659 614 1689 641 lit
1699 621 1827 642 neutrum
1837 635 1844 647 ‚
1867 614 1951 642 etiam
1960 613 2112 642 masculine
2121 621 2228 644 veteres
2237 614 2388 643 dixerunt:
2410 619 2440 643 ut
2448 613 2500 643 Eri.

1399 650 1463 694 nius
1475 672 1483 685 ,
1506 650 1599 686 Quem
1610 649 1699 679 Caelus
1715 651 1820 687 genuit.
1857 650 1928 680 Item
1944 660 2065 688 quoque,
2088 651 2177 681 Caelus
2192 652 2357 690 profundus.
2398 651 2429 680 V.
2444 652 2500 682 No-

1401 698 1479 717 nium
1493 697 1517 723 3.
1532 699 1576 724 44.
1604 690 1630 718 &c
1643 689 1719 717 Grut.
1735 688 1859 726 inscript.
1877 699 1904 726 p.
1917 700 1944 724 4.
1960 698 1987 718 n.
2004 699 2046 718 12.
2067 690 2136 718 item

1383 726 1465 760 Caeli,
1486 735 1566 754 orum
1577 748 1585 761 ‚
1606 726 1634 754 in
1647 726 1684 762 pl.
1707 727 1792 755 utitur
1803 726 1911 755 Lucret.
1924 735 1950 755 2.
1967 729 2046 761 1096.
2068 728 2095 756 &
2107 725 2191 756 Varro
2202 726 2238 757 de
2254 726 2284 757 L.
2296 726 2326 757 L.
2343 738 2369 764 4-
2380 735 2405 763 3.
2434 726 2500 758 Caeli

1404 765 1535 792 dicuntur
1544 764 1606 793 loca
1616 764 1711 801 supera
1721 786 1729 799 ,
1754 766 1780 793 ἅ
1791 774 1823 793 ea
1833 764 1971 799 Deorum,
1988 765 2040 794 &a

1384 802 1506 847 Caelum,¹
1528 811 1576 846 per
1585 803 1775 838 metaphoram
1787 801 1920 840 Superius
1931 801 2071 832 conclavis
2081 802 2193 832 lacunar
2203 802 2314 832 dicitur.
2336 802 2500 841 Vitruv.7.3.

1401 839 1522 868 Cameris
1535 839 1670 883 dispositis
1682 841 1707 868 ὅτ,
1720 841 1832 869 intextis
1842 862 1849 876 ,
1870 840 1959 868 imum
1969 840 2068 869 caelum
2081 850 2174 870 earum
2183 840 2352 870 trullissetur.

1383 876 1489 920 Caelum
1503 878 1608 915 capitis.
1650 877 1718 907 Plin.
1732 877 1779 921 lib.
1790 887 1837 921 ²11.
1852 887 1913 915 cap.
1926 886 1968 914 37.
1995 877 2058 908 Hoc
2067 878 2105 908 est
2123 878 2257 909 viscerum
2271 878 2499 917 excelfiffimum‚

1403 925 1619 953 proximumque
1631 914 1699 944 caelo
1712 922 1819 953 capitis.
1840 916 1882 945 De
1891 915 2014 945 cerebro.

1383 953 1489 983 Caelum
1501 975 1509 989 ,
1531 955 1582 982 Aer
1592 953 1675 982 etiam
1686 953 1796 982 dicitur.
1818 954 1891 990 Virg.
1908 964 1930 983 1.
1950 953 2048 991 Georg.
2065 964 2108 989 51.

1403 1029 1410 1036 ⁶
1531 1006 1580 1035 ³——
1591 992 1618 1020 &
1629 991 1735 1034 varium
1746 992 1805 1020 caeli
1816 991 1978 1029 praediscere
1992 1001 2109 1022 morem.
2204 990 2259 1021 Ubi
2271 991 2381 1022 Servius
2392 1013 2400 1027 ‚
2425 990 2500 1029 Caeli,

1401 1040 1419 1058 i.
1431 1039 1455 1058 e.
1479 1029 1562 1059 Aeris.
1603 1028 1661 1058 Cic.
1676 1039 1699 1058 1.
1711 1028 1793 1059 Tusc.
1808 1034 1852 1059 60.
1885 1029 1920 1058 Ut
1938 1037 2065 1066 penetret
2086 1029 2185 1059 caelum
2205 1029 2260 1059 hoc
2276 1031 2305 1058 in
2321 1040 2376 1068 quo
2390 1030 2478 1059 nubes
2492 1051 2502 1065 ,

1401 1068 1522 1102 imbres,
1553 1067 1686 1104 ventique
1711 1074 1867 1104 coguntur,
1898 1067 1974 1103 quod
2000 1068 2026 1097 Sc
2052 1067 2201 1098 humidum
2220 1069 2246 1098 &
2267 1067 2448 1105 caliginosum
2466 1068 2503 1098 est

1402 1113 1518 1144 propter
1529 1104 1719 1135 exhalationes
1728 1112 1814 1135 terrae.

1384 1142 1490 1173 Caelum
1500 1144 1555 1173 fine
1567 1143 1652 1172 Luna.
1676 1143 1742 1172 Plin.
1761 1143 1809 1173 lib.
1825 1154 1868 1178 14.
1883 1153 1943 1181 cap.
1959 1152 2005 1173 21.

1382 1181 1459 1210 Caelo
1471 1183 1526 1211 hoc
1536 1191 1568 1211 ac
1579 1181 1675 1219 spiritu
1685 1191 1784 1210 carere.
1826 1182 1883 1211 Cic.
1901 1191 1950 1219 pro
1962 1181 1993 1210 C.
2004 1180 2096 1211 Rabir.
2113 1191 2156 1217 15.
2179 1180 2274 1218 Quem
2289 1190 2348 1210 non
2361 1180 2448 1211 modo
2460 1178 2501 1211 fo-

1402 1230 1450 1287 {⁸0⁷
1471 1220 1518 1249 sed
1530 1220 1613 1286 etianli
1625 1219 1693 1248 caelo
1704 1219 1758 1248 hoc
1768 1229 1800 1249 ac
1811 1218 1907 1257 spiritu
1921 1218 2058 1249 Censoriae
2072 1219 2166 1257 leges,
2187 1227 2269 1257 atque
2291 1219 2366 1249 urbis
2390 1219 2506 1249 domici-

1417 1268 1443 1287 ιο
1458 1267 1552 1288 carere
1562 1267 1596 1286 vo
1610 1264 1718 1286 uerunt.

1403 1410 1494 1439 tofum
1507 1410 1560 1439 effe
1572 1409 1648 1439 solet.

1383 1447 1687 1524 ϋῦεέἓξξξίἒὲιῑεπίε
1699 1469 1708 1483 ,
1728 1447 1747 1476 i.
1758 1456 1782 1476 e.
1803 1447 1864 1477 Diis
1874 1449 1900 1478 δι
1913 1447 2075 1478 hominibus
2083 1447 2222 1478 molestus.
2242 1447 2307 1478 Sen.
2319 1446 2351 1476 in
2359 1434 2504 1485 Hippola.

1385 1525 1508 1562 Abrupta
1520 1523 1588 1553 caeli.
1613 1522 1780 1554 Stat.Theb.
1795 1531 1820 1560 3.
1831 1526 1895 1554 262.

1385 1563 1486 1601 Aperta
1499 1562 1568 1592 caeli.
1591 1561 1698 1592 Lucret.
1710 1561 1759 1591 lib.
1770 1564 1796 1591 6.

1385 1603 1439 1640 Arx
1449 1600 1518 1630 caeli.
1540 1600 1613 1638 Virg.
1627 1610 1650 1629 1.
1663 1600 1724 1630 AEn.
1735 1609 1799 1636 254.
1930 1615 1968 1621 —
1979 1599 2040 1630 caeli
2052 1599 2151 1637 quibus
2165 1599 2265 1630 annuis
2274 1608 2376 1630 arcem.

1386 1639 1520 1677 Aspiratio
1529 1638 1588 1668 caeli
1597 1638 1685 1676 gravis
1697 1640 1722 1668 ἃ
1732 1636 1870 1676 pestilens.
1892 1637 1950 1667 Cic.
1967 1647 1990 1668 1.
2002 1639 2038 1668 de
2046 1638 2140 1668 Divin.
2156 1648 2217 1674 130.

1385 1678 1451 1708 Axis
1462 1677 1531 1706 caeli.
1572 1677 1645 1715 Virg.
1658 1679 1684 1706 6.
1702 1676 1762 1708 [ΕΠ.
1776 1686 1840 1712 790.
1864 1676 1883 1705 i.
1895 1685 1920 1705 e.
1945 1675 2061 1707 Caelum.
2081 1676 2215 1714 Intelligit
2228 1681 2323 1706 autem
2334 1684 2385 1713 per
2394 1672 2524 1711 Caelumr

1405 1716 1522 1745 Divinos
1537 1714 1658 1744 honores
1669 1736 1677 1750 ,
1698 1720 1730 1743 ut
1739 1714 1835 1744 Servio
1846 1713 1947 1752 placet.

1386 1751 1466 1785 Bona
1477 1752 1545 1783 caeli.
1571 1753 1656 1782 Ovid.
1672 1762 1697 1782 2.
1714 1751 1783 1782 Met.
1799 1754 1844 1788 96.

1480 1792 1577 1828 Deque
1587 1797 1628 1820 tot
1638 1800 1670 1820 ac
1681 1791 1763 1820 tantis
1774 1790 1851 1825 caeli.
1873 1795 2024 1828 terraeque,
2047 1786 2136 1819 maris
2148 1798 2183 1821 ue

1485 1829 1568 1859 Posce
1581 1829 1663 1858 bonis
1671 1828 1776 1865 aliquid
1787 1849 1795 1864 ‚
1816 1827 1922 1857 nullam
1931 1829 2036 1865 patiere
2048 1828 2129 1866 repul
2141 1838 2194 1858 am.

1388 1868 1564 1899 Commercia
1573 1866 1641 1896 caeli.
1663 1866 1748 1896 Ovid.
1763 1875 1786 1903 3.
1804 1866 1839 1895 de
1850 1867 1914 1895 Arte
1924 1870 1982 1895 Am.
1995 1876 2058 1902 549·

1482 1905 1526 1935 Est
1538 1905 1606 1934 deus
1620 1905 1649 1934 in
1659 1904 1741 1933 nobis
1752 1926 1760 1939 ‚
1780 1904 1843 1933 sunt
1852 1905 1878 1934 ἃ
1890 1904 2060 1934 commercia
2075 1902 2144 1933 caeli.

1390 1943 1539 1974 Conversio
1552 1942 1621 1972 caeli.
1647 1942 1705 1972 Cic.
1717 1942 1752 1971 de
1766 1942 1862 1971 Somn.
1876 1942 1950 1977 Scip.
1962 1952 1988 1977 9.
2497 1959 2501 1965 ·

1390 1982 1522 2011 Convexa
1535 1980 1602 2010 caeli.
1623 1981 1641 2010 i.
1654 1990 1678 2009 e.
1701 1980 1866 2010 Convexum
1874 1979 1983 2016 caelum‚
2005 1979 2033 2010 h.
2046 1990 2070 2009 e.
2088 1979 2248 2010 Curvatum.
2264 1978 2508 2017 Virg.4.AEn.451.

1390 2019 1489 2049 Cursus
1501 2020 1570 2048 caeli.
1591 2019 1649 2048 Cic.
1663 2019 1698 2047 de
1711 2019 1806 2048 Somn.
1819 2018 1894 2055 Scip.
1911 2028 1953 2047 12.

1389 2057 1482 2087 Decus
1492 2057 1552 2087 caeli
1564 2057 1706 2091 lucidum,
1729 2056 1823 2085 Diana.
1847 2056 1913 2088 Hor.
1925 2056 1955 2085 in
1972 2052 2165 2085 Carm.Secul.
2178 2065 2204 2085 2.

1389 2093 1552 2125 Extremum
1565 2097 1590 2124 δι
1601 2094 1731 2124 ultimum
1742 2092 1841 2123 mundi
1849 2093 1957 2123 caelum.
1997 2094 2055 2123 Cic.
2070 2103 2096 2123 2.
2110 2094 2145 2122 de
2156 2093 2249 2122 Divin.
2263 2102 2308 2128 91.
2338 2091 2408 2122 Inde
2417 2091 2454 2122 ad
2463 2099 2512 2122 cae·

1390 2168 1393 2169 .
1411 2133 1469 2163 lum
1480 2133 1570 2171 ipsum
1582 2155 1590 2168 ‚
1611 2133 1686 2170 quod
1697 2138 1851 2161 extremum
1861 2139 1893 2161 ac
1903 2131 2035 2161 ultimum
2046 2131 2144 2161 mundi
2153 2131 2200 2161 est.

1390 2170 1474 2202 Faces
1491 2171 1642 2209 noctivagae
1657 2170 1726 2200 caeli.
1749 2169 1857 2199 Lucret.
1878 2170 1926 2199 lib.
1939 2180 1963 2206 5.
1979 2180 2060 2206 1190.

1391 2208 1508 2240 Fulmen
1526 2209 1595 2238 caeli.
1618 2209 1726 2238 Lucret.
1745 2208 1794 2237 lib.
1809 2218 1832 2237 1.
1852 2218 1915 2244 490.

1390 2248 1514 2278 Gravitas
1524 2247 1592 2276 caeli.
1631 2246 1689 2276 Cic.
1705 2255 1747 2275 11.
1764 2248 1816 2275 Att.
1830 2255 1874 2282 24.
1895 2246 1956 2281 Jam
1969 2245 2047 2275 enim
2063 2253 2180 2283 corpore
2195 2244 2243 2275 vix
2261 2243 2379 2274 sustineo
2401 2242 2512 2282 gravin-

1410 2292 1468 2315 tem
1480 2285 1561 2322 hujus
1574 2283 1642 2314 cael‘i.
1668 2285 1685 2313 i.
1698 2294 1722 2314 e.
1744 2283 1813 2313 aeris
1827 2293 1938 2313 noxam.

1391 2320 1491 2354 Hiatus
1502 2323 1563 2353 caeli
1577 2322 1697 2358 aterris,
1724 2321 1858 2352 Distantia
1876 2332 1937 2359 quae
1957 2321 1997 2352 est
2017 2320 2090 2352 inter
2108 2318 2363 2351 caelum&terram.
2405 2318 2510 2350 Lucree
2543 2326 2546 2329 '
2563 2315 2571 2366 ξ’·

1412 2361 1459 2391 lib.
1471 2372 1497 2396 4.
1510 2371 1574 2397 419.

1392 2397 1491 2430 Honor
1502 2399 1570 2429 caeli.
1594 2397 1678 2428 Ovid.
1695 2407 1718 2428 1.
1731 2396 1800 2428 Met.
1815 2406 1877 2433 194-

1391 2437 1501 2468 Humor
1512 2437 1572 2467 caeli
1582 2436 1702 2466 mobilis.
1728 2436 1799 2473 Virg.
1814 2445 1838 2466 1.
1855 2435 1954 2473 Georg.
1965 2442 2030 2472 417.

1475 2476 1576 2505 Verum
1587 2475 1635 2504 ubi
1645 2475 1791 2513 tempestas
1802 2494 1810 2508 .‚
1832 2475 1858 2502 Sc
1873 2473 1933 2502 caeli
1944 2473 2057 2502 mobilis
2071 2472 2172 2502 humor

1475 2513 1621 2543 Mutavere
1630 2513 1696 2542 vias.
1793 2511 1904 2541 videtur
1916 2510 2011 2540 Nubes
2023 2510 2186 2548 intelligere.

1393 2549 1543 2582 Inclinatio
1560 2550 1628 2580 caeli.
1659 2550 1689 2580 V.
1712 2561 1721 2578 1
1729 2559 1751 2578 N
1761 2559 1779 2579 c
1787 2560 1803 2578 L
1814 2560 1823 2578 1
1834 2559 1855 2578 N
1865 2559 1892 2578 o.

1395 2590 1503 2619 Lumen
1518 2589 1647 2627 spirabile
1664 2587 1734 2632 caeli.
1775 2587 1847 2625 Virg.
1862 2596 1886 2625 3.
1909 2585 1970 2617 AEn.
1986 2588 2050 2616 600.
2072 2584 2229 2624 Spirabile‚
2258 2583 2276 2615 i.
2289 2594 2314 2615 e.
2335 2583 2442 2621 Vitale,
2461 2588 2514 2622 quo
2562 2566 2585 2638 ‘3'ss
2603 2563 2604 2570 i

1414 2627 1558 2665 spiramus.
1592 2627 1714 2657 Servius.

1396 2665 1507 2696 Meritus
1524 2665 1592 2694 caeli.
1615 2665 1687 2701 Virg.
1703 2666 1729 2693 6.
1748 2663 1809 2694 lEn.
1822 2667 1886 2699 850.

1396 2703 1717 2734 Mentescaelifflidera.
1756 2702 1828 2739 Virg.
1842 2711 1866 2730 1·
1883 2701 1983 2744 Ceorg.
1997 2707 2059 2737 335.
2087 2699 2106 2730 i.
2120 2710 2146 2730 e.
2167 2698 2327 2729 Duodecim
2345 2697 2419 2736 signa
2431 2718 2439 2734 ,
2459 2695 2514 2736 qui·
2602 2720 2604 2732 ,

1418 2742 1469 2771 bus
1478 2741 1585 2770 menses
1595 2739 1797 2778 cognoscimus.
1818 2740 1937 2769 Servius.

1397 2779 1476 2810 meta
1488 2779 1548 2808 caeli
1558 2780 1659 2807 media.
1684 2778 1755 2814 Virg.
1767 2787 1791 2813 ς.
1803 2776 1864 2806 AEn.
1875 2782 1906 2813 83
1916 2786 1940 2811 ς.

1489 2817 1605 2853 Jamque
1615 2817 1670 2846 fere
1681 2816 1802 2844 mediam
1813 2814 1871 2844 caeli
1884 2823 1940 2843 nox
1951 2812 2067 2843 humida
2074 2818 2178 2844 metam

1398 2852 1485 2886 Minoe
1497 2855 1557 2884 caeli
1567 2855 1721 2892 pelagique.
1743 2853 1817 2890 Virg.
1830 2856 1855 2881 6.
1866 2852 1928 2882 AEn.
1942 2860 2004 2888 113.

1420 2893 1470 2922 Pro
1483 2893 1580 2922 Ruinis
1591 2915 1598 2925 .
1619 2892 1685 2921 vide
1699 2902 1718 2920 M
1728 2899 1807 2919 1Nffi.
1828 2890 1863 2920 H.
1873 2890 1912 2919 St.

1399 2928 1516 2961 Morbus
1532 2929 1591 2960 caeli
1602 2952 1609 2965 ,
1632 2929 1784 2967 Corruptus
1793 2930 1819 2958 S<
1831 2928 1962 2966 pestilens
1973 2937 2026 2957 aer.
2050 2927 2123 2965 Virg.
2135 2934 2158 2964 3.
2172 2926 2271 2965 Georg.
2282 2929 2347 2963 478.

1400 2969 1466 2999 Mos
1477 2969 1535 2998 caeli
1545 2969 1642 2997 varius.
1667 2968 1739 3005 Virg.
1754 2977 1775 2996 1.
1790 2967 1891 3004 Georg.
1905 2976 1949 3001 51.

1399 3006 1502 3037 Nubila
1514 3006 1582 3036 caeli.
1606 3006 1678 3043 Virg.
1689 3016 1714 3041 4.
1730 3004 1901 3041 Georg.166.

1400 3045 1540 3083 Olympus
1552 3045 1628 3074 caeli:
1650 3046 1667 3072 i.
1681 3053 1705 3072 e.
1729 3042 1842 3072 Caelum.
1865 3043 1891 3071 Sc
1902 3040 1939 3070 est
1956 3038 2131 3070 pleonasmus
2144 3062 2151 3076 ,
2172 3048 2259 3077 quum
2273 3040 2434 3069 alterutrum
2448 3032 2516 3067 suffi-

1421 3091 1513 3113 ceret:
1537 3090 1583 3112 aut
1594 3082 1723 3119 olympus
1733 3103 1741 3114 ,
1763 3086 1811 3109 aut
1820 3077 1929 3108 caeluni.
1951 3078 2023 3116 Virg.
2036 3082 2061 3107 6.
2074 3079 2136 3108 AEn.
2150 3086 2212 3114 579.

1496 3121 1624 3158 Quantus
1642 3121 1676 3148 ad
1687 3119 1838 3148 aethereum
1849 3117 1908 3146 caeli
1918 3116 2056 3154 suspeetus
2068 3116 2233 3153 Olympum.

1404 3159 1506 3189 Palatia
1516 3159 1575 3188 caeli
1586 3179 1593 3193 ‚
1615 3157 1699 3187 Ovid.
1717 3166 1738 3185 1.
1753 3156 1821 3185 Met.
1834 3158 1894 3191 176.
1919 3155 2034 3189 Regiam
2050 3154 2128 3190 Jovis
2140 3159 2230 3182 vocat.

1403 3197 1545 3227 Particulae
1560 3196 1620 3226 caeli
1630 3195 1749 3224 officere.
1773 3195 1790 3223 i.
1803 3203 1826 3223 e.
1850 3192 1961 3222 Lumini
1974 3192 2097 3222 sedium..
2120 3192 2178 3221 Cic.
2194 3201 2215 3219 1.
2233 3188 2268 3219 de
2281 3191 2357 3220 Orat.
2374 3197 2434 3224 179.

1403 3235 1484 3302 P}?¹g·¹
1494 3234 1562 3278 caeli.
1602 3232 1711 3263 Lucret.
1724 3231 1772 3261 lib.
1788 3242 1809 3260 1.
1833 3230 1912 3267 Plaga
1926 3231 2018 3268 priore
2030 3230 2130 3268 longa,
2152 3230 2169 3258 i.
2183 3238 2208 3258 e.
2230 3227 2367 3259 Percuffio
2377 3248 2386 3263 ,
2407 3228 2432 3256 ἃ
2441 3222 2516 3255 intel·

1437 3283 1443 3301 i
1456 3281 1487 3302 ¹it
1496 3279 1625 3302 tonitrua.

1404 3284 1484 3341 Porbta
1494 3310 1553 3339 caeli
1567 3333 1575 3345 ‚
1597 3309 1629 3339 V.
1653 3307 1724 3338 infra
1734 3306 1829 3337 Tonat
1842 3310 1921 3344 porta
1932 3304 2000 3335 caeli.

1404 3349 1533 3386 l’ronipta
1543 3347 1613 3377 caeli.
1638 3347 1744 3376 Lucret.
1756 3345 1804 3374 lib.
1815 3348 1841 3374 6.
1853 3350 1916 3381 817.
1938 3344 1955 3372 i.
1969 3353 1992 3372 e.
2017 3342 2088 3372 Loca
2099 3347 2193 3379 aperta
2204 3362 2211 3374 .
2233 3343 2259 3371 6.-
2270 3341 2341 3371 auris
2351 3339 2481 3378 expolita.

1403 3386 1506 3416 Rabies
1515 3386 1573 3415 caeli
1587 3384 1737 3421 marisque:
1761 3384 1778 3412 i.
1792 3393 1816 3412 e.
1839 3380 2000 3420 Tempestas
2010 3380 2157 3411 saeviffima.
2183 3379 2255 3416 Virg.
2267 3389 2290 3415 5.
2303 3378 2364 3409 AEn.
2378 3384 2441 3413 802.

1405 3425 1491 3462 Regia
1505 3424 1573 3453 caeli.
1596 3423 1667 3460 Virg.
1685 3434 1706 3451 ι.
1720 3422 1818 3458 Georg.
1834 3428 1895 3455 50³·

1406 3462 1494 3500 Regio
1506 3462 1574 3491 caeli.
1597 3461 1669 3498 Virg.
1681 3469 1705 3489 2.
1723 3460 1821 3495 Georg.
1834 3461 1898 3493 πόα).
2026 3491 2032 3499 .

1405 3498 1466 3529 Rex
1478 3499 1546 3529 caeli.
1571 3499 1642 3533 Virg.
1656 3509 1681 3533 4.
1693 3498 1791 3533 Georg.
1810 3504 1870 3531 15²·
1894 3494 1912 3523 i.
1925 3504 1949 3524 e.
1967 3493 2086 3530 Jupiter.

1406 3537 1498 3568 Ruina
1508 3536 1576 3566 caeli.
1598 3534 1669 3573 Virg.
1685 3546 1707 3565 1.
1722 3534 1781 3564 AEn.
1798 3541 1859 3569 ¹3³-

1488 3575 1629 3605 Fluffibus
1639 3572 1780 3611 opprefl‘os
1787 3571 1874 3600 Troas
1888 3568 2002 3605 caelique
2014 3567 2101 3598 ruina.
2141 3566 2160 3596 i.
2174 3577 2197 3596 e.
2220 3564 2391 3600 Tonstribus,
2404 3568 2514 3602 quorum

2265 2810 2435 2850 Contigerat.

1426 3610 1508 3643 sonus
1520 3612 1612 3642 similis
1628 3612 1665 3640 est
1676 3611 1770 3640 ruinis.
1779 3609 1899 3638 Servius.
1911 3607 2004 3643 [Adde
2013 3612 2122 3640 ventos,
2132 3604 2243 3640 imbres,
2255 3606 2306 3634 &a
2318 3602 2512 3642 tempestatum.
2554 3597 2557 3608 ¹

1406 3652 1534 3689 Spatium
1546 3650 1614 3679 czeli.
1638 3649 1708 3685 Virg.
1723 3658 1747 3684 3.
1762 3647 1817 3677 Ecl.
1833 3657 1894 3680 τος.

1406 3690 1525 3727 Spiritus
1535 3688 1603 3718 caeli.
2175 3716 2180 3723 ὴ

1427 3727 1565 3760 Catilina,
1587 3725 1726 3760 autliujus
1739 3723 1846 3760 spiritus
1857 3719 1979 3750 caeliess‘e
1989 3719 2150 3755 jucundus?
2174 3727 2191 3746 i.
2208 3727 2231 3746 e.
2256 3717 2341 3746 Aeris.

1407 3765 1533 3794 Sublima
1544 3763 1622 3799 caeli,
1645 3772 1694 3800 pro
1705 3760 1861 3791 Sublimum
1875 3758 1981 3787 ccelum.
2002 3756 2110 3785 Lucret.
2123 3755 2171 3784 lib.
2184 3764 2207 3784 1.
2221 3763 2284 3792 341.

1408 3801 1527 3831 Tectum
1537 3801 1597 3830 caeli
1609 3800 1694 3829 altum
1707 3821 1714 3832 .
1736 3797 1849 3828 Caelum.
1873 3796 1937 3825 Hor.
1956 3805 1977 3823 1.
1994 3794 2080 3823 Serm.
2096 3803 2120 3829 ς.
2138 3801 2199 3829 103.

1409 3839 1570 3876 Tempestas
1583 3838 1642 3867 coeli
1654 3835 1838 3874 liquidillima.
1862 3833 1970 3862 Liicret.
1984 3832 2031 3861 lib.
2045 3843 2070 3867 4.
2084 3834 2146 3866 169.

1409 3876 1530 3913 Templa
1541 3877 1600 3905 caeli
1611 3898 1618 3908 .
1641 3885 1691 3913 pro
1700 3873 1774 3903 Cir-lo
1789 3872 1854 3910 ipso.
1880 3871 1986 3900 Lucret.
1999 3870 2048 3898 lib.
2062 3872 2088 3899 6.
2103 3869 2183 3898 1226.

1410 3913 1530 3951 Templa
1540 3913 1639 3942 caerula
1650 3911 1719 3942 caeli.
1739 3911 1798 3940 Cic.
1814 3921 1836 3941 1.
1847 3909 1883 3938 de
1894 3909 1986 3938 Divin.
1995 3917 2042 3943 41.

1383 1295 1404 1325 A
1419 1303 1487 1325 terra
1499 1297 1534 1325 ad
1549 1296 1656 1324 caelum.
1697 1294 1728 1324 V.
1752 1305 1773 1324 A
1788 1294 1953 1333 praepositio.
2527 1299 2531 1322 Ι
2570 1233 2604 1326 ,ii

1381 1334 1579 1363 Calamitosum
1589 1333 1656 1362 caelo
1667 1342 1699 1362 ac
1709 1332 1773 1362 loco
1784 1333 1909 1370 veetigal.
1941 1334 2000 1363 Cic.
2011 1334 2041 1363 in
2053 1343 2080 1364 2.
2093 1333 2183 1372 Agrar.
2192 1338 2237 1367 80·
2266 1333 2302 1363 At
2311 1342 2376 1363 vero
2387 1332 2443 1362 hoc
2451 1331 2508 1377 agri
2526 1351 2532 1358 Α
2570 1330 2572 1335 “

1402 1372 1535 1410 Campani
1546 1371 1677 1408 veftigah
1690 1373 1742 1401 διε.
1764 1380 1817 1400 nec
1827 1371 1960 1401 fructibus
1971 1372 2077 1401 varium
2092 1394 2100 1408 ‚
2123 1381 2177 1401 nec
2189 1370 2256 1401 caelo
2267 1381 2300 1401 ac
2318 1371 2382 1401 loco
2398 1370 2516 1401 calami-1v
2570 1383 2572 1402 i

1646 3687 1703 3716 Cic.
1725 3696 1747 3715 i.
1764 3685 1792 3713 in
1802 3684 1935 3716 Catil.it.
1970 3681 2095 3711 Potestne
2118 3679 2170 3709 tibi
2192 3678 2274 3715 hujus
2289 3678 2353 3708 vitae
2375 3677 2434 3708 haec
2450 3675 2512 3708 lux,
2554 3661 2555 3671 .

2572 701 2575 831 l

2572 865 2574 947 ε

2571 1013 2604 1075 ξε

2588 1054 2604 1185 ῑ
