2600 4177
527 184 559 220 C
656 185 692 220 O
787 184 827 221 M

139 267 237 333 {untia
249 264 362 305 repulsae
378 276 384 297 :
406 276 464 296 non
472 266 582 296 testium
592 267 702 304 potius,
722 276 806 304 quam
829 266 1039 306 suffragatorum
1057 271 1240 310 comparatiO.

165 306 266 334 udaeua

125 339 289 371 Divitiarum
300 342 382 371 nimis
394 341 475 371 ant-:ia
486 341 666 377 comparatio.
689 341 778 371 Valer.
797 342 871 371 Max,
886 342 933 372 lib.
946 356 971 373 a.
988 354 1049 381 cap.
1061 356 1088 379 4-
1103 356 1127 380 ς.

124 378 302 417 Comparatio
314 377 425 411 Latine„
447 378 577 414 Analogia
593 378 687 407 Graece
699 380 809 409 dicitur.
834 381 890 409 Cic.
904 381 939 410 de
949 381 1070 412 Univers.
1085 393 1127 412 12.

145 417 215 446 Vide
226 427 285 454 quae
296 416 382 445 scribo
393 417 422 444 in
433 425 494 444 mea
513 416 546 444 ad
560 415 633 444 Vairr.
660 418 819 453 App-:udice
835 417 889 446 hoc
909 419 943 446 de
963 419 1035 450 loco.
1058 420 1092 452 H.
1103 421 1143 451 St.
1183 420 1240 451 Nisi

144 461 238 484 tamen
248 454 343 487 fallor,
370 463 426 481 non
439 454 568 482 meminit
578 454 661 489 hujus
672 453 726 483 loci
741 455 768 482 in
782 464 813 483 ea
824 456 993 492 Appendice.

127 492 303 529 Comparatio
312 491 435 519 crit-uinis
446 491 511 527 quid
524 491 571 525 sit,
592 491 712 520 declarat
731 492 788 520 Cic.
803 503 823 521 i.
848 494 884 521 de
904 494 1012 523 invent.
1029 505 1069 528 1ς.
1092 493 1244 533 Compara-

146 531 186 558 tio
201 529 239 558 est
249 551 257 564 ,
279 527 384 564 inquit,
405 537 491 564 quum
502 528 579 558 aliud
593 528 707 564 aliquod
717 529 820 558 factum
833 532 937 560 rectum
951 553 959 567 ,
981 542 1028 561 aut
1044 532 1112 562 utile
1129 540 1244 562 conteu-

146 568 236 600 ditur,
258 566 332 602 quod
348 572 379 595 ut
396 565 494 601 fieret,
515 565 604 602 illud,
625 566 700 604 quod
716 568 856 604 arguitur,
876 568 979 599 dicitur
991 569 1045 599 effe
1058 570 1242 600 commill'um.

145 605 219 634 conf.
232 613 257 633 2.
269 611 314 639 72.

126 641 258 671 Criminis
271 640 443 678 comparatio
456 641 567 671 inventa
582 642 607 671 ἃ
617 640 750 671 adornata
758 641 791 671 ab
803 641 905 680 aliquo.
928 643 985 674 Cic.
999 655 1050 682 pro
1064 644 1243 676 Cluent.ior.

126 678 512 716 Constringicomparatione.
553 679 612 709 Cic.
625 680 660 708 de
674 678 795 709 Univers.
809 690 854 711 21.
876 681 894 710 i.
907 691 930 710 e.
953 683 1177 718 Coniunctione,
1200 683 1245 714 vel

146 718 338 754 proportione.
378 716 424 746 Sic
435 717 510 746 enim
528 717 584 754 ipse
602 717 700 747 Cicero
715 717 799 746 docet
809 719 902 755 paucis
913 727 977 748 ante
992 721 1120 752 versibus.
1163 722 1245 758 Quae-

147 755 210 783 dam
222 753 389 791 exemplaria
401 777 409 788 ,
431 764 481 798 pro
495 754 710 791 Comparatione
721 776 729 789 ‚
752 755 855 785 habeut
867 758 1060 794 Proportione.

128 788 305 830 Comparatio
316 814 323 824 .
346 791 518 822 Affimilatio.
559 792 627 822 Plin.
643 802 669 827 7.
682 792 762 829 Epist.
776 803 820 830 29.
842 794 899 824 Sed
910 805 995 832 quum
1012 796 1074 833 lego
1087 817 1096 832 ,
1115 805 1151 826 ex
1169 805 1246 826 com-

147 830 290 867 paratione
299 826 387 858 sentio
399 852 407 864 ,
430 840 511 867 quam
528 831 601 860 male
611 829 734 860 scribam.

127 868 280 897 Contentio
292 869 317 897 St
328 869 500 905 comparatio
511 868 546 897 de
556 868 665 898 duobus
680 867 809 897 honestis.
829 868 888 898 Cic.
902 880 924 898 1.
938 870 997 900 Off.
1010 880 1052 905 5²-
1075 870 1164 901 Potest
1177 871 1246 901 inci-

147 906 213 935 dere
228 905 297 943 saepe
308 907 454 935 contentio
466 907 490 936 8.-
501 907 682 944 comparatio,
693 905 728 934 de
737 905 849 936 duobus
858 906 978 938 honestis
992 916 1084 939 utrum
1094 909 1243 940 honestius.

125 942 282 973 Deterioris
294 944 473 981 comparatio.
496 942 585 973 Tacit.
601 954 624 974 1.
646 945 715 973 Ann.
737 953 779 973 ιο.

126 980 278 1010 Meliorum
288 982 467 1017 comparatio.
491 981 566 1011 Curt.
581 990 606 1016 ι.
625 992 666 1012 11.
679 991 723 1011 20.

125 1019 268 1048 Orationis
278 1019 395 1054 alicujus
406 1021 575 1058 comparatio
584 1029 647 1048 cum
659 1019 765 1056 scriptis
775 1018 882 1050 alienis.
906 1019 964 1051 Cic.
977 1031 1000 1051 1.
1015 1022 1051 1052 de
1066 1022 1146 1052 Orat.
1159 1031 1224 1059 217.

125 1056 235 1087 Parium
247 1057 419 1094 comparatio
431 1066 483 1086 nec
498 1057 651 1087 elationem
669 1057 753 1087 habet
764 1079 772 1092 ,
793 1067 846 1088 nee
867 1057 1092 1091 submissionem:
1114 1061 1152 1090 est
1168 1061 1244 1091 enim

146 1093 269 1131 aequalis.
290 1094 349 1123 Cic.
365 1095 394 1123 in
405 1094 506 1133 Topic.
518 1105 543 1132 7.

124 1131 265 1162 Similium
276 1134 456 1170 comparatio
479 1131 599 1170 Quintil.
611 1131 658 1161 lib.
673 1141 695 1161 1.
709 1142 771 1170 cap.
784 1135 812 1162 6.

125 1169 283 1200 Utilitatum
296 1171 526 1207 comparationes.
549 1171 608 1200 Cic.
622 1179 647 1199 2.
660 1170 716 1199 Off.
731 1175 776 1204 88.

127 1206 263 1238 Difficiles
273 1208 308 1236 ad
320 1209 502 1243 judicandum
511 1208 719 1245 comparatione
729 1217 781 1238 res.
802 1206 859 1238 Cic.
881 1218 922 1239 ιο.
944 1208 1018 1240 Fam.
1034 1220 1059 1248 ς.

124 1244 168 1278 Ex
176 1246 385 1284 comparatione
395 1254 452 1275 tam
465 1247 596 1276 ordinatae
609 1245 762 1284 disciplinae
771 1268 779 1281 ‚
800 1256 851 1284 pro
865 1246 935 1277 Cum
955 1255 1013 1279 tam
1030 1248 1157 1280 ordinata
1166 1247 1246 1281 disci-

147 1283 234 1322 plina.
259 1283 292 1312 H.
306 1283 343 1312 St.
370 1283 407 1313 Ex
426 1284 481 1313 Liv.
494 1294 538 1320 ²4·
552 1290 597 1318 48.
610 1293 650 1321 pr.

127 1322 160 1352 ln
172 1321 381 1359 comparatione
392 1322 432 1350 vis
443 1331 534 1351 rerum
545 1322 674 1351 cernitur.
697 1320 756 1351 Cic.
766 1321 796 1350 in
807 1320 909 1359 Topic.
924 1328 970 1357 80.

127 1358 236 1390 Ducere
247 1360 486 1397 comparationem
497 1369 551 1389 una
562 1360 612 1388 via.
637 1359 757 1395 Quintil.
770 1358 817 1389 lib.
830 1369 854 1395 7.
870 1370 931 1398 cap.
947 1370 971 1396 3.

124 1395 262 1428 Differere
270 1396 305 1426 de
315 1398 526 1435 comparatione
534 1397 688 1435 aliquarum
699 1406 798 1427 rerum.
820 1398 879 1427 Cic.
897 1408 919 1428 1.
933 1399 991 1429 Off.
1008 1409 1051 1429 10.

127 1435 172 1502 Art}
189 1434 307 1501 effigiem
326 1435 399 1464 inter
416 1435 443 1464 se
464 1436 705 1474 comparationem
721 1435 874 1465 conficiunt
889 1436 975 1475 spatia
986 1437 1078 1468 stellae.
1100 1437 1159 1470 Cic.
1172 1446 1198 1469 2.
1210 1438 1247 1469 de

176 1480 212 1502 at.
257 1482 313 1502 eor.
344 1483 368 1502 2.

0 1540 2 1548 ,
127 1483 338 1548 Comparatio,5
346 1511 522 1541 Constitutio.
562 1510 656 1540 Liv.6.
668 1519 712 1547 30.
725 1520 766 1549 pr.
788 1510 878 1540 Volsci
891 1513 1032 1549 provincia
1041 1513 1097 1543 fine
1105 1513 1176 1544 sorte
1188 1536 1197 1550 ,
1217 1514 1249 1545 si.

0 1567 6 1604 ι
148 1558 184 1578 ne
194 1549 405 1586 comparatione
417 1570 425 1580 .
447 1554 525 1578 extra
537 1549 664 1578 ordinem
676 1549 749 1578 data.
772 1548 801 1578 V.
824 1550 852 1578 in
867 1549 925 1587 ipso
936 1550 1019 1580 verbo
1032 1574 1040 1587 ,
1062 1551 1097 1580 ad
1113 1551 1207 1582 finem.

0 1606 4 1622 Ι

0 1670 6 1686 Ι

87 1586 114 1618 C
123 1596 141 1616 o
149 1598 170 1616 M
178 1596 194 1615 e
204 1596 223 1616 A
232 1596 248 1615 a
258 1590 274 1615 Ᾰ
284 1596 302 1615 τ
310 1595 336 1622 u,
357 1585 425 1616 Λᾶν.
448 1586 656 1623 [συμβατικῶς]
677 1586 735 1616 Cic.
751 1588 780 1616 in
794 1586 944 1625 Topic.84.
968 1588 1063 1625 Quum
1072 1596 1165 1620 autem
1176 1600 1248 1627 quae-

127 1624 195 1654 titur
215 1624 296 1661 quale
325 1624 394 1662 quid
421 1624 453 1653 sit
463 1647 470 1660 ‚
492 1630 540 1654 aut
569 1624 730 1662 simpliciter
745 1625 873 1662 quaeritur
885 1647 893 1660 ‚
924 1634 971 1655 aut
993 1633 1154 1666 comparate
1163 1650 1172 1665 ‚
1191 1630 1246 1660 &c-

129 1662 295 1700 Comparate
307 1684 314 1697 ,
336 1663 353 1692 i.
367 1673 392 1692 e.
414 1663 610 1700 Comparative
618 1684 626 1698 ‚
645 1663 762 1692 relative
772 1685 780 1697 ,
801 1663 960 1701 respective.

0 1706 3 1722 '
91 1699 115 1731 C
124 1710 141 1730 o
150 1711 171 1729 Μ
179 1711 193 1729 r
201 1710 244 1729 AR
252 1704 269 1729 Κ
278 1710 297 1728 τ
306 1710 323 1729 o
332 1711 348 1729 R
359 1722 367 1735 ,
390 1701 454 1730 oris.
477 1710 514 1730 m.
537 1699 608 1738 Lege
623 1711 646 1730 1.
666 1700 698 1730 C.
709 1700 745 1730 de
761 1701 844 1738 prred.
863 1700 1006 1731 decurion.
1029 1701 1181 1740 Oppress‘us
1197 1714 1248 1742 po.

0 1724 6 1768 l
129 1738 217 1768 tentia
229 1738 435 1776 comparatoris.
442 1737 557 1768 EtGloff.
563 1738 608 1768 Gr.
616 1737 1245 1776 Latmmvn'm.Comparator,Commerciarius.

0 1768 7 1809 l
91 1775 116 1807 C
125 1785 142 1805 ο
152 1786 174 1805 in
182 1785 196 1804 Ρ
206 1785 225 1805 A
235 1779 278 1805 RK
287 1785 307 1804 T
315 1786 332 1805 R
342 1787 351 1805 1
362 1785 392 1811 x,
404 1776 463 1806 Icis.
475 1776 494 1806 f.
508 1775 587 1806 Zeno
599 1776 698 1805 Veron.
710 1776 815 1811 ‚lustitia
824 1777 1036 1807 immortalitatis
1049 1782 1246 1817 comparatrix.

8 1832 11 1838 .
90 1813 140 1845 Co
149 1825 172 1843 M
181 1824 195 1842 p
205 1823 246 1843 AR
256 1815 343 1843 ABTL
352 1825 361 1842 1
372 1824 384 1843 s
393 1835 400 1849 ,
423 1824 448 1844 e,
470 1815 674 1850 [συγκφιττκὶς]
695 1814 752 1843 Cic.
769 1824 791 1843 1.
809 1815 844 1844 de
860 1815 967 1845 Invent.
982 1826 1028 1852 49.
1050 1815 1248 1854 comparabile

129 1858 224 1881 autem
235 1852 274 1881 est
286 1874 294 1887 ,
317 1852 394 1889 quod
404 1852 434 1881 in
443 1854 524 1881 rebus
535 1851 646 1882 diverlis
657 1853 773 1881 similem
788 1852 911 1890 aliquam
921 1854 1058 1883 rationem
1069 1855 1205 1886 continet.

125 1889 229 1921 'Simile
240 1891 266 1920 &
275 1889 472 1928 comparabile.
512 1889 570 1919 Cic.
588 1899 612 1919 1.
631 1890 666 1919 de
678 1890 786 1920 Invent.
799 1900 843 1925 42.
874 1889 972 1920 Simile
988 1897 1083 1921 autem
1099 1902 1135 1922 ex
1155 1893 1248 1930 specie

146 1927 329 1971 comparabili
340 1949 349 1964 ,
368 1927 557 1966 comparabile
567 1933 660 1958 autem
670 1937 704 1957 ex
713 1927 883 1959 conferenda
896 1934 978 1966 atque
988 1928 1160 1961 assimilanda
1169 1939 1248 1963 natu-

0 1956 6 1979 ³
22 1965 23 1983 5
188 1966 194 1972 ’

0 2004 9 2032 l
22 1993 23 2038 Ῐ
123 1966 422 2041 ulgiggciffiiiiirriibilis.
452 2002 512 2033 Liv.
522 2011 566 2039 39.
582 2011 625 2039 5²·
646 2002 747 2033 Trium
758 2002 966 2033 clarissimorum
978 2004 1030 2033 suae
1041 2005 1172 2043 cujusque
1181 2017 1248 2045 gen.

0 2034 10 2089 ἱ
108 2058 114 2061 »
144 2041 182 2071 tis
194 2042 314 2071 virorum
325 2063 334 2076 ,
353 2051 412 2070 non
422 2041 508 2078 magis
518 2048 644 2078 tempore
657 2047 829 2085 congruente
845 2042 1040 2087 comparabilis
1052 2053 1127 2088 mors¹
1139 2046 1248 2075 videtur

0 2091 10 2147 ἓ
147 2079 221 2147 {ii-iti
241 2088 324 2117 quam
340 2079 418 2116 quod
437 2088 522 2109 nemo
539 2088 637 2109 eorum
649 2079 711 2110 satis
723 2080 840 2117 dignum
848 2080 996 2119 splendore
1010 2088 1072 2112 vitae
1083 2090 1191 2113 exitum
1203 2084 1249 2115 ha.

126 2154 455 2194 Speciescomparabilis.
477 2154 538 2185 Cic.
549 2164 573 2185 1.
585 2154 620 2184 de
631 2154 741 2184 invent.
752 2163 797 2191 4²·

91 2192 142 2223 Co
151 2203 196 2222 Mi>
205 2203 224 2222 A
233 2203 250 2222 a
262 2202 309 2222 Ar
320 2204 329 2222 i
341 2203 377 2222 Tl
389 2203 426 2222 us
439 2214 447 2227 ,
468 2201 483 2222 a
496 2214 504 2227 ‚
525 2202 582 2222 um.
602 2192 692 2223 Idem.
710 2201 741 2222 ut
752 2215 759 2228 ‚
781 2194 885 2223 Aurum
895 2194 1138 2233 comparatitium,
1158 2196 1248 2235 Quod

130 2230 366 2269 compensationis
379 2231 464 2269 gratia
475 2230 608 2260 redditur..
629 2230 700 2260 Cod.
713 2230 732 2260 l.
749 2240 790 2260 12.
806 2237 825 2260 t.
838 2241 883 2267 4ο.
899 2232 918 2262 l.
931 2242 956 2263 2.

131 2269 278 2299 Antistatus
289 2268 498 2307 comparatitius
509 2268 688 2307 Angelorum.
710 2268 827 2299 Tertull.
840 2270 901 2300 adv.
914 2269 1021 2300 Valent.
1038 2280 1099 2309 cap.
1114 2280 1156 2307 1³-

92 2306 117 2338 C
125 2317 142 2337 o
152 2317 173 2336 Μ
182 2317 196 2336 1²
206 2317 226 2336 A
236 2317 254 2336 a
263 2317 283 2336 A
291 2316 310 2336 τ
319 2311 333 2336 i
341 2317 357 2336 v
369 2317 386 2336 u
395 2316 407 2336 s
418 2329 426 2343 ,
448 2316 463 2336 a
475 2327 483 2342 ‚
504 2316 562 2336 um.
584 2306 645 2343 Adj.
675 2307 882 2343 [συγκειτυιὸς]
912 2307 1014 2337 dicitur
1035 2309 1122 2345 Quod
1153 2317 1250 2348 aequat.

132 2344 213 2375 Unde
223 2345 342 2375 dicimus
353 2344 579 2383 Comparativum
588 2343 702 2412 {tadum
716 2366 723 2377 ,
744 2344 824 2381 qu‘us
835 2347 982 2384 proprium
999 2346 1038 2376 est
1056 2347 1183 2384 superare
1203 2359 1254 2387 po.

130 2383 240 2413 fitivum
249 2383 278 2412 in
285 2383 464 2419 eaqualitate
479 2391 588 2418 quamo
610 2388 689 2411 tinet.
709 2382 777 2412 licet
786 2384 953 2420 quandoque
968 2394 1017 2421 pro
1053 2384 1151 2417 ositivo
1167 2396 1253 2424 pona.

70 2426 77 2436 '
130 2427 186 2451 tur.
225 2421 440 2457 Nonnunquam
454 2420 540 2450 etiam
551 2419 747 2458 superlativum
755 2421 874 2450 excedit.
900 2428 930 2450 ut
943 2422 1019 2459 apud
1052 2423 1087 2453 iv.
1101 2434 1127 2457 4.
1147 2433 1157 2452 1
1168 2437 1188 2453 i.
1208 2436 1251 2464 pr.

130 2458 203 2490 Rem
213 2458 312 2488 utilem
324 2459 441 2497 pessiiuo
449 2457 591 2496 exemplo,
601 2459 696 2496 pejore
707 2458 823 2488 consilio
834 2458 872 2488 est
882 2459 1026 2497 aggressus.
1049 2461 1250 2498 Quintil.lib.9.

131 2506 196 2535 cap.
214 2505 239 2533 3.
260 2496 371 2526 Utimur
381 2496 464 2534 vulgo
474 2497 500 2526 &
511 2496 704 2535 comparativis
717 2506 768 2534 pro
777 2495 922 2527 absolutis:
947 2503 977 2527 ut
995 2507 1080 2533 quum
1096 2499 1123 2529 se
1139 2498 1200 2538 quis
1211 2501 1255 2531 in.

130 2534 283 2565 firmiorem
293 2533 349 2563 effe
357 2534 468 2564 dixerit.
508 2533 572 2564 Duo
582 2534 654 2563 inter
661 2533 687 2562 se
697 2535 887 2572 comparativa
899 2536 1101 2566 committimus
1110 2559 1118 2573 ,
1133 2539 1186 2568 &c.

130 2573 228 2603 Genus
237 2572 322 2602 causae
332 2572 564 2610 comparativum.
585 2570 706 2608 Quintil.
718 2571 768 2601 lib.
779 2581 804 2607 ς.
817 2581 878 2611 cap.
892 2582 935 2602 12.
954 2574 980 2603 ἃ
991 2573 1038 2604 lib.
1052 2583 1078 2612 7.
1096 2585 1158 2614 cap.
1168 2586 1194 2612 5.

132 2610 275 2647 Judicat'io
283 2610 472 2648 comparativa
484 2631 492 2645 ‚
510 2609 571 2640 Vox
581 2610 733 2639 rhetorum.
755 2610 813 2640 Cic.
827 2620 854 2641 2.
865 2610 900 2641 de
910 2611 1018 2641 invent.
1033 2618 1078 2650 76.

132 2648 309 2678 Vocabulum
318 2648 549 2686 comparativum.
572 2647 641 2677 Gell-
657 2658 682 2684 5.
693 2657 738 2677 21.

93 2685 118 2717 C
127 2696 145 2717 ο
155 2697 177 2716 Μ
185 2696 200 2715 r»
209 2696 228 2715 A
240 2696 257 2715 a
267 2695 287 2715 A
296 2695 316 2714 T
324 2696 334 2714 ι
344 2695 362 2716 v
370 2695 384 2715 s
392 2708 400 2721 ‚
424 2685 489 2716 Λᾶν.
502 2684 573 2716 Gess.
586 2696 610 2723 ς.
624 2695 670 2716 21.
691 2684 870 2724 Compluties
878 2694 944 2716 cum
955 2686 1075 2718 dicimus
1085 2709 1094 2724 ,
1111 2696 1255 2721 noncom.

134 2725 256 2763 parative
270 2723 398 2754 dicimus.

94 2762 120 2792 C
129 2772 145 2792 o
157 2773 176 2792 Μ
186 2772 201 2791 P
211 2772 230 2791 A
238 2772 256 2791 R
265 2771 302 2791 τι
312 2771 330 2791 c
338 2771 376 2790 ΕΡ
386 2771 398 2791 s
407 2783 416 2798 ,
437 2761 501 2798 ipis.
519 2760 702 2798 [συμμένοχις]
723 2760 803 2798 Vulg.
818 2761 925 2800 interp.
938 2761 1036 2800 Ephes.
1050 2772 1072 2799 3.
1084 2766 1111 2794 6.

94 2800 146 2831 Co
155 2809 274 2830 »irasc
283 2810 300 2829 0
311 2821 320 2834 ‚
341 2800 386 2829 avi
396 2821 404 2835 ‚
424 2800 511 2829 astum
521 2821 530 2835 ‚
559 2799 752 2835 [σοννὲμςμου]
773 2801 828 2829 ere.
859 2801 970 2837 proprie
987 2801 1089 2830 dicitur
1103 2802 1140 2831 de
1161 2801 1260 2840 Gregi-

133 2838 186 2868 bus
196 2860 204 2874 ,
225 2843 273 2868 aut
284 2837 421 2867 Armentis
432 2859 440 2872 ,
462 2837 530 2867 dum
545 2836 622 2866 fimul
634 2837 758 2875 pascunt.
796 2837 866 2867 Plin.
879 2836 927 2866 lib.
940 2847 965 2873 9.
977 2847 1037 2876 cap.
1054 2850 1095 2875 54.
1120 2839 1256 2871 Nondum

134 2875 292 2907 Britannica
300 2875 542 2905 serviebantlitora
553 2897 561 2911 ‚
583 2884 669 2912 quum
680 2875 767 2904 Orata
776 2874 892 2905 Lucrina
905 2875 1090 2907 nobilitabat:
1112 2878 1205 2915 postea
1220 2880 1259 2909 vi-

133 2914 197 2944 'sum
210 2913 318 2943 tantiin
330 2919 453 2943 extrema
463 2913 541 2943 Italia
551 2918 647 2950 petere
657 2912 840 2943 Brundusium
850 2913 970 2943 ostreas:
993 2923 1025 2944 ac
1037 2925 1073 2944 ne
1089 2915 1123 2945 lis
1139 2916 1206 2946 esset
1218 2918 1260 2946 in-

134 2958 178 2982 ter
193 2952 264 2982 duos
279 2950 389 2990 sapores
401 2973 409 2986 ,
431 2960 521 2990 nuper
540 2951 729 2989 excogitatum
744 2951 846 2980 famem
863 2951 954 2989 longae
963 2952 1138 2983 advectionis
1148 2964 1163 2983 a
1174 2954 1260 2984 Brun-

134 2989 230 3026 dufio,
251 2989 427 3027 compascere
446 2989 477 3018 in
492 2987 622 3020 Lucrino.
644 2988 728 3025 confi
739 2988 788 3018 lib.
801 2997 846 3026 3²·
862 2998 925 3027 cap.
938 2993 964 3020 6.
1001 2989 1030 3020 V.
1050 2997 1112 3022 not.
1126 2991 1210 3023 Hard.
1231 2995 1259 3024 Gt

133 3028 207 3057 infra
226 3036 474 3057 compascua.

132 3066 183 3106 jus
190 3064 388 3103 compascendi
398 3064 511 3095 habere.
550 3063 675 3094 Scaevola
685 3064 717 3094 in
732 3063 752 3094 1.
771 3061 917 3094 Testatrix.
939 3065 961 3102 §.
984 3064 1085 3095 Plures.
1107 3065 1139 3096 D.
1161 3067 1190 3097 Si
1206 3067 1260 3098 ser-

155 3104 229 3133 vitus
239 3103 402 3133 vendicetur
413 3124 422 3138 ‚
442 3102 534 3132 Plures
544 3112 579 3132 ex
594 3101 786 3140 municipibus
799 3123 808 3135 ,
831 3103 878 3139 qui
899 3102 1004 3132 diversa
1016 3103 1119 3142 praedia
1139 3105 1259 3142 postide.

154 3140 241 3177 bant,
262 3139 362 3173 saltum
372 3149 552 3170 communem
563 3162 572 3175 ,
593 3145 625 3169 ut
635 3142 676 3174 ius
687 3139 884 3177 compascendi
892 3139 1035 3177 haberent,
1055 3143 1171 3173 mercati
1186 3143 1255 3174 sunt.

99 3177 333 3209 CuMPAscoss
344 3199 352 3213 ,
373 3179 435 3208 etis.
457 3178 647 3214 [omir'gqpcm]
669 3177 734 3216 pass.
758 3178 841 3207 Varro
860 3188 879 3206 ι.
901 3178 937 3207 de
951 3178 983 3208 R.
995 3179 1025 3208 R.
1043 3188 1104 3216 cap.
1119 3190 1162 3216 ςι,
1187 3180 1258 3211 Mes-

134 3215 165 3247 se
177 3216 262 3252 fasta,
281 3214 454 3254 spicilegium
463 3216 559 3245 venire
573 3221 704 3253 oportet,
725 3221 773 3252 aut
791 3215 870 3246 domi
889 3215 982 3254 legere
1006 3217 1153 3255 stipulam:
1177 3226 1226 3250 aut
1241 3219 1260 3250 fi

42 3284 43 3287 ,
139 3254 203 3284 sunt
213 3253 296 3292 spicae
308 3263 373 3283 rarae
387 3275 395 3289 ‚
416 3255 442 3284 ἃ
452 3263 545 3292 operae
555 3262 624 3283 carae
636 3275 645 3290 ,
666 3253 817 3292 compasci.

53 3304 57 3305 ⁷
76 3324 78 3327 ,
101 3291 126 3321 C
136 3300 280 3322 οΜΡΑεΊ·
289 3301 330 3321 us
341 3313 350 3328 ,
370 3301 401 3327 a,
422 3301 479 3321 um.
500 3291 569 3322 Plin.
586 3300 628 3327 3²·
644 3295 669 3322 6.
694 3291 870 3322 Brundiliaca
882 3291 912 3320 in
925 3291 1032 3322 Averno
1042 3294 1190 3332 compasta.

38 3327 44 3358 :³
101 3327 125 3359 C
134 3340 181 3360 οΜ
189 3340 204 3359 1²
212 3339 233 3358 A
241 3339 254 3360 s
262 3338 283 3358 Τ
291 3339 308 3358 o
316 3339 334 3358 a.
345 3351 353 3366 ,
374 3329 438 3359 oris.
460 3339 498 3359 m.
520 3330 691 3365 [συννομεὺς]
714 3329 816 3367 Hygin.
828 3330 892 3359 Fab.
910 3335 969 3365 ¹87·
1001 3331 1074 3360 Alter
1093 3333 1259 3371 compastor.

40 3381 45 3408 ,i
102 3367 126 3399 C
137 3377 374 3400 oneascuus,
396 3377 411 3397 a
423 3388 432 3403 ,
453 3377 512 3396 um.
533 3367 593 3402 Adi.
615 3363 784 3402 [σύννομῶι]
806 3374 836 3396 ut
850 3389 858 3402 ‚
880 3367 1068 3405 compascuus
1084 3378 1162 3406 ager,
1185 3370 1259 3401 Reli.

40 3409 45 3438 l
139 3406 199 3443 ctus
209 3404 245 3435 ad
255 3402 427 3443 pascendum
439 3404 626 3435 communiter
635 3405 733 3434 vicinis
745 3427 752 3439 ‚
774 3405 866 3443 inquit
876 3404 974 3435 Festus.
998 3405 1055 3435 Cic.
1069 3407 1099 3436 in
1107 3407 1257 3446 Topicn.

140 3443 170 3473 si
183 3442 365 3481 compascuus
377 3452 441 3481 ager
452 3443 490 3471 est
499 3464 508 3478 ,
530 3443 573 3478 jus
583 3442 621 3472 est
631 3442 816 3481 compascere.

139 3480 190 3518 Jus
200 3480 399 3518 compascuum
410 3503 417 3516 ,
438 3490 489 3518 pro
502 3479 715 3518 Compascendi.
754 3479 878 3511 Scaevola
891 3481 921 3509 in
934 3480 952 3510 l.
975 3480 1120 3512 Testatrix.
1134 3483 1156 3520 §.
1173 3481 1260 3514 finali.

46 3542 48 3562 1
161 3518 197 3549 D.
212 3519 240 3549 Si
250 3518 364 3548 servitus
373 3519 539 3549 vendicetur
548 3540 556 3553 ‚
579 3518 651 3548 Item
662 3528 755 3555 quaero
765 3541 774 3555 ,
794 3528 830 3547 an
842 3528 927 3556 quum
940 3528 999 3556 pars
1012 3519 1122 3550 illorum
1136 3522 1263 3559 proprio.

47 3564 48 3584 i
160 3565 223 3586 rum
234 3556 387 3587 fundorum
397 3556 488 3594 legato
498 3556 534 3586 ad
544 3555 666 3593 aliquem
676 3555 826 3587 transmiffa
837 3557 867 3586 sit
875 3578 884 3593 ,
905 3556 1012 3594 aliquid
1025 3557 1092 3593 juris
1107 3555 1202 3589 secum
1210 3559 1263 3590 hu.

161 3595 205 3631 jus
213 3594 372 3632 compascui
383 3594 506 3624 traxerit.

105 3632 342 3668 Coiti‘Assio,
364 3632 687 3667 Coriaassxuxms,
709 3632 760 3661 Sto.
794 3631 826 3660 V.
851 3641 1086 3662 comant-roa.

104 3671 128 3701 C
136 3680 153 3699 o
164 3681 185 3699 M
193 3680 209 3698 P
218 3671 262 3699 ᾸΤ
271 3679 286 3698 a
294 3679 328 3705 R,
345 3671 404 3700 tris.
425 3679 464 3700 m.
490 3670 528 3699 Eo
539 3668 689 3707 significatu
700 3679 755 3707 quo
767 3669 865 3707 vulgus
874 3670 970 3699 utitur.
994 3670 1088 3701 Petnis
1098 3670 1217 3703 Bembus
1231 3672 1262 3703 in

142 3707 226 3746 Epist.
249 3706 350 3736 Leonis
361 3707 501 3737 Pontificis
512 3707 561 3737 lib.
576 3717 619 3737 11.
638 3707 719 3745 Epist.
736 3710 776 3736 16.
799 3708 838 3736 Ad
858 3717 940 3745 quam
953 3708 1072 3738 formam
1091 3711 1116 3739 δι
1134 3710 1264 3741 Comma-

144 3751 187 3776 ter
203 3745 317 3775 dixeris.
336 3747 472 3781 Compere,
493 3749 630 3774 Commere.
652 3745 682 3774 V.
705 3743 778 3774 Voss.
794 3745 919 3774 devitiis
930 3746 1017 3775 Serm.
1028 3745 1046 3775 1.
1063 3756 1089 3777 2.

106 3783 305 3813 Coanrio
315 3791 333 3811 a
344 3803 353 3818 ,
372 3781 462 3820 pass'us
478 3782 556 3818 sum,
578 3782 760 3819 [συκπιῖέω]
781 3783 848 3820 pati.
877 3783 938 3812 Una
953 3783 1018 3820 pati.
1053 3784 1168 3815 Tertull.
1196 3786 1261 3816 adv.

145 3821 277 3851 Praxeam
292 3829 354 3858 cap.
365 3829 409 3856 29.
433 3820 493 3850 Nec
501 3818 703 3859 compaffusest
712 3826 790 3858 pater
800 3820 865 3850 filio.
887 3821 921 3851 Et
931 3830 1017 3858 mox;
1041 3822 1118 3860 Quid
1132 3824 1172 3853 est
1187 3833 1264 3854 com.

167 3859 224 3895 ati,
244 3867 325 3895 quani
336 3867 400 3887 cum
411 3857 465 3887 alio
478 3859 556 3896 pati?

159 3903 216 3925 tem
226 3905 278 3934 pro
297 3891 468 3931 συμπᾶςζειν,
488 3897 566 3925 idem
583 3895 659 3933 quod
676 3895 782 3932 antiqui
803 3895 921 3931 dicunt,
942 3895 1012 3925 Casu
1033 3895 1150 3933 alicujus
1167 3899 1263 3936 affici,

164 3932 469 3963 misericordiamoveri.
492 3934 605 3963 Hieron.
620 3934 700 3971 Epist.
716 3940 759 3970 87.
778 3933 843 3964 &in
856 3931 913 3962 Esa.
923 3943 985 3971 cap.
1000 3944 1040 3967 ις.

111 3970 132 4002 C
142 3981 188 4000 οΜ
197 3981 212 4000 1²
222 3981 242 4000 A
250 3980 308 4000 Tit
316 3980 336 4000 N
346 3980 370 4006 s,
391 3971 471 4000 entis.
491 3971 557 4002 Cael.
574 3972 664 4001 Aurei.
677 3972 755 4000 Acut.
766 3980 790 4000 π..
808 3975 850 4000 16.
861 3976 905 4007 98.
928 3970 1068 4001 Tufficula
1076 3972 1126 4011 fit,
1149 3983 1264 4014 compa.

147 4008 281 4078 tieztibus
290 4007 453 4079 quibusdam
463 4009 601 4047 partibus.
621 4009 653 4040 V.
674 4010 759 4040 etiam
769 4009 849 4040 idem
855 4008 940 4041 Tard.
951 4020 976 4047 ς.
987 4018 1012 4047 3.
1024 4015 1068 4046 58.

212 4056 261 4078 οι.
426 4069 441 4074 x

1695 192 1724 229 C
1823 194 1858 229 O
1955 195 1996 231 M

1301 271 1445 302 conns
1455 281 1532 307 sus,
1554 284 1568 304 a
1581 296 1588 309 ,
1610 284 1666 305 um.
1693 275 1812 306 Alcimus
1824 277 1920 306 Avitus
1934 285 1958 311 ³.
1973 283 2041 307 extr.
2059 277 2094 307 ad
2109 277 2245 310 Christum
2257 302 2266 317 ‚

1433 311 1489 340 Ceu
1502 312 1552 341 tibi
1566 312 1707 350 ccmpall'o
1720 314 1850 343 miserans
1861 315 1986 344 succurre
1998 315 2107 345 latroni.

1303 344 1351 374 Co
1363 357 1380 373 Μ
1392 356 1429 375 ΡΑ
1440 358 1531 383 ssio,
1554 353 1624 379 finis.
1647 351 1665 379 s.
1689 349 1890 387 [conmissa]
1922 353 2039 383 Tertull.
2060 353 2097 383 de
2113 353 2219 384 Resurr.
2239 356 2320 386 Carn.
2341 366 2401 397 cap.
2414 371 2461 397 40.

1343 383 1428 419 Quod
1440 396 1491 423 pro
1503 387 1692 425 compassione
1703 390 1873 425 promittitur
1885 412 1892 425 ,
1908 389 1960 420 Sic.

1305 417 1327 449 C
1339 431 1355 448 o
1365 431 1408 464 ΜΡ
1418 433 1435 450 A
1445 433 1455 451 s
1465 433 1476 452 s
1488 436 1495 452 1
1507 436 1520 452 i:
1533 436 1539 452 i
1551 436 1566 453 L
1576 436 1584 453 ι
1595 436 1606 454 s
1618 447 1625 456 .
1647 435 1672 455 e.
1694 426 1811 456 Tertull.
1823 427 1886 456 adv.
1900 427 2030 458 praxeam
2044 438 2105 466 cap.
2118 439 2162 465 ²9·
2187 430 2263 461 Pater
2279 432 2298 461 fi
2317 434 2463 472 compalli-

1343 457 1405 487 bilis
1417 481 1424 493 ,
1446 462 1541 498 utique
1552 462 1683 499 pz-ilsibilis
1694 485 1702 498 ,
1721 466 1774 494 &a

1305 493 1381 524 Con
1393 505 1406 524 1¹
1418 503 1589 528 A'rn16'1·A
1601 522 1609 533 ,
1631 511 1660 529 ae.
1684 511 1720 530 m.
1744 501 1828 531 Gloss.
1844 499 1888 532 Gr.
1908 501 1964 533 Lat.
1986 505 2158 541 συμπλίτης,
2179 505 2380 544 Conipatriota.

1346 533 1414 562 Dare
1426 535 1527 565 ducem
1541 539 1741 574 compatriotis.
1763 539 1862 569 Sarisb.
1880 552 1906 574 4·
1923 551 1964 571 11.

1305 569 1352 600 Co
1362 581 1431 613 '‘³¹'ss
1444 578 1606 609 Tar-mus,
1629 576 1646 603 i.
1670 586 1696 604 ni
1728 576 1838 614 Ulpian.
1852 578 1909 607 inl.
1926 588 1947 608 1.
1971 577 2005 608 D.
2028 578 2056 608 Si
2075 580 2141 617 quid
2160 580 2188 609 in
2207 581 2295 612 fraud.
2318 590 2386 620 patr.
2409 585 2464 614 Ad.

1343 609 1433 652 verius
1443 619 1657 648 compatronum
1668 635 1675 647 ‚
1696 615 1742 650 qui
1753 621 1849 643 contra
1859 616 1965 645 tabulas
1981 617 2117 646 bonorum
2140 618 2332 656 possessionem
2352 623 2463 659 omilit‚

1342 645 1458 689 Faviana
1471 659 1526 678 non
1536 651 1690 690 competit:
1714 652 1731 680 fi
1741 662 1799 681 non
1810 651 1872 689 plus
1884 653 1915 682 lit
1924 655 1952 682 in
1962 663 1996 683 eo
2008 656 2082 690 quod
2094 655 2229 686 donatum
2239 659 2292 693 est,
2307 668 2389 696 quam
2400 670 2465 698 pars

1342 683 1438 713 debita
1454 695 1582 723 patrono.
1611 688 1718 724 -Quare
1739 690 1757 718 si
1775 691 1872 719 mortis
1891 691 1971 720 causa
1987 692 2011 721 ei
2029 693 2164 723 donatum
2182 694 2231 730 slt,
2254 704 2362 734 partem
2380 698 2466 728 faciet

1343 730 1406 750 com
1412 732 1528 759 patrono
1537 747 1544 759 ,
1567 727 1805 762 quemadmodum
1816 726 1964 764 legatarius
1973 737 2106 766 patronus
2115 731 2189 761 facit.

1305 756 1462 827 Coni’fAGv
1474 772 1556 828 fisco
1571 784 1579 798 ‚
1600 763 1657 792 ere.
1678 771 1727 799 ut,
1749 765 1850 794 Animo
1876 767 2095 804 compavescere.
2128 770 2254 801 macrob.
2272 781 2295 801 1.
2316 772 2463 805 Saturn.6.

1343 806 1398 825 con
1413 821 1419 826 .
1456 809 1471 828 e
1497 822 1502 828 .
1518 810 1539 829 1.
1552 809 1597 836 ²3·

1307 831 1329 863 C
1338 844 1353 862 0
1363 845 1382 862 Μ
1394 844 1407 862 P
1417 846 1436 879 A.
1448 846 1464 864 v
1474 839 1485 865 ῑ
1496 848 1512 865 n
1521 848 1540 866 u
1550 847 1562 866 s
1575 860 1583 872 ,
1605 847 1628 881 a,
1650 846 1706 867 uni.
1731 839 1809 876 Apul.
1827 840 1895 870 Met.
1909 850 1934 878 7.
1952 852 1980 879 p.
1995 852 2055 880 197.
2078 843 2177 874 Misera
2189 845 2235 875 illa
2249 849 2415 886 compavida
2425 856 2466 880 at.

1343 880 1396 907 que
1410 873 1528 911 dirupta.
1569 875 1620 904 Alii
1634 874 1730 912 legunt
1744 879 1913 914 compavita.

1305 906 1327 939 C
1337 918 1353 937 o
1365 919 1408 938 ΜΡ
1420 921 1509 954 acco
1521 934 1530 948 ,
1550 916 1606 942 are.
1628 912 1692 942 Cael.
1717 914 1806 944 Aurei.
1828 916 1905 946 Acut.
1924 926 1950 946 2.
1966 926 2008 946 12.
2022 923 2067 954 84.
2099 919 2150 949 His
2163 920 2248 951 etiam
2270 926 2466 962 compeccavit

1343 946 1507 979 Themison.
1529 950 1603 980 conf.
1621 950 1705 980 Tard.
1719 960 1742 986 ς.
1759 962 1783 981 1.
1799 962 1841 983 12.

1305 983 1327 1015 C
1337 994 1354 1014 ο
1363 995 1383 1013 Μ
1394 995 1429 1015 Pi:
1438 997 1456 1016 c
1465 997 1484 1016 τ
1493 998 1510 1016 o
1519 998 1533 1017 a
1544 999 1562 1017 A
1571 998 1591 1017 ‘r
1601 998 1619 1017 u
1629 998 1640 1017 s
1652 1010 1659 1021 .
1681 998 1696 1018 a
1706 1011 1714 1023 ,
1735 999 1791 1019 um.
1815 990 1895 1028 Apul.
1911 991 1939 1020 in
1953 991 2204 1032 l'seudepigraphis.
2228 996 2338 1028 l'etron.
2351 1009 2380 1037 p.
2396 1006 2463 1036 228.

1342 1022 1471 1054 Membra
1482 1025 1561 1055 molli
1571 1026 1673 1056 lectulo
1683 1029 1894 1065 compectorata
1904 1030 2047 1060 ad'naerent
2063 1032 2176 1061 Veneris
2191 1034 2308 1070 glutino.

1304 1058 1381 1104 cgm
1393 1071 1428 1091 ra
1439 1073 1457 1092 c
1468 1073 1487 1091 T
1499 1074 1545 1093 υΜ
1559 1086 1567 1099 ,
1589 1065 1607 1093 i.
1628 1073 1654 1094 n.
1678 1064 1756 1094 ldern
1767 1066 1843 1103 quod
1856 1066 2049 1106 CompaCtum.
2071 1070 2157 1100 Plaut.
2172 1071 2266 1103 Pseud.
2283 1084 2304 1104 1.
2319 1085 2344 1111 ς.
2359 1083 2419 1112 129.
2432 1075 2468 1108 V.

1340 1108 1371 1127 in
1390 1109 1407 1129 c
1417 1110 1434 1129 o
1444 1111 1465 1129 M
1475 1111 1489 1129 ι’
1499 1112 1507 1130 ι
1517 1111 1536 1130 Ν
1546 1111 1598 1131 GO.

1304 1136 1455 1167 Compar>
1468 1148 1521 1174 iis,
1543 1140 1764 1176 Conubia,
1786 1141 2048 1173 Coitraanus.
2089 1143 2122 1174 V.
2146 1156 2294 1178 comras.

1305 1173 1352 1205 Co
1362 1185 1382 1203 Μ
1392 1185 1405 1204 1³
1413 1186 1429 1205 ,Ε
1438 1188 1453 1205 L
1462 1188 1479 1205 L
1488 1186 1505 1206 ο
1518 1198 1524 1207 ,
1547 1178 1746 1213 [κοινολογὲμσα
1754 1200 1763 1214 ‚
1775 1176 1921 1214 cae’vwskdm]
1938 1183 1991 1209 are.
2017 1181 2134 1219 Alioqui.
2153 1184 2209 1214 CIC.
2226 1186 2284 1215 Post
2295 1188 2373 1217 redit.
2385 1189 2413 1218 ln
2421 1190 2469 1220 se-

1341 1220 1398 1242 nat.
1414 1223 1455 1243 11.
1475 1214 1574 1252 Neque
1584 1214 1673 1245 solum
1686 1217 1713 1244 id
1726 1215 1809 1253 dixit,
1826 1217 1874 1247 sed
1885 1228 1954 1255 quos
1969 1219 1994 1248 ei
2009 1220 2191 1250 commodum
2205 1223 2264 1258 fuit,
2275 1226 2467 1264 compellavit.

1343 1250 1519 1289 Compellare
1534 1256 1559 1283 δι
1573 1252 1657 1290 loqui.
1700 1254 1759 1284 Cic.
1778 1263 1818 1291 13.
1835 1259 1887 1285 litt.
1901 1266 1943 1292 ²3·
1980 1256 2074 1324 Qiuare
2092 1259 2128 1288 da
2151 1264 2179 1288 te
2199 1261 2227 1290 in
2246 1262 2419 1300 sermonem,
2440 1266 2469 1296 Sc

1361 1291 1474 1327 perseca
1483 1313 1490 1325 ,
1513 1292 1538 1320 δι
1548 1290 1657 1321 confice
1667 1313 1677 1328 ‚
1697 1293 1789 1323 excita
1798 1315 1807 1330 ‚
1828 1294 1985 1332 compella,
2018 1304 2122 1332 oquere
2131 1318 2140 1333 ‚
2160 1303 2193 1327 ut
2211 1305 2239 1329 te
2257 1310 2322 1330 cum
2336 1301 2385 1331 illo
2397 1304 2470 1333 Scae-

2387 207 2457 248 603

1362 1327 1425 1357 vola
1438 1328 1512 1366 loqui
1526 1335 1615 1366 putes.

1342 1365 1449 1395 Blande
1460 1367 1631 1405 compellare
1640 1367 1740 1398 virum.
1763 1368 1850 1399 Plaut.
1862 1368 1940 1398 Poen.
1959 1378 1983 1406 3.
1999 1378 2023 1407 ς.
2041 1380 2087 1407 72.

1344 1403 1494 1441 Magnifice
1506 1405 1675 1442 compellare
1686 1405 1816 1443 aliquem.
1860 1406 1891 1436 In
1912 1418 1935 1436 M
1944 1417 1962 1437 Α
1972 1418 1991 1437 c
2002 1418 2021 1437 N
2032 1418 2078 1438 us.

1342 1440 1528 1472 Nominatim.
1570 1443 1626 1472 Cic.
1641 1453 1690 1480 pro
1704 1443 1793 1474 Domo
1806 1448 1852 1481 ⁶5-
1873 1445 2052 1477 Nominatim
2071 1446 2122 1477 alii
2139 1449 2400 1491 compellabantur,
2418 1453 2472 1485 alii

1366 1480 1522 1509 citabantur
1535 1502 1542 1516 ‚
1565 1480 1611 1510 alii
1627 1481 1827 1518 relegabantur.

1344 1517 1424 1547 Ultro
1436 1519 1526 1547 verbis
1535 1519 1641 1548 amicis.
1665 1519 1736 1557 Virg.
1748 1530 1774 1551 a.
1790 1521 1852 1552 AEn.
1865 1528 1929 1558 372.

1344 1555 1485 1585 Carni-ine.
1510 1556 1601 1586 Catul.
1620 1561 1665 1586 62.
1677 1565 1722 1591 ²⁴·

1437 1593 1544 1624 Heroes
1558 1594 1660 1624 salvete
1671 1616 1681 1628 ,
1703 1595 1787 1625 deum
1799 1606 1886 1634 genus
1899 1618 1907 1632 ‚
1929 1596 1946 1626 ὸ
1958 1596 2032 1628 bona
2046 1603 2154 1637 mater,

1436 1630 1493 1661 Vos
1503 1642 1555 1668 ego
1568 1632 1639 1670 saepe
1650 1642 1715 1662 meo
1725 1655 1734 1669 ‚
1755 1644 1803 1663 vos
1815 1635 1940 1664 carmine
1954 1637 2142 1674 compellabo.

1344 1666 1433 1699 Dictis
1444 1669 1573 1708 aliquem.
1596 1671 1680 1700 Ovid.
1698 1681 1741 1701 12.
1754 1671 1823 1701 Met.
1836 1679 1898 1707 585.

1345 1707 1462 1737 Honore
1473 1709 1563 1737 multo
1575 1707 1704 1746 aliquem.
1727 1709 1745 1738 i.
1758 1719 1782 1739 e.
1806 1710 1977 1741 Honorifice.
1999 1711 2072 1749 Virg.
2087 1721 2110 1749 3.
2130 1713 2192 1743 AEn.
2206 1724 2272 1752 474.

1342 1744 1419 1782 Lege
1429 1745 1599 1786 compellare
1608 1747 1740 1784 aliquem.
1760 1747 1778 1776 i.
1789 1757 1813 1777 e.
1836 1748 1868 1778 In
1882 1749 1926 1784 jus
1941 1758 2039 1779 vocare
2049 1772 2057 1785 ‚
2083 1752 2213 1782 Accusare
2223 1754 2284 1791 aliq.
2307 1754 2370 1793 lege
2385 1765 2470 1795 agere

1364 1792 1429 1812 cum
1442 1784 1544 1821 aliquo.
1587 1783 1645 1813 Cic.
1658 1790 1683 1818 8.
1698 1785 1772 1815 Fam.
1790 1796 1830 1815 12.
1852 1786 1962 1823 Quibus
1975 1797 2061 1825 quum
2070 1799 2167 1826 parum
2180 1793 2362 1828 procederet,
2385 1802 2416 1824 ut
2431 1796 2473 1825 ul-

1363 1821 1392 1850 la
1404 1821 1464 1859 lege
1475 1822 1544 1851 mihi
1556 1829 1695 1860 ponerent
1710 1824 1899 1855 accusatorem
1911 1847 1919 1861 ,
1941 1826 2104 1864 compellari
2118 1837 2154 1858 ea
2167 1828 2230 1867 lege
2244 1840 2289 1860 me
2300 1832 2447 1863 voluerunt
2460 1855 2472 1870 ,

1368 1869 1422 1896 qua
1433 1860 1526 1889 dicere
1539 1869 1595 1889 nori
1607 1867 1745 1897 poterant.

1345 1896 1471 1927 Nomine
1483 1898 1663 1935 compellare.
1699 1898 1758 1928 Liv.
1773 1909 1816 1929 10.
1830 1904 1874 1934 28.
1896 1900 2004 1931 Patrem
2026 1901 2055 1931 P.
2073 1902 2192 1934 Decium
2213 1906 2329 1936 nomine
2347 1908 2473 1946 compel-

1363 1935 1425 1964 lans
1437 1957 1445 1969 ,
1468 1935 1545 1972 Quid
1558 1936 1630 1965 ultra
1642 1946 1734 1965 moror
1743 1938 1757 1966 ‘2
1792 1939 1892 1975 inquit,
1905 1940 1956 1968 &c
1979 1939 2056 1969 Idem
2068 1950 2112 1976 23.
2124 1951 2169 1978 47.
2196 1942 2395 1982 provectusque
2408 1954 2475 1977 ante

1364 1973 1503 2040 {latio-riq}
1510 1983 1583 2011 equo
1594 1995 1604 2010 ‚
1625 1973 1765 2005 Tauream
1777 1976 1894 2006 nomine
1905 1976 2088 2016 compellavit
2098 2000 2106 2014 ,
2130 1982 2329 2019 congredique,
2347 1984 2396 2013 ubi
2415 1985 2474 2016 vela

1377 2017 1405 2040 et
1415 2033 1423 2045 ,
1444 2021 1472 2045 iu
1498 2021 1527 2041 it.

1344 2048 1405 2079 Ore
1415 2049 1527 2087 placido
1536 2049 1715 2087 compellare.
1736 2051 1823 2081 ovid.
1838 2060 1862 2086 ³-
1876 2051 1945 2082 Met.
1963 2056 2024 2089 ¹4⁶-

1429 2088 1500 2116 Cum
1512 2088 1617 2120 iuvenis
1629 2088 1742 2126 placido
1753 2099 1802 2127 per
1820 2090 1900 2119 devia
1913 2090 1995 2120 lustra
2011 2097 2143 2129 vagantes

1428 2125 1578 2164 Parricipes
1589 2136 1707 2163 operum
1721 2128 1873 2164 compellat
1884 2128 2021 2165 Hyantius
2036 2140 2094 2161 ore.

1345 2162 1454 2199 Questu
1464 2163 1594 2200 aliquem.
1616 2164 1702 2194 Valer.
1715 2174 1742 2195 2.
1755 2167 1855 2203 Argon.
1868 2175 1934 2201 402.

1346 2200 1432 2229 Voce.
1455 2200 1528 2238 Virg.
1543 2212 1566 2234 ς.
1577 2201 1639 2231 AEn.
1653 2206 1714 2232 161.

1345 2236 1468 2303 Vpcibus
1487 2238 1562 2306 iffit'is
1581 2238 1703 2277 aliquem
1723 2238 1902 2279 compellare.
1939 2241 1958 2271 i.
1971 2251 1996 2272 e.
2027 2240 2089 2279 (ait
2108 2242 2242 2282 Servius)
2263 2245 2473 2282 Amicabilibus.

1391 2278 1413 2306 ir
1435 2281 1479 2305 ⁴6.
1528 2287 1555 2306 n.
1569 2287 1632 2312 499.

1346 2286 1525 2354 Comgpellare
1538 2315 1573 2344 de
1586 2315 1694 2354 stuprO,
1714 2315 1869 2347 Solicitare.
1910 2316 1999 2347 Valer.
2014 2318 2088 2348 Max.
2100 2319 2150 2349 lib.
2167 2323 2193 2349 6.
2206 2330 2268 2359 cap.
2283 2333 2305 2352 1.
2330 2324 2376 2353 ubi
2393 2325 2430 2354 de
2441 2324 2476 2357 C.

1366 2351 1458 2419 {Vlario
1471 2375 1490 2418 ,s
1503 2354 1519 2382 Α
1535 2352 1623 2382 milite
1633 2354 1693 2390 jure
1703 2352 1802 2384 caesum
1814 2356 2009 2393 pronuntiavit
2019 2378 2027 2391 ,
2049 2357 2114 2393 quia
2126 2367 2192 2388 eum
2202 2359 2238 2389 de
2249 2361 2341 2399 stupro
2351 2363 2477 2402 compel-

1379 2400 1424 2420 are
1438 2401 1471 2419 au
1487 2400 1517 2420 us
1533 2397 1597 2420 erat.

1344 2427 1414 2459 Nori
1433 2428 1496 2457 satis
1508 2429 1593 2466 digne
1606 2425 1640 2458 ab
1652 2427 1746 2466 aliquo
1762 2427 1936 2468 compellari.
1957 2429 2027 2461 Geli.
2041 2430 2088 2462 lib.
2104 2442 2145 2468 19.
2158 2442 2220 2472 cap.
2234 2439 2271 2466 1.“

1349 2466 1536 2505 Compellare,
1550 2466 1714 2504 Objurgare‚
1726 2467 1770 2496 vel
1782 2470 1876 2505 potius
1889 2469 2020 2499 Accusare
2036 2471 2111 2508 apud
2122 2473 2268 2509 populum.
2283 2474 2373 2505 Cim.
2386 2478 2474 2509 Atta.

1367 2503 1516 2541 Nigidium
1526 2504 1623 2534 minati
1635 2505 1663 2534 in
1679 2506 1829 2541 concione,
1840 2506 1867 2535 se
1878 2507 2011 2542 judicem,
2021 2509 2068 2548 qpi
2080 2519 2138 2538 non
2150 2510 2279 2548 adfuerit,
2289 2514 2478 2552 compellatu-

1367 2552 1438 2572 rum.
1481 2542 1578 2571 Paulus
1593 2543 1736 2572 Manutius
1753 2544 1888 2581 exponit,
1911 2544 2111 2581 Evocaturum,
2132 2550 2295 2580 coacturum
2307 2573 2315 2587 ‚
2337 2551 2373 2582 fic
2390 2553 2477 2583 inter.

1365 2589 1514 2618 pungens:
1537 2580 1591 2610 Sed
1603 2581 1672 2610 heus
1679 2586 1713 2610 tu
1723 2603 1732 2616 ,
1755 2582 1858 2619 ecquid
1876 2582 1954 2612 vides
1966 2583 2102 2623 Calendas
2113 2586 2228 2616 venire?
2250 2589 2403 2620 Antonium
2416 2601 2476 2622 non

1369 2619 1485 2648 venire‘?
1508 2617 1622 2654 Judices
1631 2619 1716 2656 cogi?
1738 2619 1810 2649 Nam
1830 2620 1867 2650 ita
1885 2621 1919 2650 ad
1935 2630 1980 2650 me
1998 2622 2115 2651 mittunt
2130 2645 2138 2657 ,
2161 2624 2306 2662 Nigidium
2324 2629 2424 2658 minari
2444 2630 2477 2660 in

1370 2657 1510 2686 concione
1523 2678 1531 2687 .
1553 2656 1579 2685 se
1589 2657 1734 2692 iudicem,
1756 2659 1871 2695 quinon
1888 2658 2014 2692 affuerit.
2036 2660 2279 2698 compellaturum.

1351 2693 1543 2731 Compellare,
1566 2704 1616 2731 pro
1628 2694 1757 2724 probrose
1770 2695 1930 2734 appellare,
1950 2697 2083 2727 incessere
2100 2721 2107 2731 ,
2129 2709 2253 2731 evocare.
2297 2702 2354 2732 Cic.
2367 2712 2391 2739 ζ.
2414 2705 2478 2735 Phi.

1369 2732 1440 2770 lipp.
1460 2742 1503 2771 57.
1524 2732 1594 2762 Item
1605 2732 1689 2762 etiarn
1702 2733 1737 2769 Q
1752 2733 1919 2764 Ciceronem
1929 2735 2018 2765 fratris
2029 2737 2084 2765 mei
2099 2736 2186 2767 filium
2201 2740 2354 2776 compellat
2363 2742 2477 2774 edicto:

1370 2780 1426 2800 nec
1435 2769 1520 2799 sentit
1540 2779 1635 2799 amens
1650 2772 1928 2802 commendationem
1941 2773 1996 2803 else
2015 2774 2261 2811 compellationem
2273 2777 2356 2808 suam.
2395 2780 2481 2812 Com.

1393 2808 1459 2837 ellat
1468 2808 1581 2843 edicio,
1595 2809 1624 2837 ·i.
1641 2818 1665 2837 e.
1690 2808 1854 2839 infamando
1876 2810 1986 2840 causam
2004 2812 2134 2849 appellat.
2175 2815 2251 2845 Suet.
2267 2815 2332 2846 Caes.
2354 2827 2413 2855 cap.
2433 2828 2477 2855 17.

1371 2819 1405 2877 ln
1415 2855 1552 2876 carcerem
1565 2847 1688 2882 coniecit
1701 2845 1825 2877 Novium
1843 2848 2014 2884 Quaestorem
2026 2872 2033 2883 ,
2056 2860 2089 2880 eo
2099 2852 2174 2888 quod
2186 2853 2348 2891 compellari
2359 2857 2434 2892 apud
2450 2857 2480 2888 se

1373 2885 1508 2920 majorem
1520 2884 1686 2921 potestatem
1700 2884 1790 2922 pziss‘us
1802 2884 1876 2916 effet.
1916 2887 1942 2915 h.
1958 2898 1981 2918 e.
1998 2886 2129 2918 Infamari
2151 2891 2177 2919 ἅ
2192 2891 2322 2921 accusari.
2363 2894 2408 2923 Sic
2426 2894 2480 2925 Be.

1372 2921 1486 2988 ripaldus
1496 2923 1624 2989 {elxponip
1654 2921 1844 2988 scasaubonus
1863 2924 1979 2955 Deferre
1994 2925 2200 2965 interpretatur.
2237 2929 2433 2965 [Subauditur
2452 2931 2481 2960 n*

1398 2969 1412 2988 e
1433 2969 1458 2990 e.
1522 2982 1529 2989 .
1571 2968 1635 2990 auo
1665 2970 1740 2989 ura.

1318 2970 1596 3028 CohirguLLATpio
1607 3019 1615 3032 ,
1636 2970 1706 3028 ὖηίξ.
1725 2998 1747 3028 f.
1788 2998 1848 3029 Cic.
1865 3008 1907 3030 12.
1929 2998 2005 3030 Fam.
2022 3009 2066 3037 ας.
2088 3000 2186 3040 ltaque
2202 3003 2310 3034 crebras
2325 3005 2368 3034 vel
2385 3007 2483 3044 potius

1357 3036 1532 3073 quotidianas
1539 3035 1770 3074 compellationes
1783 3046 1858 3067 meas
1872 3047 1929 3067 non
1938 3038 2001 3068 tulit
2013 3061 2021 3073 ,
2043 3039 2125 3076 seque
2136 3041 2164 3070 in
2176 3042 2271 3072 urbem
2293 3045 2399 3081 recepit
2410 3045 2481 3075 invi.

1355 3080 1409 3102 tus.
1450 3074 1467 3102 i.
1478 3083 1501 3102 e.
1526 3072 1742 3109 Objurgationes
1754 3076 1780 3105 ἃ
1792 3075 1928 3106 convicia.
1968 3076 2003 3106 Et
2014 3076 2086 3107 Gell.
2101 3087 2125 3108 1.
2136 3089 2161 3115 ς.
2183 3078 2344 3111 Maledictis
2355 3083 2482 3121 compel-

1354 3110 1558 3147 lationibusque
1569 3110 1704 3149 probrolis
1712 3113 1827 3148 jaftatus
1840 3112 1886 3143 est.

1314 3149 1340 3179 'C
1350 3159 1367 3178 0
1375 3160 1397 3178 M
1407 3159 1422 3178 P
1433 3159 1447 3178 Ε
1455 3160 1472 3177 L
1483 3160 1498 3177 L
1506 3158 1523 3177 Ο
1534 3170 1541 3183 ,
1564 3149 1623 3187 puli
1634 3171 1642 3184 ,
1664 3149 1773 3187 pulsum
1784 3173 1793 3185 ,
1824 3151 1941 3187 [συνάγω
1950 3172 1958 3185 ,
1984 3152 2110 3189 »wi-eima,
2135 3154 2258 3190 βιάζομοα
2268 3177 2276 3190 ,
2305 3154 2460 3185 συιέλοιαόνω
2470 3180 2483 3195 ‚

1356 3185 1484 3222 σωοθέω]
1506 3188 1560 3216 ere.
1581 3189 1694 3225 proprie
1706 3189 1745 3217 est
1761 3189 1791 3218 ln
1807 3198 1895 3218 unum
1911 3189 2005 3219 locum
2017 3212 2025 3224 ,
2047 3189 2092 3219 vel
2104 3191 2226 3228 diversa,
2246 3193 2292 3223 vel
2308 3194 2483 3227 diversorum.

1353 3225 1485 3255 animalia
1493 3234 1611 3263 cogere,
1632 3226 1725 3262 inquit
1733 3224 1851 3256 Servius.
1876 3226 1946 3264 Virg.
1960 3237 1984 3264 7.
1996 3227 2051 3257 Ecl,
2063 3237 2089 3258 2.

1449 3263 1705 3300 Compulerantque
1715 3273 1810 3301 greges
1821 3263 1953 3307 Corydon
1964 3287 1973 3299 ,
1995 3267 2020 3294 ἂ
2032 3264 2142 3303 Thyrsis
2153 3267 2182 3296 in
2197 3277 2295 3299 unum.

1354 3299 1508 3340 Dispellere
1518 3303 1544 3330 &
1555 3301 1730 3338 Compellere
1741 3323 1749 3336 ,
1763 3308 1910 3331 contraria.
1952 3302 2039 3332 Plaut.
2053 3304 2122 3333 Alin.
2141 3313 2164 3340 3.
2177 3314 2202 3340 3.
2219 3311 2282 3341 ¹48·

1435 3338 1614 3368 Meritiffimo
1626 3341 1685 3373 ejus
1700 3349 1760 3376 quae
1772 3338 1846 3368 volet
1854 3340 1989 3370 iaciemus
1998 3362 2007 3376 ,
2029 3341 2074 3379 qui
2085 3341 2168 3373 hosce
2179 3352 2287 3374 amores

1437 3376 1551 3406 Nostros
1569 3376 1704 3413 dispulsos
1716 3376 1862 3414 compulit.

1352 3413 1534 3452 Compellere
1545 3416 1570 3444 ἀ
1588 3412 1734 3451 Expellere
1747 3437 1754 3449 ‚
1776 3415 1921 3445 contraria.
1962 3415 2020 3445 Cic.
2034 3417 2062 3445 in
2078 3416 2166 3446 Pison.
2183 3421 2225 3448 16.
2248 3418 2296 3449 Me
2314 3420 2407 3452 domo
2419 3431 2484 3454 mea

1375 3452 1518 3490 expulistis
1528 3474 1536 3486 ,
1558 3451 1610 3481 Cn.
1627 3452 1789 3490 Pompeium
1800 3453 1916 3481 domum
1927 3451 2002 3483 suam
2013 3454 2193 3492 compulistis.

1356 3489 1480 3520 Domum
1493 3489 1615 3526 aliquem
1628 3490 1654 3518 vi
1664 3491 1689 3519 ἃ
1704 3490 1785 3519 armis
1802 3489 1982 3528 compellere.
2024 3492 2080 3521 Cic.
2095 3503 2146 3530 pro
2165 3493 2266 3524 Milon.
2279 3500 2325 3530 88.
2348 3496 2406 3534 Qui
2421 3498 2486 3536 plu.

1375 3527 1452 3557 ribus
1463 3527 1583 3556 caedibus
1594 3527 1621 3568 in
1636 3527 1697 3556 foro
1707 3528 1786 3557 factis
1796 3549 1805 3563 ,
1825 3527 1953 3565 singulari
1962 3529 2064 3560 virtute
2073 3532 2102 3560 ἃ
2117 3531 2206 3568 gloria
2219 3533 2309 3563 civem
2321 3534 2438 3566 domum
2451 3537 2484 3567 vi

1378 3567 1403 3595 ἃ
1413 3566 1496 3594 armis
1504 3565 1651 3601 compulit.

1358 3602 1392 3634 ln
1407 3612 1492 3632 unum
1504 3602 1596 3631 locum
1607 3601 1778 3639 compellere
1789 3602 1817 3632 ἂ
1827 3611 2002 3641 congregare.
2026 3604 2085 3634 Cic.
2102 3614 2124 3634 1.
2138 3605 2247 3637 invent.
2260 3617 2287 3637 α.
2311 3608 2368 3646 Qui
2380 3610 2485 3648 disper=

1376 3640 1419 3670 sos
1429 3641 1555 3669 homines
1568 3640 1596 3668 in
1608 3641 1677 3677 agris
1690 3661 1697 3674 ,
1720 3641 1745 3668 Sc
1757 3639 1786 3667 in
1803 3641 1882 3670 tectis
1903 3641 2065 3672 silvestribus
2084 3642 2212 3680 abditos,
2235 3646 2344 3676 ratione
2365 3649 2486 3685 quadam

1379 3677 1518 3715 compulit
1528 3678 1555 3706 in
1567 3686 1655 3706 unum
1667 3677 1760 3706 locum
1772 3698 1780 3710 ,
1802 3679 1828 3707 Sc
1840 3680 2026 3716 congregavit.

1357 3715 1391 3746 ln
1403 3716 1556 3751 lethargum
1565 3715 1746 3751 compellere.
1771 3715 1789 3742 i.
1803 3725 1826 3744 e.
1847 3716 1966 3745 'Causam
1976 3716 2030 3746 effe
2041 3717 2168 3756 lethargi.
2190 3719 2260 3750 Cels.
2272 3721 2320 3751 lib.
2335 3732 2358 3758 3.
2371 3728 2483 3762 cap.1'8.

1378 3753 1553 3790 Asclepiades
1563 3761 1594 3780 ea
1603 3751 1773 3792 supervacua
1783 3752 1837 3782 esse
1847 3754 1935 3788 dixit,
1957 3756 2089 3791 quoniam
2102 3757 2132 3785 in
2146 3755 2305 3796 lethargum
2320 3760 2389 3798 saepe
2409 3771 2485 3790 com-

1374 3790 1524 3828 pellerent.
1564 3787 1699 3825 intelligit
1707 3797 1799 3818 autem
1810 3790 1905 3820 Celsus
1914 3792 2047 3822 decoc'tos
2054 3796 2206 3832 ¹papaveris
2215 3798 2332 3827 cortices
2341 3808 2431 3828 creare
2438 3799 2482 3828 ie-

1379 3830 1507 3864 thargum
1518 3849 1526 3862 ,
1548 3826 1566 3855 si
1580 3837 1615 3856 ex
1628 3837 1659 3856 ea
1669 3837 1738 3864 aqua
1750 3826 1866 3857 subinde
1877 3829 1989 3867 spongia
2003 3840 2034 3860 os
2045 3832 2071 3860 δι
2082 3839 2168 3870 caput
2176 3833 2333 3866 foveantur.

1359 3865 1394 3897 In
1402 3866 1494 3904 plagas
1504 3864 1683 3902 compellere.
1706 3864 1790 3894 Plaut.
1803 3865 1880 3896 Poen.
1897 3875 1920 3903 3.
1935 3876 1960 3902 ι.
1977 3876 2020 3903 35.

1441 3903 1513 3932 Cum
1527 3902 1621 3940 praecla
1634 3902 1680 3931 hic
1688 3902 1898 3934 hodieincedet
1908 3912 2022 3935 venator
2031 3906 2149 3937 domum
2158 3929 2168 3944 ,

1439 3940 1531 3969 Canes
1543 3940 1718 3977 compellunt
1730 3940 1759 3969 in
1768 3941 1863 3978 plagas
1869 3941 1966 3980 lepide
1978 3943 2092 3981 Lycum.

1361 3977 1394 4009 In
1405 3977 1479 4007 suam
1489 3977 1582 4006 sedem
1597 3977 1768 4015 compellere
1782 3979 1839 4009 offa
1850 3980 1950 4010 luxata.
1990 3981 2060 4011 Cels.
2078 3981 2126 4011 lib.
2138 3987 2164 4015 8.
2183 3991 2246 4021 cap.
2258 3991 2286 4014 x..
2316 3984 2336 4014 i.
2350 3993 2374 4013 e.
2397 3982 2485 4021 Quod

1381 4015 1479 4056 vulgus
1493 4015 1687 4053 chirurgorum
1694 4016 1764 4046 dicit
1773 4038 1781 4053 ,
1801 4016 1952 4055 Reponere
1962 4018 1990 4047 in
2001 4019 2079 4049 suum
2089 4019 2194 4050 locum.

1844 4055 1872 4085 G
1879 4061 1899 4093 g
1907 4065 1925 4094 g
1934 4066 1952 4094 g
1970 4065 1989 4085 2
2364 4058 2486 4096 Gregem
