2604 4222
147 142 216 186 545
608 124 636 158 C
736 120 762 154 L
861 114 877 148 I

182 218 286 251 Asinus,
296 215 340 245 vel
350 211 443 244 Mulus
453 207 621 239 clitellarius.
644 204 712 233 Cato
723 209 783 236 cap.
798 206 841 226 ιο.
864 193 957 224 Asinos
971 199 999 219 in

183 256 231 294 qui
243 255 343 284 stercus
356 252 466 280 vectent
478 269 485 282 ,
502 254 564 275 tres.
605 242 690 272 Plaut.
704 235 812 281 Mostel.
827 242 852 269 3.
863 241 889 261 2.
902 238 947 267 93.

275 291 346 321 Nam
357 288 495 317 muliones
508 282 596 312 mulos
613 277 770 317 clitellarios
845 308 851 314 ι

276 328 388 358 Habent
398 347 405 360 ,
425 333 477 361 ego
488 321 576 351 habeo
588 317 716 346 homines
729 308 903 341 clitellarios:

367 365 372 370 ·
527 359 531 364 ·
624 355 629 360 ·
645 365 648 369 -
690 353 694 357 ·
733 350 737 355 ’
924 346 984 370 unt.

277 367 373 402 Magm
385 363 445 392 sum
457 368 546 388 onem
555 379 563 391 '
585 342 967 423 qtllieglltuilelgliiilrlilsnsieviietldnae
977 379 1006 406 in
1017 374 1154 413 Hirpinis,
1176 373 1210 402 ad
1222 382 1301 402 mon-

148 408 171 437 C
181 418 197 436 ¹¹
207 417 216 434 ¹
226 414 268 434 TE
278 414 295 433 ¹³
305 413 325 432 N
336 414 344 430 ¹
355 412 384 435 ‘³'
407 398 488 429 Itallae
502 394 664 458 oppidilieiae
675 426 722 454 lib.
735 433 760 452 2.
770 433 796 457 4.
808 422 837 449 in
847 416 1033 454 descriptione
1046 414 1137 443 itiliae.
1151 411 1215 441 Piin.
1225 421 1234 446 3
1244 419 1299 440 ,12.

150 482 172 512 C
184 452 247 510 Itelmr
256 441 411 510 {iargaunpm
421 437 591 509 ἔῖίῃλὶῗτῗςῗὲῗ]
610 464 687 495 aliud
703 460 787 492 ltaliae
806 457 943 496 oppidum
954 476 962 489 ,
982 452 1126 490 quondam
1136 450 1299 486 AEquoruiii.

189 518 276 554 Vulgo
293 515 391 542 Gelam.
433 510 505 552 Hinc
615 541 620 546 ι
664 539 669 544 ¹

152 557 174 586 C
183 568 198 585 ι,
208 567 215 583 ι
227 565 246 584 T
255 565 268 582 a
278 564 293 581 a
303 562 322 581 Ν
332 556 372 580 ῑΝ
384 561 408 583 1,
430 546 515 587 ltalize
526 540 640 583 populi?
662 548 690 581 in
703 545 749 565 ora

152 632 174 662 C
184 591 322 660 ἒέιῖοᾞᾏ
330 598 352 654 ἶ)
359 597 429 653 ζὲρξ
438 579 900 656 ,1ῗιςιλῐὲῗὲιξῗιὲἓῖῗῑῧὲἰῗὲ1ορ1ιυε
910 601 1142 641 Carthaginiensis
1152 623 1160 635 ,
1182 600 1303 629 Athenas

187 667 284 699 venit,
305 672 392 692 annos
406 666 484 689 natus
497 654 675 692 quadraginta
689 672 697 685 ,
718 648 883 690 audivitque
898 643 1070 685 Carneadem
1083 662 1091 673 ,
1114 648 1192 683 cuius
1205 639 1230 667 Sc
1245 637 1304 666 suc-

187 704 272 735 cell'or
289 702 356 730 fuit.-
379 706 432 727 tres
453 696 535 724 sectas
557 692 672 721 seetzitus
688 712 694 723 ,
716 686 962 728 Academicorum,
984 680 1254 721 Peripateticorum,
1277 676 1304 704 &

185 743 350 772 Stoicorum.
381 737 467 772 Supra
485 729 664 769 quadraginta
688 725 831 755 volumina
855 718 1034 756 conscripsit,
1066 716 1101 745 de
1126 724 1181 752 quo
1203 714 1261 742 Cic.
1276 721 1302 748 3.

185 779 264 809 Tusc.
284 787 324 812 5⁴⁴--
344 774 515 803 mentionem
528 768 601 797 facit.
747 800 753 806 -
895 796 922 802 ..
980 794 985 800 ι
1079 792 1084 797 .
1160 790 1165 795 .
1188 789 1193 795 1
1211 789 1216 794 ι

185 813 374 846 Clitomachus
388 810 456 839 alter
471 807 578 837 Athleta
591 805 618 833 &
631 799 823 832 Pancratiastes
834 795 937 825 nobilis
947 795 1016 827 suit,
1039 802 1086 830 qui
1098 790 1235 829 pudicitia
1245 794 1304 816 tan-

203 861 231 884 ta
241 851 317 882 fuisse
326 849 426 878 dicitur
439 869 445 880 ,
467 853 497 875 ut
507 853 588 874 canes
601 841 618 870 si
629 841 700 870 sorte
712 843 846 868 coeuntes
859 832 969 863 vidisset
978 854 985 866 ,
1006 831 1096 860 statim
1110 828 1216 857 vultum
1229 835 1304 855 aver-

202 898 287 920 teret:
310 889 337 916 in
350 885 480 916 convivio
493 905 500 917 ,
522 882 539 911 si
554 881 613 917 quis
624 878 713 908 sermo
723 875 839 905 lascivus
849 872 987 901 incideret
997 891 1005 905 ,
1027 869 1115 898 statim
1125 867 1235 902 surgens
1247 863 1304 893 abi-

202 936 252 958 ret.
274 928 372 956 Auctor
384 923 484 954 ffilian.
498 921 533 949 de
547 919 607 947 Var.
621 916 686 946 nist.
700 924 724 950 3.
738 923 783 949 30.

339 965 342 968 ·
546 955 605 988 ’μου
618 976 626 989 ‚
654 954 757 988 Κλείτωρ
773 947 945 981 Ptolemaeo]
975 945 1027 974 live
1058 942 1079 972 C
1089 953 1105 971 L
1114 953 1123 970 ι
1134 950 1154 970 T
1164 950 1181 970 0
1191 950 1207 968 a
1218 950 1226 967 1
1236 949 1254 968 u
1265 949 1285 967 M
1294 960 1302 974 ,

183 991 202 1034 i.
224 1014 249 1032 n
274 986 384 1032 fluvius
396 984 506 1028 &Civit
525 1005 536 1024 s
553 994 591 1023 est
605 991 746 1025 Arcadiae,
768 987 841 1026 apud
860 995 941 1022 quam
963 983 1096 1020 spelunca
1114 980 1151 1009 est
1166 1001 1172 1013 ,
1195 987 1229 1006 ex
1251 986 1304 1013 qua

182 1041 296 1080 profluit
308 1047 378 1075 aqua
389 1058 397 1072 ,
423 1015 535 1073 quam‘sl
550 1032 609 1069 quis
625 1029 743 1062 biberit,
764 1026 892 1064 protinus
906 1023 937 1052 'rit
949 1020 1097 1051 abstemius
1108 1041 1115 1055 ,
1137 1017 1205 1046 teste
1216 1014 1301 1045 Ovid.

185 1090 227 1116 ις’
243 1078 548 1149 Ililliti}rziii'quicunque
562 1107 631 1136 sitim
644 1104 679 1134 de
690 1103 766 1133 fonte
777 1099 891 1134 levarit,
912 1099 964 1127 ἃς.
986 1096 1018 1126 V.
1040 1094 1110 1124 Plin.
1122 1093 1170 1122 lib.
1184 1100 1227 1128 3²·
1239 1099 1301 1128 cap.

182 1153 327 1184 2.delacu
339 1150 455 1180 Clitorio
467 1149 639 1177 tractantem.
853 1175 859 1181 ·
1061 1166 1067 1177 ἱ
1122 1165 1131 1175 ἢ
1217 1165 1222 1174 .

145 1194 344 1224 CLlTonis,
363 1188 427 1217 idis.
457 1186 475 1216 f.
506 1183 550 1214 vel
580 1182 917 1212 CLITORIUM,1.n.
946 1173 1099 1208 [nai-rveffi,
1120 1181 1131 1196 n
1150 1166 1301 1201 iam-roffio]

179 1230 325 1261 Muliebris
338 1225 463 1265 pudendi
474 1232 535 1261 pars
546 1221 583 1250 est
594 1242 601 1255 ,
634 1217 710 1255 quod
727 1217 753 1245 δε
769 1212 924 1243 Sacandrus
940 1211 1059 1239 dicitur:
1081 1207 1157 1236 unde
1174 1208 1198 1235 ἃ
1219 1211 1302 1248 ›ez-m-

180 1267 292 1301 affeii,
313 1264 432 1302 turpiter
442 1261 596 1291 membrum
607 1257 635 1285 id
648 1255 793 1284 attretftare
815 1250 956 1288 significat.
996 1246 1093 1282 Pollux
1112 1254 1162 1282 per
1176 1255 1188 1287 a
1203 1242 1303 1286 scribe-

180 1315 210 1335 re
226 1289 329 1333 mavult
341 1324 348 1337 ,
370 1302 417 1331 ubi
430 1301 469 1330 ait
482 1295 643 1328 insecundo
658 1290 845 1322 Ononiastici,
867 1289 959 1323 Segni.
979 1295 1040 1323 174·
1062 1284 1168 1327 Totum
1182 1291 1211 1310 in
1222 1289 1303 1324 virgi-

180 1342 237 1372 nali
279 1341 331 1370 five
344 1338 537 1369 interfemineo
548 1339 661 1363 vocatur
674 1333 738 1357 κτεὶς
748 1351 755 1363 ,
776 1327 805 1356 id
818 1327 856 1355 est
867 1326 967 1363 pecten
977 1346 984 1358 ,
1005 1328 1053 1352 aut
1064 1323 1178 1359 epilion.
1219 1319 1303 1348 Rima

179 1364 257 1411 vero,
269 1379 369 1408 dicitur
386 1376 518 1406 schisma:
549 1373 620 1409 Quae
640 1368 786 1403 interjacet
802 1364 954 1394 subsultans
978 1359 1126 1405 caruncula
1138 1380 1145 1392 ,
1177 1356 1302 1398 nympha

180 1424 377 1455 nuncupatur,
398 1422 446 1444 aut
459 1418 570 1442 nivrton
584 1432 591 1443 ,
612 1408 664 1437 sive
681 1404 802 1443 epideris
816 1425 824 1437 ,
846 1408 893 1431 aut
907 1405 1023 1430 wamelis
1035 1420 1043 1433 ,
1065 1398 1094 1426 id
1119 1396 1157 1425 est
1178 1396 1300 1437 cletoris.

181 1456 257 1486 unde
277 1450 428 1488 nannffgai
438 1443 498 1482 &cf
512 1449 551 1478 Ita
564 1446 628 1476 Cael.
668 1443 722 1473 Sed
733 1441 870 1471 mendum
883 1438 1001 1482 videtur.
1042 1435 1116 1465 Nam
1133 1434 1193 1463 ΜΗ.
1211 1442 1262 1471 per
1277 1443 1300 1466 ι,

181 1494 271 1528 κλίτυς.
293 1491 434 1522 exhibent.
477 1487 517 1517 Al.
542 1495 640 1523 pera,
661 1489 693 1511 ut
704 1476 945 1515 Hesych.&Suid.

182 1531 226 1561 Est
234 1533 263 1561 ἅ
274 1526 400 1565 κληττέξιον
413 1549 420 1563 ,
442 1527 497 1555 hoc
508 1524 545 1554 est
555 1521 700 1552 cletoriuni
710 1516 859 1560 apud-illos
871 1537 879 1550 ‚
900 1513 948 1558 sed
959 1512 988 1542 id
998 1510 1113 1542 verbum
1134 1508 1302 1552 quandoque

776 1560 846 1584 tiam
858 1552 993 1583 Gloriam.
1034 1549 1099 1579 Caei.
1114 1547 1207 1577 Rhod.
1220 1546 1300 1582 lib.4.

1002 188 1106 222 stratos,
1128 184 1299 219 clitellarios,

762 531 1020 571 IEqukmlanorum,
1041 535 1160 563 quorum
1173 523 1302 554 meminit

811 579 845 600 tae
855 568 975 606 regionis
986 566 1078 596 Itaiiae.

199 1567 327 1599 Mensam
339 1566 446 1595 indicat
455 1563 567 1601 regiam,
581 1559 748 1598 quandoque
759 1566 773 1585 e

200 1616 260 1644 cap.
275 1615 299 1641 7.
320 1614 354 1634 ex
366 1604 458 1633 Suida.

143 1642 376 1677 CLiTORfflS,
398 1641 457 1675 iidj.
490 1638 521 1667 V.
544 1638 573 1666 in
593 1642 750 1676 eLrToa.

142 1680 381 1715 CLTT6R1US,
401 1673 601 1715 [ma-m'gi&]
630 1673 800 1704 Statuamus,

179 1720 246 1749 Plin.
263 1719 308 1748 lib.
325 1727 366 1754 34.
381 1726 441 1754 cap.
453 1721 479 1749 S.
711 1746 717 1752 ⁸
827 1744 833 1750 ι
972 1741 978 1747 ,

142 1757 165 1788 C
175 1769 190 1786 ι.
199 1762 212 1787 ῑ
221 1767 240 1786 τ
249 1767 266 1786 υ
278 1768 298 1786 Μ
308 1766 328 1785 Ν
339 1766 356 1784 υ
366 1765 378 1785 s
387 1777 395 1788 .
417 1749 620 1790 [Κλείτεμνῷὶυ]
639 1747 753 1777 Fluvms
772 1744 811 1774 est
826 1754 854 1773 in
866 1743 995 1773 Mevania
1006 1762 1015 1775 ,
1036 1749 1096 1783 quae
1108 1746 1170 1776 pars
1186 1737 1224 1766 est
1236 1735 1303 1765 Um-

179 1796 243 1825 briae
254 1795 337 1833 partis
348 1792 456 1823 Tusciae
469 1800 475 1820 :
500 1790 535 1818 de
547 1797 602 1824 quo
614 1786 710 1819 fluvio,
731 1782 861 1813 animalia
872 1782 1101 1825 quae-potaverint
1112 1798 1119 1811 ‚
1141 1775 1219 1804 albos
1229 1775 1302 1804 fetus

178 1841 280 1864 creant.
307 1833 371 1861 l-laec
387 1840 420 1859 ex
432 1828 521 1859 Plinio
538 1826 647 1855 Servius
659 1823 697 1852 ait
707 1823 735 1851 in
750 1821 820 1850 illud
835 1819 940 1856 Virgilii
953 1827 979 1848 2.
995 1817 1094 1852 (Jeorg.
1109 1817 1172 1850 146.

271 1870 344 1899 Hinc
355 1868 427 1903 albi,
450 1866 593 1896 Clitumne
603 1884 610 1897 ,
632 1870 727 1899 greges
736 1882 754 1903 ‚·
766 1861 791 1888 ἃ
804 1858 926 1887 maxima
937 1863 1031 1885 taurus

270 1908 403 1941 Victima,
423 1904 493 1942 sa‘pe
503 1909 551 1932 tuo
567 1899 666 1938 perfusi
678 1899 792 1927 flumine
806 1896 899 1929 sacro,

269 1946 410 1975 Romanos
421 1944 455 1972 ad
466 1939 571 1977 templa
583 1939 667 1967 deum
677 1937 782 1965 duxere
791 1932 960 1971 triumphos.
1011 1968 1017 1974 α

177 1984 297 2016 Novalia
307 1983 449 2012 Clitumna
461 2002 469 2016 ,
501 1979 561 2014 Adj.
585 1977 655 2013 Qiae
674 1974 737 2004 sunt
754 1973 833 2009 juxta
852 1979 964 2001 amnem
975 1967 1159 1998 Clitumnum.
1187 1964 1256 1995 Stat.
1275 1972 1299 1993 ι.

215 2023 261 2052 ilv.
294 2045 298 2050 .
316 2030 345 2049 ια
369 2043 375 2049 .
1086 2043 1092 2048 ¹

195 2024 212 2054 S
271 2033 323 2089 Aut
334 2031 461 2097 ῃῖτεῐὶειιῑ
470 2056 565 2084 niveos
578 2051 720 2082 Clitumna
729 2048 842 2078 novalia
851 2053 953 2076 tauros.
1050 2042 1224 2083 Clitumnum
1235 2048 1301 2083 vero

196 2107 307 2128 amnem
319 2103 446 2134 potatum
455 2092 590 2123 candidos
602 2090 687 2118 boves
702 2089 793 2117 facere
814 2087 826 2122 (
839 2092 870 2115 ut
891 2085 997 2126 dictum
1009 2081 1070 2125 est)
1091 2080 1165 2117 apud
1182 2077 1302 2108 Plinium

195 2137 295 2170 legitur
305 2135 354 2163 lib.
366 2143 390 2163 2.
405 2143 464 2169 cap.
481 2140 539 2166 ¹03-
563 2138 623 2165 quae
634 2134 728 2156 tamen
739 2123 823 2154 verba
836 2123 907 2160 quali
919 2122 953 2150 ab
971 2125 1102 2157 imperito
1123 2117 1244 2160 quodam
1256 2115 1303 2161 cle-

198 2166 309 2211 pfavata
319 2171 439 2201 correxit
451 2168 608 2198 slarduinus
620 2167 645 2195 δι
659 2174 707 2201 pro
717 2162 768 2192 illo
789 2161 865 2199 quod
876 2161 1018 2197 legebatur
1028 2179 1035 2192 ‚
1058 2157 1093 2200 ln.
1110 2154 1231 2184 Phalisco
1248 2152 1303 2182 cli-

197 2212 288 2241 tumni
308 2210 398 2238 amnis
420 2217 491 2244 aqua
512 2211 606 2243 potata
623 2202 759 2232 candidos
773 2200 860 2228 boves
878 2199 961 2227 facit:
984 2194 1122 2237 reposuit,
1146 2203 1180 2222 ex
1194 2189 1255 2236 Mis.
1271 2196 1303 2219 ut

196 2249 339 2288 perhibet,
364 2248 393 2276 ln
406 2245 511 2275 Falisco
523 2243 615 2272 omnis
630 2249 699 2270 anua
711 2244 804 2276 potata
817 2236 951 2266 candidos
971 2232 1142 2277 blovesvt'acit.
1185 2230 1303 2259 Clitum-

198 2296 266 2316 num
278 2285 410 2315 videlicet
423 2284 451 2312 iri
466 2281 578 2312 Umbria
588 2302 596 2310 .
618 2277 750 2308 Faliscum
764 2275 871 2304 veroin
882 2274 1011 2303 Hetrutia
1022 2271 1075 2299 este
1088 2271 1193 2298 dicens.
1235 2267 1302 2296 Haec

197 2331 290 2354 tamen
302 2324 318 2352 si
332 2323 392 2360 quis
404 2320 565 2358 diligentius
579 2310 772 2347 considerabit,
793 2311 974 2349 nihilopinor
983 2307 1130 2338 absurdum
1144 2305 1301 2349 deprehen-

198 2363 261 2391 det:
294 2360 442 2399 praesertim
463 2366 548 2394 quum
565 2363 623 2384 tota
642 2352 758 2383 Umbria
780 2351 913 2381 Hetruriae
929 2345 1031 2378 finibus
1048 2342 1296 2375 circumscribatur.

196 2401 233 2430 Ut
244 2400 369 2429 Servium
382 2395 565 2426 nihilominus
585 2392 707 2422 eundem
726 2389 806 2419 Plinii
823 2389 919 2418 locum
938 2383 1084 2423 respexisse
1105 2390 1251 2420 appareat,
1281 2380 1300 2409 si

196 2438 318 2468 maxime
328 2436 374 2465 illa
389 2434 448 2464 ΜΠ.
463 2433 585 2462 lectione
595 2430 720 2459 standum
733 2428 772 2456 sit.

141 2477 163 2508 C
174 2480 236 2506 cir
246 2486 262 2504 u
274 2485 286 2504 s
297 2497 305 2509 ,
327 2472 483 2510 [Κλάτῶν]
505 2469 608 2500 mantii
619 2466 767 2501 suitlilius,
788 2465 835 2502 qui
854 2463 889 2494 ab
903 2464 1006 2493 Aurora
1022 2465 1117 2498 raptus
1128 2480 1136 2494 ,
1157 2466 1300 2494 nunquam

218 2517 224 2530 ,
258 2524 261 2528 Ι

177 2514 480 2588 liiiileriraillgrclgsllitus
494 2547 565 2576 inter
577 2543 734 2582 praecipuos
747 2539 891 2570 Alexandri
904 2535 1070 2567 Macedonis
1087 2532 1246 2566 familiares,
1262 2530 1300 2561 ei-

830 1665 965 1704 Polycleti
991 1660 1160 1701 discipulus,
1188 1661 1302 1690 auctore

196 2590 316 2625 demque
324 2585 489 2619 cariffimus.
510 2592 570 2612 tum
580 2581 655 2619 quod
666 2580 737 2609 nlius
749 2577 813 2607 esset
821 2576 936 2607 nutricis
948 2575 1030 2612 ipsius
1042 2595 1049 2607 ,
1072 2579 1130 2616 tuni
1141 2571 1217 2607 quod
1227 2570 1260 2613 ab
1270 2569 1303 2614 il-

195 2627 264 2656 loiri
279 2626 366 2654 dubio
378 2625 441 2653 vitae
462 2621 622 2651 discrimine
639 2617 731 2647 fuisset
747 2616 874 2645 servatus.
910 2614 993 2643 Hunc
1008 2618 1102 2641 tamen
1120 2620 1147 2638 in
1167 2617 1298 2652 convivio

198 2664 321 2702 quodam
332 2662 445 2691 liberius
454 2661 483 2689 in
496 2659 610 2689 Persicos
622 2666 711 2685 mores
724 2656 864 2683 invectum
875 2674 883 2688 ‚
905 2661 953 2680 rex
963 2652 1018 2686 jam
1030 2646 1300 2692 temulentiislspicu-

198 2703 226 2732 lo
241 2701 357 2738 trajecit.
398 2699 483 2734 Cujus
493 2697 558 2727 facti
569 2704 633 2726 eum
644 2692 775 2731 postridie
788 2697 864 2720 tanta
876 2689 964 2726 coepit
976 2687 1143 2726 poenitentia
1154 2707 1161 2719 ,
1184 2683 1300 2728 discussa

197 2742 253 2777 jam
269 2739 403 2768 ebrietate
412 2759 420 2772 ,
442 2743 473 2765 ut
482 2742 571 2764 totum
585 2732 708 2762 triduum
719 2730 782 2759 ci'oo
791 2729 965 2762 abstinuerit,
988 2726 1197 2766 decreveritque
1208 2732 1300 2751 omni-

197 2788 235 2808 no
247 2776 340 2807 inedia
353 2776 399 2804 sibi
410 2783 508 2804 necem
520 2769 689 2801 consciscere
699 2790 706 2802 ,
728 2767 903 2803 amicumque
915 2765 1021 2802 optime
1033 2763 1068 2792 de
1079 2762 1104 2790 se
1116 2768 1247 2804 meritum
1262 2759 1297 2803 ad

195 2817 302 2845 inferos
316 2812 450 2851 persequi.
490 2810 619 2840 Tandem
633 2815 703 2844 aegre
718 2805 830 2834 admissa
849 2804 1003 2832 amicorum
1019 2799 1209 2830 consolatione
1220 2820 1227 2833 ‚
1239 2806 1298 2842 ¹qui

198 2854 303 2883 Clitum
313 2854 373 2888 jure
388 2849 510 2880 occisum
528 2846 699 2878 afferebant,
720 2841 949 2880 sumptuosissimo
969 2849 1033 2869 eum
1047 2838 1143 2868 funere
1160 2835 1296 2873 sepelivit.

195 2891 344 2922 Historiam
354 2889 425 2918 hanc
436 2887 500 2916 vide
510 2885 593 2916 latius
603 2882 678 2921 apud
687 2882 841 2915 Attianum,
856 2880 911 2916 Qu.
926 2877 1062 2912 Curtium,
1083 2877 1108 2905 ἃ
1117 2874 1297 2904 Plutarchum

197 2931 227 2959 in
238 2930 295 2959 vita
307 2925 463 2957 Alexandri.
882 2954 888 2960 ι
1002 2952 1008 2959 ο

142 2969 164 2999 C
175 2980 191 2998 ι.
202 2979 210 2996 ι
222 2977 255 2996 vi
266 2976 286 2996 N
296 2976 315 2995 A
325 2987 333 3001 ,
355 2965 418 2994 Avis
428 2964 455 2992 in
465 2961 587 2999 auguriis
598 2957 759 2991 dicebatur,
780 2964 839 2992 quae
854 2953 908 2982 alio
932 2961 1047 2982 nomine
1069 2950 1221 2981 vocabatur
1237 2948 1299 2977 Pro-

180 3005 310 3035 hibitoria
321 3025 329 3037 ,
352 3004 377 3032 δε
401 3000 585 3033 Clamatoria,
607 3006 623 3026 a
645 2995 734 3025 cliviis
751 2992 879 3028 auspiciis
895 2992 968 3020 dic‘ta
979 3013 987 3024 ,
1009 2999 1068 3027 quae
1083 3011 1090 3024 ,
1112 2989 1179 3017 teste
1196 2987 1273 3017 Festo
1287 3008 1295 3021 ,

180 3043 344 3072 dicebantur
356 3038 467 3069 adversa
477 3060 484 3073 ,
506 3035 658 3074 quibusque
672 3031 776 3068 aliquid
791 3030 849 3059 fieri
866 3028 1075 3066 prohibebatur.
1114 3027 1194 3056 Hanc
1215 3033 1296 3055 avem

178 3081 226 3110 suo
240 3079 332 3110 seculo
346 3077 424 3108 fuiffe
438 3075 628 3113 incognitam,
648 3071 744 3101 auctor
758 3068 796 3098 est
808 3067 877 3097 Plin.
896 3066 943 3095 lib.
961 3077 1001 3096 10.
1017 3075 1076 3102 cap.
1093 3074 1137 3101 14.
1168 3064 1199 3094 V.
1222 3073 1296 3093 CL!-

178 3128 195 3147 v
207 3128 277 3153 ius,
303 3117 363 3154 post
377 3115 431 3151 seq.
444 3115 511 3143 dict.
1001 3141 1006 3146 ·
1029 3141 1034 3147 ι
1094 3139 1099 3145 .
1275 3137 1281 3144 ι

140 3157 163 3187 C
172 3168 188 3185 L
197 3161 209 3185 ῑ
219 3166 234 3185 ν
246 3166 262 3184 υ
273 3165 285 3184 s
296 3177 303 3189 ‚
325 3155 350 3184 Sc
372 3153 393 3182 C
404 3164 420 3181 L
430 3163 439 3181 1
451 3162 466 3181 v
478 3161 497 3180 u
508 3161 529 3180 M
539 3172 547 3183 ,
571 3148 589 3178 i.
609 3156 638 3176 n.
659 3143 827 3181 Dianam]
856 3142 895 3172 est
919 3140 1078 3170 Proclivitas
1092 3139 1139 3168 illa
1158 3139 1183 3168 Sc
1200 3147 1297 3176 proni-

178 3201 219 3224 tas
230 3204 244 3222 a
254 3193 356 3222 vertice
367 3190 446 3220 collis
457 3212 465 3225 ,
485 3196 516 3218 ut
529 3186 624 3217 Clivus
636 3182 818 3221 Capitolinus
859 3180 918 3209 Cic.
931 3189 957 3208 2.
974 3180 1027 3207 Att.
1044 3188 1067 3207 1.
1098 3177 1190 3213 Quem
1202 3185 1253 3213 ego
1265 3177 1294 3204 in

173 3232 245 3261 clivo
257 3229 417 3260 Caditolino
433 3251 441 3263 ,
463 3235 491 3256 te
503 3224 630 3263 signifero
651 3231 684 3251 ac
702 3219 831 3258 principe
842 3240 849 3253 ,
871 3217 1048 3246 collocaram.
1088 3215 1196 3244 Nonius
1209 3223 1232 3249 3.
1246 3219 1291 3247 28.

174 3269 283 3299 Clivum
297 3246 399 3297 lneutro
411 3275 512 3304 genere
521 3286 529 3300 ,
550 3263 620 3292 Cato
634 3261 664 3289 in
678 3257 813 3289 Tribunis
829 3255 951 3285 militum
962 3276 970 3291 ,
990 3254 1064 3283 Loca
1077 3254 1162 3282 ardua
1175 3254 1202 3282 δι
1222 3250 1293 3282 cliva

175 3305 306 3344 depressa.
586 3337 591 3342 ¹

174 3345 257 3381 Aquae
269 3344 364 3372 clivus.
387 3340 471 3371 Ovid.
488 3344 529 3373 18.
542 3336 624 3375 Epist.
639 3343 701 3365 122.
723 3371 728 3377 ·
885 3368 891 3375 ⁸

267 3381 329 3410 Hoc
339 3388 447 3417 quoque
459 3377 477 3406 si
486 3376 576 3406 credis
588 3396 596 3409 ‚
618 3373 652 3402 ad
665 3379 691 3401 te
702 3380 746 3400 via
760 3379 849 3408 prona
865 3368 991 3398 videtur:

306 3418 324 3447 A
339 3423 366 3446 te
378 3425 464 3454 quum
475 3414 561 3444 redeo
573 3433 580 3442 .
600 3410 687 3441 clivus
696 3409 793 3438 inertis
803 3417 890 3444 aquae.

177 3455 278 3486 Mensae
293 3455 405 3489 clivum,
425 3451 614 3483 subditatesta‚
633 3446 740 3477 tollere.
762 3446 846 3476 Ovid.
858 3450 884 3479 8.
902 3443 972 3474 Met.
986 3444 1050 3472 662.

177 3493 291 3524 Tabulae
303 3492 397 3522 clivus.
421 3490 505 3520 Ovid.
516 3491 552 3518 de
564 3488 644 3518 Nuce
656 3494 701 3523 77.
933 3518 938 3524 Ι

177 3532 317 3567 IEquatus.
339 3529 423 3559 Ovid.
434 3534 460 3562 8.
474 3528 543 3557 Met.
556 3530 620 3559 663.
660 3522 699 3552 Al.
718 3521 883 3559 ffiquatam,
902 3516 960 3549 scil.
981 3513 1119 3547 Mensam.

178 3569 284 3599 Arduus
297 3569 325 3596 in
340 3566 436 3596 valles.
457 3564 541 3595 Ovid.
561 3573 583 3592 1.
599 3561 666 3592 Fast.
677 3563 743 3595 264.

178 3606 310 3636 Aricinus.
333 3603 448 3634 martial.
461 3603 508 3632 lib.
526 3609 623 3635 1232.
683 3636 689 3642 ι
710 3635 716 3642 ,

271 3643 386 3677 Migrare
397 3642 500 3671 clivum
510 3640 638 3670 crederes
647 3636 797 3666 Aricinum.

177 3681 276 3711 Durus.
300 3680 348 3709 Sil.
361 3691 386 3715 4.
398 3684 463 3711 όος.

178 3718 282 3748 Mollis.
305 3717 377 3754 Virg.
390 3727 415 3752 9.
428 3715 486 3745 Ecl.
502 3719 528 3748 8.

369 3770 406 3774 —
418 3763 470 3790 qua
481 3752 507 3781 se
518 3750 671 3781 subducere
686 3746 773 3777 colles

256 3792 414 3829 incipiunt,
435 3789 567 3826 mollique
577 3789 674 3825 jugum
688 3785 839 3814 subducere
850 3779 933 3812 clivo.

196 3831 221 3860 ἃ
233 3829 416 3859 descensione.

177 3867 349 3896 Descendere
361 3874 409 3902 per
419 3863 530 3892 clivum.
551 3861 634 3890 Ovid.
648 3870 672 3890 ι.
684 3859 750 3890 Fast.
765 3861 830 3895 263.
1155 3888 1161 3895 ,

178 3905 277 3934 Facere
286 3904 383 3933 clivos.
407 3899 504 3930 Paulus
516 3901 543 3927 in
553 3899 572 3927 l.
586 3898 735 3926 servitutes.
758 3897 779 3932 ξ.
790 3896 808 3924 si
820 3895 906 3923 domo
918 3901 988 3921 mea.
1000 3890 1036 3920 D.
1049 3889 1085 3918 de
1096 3888 1183 3918 servit.
1194 3886 1292 3916 urban.

196 3942 323 4008 praedior.
363 3938 414 3969 Vel
430 3937 529 3975 gradus
538 3957 546 3971 ‚
568 3935 612 3965 vel
622 3935 707 3964 clivos
716 3933 831 3971 propius
841 3933 952 3968 januam
963 3937 1053 3958 meam
1062 3927 1123 3962 jure
1133 3927 1224 3956 facere
1232 3923 1295 3963 pos-

209 3988 263 4008 uni.

1015 3777 1035 3808 i.
1048 3787 1073 3808 e.
1095 3772 1180 3807 Facili
1192 3774 1292 3804 itinere

1841 96 1871 130 C
1968 97 1995 132 L
2092 97 2127 132 O

1393 179 1530 210 Sudamus
1551 178 1580 207 in
1599 187 1656 207 uno
1670 177 1760 212 clivo,
1782 177 1878 215 proin
1898 187 1955 206 uno
1976 178 2090 215 negotio
2104 177 2280 213 laboramus,
2302 179 2444 216 proverbii
2462 178 2522 219 spe.

1414 219 1485 247 ciem
1497 217 1580 245 habet
1591 216 1666 253 apud
1683 216 1765 244 Ovio.
1780 226 1825 244 20.
1840 215 1920 252 Epist.
1934 225 1979 245 ei.

1487 254 1568 284 Mille
1578 254 1657 282 modi
1672 253 1772 282 restant
1785 275 1792 286 ,
1816 253 1888 281 clivo
1901 252 2029 282 sudamus
2041 254 2070 282 in
2080 263 2147 283 uno.

1357 294 1536 325 Cmvrus,
1558 301 1590 324 a,
1611 301 1667 320 um.
1700 292 1759 326 Adj.
1784 290 1926 324 Difficilis.
1949 291 2069 326 arduus,
2102 298 2154 325 ut,
2176 291 2264 320 Clivia
2286 290 2426 327 auspicia,
2450 291 2520 329 Qiae

1395 330 1499 367 aliquid
1515 352 1523 364 ,
1545 329 1636 364 inquit
1645 328 1753 361 Festus,
1775 328 1833 357 fieri
1846 328 2038 366 prohibebant.
2061 339 2126 359 nam
2147 329 2279 358 &omnia
2299 328 2423 358 difficilia
2443 331 2520 360 &ar-

1398 370 1453 397 dua
1464 390 1471 401 ,
1494 366 1708 395 nominabantur
1718 365 1817 395 Clivia.
1840 366 1915 395 unde
1927 365 2041 396 &Clivs
2065 367 2096 397 V.
2120 366 2152 397 Is.
2169 366 2239 396 Voss.
2257 367 2289 395 ad
2302 365 2402 395 Catuli.
2418 377 2444 403 p.
2457 372 2499 397 62.

1357 407 1381 436 C
1391 417 1447 435 civ
1459 409 1475 434 ὃ
1485 415 1497 434 s
1508 414 1546 433 us
1557 426 1564 439 ,
1587 404 1646 438 Adj.
1671 401 1800 439 [λοφώοῖτς
1815 404 1830 438 ]
1850 410 1903 438 ut,
1924 403 2047 434 Clivosus
2060 405 2149 435 locus.
2193 404 2331 434 Columel.
2348 405 2384 432 de
2396 404 2519 436 Arborib.

1396 454 1457 481 cap.
1471 454 1497 477 4.
1520 442 1681 484 Curandum
1693 448 1783 470 autem
1796 442 1853 477 est,
1875 448 1905 470 ut
1916 441 1985 471 locis
1997 443 2079 472 aridis
2094 445 2120 473 ἀ
2131 442 2239 471 clivosis
2257 441 2340 472 altius
2353 442 2422 472 vites
2436 442 2521 481 depo.

1395 488 1515 512 riantur.
1538 489 1619 516 quam
1632 480 1648 507 {i
1662 479 1783 508 humidis
1801 481 1827 508 ἃ
1840 478 1939 516 planis.
1965 480 2034 516 Virg.
2045 490 2070 509 2.
2086 481 2188 517 Georg.
2200 489 2264 511 am.

1490 518 1560 547 Nam
1572 518 1665 551 jejuna
1676 518 1791 551 quidem
1800 517 1893 546 clivosi
1903 517 1992 554 glarea
2009 519 2078 548 ruris
2089 540 2098 555 ,
2120 520 2173 548 &a

1398 556 1513 586 Tranies
1523 555 1649 583 clivosus.
1674 555 1743 591 Virg.
1761 564 1783 583 1.
1798 555 1897 592 Georg.
1913 560 1973 589 108.

1478 594 1549 660 §.lece
1560 592 1710 630 supercilio
1723 592 1817 622 clivosi
1828 593 1946 622 tramitis
1956 593 2061 622 undam

1491 640 1498 660 ι
1512 639 1568 659 icit.

1397 669 1570 699 Clivosalda.
1595 667 1680 697 Ovid.
1695 677 1717 697 1.
1735 668 1827 697 Amor.
1844 678 1886 703 14-
1910 677 1951 697 ιι.

1398 708 1553 743 Olympum
1565 705 1699 735 clivosum
1719 705 1827 735 scandit
1840 706 1967 736 Phoebus.
1991 706 2075 736 Ovid.
2091 714 2115 743 3.
2129 705 2275 743 Fast.415.

1399 745 1541 774 Clivol'ior.
1567 744 1672 772 Lucret.
1687 743 1734 772 lib.
1750 755 1775 777 4·
1790 750 1854 780 958.

1481 781 1646 811 Etciivosior
1659 780 1764 810 interse
1777 804 1784 816 ,
1806 792 1838 812 ac
1851 782 2004 811 distractior
2017 782 2103 812 intus.
2123 811 2125 813 ,
2184 781 2226 812 Al.
2246 781 2347 812 rectius
2360 778 2487 812 Divifior.

1360 820 1382 849 C
1395 824 1504 849 LiviN
1516 831 1534 848 A
1549 842 1557 853 ,
1578 830 1608 848 ae.
1632 819 1650 848 f.
1674 820 1737 848 Avis
1748 822 1823 858 apud
1836 820 1903 849 Plin.
1920 830 1961 849 ιο.
1980 830 2022 855 14.

1360 858 1578 891 Οιῖνῠμυε,
1599 857 1616 885 i.
1639 866 1675 885 m.
1710 859 1877 893 [μωλοφίκ]
1899 858 1997 887 dimin.
2021 857 2160 887 Columel.
2183 857 2232 888 lib.
2243 861 2271 888 6.
2294 866 2354 896 cap.
2371 866 2415 895 37.
2443 857 2520 889 Duos
2572 849 2575 852 ⁴

1397 896 1518 934 parietes
1532 894 1645 925 adverso
1656 894 1759 925 clivulo
1770 896 1952 926 inaedificatos
1967 896 2061 926 habet.

1793 984 1824 1019 C
1924 984 1953 1019 L
2055 983 2090 1018 O

1357 1081 1456 1110 Cnox
1468 1089 1510 1109 CA
1523 1102 1531 1114 ,
1555 1090 1586 1124 ze..
1609 1079 1627 1110 s.
1650 1076 1796 1124 [ςἀδὶχῆπ
1808 1103 1816 1116 ,
1837 1077 1974 1116 διξωμὲμῆ]
1995 1080 2086 1110 Locus
2105 1090 2190 1111 cavus
2212 1090 2262 1119 per
2278 1089 2364 1118 quem
2383 1078 2515 1112 colluvies

1394 1119 1521 1162 quaedam
1535 1118 1604 1148 fluit.
1647 1119 1704 1148 Cic.
1719 1129 1770 1156 pro
1782 1119 1884 1149 Caeein.
1900 1124 1942 1155 36.
1966 1119 2022 1156 Qui
2033 1118 2152 1149 defossis
2167 1141 2175 1154 ,
2197 1119 2232 1148 de
2244 1118 2345 1148 cloacis
2359 1140 2367 1154 ‚
2389 1119 2424 1148 de
2441 1116 2519 1149 mini-

1393 1166 1446 1185 mis
1459 1165 1603 1193 aquarum,
1624 1157 1812 1194 itinerumque
1822 1157 2012 1187 controversiis
2023 1158 2175 1186 interdicit.
2216 1157 2293 1186 Idem
2304 1166 2355 1194 pro
2367 1156 2460 1186 Plane.
2470 1160 2515 1193 95.

1394 1194 1443 1223 Me
1454 1203 1545 1223 arcem
1557 1194 1647 1223 facere
1660 1204 1693 1224 ex
1704 1195 1798 1224 cloaca
1809 1217 1817 1229 ,
1838 1196 2017 1234 lapidemque
2028 1205 2043 1224 e
2054 1195 2180 1233 sepulcro
2190 1195 2314 1223 venerari
2327 1204 2379 1231 pro
2395 1194 2458 1223 deo.

1394 1232 1502 1299 Cgoacae
1514 1254 1522 1266 ,
1544 1242 1558 1261 a
1571 1232 1700 1262 Cluendo
1711 1255 1720 1268 ,
1741 1233 1771 1262 id
1793 1233 1831 1263 est
1852 1234 1997 1272 purgando
2017 1234 2098 1263 dic‘tae
2109 1255 2117 1269 ,
2139 1233 2230 1270 inquit
2251 1233 2353 1263 Festus.
2375 1232 2472 1263 Horat.
2489 1241 2517 1263 2.

1432 1279 1499 1299 erin.
1516 1279 1539 1304 3.
1560 1280 1625 1305 ²4²·

1488 1307 1560 1337 illud
1570 1308 1644 1337 idem
1654 1309 1681 1337 in
1693 1309 1823 1346 rapidum
1833 1309 1939 1338 flumen
1949 1309 2085 1345 jaceretve
2092 1307 2225 1338 cloacam.

1392 1345 1435 1375 De
1445 1345 1555 1375 Cloaeis
1566 1346 1688 1384 publicis
1698 1346 1802 1382 Romae,
1815 1357 1880 1384 quas
1889 1347 1985 1376 struxit
1994 1347 2164 1384 Tarquinius
2175 1368 2182 1381 ,
2205 1345 2384 1384 receptaculo
2394 1346 2520 1378 omnium

1410 1393 1660 1422 purgamentorum
1671 1384 1746 1414 urbis
1757 1400 1776 1419 ,»
1787 1395 1872 1423 opere
1881 1385 2012 1423 praeclaro
2025 1385 2051 1415 ἃ
2063 1384 2214 1414 utilissimo.
2246 1384 2276 1415 V.
2301 1384 2360 1414 Liv.
2375 1394 2398 1414 1.
2416 1387 2458 1420 56.
2476 1394 2517 1423 pr.
2569 1388 2572 1407 1

1414 1424 1440 1452 &
1454 1433 1476 1456 ς.
1494 1433 1536 1457 ςς.
1552 1430 1621 1452 extr.
1645 1423 1713 1452 Plin.
1731 1426 1773 1459 36.
1792 1433 1834 1459 ις.

1393 1459 1527 1489 Cloacam
1537 1459 1706 1495 translative,
1727 1469 1777 1499 pro
1789 1461 1892 1491 Ventre
1901 1471 1970 1490 anus
1979 1460 2071 1490 edacis
2081 1461 2107 1490 Sc
2118 1459 2223 1490 bibacis
2235 1459 2306 1489 dixit
2316 1458 2403 1490 Plaut.
2417 1459 2448 1489 in
2456 1458 2521 1490 Cur-

1414 1497 1468 1527 cul.
1486 1508 1509 1540 ι’.
1522 1508 1548 1527 2.
1561 1509 1605 1534 29.
1629 1499 1748 1537 Propere
1760 1499 1859 1537 prolue
1872 1499 2006 1528 cloacam.

1394 1536 1537 1579 Refercire
1548 1536 1657 1566 cloacas
1668 1537 1833 1575 corporibus
1843 1538 1958 1567 civium.
1981 1537 2039 1566 Cic.
2051 1545 2103 1574 pto
2114 1536 2189 1566 Sext.
2205 1545 2250 1573 77.

1356 1614 1358 1619 Α
1396 1574 1460 1603 Dari
1469 1575 1502 1603 ad
1513 1576 1694 1612 purgationes
1705 1576 1861 1605 cloacarum
1873 1574 1998 1605 solebant
2005 1575 2136 1604 damnati.
2158 1574 2227 1605 Plin.
2244 1584 2286 1603 ιο.
2298 1572 2383 1611 Epist.
2393 1581 2440 1609 41.

1358 1611 1599 1648 CLOACAIAS,
1622 1623 1646 1643 e.
1668 1614 1729 1650 Adj.
1752 1622 1799 1648 ut,

1395 1650 1526 1679 Cloacale
1537 1650 1659 1685 fiumen,
1681 1652 1845 1685 dixitCato,
1868 1660 1917 1688 pro
1929 1649 2096 1680 Cloacarum
2105 1650 2232 1679 omnium
2244 1648 2376 1680 colluvie.
2398 1649 2500 1681 Festus.

1357 1688 1379 1717 C
1388 1699 1403 1716 L
1414 1698 1430 1717 o
1441 1699 1458 1716 A
1472 1698 1488 1717 c
1498 1692 1540 1718 Aa
1550 1699 1564 1717 a
1574 1711 1581 1724 ‚
1604 1689 1768 1727 Inquinare:
1790 1689 1867 1720 unde
1877 1690 1902 1718 Sc
1912 1688 2021 1719 Cloacae
2031 1689 2120 1718 dictae.
2151 1688 2253 1718 Festus.

1357 1727 1379 1756 C
1388 1738 1404 1755 L
1414 1737 1431 1755 o
1442 1737 1462 1754 A
1474 1736 1490 1755 c
1501 1737 1521 1755 A
1530 1737 1546 1755 R
1556 1737 1565 1755 1
1577 1737 1595 1756 υ
1604 1738 1625 1756 M
1635 1749 1642 1762 ,
1664 1727 1784 1758 Pecunia
1794 1727 1943 1771 purgandis
1952 1727 2054 1756 cloacis
2065 1725 2207 1756 attributa.
2249 1724 2358 1763 Ulpian.
2371 1724 2390 1755 l.
2403 1734 2446 1762 27.
2457 1726 2478 1764 §.
2492 1734 2518 1763 3.
2568 1721 2572 1759 ζ

1393 1764 1427 1794 D.
1443 1765 1478 1793 de
1492 1764 1574 1794 usufr.
1596 1765 1694 1803 Siquid
1705 1766 1834 1796 cloacarii
1851 1765 1967 1795 nomine
1978 1764 2113 1795 debeatur
2124 1785 2133 1800 ‚
2153 1763 2200 1794 vel
2217 1763 2237 1793 si
2257 1763 2325 1801 quid
2345 1763 2382 1793 ob
2404 1763 2520 1796 [ormam

1393 1804 1572 1838 aquaeductus
1583 1825 1591 1838 ‚
1613 1805 1665 1833 διε.

1393 1840 1438 1870 Est
1448 1841 1516 1869 item
1527 1840 1703 1870 Cloacarium
1715 1863 1723 1876 ,
1743 1839 1869 1884 Veffigal
1880 1851 1930 1879 pro
1939 1839 2043 1870 cloaca.
2083 1839 2198 1884 Ulpian.
2210 1838 2228 1869 l.
2241 1848 2284 1877 39.
2298 1839 2320 1877 §.
2332 1850 2358 1874 ⁴·
2380 1838 2415 1869 de
2429 1839 2481 1877 leg.
2492 1840 2520 1869 ὅτ
2567 1827 2573 1880 ΑΛ

1412 1878 1554 1908 fideicom.
1574 1879 1623 1908 lib.
1635 1888 1678 1915 30.
1701 1879 1795 1910 Haeres
1808 1886 1917 1917 cogitur
1927 1879 2009 1916 legati
2026 1878 2122 1916 praedii
2138 1877 2244 1907 solvere
2262 1877 2379 1915 vectigal
2400 1877 2520 1915 praeteri-

1411 1923 1470 1945 tum
1481 1938 1489 1952 ,
1509 1917 1554 1946 vel
1564 1917 1700 1947 tributum
1712 1939 1719 1953 ,
1740 1917 1784 1946 vel
1794 1917 1921 1946 salarium
1931 1938 1939 1952 ,
1960 1916 2004 1945 vel
2015 1915 2199 1952 cloacarium,
2220 1915 2264 1945 vel
2276 1925 2326 1953 pro
2335 1925 2411 1952 aquae
2420 1916 2519 1945 forma.

1356 1954 1379 1984 C
1390 1966 1405 1984 L
1413 1964 1430 1983 o
1442 1965 1459 1983 A
1469 1964 1486 1983 c
1498 1965 1506 1983 1
1517 1964 1536 1983 N
1548 1965 1578 1989 A,
1602 1955 1660 1984 Dea
1671 1966 1730 1993 quae
1740 1955 1843 1984 cloacis
1853 1961 1986 1993 praeerat:
2010 1964 2071 1984 eam
2082 1955 2111 1983 in
2125 1954 2222 1983 cloaca
2231 1960 2370 1991 repertam
2381 1952 2519 1982 consecra-

1393 1999 1434 2022 rat
1444 1992 1552 2022 Tatius.
1574 1993 1614 2022 Ex
1624 1993 1766 2023 Turnebo.
1790 1993 1819 2022 V.
1843 1992 1965 2022 Lastant.
1980 2003 2001 2021 ι.
2014 2002 2059 2021 20.
2075 2002 2116 2021 ιι.
2139 1991 2247 2027 [Verbo
2257 1992 2385 2020 meminit
2397 1992 2423 2021 &
2435 1990 2517 2020 Varro
2566 2007 2568 2016 ι

1394 2031 1424 2097 {J
1436 2030 1586 2098 [ἶῃῗέἓιῗὶ
1602 2031 1702 2061 Forsan
1722 2032 1822 2061 eadem
1839 2040 1871 2061 ac
1888 2030 2023 2060 Cluacina
2040 2034 2117 2066 erat,
2140 2030 2166 2059 8<
2186 2028 2330 2059 cavillatur
2348 2028 2515 2059 Lactantius.

1356 2106 1378 2136 C
1389 2118 1402 2135 i.
1412 2110 1429 2136 ὅ
1440 2117 1456 2135 D
1466 2117 1474 2135 i
1485 2117 1501 2135 c
1513 2117 1529 2135 o
1541 2129 1549 2142 ,
1571 2107 1716 2143 [κωλεένω]
1736 2110 1790 2136 are.
1812 2106 1926 2136 Veteres
1938 2106 2069 2135 dixerunt
2081 2115 2132 2144 pro
2147 2104 2319 2135 Claudicare.
2359 2104 2418 2134 Cic.
2435 2113 2461 2134 2.
2483 2104 2518 2134 de
2564 2109 2568 2142 ζ

1394 2145 1470 2188 Orat.
1486 2155 1545 2180 -¹49·
1570 2144 1730 2177 Praeclaruni
1752 2147 1778 2174 ἃ
1799 2155 1879 2183 grave
1895 2145 1934 2174 est
1954 2143 2029 2181 quod
2054 2143 2171 2173 Calvino
2189 2143 2303 2173 Glaucia
2330 2142 2516 2178 claudicanti,
2564 2145 2571 2176 1,

1394 2182 1448 2212 Ubi
1462 2183 1499 2211 est
1518 2189 1595 2212 vetus
1608 2183 1700 2211 illud‘?
1724 2183 1798 2212 Num
1817 2183 1980 2212 claudicat?
2001 2188 2028 2210 at
2047 2182 2093 2212 hic
2116 2181 2246 2211 clodicat.
2287 2180 2350 2209 Hoc
2367 2179 2518 2210 ridiculum
2565 2191 2567 2194 ’

1393 2222 1431 2249 est
1445 2231 1451 2249 ε
1475 2222 1500 2250 ὃς
1511 2230 1659 2258 utrumque
1672 2231 1707 2250 ex
1722 2231 1755 2250 eo
1767 2222 1842 2258 quod
1853 2223 1883 2250 in
1900 2220 2108 2250 claudicatione
2127 2219 2328 2254 animadverti,
2348 2218 2459 2256 potuit,
2479 2217 2517 2248 est
2564 2242 2565 2247 ,

1395 2259 1520 2288 ductum.

1356 2297 1429 2326 (3ιό
1442 2307 1475 2324 oi
1489 2306 1545 2328 us,
1568 2294 1732 2332 [inffatam]
1754 2296 1868 2326 Nomen
1881 2295 1986 2333 gentile
2005 2295 2056 2324 Ro.
2079 2294 2159 2324 Idem
2177 2304 2210 2324 ac
2225 2293 2368 2324 Claudius.
2409 2292 2463 2322 Sed
2474 2293 2516 2324 *ita
2563 2326 2569 2334 v,
2603 2290 2604 2302 ³

1393 2335 1550 2363 constanter
1560 2335 1649 2363 dicius
1662 2334 1715 2363 fuit
1727 2335 1752 2363 P.
1764 2334 1879 2363 Clodius
1889 2356 1896 2369 ,
1919 2334 2049 2363 inimicus
2062 2333 2218 2367 Ciceronis,
2241 2342 2324 2369 quem
2337 2337 2368 2360 ut
2378 2331 2516 2368 expellere
2568 2334 2570 2351 ³

1392 2372 1427 2401 ab
1441 2373 1507 2401 urbe
1517 2371 1603 2409 poss-:t
1616 2395 1623 2406 ,
1644 2373 1756 2417 plebeio
1768 2372 1793 2401 se
1803 2372 1911 2400 homini
1923 2371 2114 2409 adoptandum
2127 2370 2213 2400 dedit.
2238 2369 2366 2400 moechus
2377 2369 2428 2398 suit
2436 2368 2517 2398 notis-
2568 2407 2569 2411 Ἰ

1391 2410 1492 2484 ιἱῑῑπιιιτιε,
1514 2408 1702 2477 deqpreheiluis
1715 2411 1744 2439 in
1755 2410 1835 2440 sacris
1850 2410 1933 2439 ssonae
1947 2411 2006 2439 deae
2022 2408 2152 2438 muliebri
2171 2408 2270 2438 vestitu
2287 2408 2419 2442 indutus,
2440 2407 2514 2438 unde

1411 2458 1491 2477 uvcn.
1505 2458 1529 2476 2.
1543 2470 1552 2477 a
1563 2456 1597 2478 at.
1611 2458 1626 2477 2
1649 2471 1655 2477 .

1486 2486 1602 2516 Clodius
1614 2458 1726 2515 :iscuset
1741 2485 1870 2514 Moechus
1881 2507 1889 2519 ‚
1911 2483 2031 2513 Catilina
2046 2483 2211 2522 Cethegum.

1392 2523 1420 2554 P.
1436 2524 1550 2553 Clodius
1564 2524 1695 2559 Pulcher,
1717 2531 1808 2552 orator
1821 2523 1872 2552 fuit
1885 2522 1993 2557 Roniae.
2015 2524 2087 2551 inter
2101 2521 2146 2551 sex
2156 2528 2289 2560 patronos
2302 2520 2381 2551 simul
2399 2529 2463 2550 cum
2473 2519 2518 2552 ei.
2560 2509 2567 2558 .

1411 2572 1514 2591 cetone
1525 2563 1553 2591 in
1563 2562 1651 2592 caussa
1663 2562 1766 2590 Scauri.
1793 2561 1942 2591 Pedianin
1956 2563 2066 2595 Argum.
2077 2559 2164 2595 ejusd.

1392 2600 1486 2630 Clodii
1498 2601 1580 2629 etiarn
1594 2599 1737 2636 cujusdam
1748 2599 1878 2628 meminit
1889 2598 2048 2628 Plutarchus
2061 2599 2091 2627 in
2104 2598 2194 2627 Numa
2208 2618 2218 2633 ‚
2239 2596 2286 2634 qui
2305 2601 2465 2635 temporum
2477 2604 2516 2625 ar-
2565 2597 2567 2609 “

1411 2645 1575 2675 guiiientum
1588 2637 1700 2674 scripsit.

1391 2674 1455 2705 Fuit
1472 2677 1539 2718 item
1559 2677 1621 2705 Sex.
1637 2675 1754 2705 Clodius
1765 2697 1772 2710 ‚
1793 2675 1889 2703 rhetor
1903 2673 2011 2703 Siculus
2024 2695 2031 2709 ‚
2054 2672 2156 2702 Latinae
2177 2672 2332 2709 Graecaeque
2350 2671 2514 2709 eloquentiae

1411 2714 1545 2751 protestor
1556 2736 1563 2748 ‚
1586 2714 1657 2743 male
1669 2713 1795 2742 oculatus
1805 2735 1812 2746 ,
1834 2712 1975 2742 familiaris
1995 2721 2026 2741 ac
2038 2716 2194 2749 praeceptor
2206 2710 2244 2739 M.
2256 2710 2368 2739 Antonii
2381 2709 2514 2739 Tiiumvi-

1411 2752 1433 2780 ri
1444 2773 1452 2786 ,
1472 2753 1550 2786 cujus
1561 2753 1688 2781 meminit
1699 2752 1757 2780 cic.
1772 2753 1799 2779 li]
1812 2750 1928 2788 i’iiiiipp.
1940 2761 1964 2779 2.
1976 2760 2020 2785 43.
2041 2748 2256 2786 &Tranquillus
2269 2747 2303 2777 de
2315 2747 2356 2777 Ill.
2369 2747 2450 2777 Rhet.
2469 2757 2492 2782 5.

1391 2788 1506 2818 Clodius
1519 2790 1630 2819 Albinus
1641 2812 1647 2824 ,
1671 2790 1727 2818 dux
1741 2789 1876 2817 Gallicani
1889 2788 2025 2817 exercitus
2037 2809 2045 2821 .
2068 2786 2256 2824 postmortem
2276 2785 2424 2815 Pertinacis
2441 2784 2515 2823 prim,

1410 2828 1480 2865 cipis
1491 2827 1525 2856 ab
1542 2828 1666 2856 exercitu
1679 2827 1829 2863 imperator
1842 2825 1989 2860 salutatus,
2012 2827 2037 2854 Sc
2050 2835 2065 2854 a
2076 2824 2264 2860 Severojuxta
2276 2823 2444 2862 Lugdunum
2454 2822 2511 2853 acie
2561 2834 2574 2850 v
2603 2860 2604 2871 ἵ

1409 2865 1560 2902 superatus.
1594 2865 1622 2894 V.
1648 2865 1797 2894 Herodian.
1815 2864 1963 2902 Capitolin.
1977 2862 2100 2892 &AureL
2116 2861 2218 2891 Via‘tor.

1390 2902 1508 2932 Clodius
1519 2908 1648 2941 praeterea
1660 2902 1813 2939 Qiiriiialis
1825 2901 1983 2931 Arelatensis
1995 2923 2002 2937 ,
2024 2901 2117 2930 rhetor
2130 2922 2138 2935 ,
2159 2900 2255 2930 Roniae
2270 2898 2367 2929 docuit
2378 2899 2450 2929 circa
2457 2897 2512 2928 Ne·
2528 2912 2531 2915 >
2562 2887 2563 2905 ³

1410 2943 1484 2970 ronis
1501 2948 1627 2978 tempora
1641 2964 1648 2976 ,
1669 2942 1736 2970 teste
1755 2939 1879 2969 Eusebio.

1389 2978 1556 3008 Clodiorum
1566 2979 1699 3008 similiani
1712 3001 1718 3012 ,
1740 2988 1756 3008 a
1768 2977 1870 3007 Clodio
1880 2977 1971 3007 [Enete
1982 2975 2057 3004 socio
2075 2975 2178 3004 dictam
2195 2973 2305 3012 putavit
2321 2973 2422 3003 Festus.
2460 2972 2510 3003 Ve-

1407 3018 1466 3045 rius
1475 3024 1567 3047 tamen
1577 3018 1613 3046 est
1623 3039 1630 3051 ,
1657 3017 1787 3050 Clodios,

1407 3054 1474 3084 xill‘e
1485 3077 1493 3090 ‚
1514 3054 1690 3092 nominisque
1701 3054 1839 3090 originem
1854 3054 1968 3091 coepiffe
1979 3052 2013 3081 ab
2029 3054 2083 3088 app

1408 3102 1443 3121 ex
1456 3102 1487 3121 ea
1499 3092 1603 3122 familia
1613 3115 1620 3127 ,
1643 3102 1708 3122 cuin
1719 3093 1842 3129 quinque
1854 3091 1988 3120 clientum
1998 3089 2121 3118 millibus
2131 3110 2139 3124 ,
2162 3088 2187 3117 se
2199 3088 2316 3117 Romam
2327 3087 2455 3117 contulit.
2477 3085 2506 3116 V.

1411 3131 1489 3168 supra
1500 3132 1527 3159 in
1547 3141 1564 3159 c
1577 3142 1592 3159 L
1602 3141 1619 3159 A
1632 3140 1649 3159 u
1660 3141 1678 3159 D
1689 3140 1726 3158 1-A
1747 3139 1825 3166 gens.

1351 3168 1374 3197 C
1385 3180 1399 3197 ι,
1408 3178 1424 3196 o
1437 3179 1453 3196 o
1465 3180 1472 3196 i
1485 3178 1502 3196 A
1514 3191 1520 3203 ,
1543 3168 1667 3197 Romana
1688 3168 1725 3204 (a
1735 3177 1787 3204 qua
1796 3166 1895 3196 Cicero
1906 3165 2042 3203 przedium
2052 3174 2144 3194 emere
2159 3162 2291 3197 volebat)
2312 3161 2422 3199 copiosa
2434 3162 2458 3191 &
2469 3159 2508 3190 lo·
2527 3162 2531 3169 ¹
2568 3172 2570 3184 ι

1387 3206 1484 3243 cupies
1498 3206 1600 3236 femina
1617 3206 1677 3235 fuit.
1719 3205 1777 3234 Cic.
1796 3215 1837 3234 η.
1854 3205 1905 3234 Att.
1922 3213 1962 3232 ιι.
1985 3203 2040 3232 Sed
2060 3202 2173 3240 quando
2192 3201 2291 3230 Clodia
2309 3201 2404 3230 Romae
2419 3199 2510 3228 futura

1388 3244 1443 3277 est,
1465 3245 1594 3281 &quanti
1607 3254 1665 3273 rem
1675 3244 1804 3275 aestimas,
1827 3252 1862 3271 eo
1872 3239 1981 3279 prorsus
1992 3242 2129 3278 expecto:
2154 3249 2211 3268 non
2231 3239 2296 3276 quin
2311 3236 2381 3267 illud
2397 3235 2506 3272 malim,

1388 3281 1434 3348 εἶά
1447 3283 1582 3348 Slinfflglm
1592 3291 1633 3311 res
1643 3282 1680 3311 est
1693 3304 1701 3317 ,
1723 3282 1748 3311 ἃ
1759 3280 1872 3310 difficile
1883 3285 2024 3309 certamen
2045 3288 2109 3308 cuin
2126 3277 2231 3315 cupido
2242 3299 2250 3312 ,
2271 3286 2335 3306 cum
2351 3273 2506 3313 locuplete,

1417 3330 1451 3347 1111
1483 3329 1545 3348 ael’e(
1557 3331 1580 3348 C.

1387 3357 1488 3386 Clodia
1499 3379 1505 3390 ,
1529 3357 1629 3386 Nlulier
1641 3356 1783 3390 Romana,
1805 3365 1864 3393 quae
1879 3364 1949 3384 cxv
1970 3363 2058 3382 annos
2079 3351 2193 3382 excellit
2204 3374 2212 3387 ,
2233 3351 2316 3381 enixa
2330 3350 2414 3380 etiam
2430 3348 2507 3388 quin·
2524 3343 2527 3348 ’

1407 3396 1508 3423 decies.
1532 3394 1588 3423 Val.
1605 3395 1679 3424 Max.
1695 3393 1743 3422 lib.
1758 3400 1782 3426 8.
1796 3395 1857 3430 cap.
1874 3403 1914 3426 ¹4·
1938 3391 2004 3421 Plio.
2018 3391 2064 3420 lib.
2078 3401 2103 3427 7.
2115 3400 2176 3428 cap.
2188 3395 2234 3425 48.

1351 3432 1498 3467 otono,
1520 3433 1574 3462 ere.
1597 3432 1711 3469 [κλείω]
1734 3441 1784 3468 pro
1795 3430 1911 3460 Claudo.
1954 3429 2021 3458 Plin.
2035 3429 2082 3457 lib.
2102 3433 2142 3461 18-
2162 3435 2277 3465 cap.33.
2309 3425 2432 3455 Clodunt
2451 3424 2504 3460 ita,

1389 3470 1575 3507 lippiuntque.
1617 3470 1685 3500 lude
1703 3469 1818 3497 i'ortaill'is
1832 3467 1923 3497 Clodii
1939 3467 2015 3495 dicti.
2056 3466 2088 3494 V.
2112 3475 2178 3495 exso
2189 3475 2205 3493 n
2216 3476 2223 3493 i
2234 3474 2282 3493 us.

1351 3507 1374 3536 C
1386 3519 1400 3536 1.
1411 3518 1437 3535 oz
1447 3519 1461 3535 c
1473 3519 1480 3535 i
1491 3518 1509 3536 A
1522 3508 1611 3542 Gens,
1634 3507 1748 3537 Patricia
1759 3517 1774 3535 a
1785 3506 1888 3535 Cloelio
1901 3504 1992 3534 [Enete
2007 3504 2111 3533 comite
2121 3504 2156 3532 sic
2166 3503 2248 3532 dicta.
2272 3502 2371 3530 Auctor
2381 3500 2469 3530 Festus
2479 3499 2505 3530 a

1390 3546 1534 3582 Dionysius
1547 3545 1594 3574 lib.
1609 3555 1634 3574 2.
1659 3545 1720 3575 Fuit
1731 3554 1795 3574 cuin
1807 3542 2006 3580 magistratibus
2017 3543 2096 3571 annis
2107 3542 2170 3579 plus
2182 3541 2273 3569 minus
2294 3548 2368 3567 LXH
2381 3549 2399 3567 r.

1349 3581 1384 3613 T.
1406 3583 1427 3611 C
1438 3593 1489 3612 1.oe
1501 3594 1532 3611 ω
1545 3593 1562 3611 υ
1573 3593 1584 3612 s
1605 3581 1807 3612 Tarracinensis
1819 3604 1828 3617 ,
1850 3582 1970 3617 quicum
1985 3582 2071 3609 noctu
2087 3577 2232 3616 quiescens
2244 3579 2273 3606 in
2284 3576 2387 3606 lectulo
2398 3572 2505 3604 interse-

1389 3622 1449 3649 clus
1460 3621 1525 3649 ciset
1536 3643 1543 3654 ,
1565 3620 1621 3649 duo
1634 3620 1683 3649 filii
1693 3620 1761 3655 ejus,
1782 3619 1856 3656 quod
1869 3619 1896 3647 in
1907 3619 2007 3647 eodem
2019 3617 2150 3646 cubiculo
2162 3617 2322 3653 quieverant
2332 3613 2438 3642 causam
2447 3621 2504 3650 par·

1387 3658 1603 3691 ricidiidixere,
1625 3658 1798 3694 absolutique
1809 3657 1937 3690 fuerunt,
1959 3655 2272 3692 quoniamdorniientes
2282 3650 2502 3690 apertoostioin-
2552 3662 2553 3688 3
2603 3657 2604 3677 i

1387 3702 1486 3724 ventos
1498 3695 1702 3729 ciseiudicibus
1722 3695 1837 3733 planum
1854 3694 1958 3723 facium
1975 3692 2037 3722 fuit.
2078 3692 2108 3722 V.
2134 3691 2221 3721 Valer.
2235 3696 2260 3725 8.
2278 3701 2301 3720 ι.
2319 3699 2361 3725 ¹3-
2382 3689 2440 3719 Cic.
2452 3695 2501 3726 pro

1388 3732 1467 3761 Rosc.
1481 3735 1569 3762 Amer.
1582 3743 1604 3762 c.
1619 3743 1662 3769 ²3-
1989 3741 1993 3746 ·

1351 3770 1526 3804 Ci.oei.iA,
1548 3771 1700 3806 [monia]
1722 3769 1824 3806 Virgo,
1846 3767 1924 3798 obses
1939 3768 2071 3797 Romanis
2087 3765 2210 3795 Porsenae
2231 3764 2426 3794 Hetruscorum
2446 3759 2500 3798 regi
2551 3759 2552 3763 ¹

1389 3808 1460 3836 data.
1502 3808 1568 3838 Haec
1577 3831 1585 3842 ,
1607 3818 1692 3845 quum
1705 3807 1788 3836 calita
1802 3805 1997 3836 lictruscoriiin
2007 3806 2077 3834 forte
2089 3804 2163 3832 haud
2172 3802 2269 3840 procul
2279 3804 2337 3839 ripa
2347 3801 2453 3831 Tiberis
2462 3798 2500 3828 lo·

1388 3853 1447 3874 cata
1459 3844 1561 3880 essent,
1581 3846 1705 3875 frustrata
1716 3845 1845 3873 custodes
1858 3865 1865 3879 ‚
1888 3845 1946 3873 dux
1958 3843 2075 3880 agminis
2088 3842 2225 3878 virginum
2238 3842 2309 3869 inter
2319 3839 2373 3868 tela
2387 3837 2501 3867 hostium

1386 3882 1513 3912 Tiberim
1534 3885 1651 3912 tranavit
1662 3906 1669 3917 ,
1691 3881 1856 3919 sospitesque
1878 3891 1974 3910 omnes
1996 3880 2114 3909 Romam
2138 3878 2173 3907 :id
2192 3879 2364 3916 propinquos
2383 3873 2500 3904 restituit.

1388 3920 1475 3957 Quod
1485 3920 1532 3949 ubi
1541 3922 1598 3959 regi
1606 3922 1765 3951 nuntiatum
1773 3921 1810 3949 eit
1821 3941 1829 3956 ‚
1851 3920 1941 3957 primo
1956 3918 2084 3948 incensus
2094 3916 2133 3947 ira
2146 3938 2154 3953 ‚
2175 3923 2298 3947 oratores
2310 3909 2503 3976 Romammiskt

2467 3957 2482 3977 a

1810 3016 1893 3052 qui&
1906 3014 2176 3046 Claudiidicuntur,
2198 3022 2213 3040 a
2233 3012 2341 3040 Sabinis
2360 3017 2450 3040 ortum
2461 3018 2511 3041 tra·
2562 3028 2564 3035 ›

2087 3052 2113 3079 io
2131 3050 2181 3079 illo
2197 3049 2296 3078 Clauso
2309 3071 2317 3084 ‚
2339 3050 2386 3086 qui
2406 3050 2509 3087 primus
2561 3066 2563 3074 ι
