2600 4177
523 133 552 172 C
650 138 686 173 Ο
781 135 816 173 Ν

81 210 105 244 C
114 224 130 243 ο
142 224 161 243 Ν
171 225 217 257 cu
226 226 240 245 ι’
250 227 258 245 i
269 226 280 246 s
290 227 307 246 c
317 227 334 247 o
344 239 352 251 ,
373 218 477 256 cupivi,
499 219 639 256 cupitum,
661 218 822 254 [ἔον-θανεῖν]
845 219 897 248 ἔνι’.
921 218 1008 249 Valde
1020 228 1130 257 cupere.
1144 219 1199 249 Cic.
1212 226 1239 254 4.

121 253 156 281 de
171 254 228 283 Fiu.
242 265 265 298 p.
290 256 324 284 Ui
340 257 356 284 si
370 257 430 292 quis
445 256 633 285 obmutescere
647 256 838 293 concupierit,
856 258 924 285 nihil
937 258 1011 286 aliud
1024 258 1113 293 legere
1126 259 1237 286 debeat.

95 330 98 334 .
122 289 326 328 concupiscere
347 295 372 323 Sc
389 295 535 330 Appetere,
576 294 661 322 [dem.
680 292 747 322 Pliu.
761 302 786 328 3.
803 294 884 331 Epist.
899 304 912 323 2
950 296 1083 331 Quamvis
1097 297 1174 324 enim
1194 294 1242 323 ista

140 336 198 356 non
208 337 338 366 appetat:
360 337 415 360 tam
425 339 500 367 grate
510 337 602 360 tamen
620 331 725 367 excipit
734 352 742 365 ,
765 340 846 367 quani
858 332 873 360 si
887 332 1076 370 concupiscat.

121 362 245 408 Mortem
259 368 464 405 concupiscere.
487 368 545 397 Cic.
561 378 583 397 1.
604 368 639 396 de
653 368 743 397 Divin.
759 378 802 401 ς1.

122 401 389 470 Q¹¹ssfff¹⁶⁰p³sca⁸
401 427 409 441 ,
429 412 459 434 tu
469 406 590 435 videris&
612 406 688 442 quod
704 406 900 443 concupiveris
912 429 920 442 ‚
942 412 1016 437 certe
1034 406 1157 436 habebis.
1180 405 1239 435 Cic.

146 450 169 474 ς.
210 452 229 470 ii
246 453 302 479 ipsi.
319 451 359 478 33.

153 487 180 506 es
192 487 302 516 magnas
314 481 339 509 Sc
350 489 519 517 magnopere
528 479 699 518 expetendas
709 480 939 516 concupiverunt.
962 481 1021 511 Cic.
1032 482 1061 510 in
1076 482 1152 510 Orat.
1165 491 1190 515 4.

124 513 191 545 Non
212 516 378 553 pecuniam,
400 526 457 546 non
476 527 544 555 opes
560 517 712 553 violentas,
733 517 780 546 sed
794 520 936 548 caritatem
954 520 1057 548 civium
1083 520 1109 549 δι
1130 519 1247 557 gloriam

145 553 315 590 concupisse.
339 555 397 584 Cic.
413 564 436 585 1.
462 555 580 593 Philipp.
596 566 640 590 29.

124 588 267 656 NJhigtpm
278 591 385 622 efficere
396 594 627 631 concupiscebat,
647 601 731 630 quam
742 592 817 629 quod
828 593 901 630 posse
912 593 982 624 effici
996 601 1150 633 negaretur.
1165 595 1241 625 Suet.

144 636 173 656 in
209 635 222 657 a
236 639 270 664 ig.
285 634 346 666 cap.
361 637 404 666 37.
1226 639 1229 643 “

125 662 156 693 In
168 666 376 697 matrimonium
387 667 575 698 ducereillam
590 667 763 706 concupivit.
786 667 844 699 Cic.
861 678 911 707 pro
925 669 1037 700 cluent.
1048 670 1094 700 26.

126 700 300 740 Concupivi,
321 707 502 742 praeteritum.
524 706 589 735 Hor.
604 706 692 744 Epod.
708 715 731 741 3·
749 715 791 741 19.

221 742 255 770 At
265 742 282 770 si
295 743 361 778 quid
375 753 495 782 unquam
508 743 562 773 tale
572 743 785 781 concupiveris,

218 778 317 814 Jocose
330 781 468 812 Nlaecenas
478 804 487 817 ,
506 783 558 812 διο.

89 814 138 845 Co
147 824 167 845 u
177 826 194 845 c
204 826 220 860 u
232 827 246 845 ι»
256 828 264 846 1
273 827 285 847 s
295 827 313 847 e
322 829 338 847 o
350 829 366 847 a
376 841 384 854 ‚
405 819 471 858 pals.
493 819 692 855 [ἑπι9υμὲμαιι]
713 817 781 848 Plin.
803 817 851 848 lib.
865 828 907 850 11.
918 829 978 858 cap.
989 822 1015 850 6.
1034 819 1068 850 Id
1085 819 1112 849 se
1130 819 1249 850 facturas

128 853 244 884 consciae
256 877 264 889 ,
287 857 363 893 quod
376 857 535 895 concupisci
547 856 636 893 possit.

35 920 42 924 ⁴
91 889 459 930 CoNcUl‘lsCENDUS,
483 895 578 924 Partic.
603 893 670 924 Cels
688 902 751 923 1.1.
782 893 814 923 V.
838 902 1097 926 coucuurTus.

131 928 227 959 Honos
238 940 295 961 non
307 934 389 962 nimis
400 933 650 971 concupiscendus.
673 931 731 960 Cic.
748 941 789 967 ις.
804 932 877 962 Fam.
892 937 918 962 6.

91 965 139 995 Co
147 976 169 995 N
177 977 194 996 c
205 977 222 996 u
232 978 246 996 Ρ
254 970 266 998 ἶ
275 980 294 998 T
303 980 320 999 u
328 980 340 999 s
349 992 357 1005 ,
379 971 476 1000 Partic.
497 977 527 1000 ut
535 993 543 1005 ,
565 969 683 999 Pecunia
696 970 856 1006 concupita.
880 972 939 1001 Cic.
950 981 976 1006 4.
985 970 1067 1000 Tusc.
1080 980 1127 1007 ²4.

131 1004 320 1043 Concupitum
335 1009 458 1047 adipisci.
495 1008 554 1038 Cic.
563 1020 589 1044 4.
600 1007 682 1037 Tusc.
698 1016 740 1044 13.
763 1005 885 1044 Laetitia,
908 1016 938 1039 ut
957 1009 1059 1047 adepta
1074 1010 1130 1045 jam
1145 1005 1251 1047 aliquid

149 1045 331 1081 concupitum
345 1068 352 1080 ,
377 1047 507 1077 efferatur
519 1068 527 1082 ‚
549 1048 575 1076 &
585 1045 687 1083 gestiat.

92 1078 142 1109 Co
153 1089 198 1108 uc
210 1090 228 1109 u
238 1083 299 1110 sir
308 1093 325 1111 o
335 1093 351 1111 t<
363 1106 370 1117 ,
392 1086 457 1114 oris.
480 1093 516 1114 m.
539 1084 650 1113 Eirmic.
661 1083 708 1112 lib.
722 1087 747 1115 8.
758 1091 818 1120 cap.
831 1091 876 1112 22.
899 1083 931 1112 in
944 1083 1008 1119 sine,
1031 1083 1165 1113 Vicefima
1176 1090 1251 1114 nona

129 1127 193 1155 pars
204 1118 302 1148 Cancri
319 1121 337 1149 si
361 1122 389 1151 in
408 1121 565 1159 horoscopo
576 1121 661 1150 fuerit
675 1121 788 1150 inventa
802 1143 810 1155 ,
835 1121 963 1152 homines
983 1122 1067 1151 faciet
1083 1122 1249 1157 illiberales,

132 1156 157 1185 ἃ
168 1155 240 1186 fures
248 1179 257 1192 ,
279 1159 304 1187 Sc
316 1169 406 1189 rerum
417 1160 570 1190 alienarum
580 1158 786 1196 concupitores.

93 1191 223 1223 C'oNcu
234 1204 315 1225 Piso
326 1207 445 1227 surra
456 1216 466 1233 ,
487 1207 518 1227 ae.
539 1197 559 1226 f.
581 1196 746 1233 [ἐπιθυμίαι]
768 1196 838 1233 Quae
848 1197 885 1225 est
895 1197 1031 1227 bonarum
1048 1205 1126 1235 aeque
1143 1206 1176 1226 ac
1195 1207 1252 1227 ma*

132 1229 221 1275 larum
242 1243 334 1264 rerum
358 1236 507 1274 appetitus.
547 1233 666 1264 Tertull.
679 1234 715 1263 de
727 1235 825 1263 Anima
839 1240 882 1270 38.
915 1235 1148 1273 Concupiscentia
1161 1236 1250 1264 oculis

131 1268 240 1313 arbitris
257 1273 350 1302 utitur.
391 1273 474 1302 Paulo
495 1273 572 1310 post,
594 1272 705 1310 Proprie
722 1272 853 1301 naturalis
867 1273 1094 1310 concupiscentia
1109 1273 1191 1302 unica
1212 1272 1252 1302 est

131 1306 329 1339 alimentorum
342 1308 520 1340 solummodo
531 1333 539 1345 ,
561 1319 642 1347 quam
662 1310 736 1338 Deus
755 1311 784 1339 in
800 1311 953 1348 primordio
970 1311 1099 1340 contulit.
1140 1310 1253 1348 Legitur

130 1346 216 1374 etiam
228 1348 301 1383 apud
313 1347 389 1378 Curt.
402 1354 427 1383 8.
442 1352 467 1377 6.
483 1354 525 1382 18.
547 1347 768 1384 juxtanonnulla
779 1348 948 1386 exemplaria
961 1359 968 1383 ;
992 1348 1038 1378 sed
1054 1348 1138 1378 lectio
1152 1350 1253 1378 merito

130 1381 255 1420 suspecta
266 1385 303 1414 est
312 1387 437 1416 eruditis.
461 1386 491 1415 V.
513 1386 636 1416 Freinsh.
648 1386 683 1415 ad
694 1385 748 1415 loc.
761 1388 787 1416 ἃ
799 1386 896 1415 Cellar.
911 1386 974 1416 Cur.
984 1387 1052 1425 post.
1064 1397 1092 1425 p.
1105 1389 1170 1416 260.

94 1419 171 1449 C'oN
183 1430 201 1450 c
210 1431 229 1450 υ
237 1432 251 1451 P
261 1433 269 1451 1
280 1433 293 1452 s
302 1433 320 1453 c
329 1434 343 1453 s
353 1433 375 1453 N
383 1434 403 1453 T
413 1428 425 1453 ῑ
434 1434 451 1454 ν
462 1434 480 1453 υ
490 1434 502 1453 s
514 1446 522 1460 ,
544 1422 751 1460 [ὲπήηιιητιηές]
776 1425 835 1459 Adj.
859 1424 966 1454 Tertul.
980 1427 1016 1455 de
1026 1426 1118 1454 Anim.
1133 1434 1195 1463 cap.
1207 1426 1250 1455 16.

94 1456 143 1486 Co
154 1468 374 1491 neuprscrrzr
385 1472 441 1491 Lis
452 1483 460 1498 ,
477 1472 502 1492 e.
525 1462 588 1498 Adj.
610 1461 724 1491 Hieron.
743 1463 768 1491 6<
783 1461 905 1492 Ambros.

95 1493 290 1534 Concurro,
311 1500 508 1535 [ἑσπμέλομοα]
529 1503 583 1529 are.
605 1500 694 1529 Simul
704 1509 808 1529 curare.
833 1500 916 1530 Plaut.
928 1499 1059 1531 Bacchid.
1072 1510 1096 1530 1.
1109 1509 1137 1531 2.
1149 1509 1194 1537 23.

224 1535 275 1564 Pro
288 1537 425 1574 dignitate
438 1537 544 1567 obsonii
555 1538 614 1567 haec
626 1543 759 1567 concuret
769 1547 884 1573 coquus

93 1569 118 1601 C
126 1581 143 1601 o
151 1581 172 1600 N
180 1581 197 1601 c
207 1582 224 1601 u
233 1583 249 1601 s
257 1577 274 1602 ῑι
284 1583 304 1603 τ
312 1585 329 1604 o
339 1585 355 1603 s
367 1597 375 1610 ,
400 1576 464 1605 oris.
489 1585 525 1605 m.
549 1574 781 1612 [συνεπψελίτης]
802 1575 949 1614 (ὶυὶλῇωυί
965 1584 1029 1604 cum
1038 1575 1093 1605 alio
1104 1585 1197 1605 curam
1207 1572 1254 1605 ad..

133 1610 284 1648 ministrat,
305 1612 324 1642 l.
343 1622 385 1649 19.
399 1613 432 1643 D.
443 1614 480 1643 de
490 1614 626 1643 administ.
644 1620 695 1643 tut.
708 1613 728 1643 l.
744 1623 768 1650 3.
786 1614 806 1651 ξ.
817 1615 901 1650 quaeri
913 1613 1010 1657 potest.
1024 1613 1056 1643 D.
1070 1614 1106 1643 de
1119 1613 1187 1652 susp.
1199 1620 1252 1643 tut.

133 1647 238 1678 Eadem
249 1651 356 1681 ratione
367 1651 521 1686 Contutor,
543 1651 686 1687 Conreus,
708 1653 734 1681 &
751 1651 953 1688 Confidejussor
970 1652 1117 1688 dicuntur,
1139 1653 1175 1681 de
1193 1652 1256 1689 qui—

132 1684 185 1715 bus
195 1688 326 1718 omnibus
338 1689 468 1727 exempla
478 1689 574 1728 paffim
582 1690 610 1718 in
619 1690 678 1724 jure
688 1690 818 1727 reperies.

95 1723 172 1755 con
183 1732 320 1763 cesso,
343 1729 490 1763 concurri,
519 1727 702 1763 concursum,
733 1727 890 1764 [cumina]
919 1728 974 1757 ere.
1004 1727 1093 1757 Simul
1122 1736 1233 1756 currere
1244 1745 1253 1763 ,

133 1762 285 1794 confluere.
325 1765 385 1795 Cic.
394 1776 420 1802 4.
434 1765 507 1796 Verr.
522 1776 566 1802 50.
587 1765 695 1795 Tantus
712 1765 742 1795 in
753 1765 829 1795 cutia
839 1765 944 1796 clamor
955 1765 1043 1796 factus
1051 1765 1104 1802 est,
1125 1771 1256 1804 utpopus

132 1798 176 1829 lus
186 1809 373 1834 concurreret.

134 1836 266 1875 Undique
276 1850 450 1872 concurrere.
469 1841 572 1871 Lucan.
584 1841 632 1871 lib.
649 1845 676 1877 3.
690 1849 752 1879 331..

134 1876 208 1906 Tota
221 1877 298 1908 ltalia
309 1881 457 1910 concurrit.
480 1880 540 1910 Cic.
555 1890 578 1909 1.
594 1880 630 1916 Q.
642 1880 703 1909 frat.
720 1889 747 1910 2.

133 1914 307 1947 Concurrere
317 1918 400 1947 alicui
417 1918 537 1947 obviam.
579 1917 724 1948 Ter.Eun.
740 1926 766 1948 2.
781 1925 808 1947 α.
826 1922 871 1952 ας.

133 1988 135 1992 ,
215 1953 391 1985 Concurrunt
399 1956 453 1985 laeti
463 1956 502 1985 mi
513 1955 623 1985 obviam
636 1955 789 1993 cupediarii
801 1962 909 1984 omnes.

133 1987 318 2022 concurreret
327 1993 444 2023 domum
453 2000 530 2023 tuam
541 2000 600 2023 tota
608 1994 711 2023 civitas.
736 1993 794 2023 Cic.
809 2001 833 2029 3.
847 1993 920 2022 Verr.
935 1998 981 2027 80.

132 2028 307 2060 Concurrere
318 2032 352 2061 ad
364 2031 494 2068 aliquem.
530 2031 589 2061 Cic.
600 2041 650 2069 pro
666 2032 764 2068 Quint.
780 2040 822 2067 53.
845 2032 942 2060 Autad
952 2036 1049 2060 eorum
1066 2029 1197 2068 aliquem,
1208 2026 1256 2068 qui

131 2067 344 2105 {consulum-‚un
355 2068 535 2099 concurrisses
545 2070 558 2099 ἱ)
579 2069 620 2099 Al.
640 2069 819 2099 Cucurrisi'es.
850 2069 958 2105 [Quod
968 2069 1110 2107 improbat
1120 2069 1253 2105 Graevius,

173 2106 225 2134 uasi
236 2108 262 2136 St
276 2107 311 2137 de
320 2118 376 2137 uno
391 2107 653 2142 dicaturConcurrO,
664 2106 905 2137 utConcurso.Sed
916 2106 993 2136 nullo
1002 2107 1102 2145 probat
1112 2107 1255 2145 exemplm

133 2144 156 2173 A
188 2143 309 2182 aliquem
319 2147 418 2176 merito
430 2153 603 2175 concurrere.
627 2145 746 2183 Quintil.
761 2145 809 2174 lib.
825 2154 847 2175 1.
857 2154 918 2183 cap.
928 2153 955 2175 2.

133 2182 349 2213 Concurreread
359 2191 442 2213 arma.
463 2183 531 2213 Caes.
546 2194 570 2219 5.
582 2183 648 2213 Bell.
663 2183 733 2213 Gall.
746 2189 790 2219 38.

131 2219 253 2256 AEquore
265 2242 273 2256 ,
294 2222 313 2250 i.
326 2231 350 2251 e.
373 2221 626 2251 Mariconcurrere.
651 2221 737 2250 Valet.
755 2231 777 2250 1.
790 2222 888 2257 Argon.
904 2223 968 2256 630.
1175 2230 1177 2233 ’

133 2257 309 2288 Concurrere
319 2259 451 2289 dicuntur
461 2259 564 2289 milites
574 2281 583 2294 ,
603 2260 806 2296 quumirruunt
814 2259 843 2287 in
855 2258 972 2287 hostem.
992 2257 1051 2288 Cic.
1065 2263 1107 2288 rb.
1119 2257 1194 2288 Fam.
1209 2264 1254 2294 302

154 2297 291 2327 Antonius
299 2297 328 2326 in
336 2298 425 2327 aciem
440 2297 498 2327 suas
507 2297 602 2334 copias
612 2297 648 2326 de
660 2297 722 2326 vico
733 2297 867 2334 produxit
875 2318 884 2330 .
905 2298 931 2326 ἃ
943 2295 1000 2325 siue
1017 2306 1094 2325 mora
1105 2297 1255 2326 concurrit.

153 2329 212 2364 nv.
225 2338 270 2364 26.
283 2344 326 2371 ³9·
347 2336 420 2365 Raro
431 2335 497 2365 alias
507 2336 591 2365 tantis
600 2335 700 2364 animis
708 2335 784 2371 justae
793 2342 994 2364 concurrerunt
1004 2333 1108 2364 classes.

135 2372 226 2402 Alicui
236 2382 409 2403 concurrere.
433 2373 504 2411 Virg.
516 2383 539 2402 1.
549 2373 612 2403 AEn.
624 2382 688 2410 497.
717 2388 755 2394 —
765 2373 904 2409 audetque
917 2372 981 2401 viris
989 2380 1154 2401 concurrere
1166 2371 1254 2409 virgo.

133 2409 309 2441 Concurrere
318 2412 418 2441 animis
427 2412 539 2448 quantis
549 2411 699 2448 confligere
708 2421 756 2449 par
764 2411 811 2440 est.
832 2411 880 2440 Sil.
892 2409 940 2439 lib.
955 2413 997 2438 16.
1012 2420 1074 2445 540.

134 2448 284 2478 Frontibus
292 2449 407 2478 adversis
419 2459 593 2479 concurrere.
617 2449 726 2478 Lucret.
738 2449 787 2477 lib.
801 2452 826 2477 6.
844 2451 903 2476 116.
948 2447 990 2477 De
1004 2448 1134 2477 nubibus.

134 2484 210 2517 Foru
220 2496 384 2517 concurrere
395 2496 495 2526 campo
505 2506 514 2523 ,
536 2487 691 2517 Fortiterin
701 2495 802 2524 campo
813 2486 946 2525 proeliuin
963 2486 1043 2517 inire.
1065 2485 1187 2524 Propere.
1205 2484 1254 2516 lib.

152 2536 181 2560 4.
197 2535 237 2554 11.
251 2535 295 2561 35.

133 2562 223 2593 Armis
234 2572 408 2593 concurrere.
431 2563 550 2593 Martial.
565 2562 616 2592 lib.
632 2572 658 2597 9.
672 2571 718 2598 72·

172 2633 175 2636 .
214 2601 311 2638 Quum
321 2611 405 2639 gener
419 2622 427 2635 ,
444 2608 527 2639 atque
538 2601 614 2630 socer
623 2601 689 2629 diris
701 2605 880 2630 concurreret
896 2599 997 2635 armis,
1016 2600 1070 2629 &c-

133 2638 212 2670 Bello
225 2649 392 2669 concurrere
403 2639 496 2670 alicui.
519 2639 591 2678 Virg.
603 2648 646 2669 ιο.
659 2638 720 2669 AEn.
738 2643 764 2673 8.
786 2638 805 2669 i.
818 2648 842 2668 e.
865 2638 970 2668 Contra
981 2636 1106 2675 aliquem
1120 2635 1195 2667 bella
1205 2635 1259 2668 suf-

108 2682 109 2685 ’
135 2712 137 2714 ,
151 2679 257 2715 cipere.
282 2678 401 2707 Servius.

134 2715 228 2745 Ferro.
249 2715 317 2745 Stat.
331 2719 357 2745 6.
371 2714 461 2745 Theb.
473 2718 536 2750 90⁴8.

134 2753 236 2785 Furti's.
255 2753 346 2783 Valer.
356 2763 382 2783 2.
397 2753 497 2791 Argon.
513 2756 578 2783 661.

135 2792 224 2822 Hosti.
245 2791 329 2821 Ovid.
346 2801 388 2820 12.
401 2791 469 2820 Met.
487 2795 549 2826 596.

136 2829 276 2860 Monstris.
297 2830 316 2858 i.
328 2839 352 2859 e.
372 2829 446 2859 Inire
461 2834 603 2859 certamen
615 2837 680 2858 cum
688 2826 827 2858 monstris.
849 2825 941 2857 Valet.
957 2832 981 2864 3.
999 2826 1100 2865 Argon.
1112 2832 1176 2864 51²·

135 2867 292 2905 Imparibus
301 2867 374 2897 fatis.
398 2866 472 2904 Virg.
493 2877 534 2896 12.
551 2867 611 2898 AEn.
630 2876 692 2901 149.
732 2867 768 2895 de
783 2865 871 2896 Bello.

136 2906 227 2942 Signis
243 2905 369 2935 adversis.
391 2905 484 2935 Tibul.
496 2904 547 2934 lib.
558 2916 585 2941 4.
601 2913 624 2933 1.
636 2914 681 2939 99.

134 2943 215 2976 Telis
228 2943 340 2981 paribus
349 2943 421 2973 inter
434 2942 490 2972 sese
499 2951 675 2973 concurrere.
697 2941 770 2979 Virg.
783 2951 806 2970 1.
821 2940 921 2978 Georg.
931 2946 996 2977 489.

134 2980 230 3011 Piaelia
241 2988 420 3011 concurrunt.
445 2981 545 3011 Lucan.
559 2981 607 3010 lib.
623 2990 645 3009 1.
659 2990 704 3015 40.

134 3019 307 3050 Concurrere
315 3028 390 3049 cum.
429 3019 535 3049 Sallust.
547 3018 627 3048 Catil.
639 3026 700 3055 cap.
712 3019 758 3047 60.
780 3015 925 3052 Postquam
939 3024 974 3044 eo
991 3020 1106 3045 ventum
1115 3031 1125 3051 -,
1145 3014 1221 3045 unde
1240 3019 1257 3046 a

152 3058 309 3088 ferentariis
318 3056 445 3095 praelium
455 3057 595 3087 committi
602 3054 708 3094 poffet,
726 3056 850 3085 maximo
862 3054 985 3083 clamore
995 3074 1004 3090 ,
1025 3062 1091 3084 cum
1107 3053 1211 3083 infestis
1224 3053 1259 3083 'sr-

153 3096 217 3133 gnis
228 3101 407 3125 concurrunt.

133 3129 232 3163 Nudas
241 3143 407 3163 concurrere
418 3132 537 3163 armatss.
559 3131 644 3162 Ovid.
657 3130 729 3167 3.,de
739 3131 804 3160 Arte
818 3131 877 3159 Am.
891 3140 915 3164 ς.
1221 3158 1222 3161 ,

133 3169 166 3202 In
185 3171 231 3200 sua
238 3171 335 3201 funera
351 3175 532 3205 concurrere,
552 3169 697 3200 Moriendi
710 3169 808 3199 ‘animo
823 3177 889 3198 cum
901 3166 1026 3197 hostibus
1040 3167 1184 3206 congredi.
1206 3166 1258 3197 Va-

153 3209 203 3239 ler.
213 3208 285 3238 Flac.
295 3210 321 3238 6.
334 3210 432 3247 Argon.
448 3214 512 3243 24²·

133 3246 233 3278 Sidera
243 3246 377 3276 sideribus
393 3252 569 3276 concurrent.
591 3242 694 3275 Lucan.
705 3243 754 3274 lib.
770 3254 792 3273 1.
803 3251 848 3280 7¹5.

134 3283 218 3315 Venti
226 3291 401 3314 concurrunt
413 3284 573 3313 inmessem.
595 3282 662 3313 Piin.
673 3283 721 3312 lib.
740 3288 780 3316 18.
794 3292 854 3319 cap.
869 3290 914 3318 35.

134 3317 290 3353 ventorum
300 3322 392 3361 praelia
400 3328 577 3351 concurrunt.
599 3322 672 3358 Virg.
691 3331 713 3350 1.
730 3320 830 3357 Georg.
845 3324 908 3356 318.

215 3361 320 3390 Omnia
331 3367 480 3390 ventorum
491 3369 657 3389 concurrere
667 3358 759 3395 praelia
771 3358 827 3387 vidi
838 3379 847 3392 ,

215 3398 289 3435 Quae
300 3400 441 3437 gravidam
453 3397 508 3426 late
516 3397 637 3435 segetem
651 3397 685 3426 ab
695 3395 834 3426 radicibus
844 3394 908 3425 imis

212 3437 340 3466 «Sublime
350 3436 494 3472 expulsam
504 3441 640 3465 eruerent.
912 3472 915 3473 .
1024 3471 1028 3474 Ι

133 3468 309 3505 Concurrere
319 3497 327 3510 ,
349 3475 384 3503 ad
400 3475 551 3503 inanimata
560 3473 733 3502 translatum.
755 3471 821 3501 Ter.
834 3470 934 3500 Heaut.
948 3479 975 3499 2.
987 3478 1012 3499 2.
1024 3473 1052 3506 3.

228 3512 406 3542 Concurrunt
417 3511 669 3549 multaeopiniones
681 3531 689 3546 ,
711 3518 771 3547 quae
786 3510 855 3538 mihi
867 3509 990 3538 animum
1000 3509 1164 3545 exaugean't.
1200 3507 1220 3538 i.
1228 3512 1255 3538 e.

154 3550 371 3580 Conveniunt&
382 3557 550 3587 congruunt.

133 3587 359 3625 'Cyaneaeinsulae
370 3594 459 3626 ponto
474 3595 636 3616 concurrere
646 3584 786 3614 dicuntur.
809 3583 899 3613 Valer.
914 3593 937 3612 1.
949 3583 1048 3620 Argon.
1063 3592 1107 3618 59.

135 3625 241 3654 Credas
251 3632 361 3655 montes
369 3633 535 3655 concurrere
545 3624 687 3652 montibus
697 3623 777 3652 altos.
800 3623 873 3660 Virg.
886 3627 902 3655 8
925 3622 985 3651 ffin.
1000 3625 1065 3655 692.

136 3663 262 3693 Nomina
272 3673 436 3693 concurrere
450 3663 581 3692 dicuntur
592 3684 599 3695 ‚
622 3661 746 3698 Quando
756 3661 857 3691 eodem
869 3663 995 3697 tempore
1006 3658 1174 3689 solutionem
1184 3659 1259 3689 acci..

156 3702 249 3738 pimus
264 3723 272 3736 ,
293 3707 348 3738 quo
363 3701 411 3739 ipsi
424 3701 570 3731 debemus.
593 3699 650 3728 Cic.
665 3703 704 3728 16.
717 3702 769 3728 Att.
783 3709 808 3733 ζ.
821 3705 890 3727 extr.

136 3738 223 3776 Orbis
234 3739 348 3776 Europae
357 3749 438 3776 arque
451 3739 514 3768 Asiae
525 3738 673 3767 concurrit.
696 3737 768 3773 Virg.
780 3747 805 3771 7.
827 3736 886 3765 AEn.
903 3744 967 3769 ²²4·
1082 3762 1087 3765 .

135 3777 179 3807 Os
189 3778 330 3806 con-currit
340 3777 374 3805 ad
387 3778 550 3814 rogandum.
592 3776 654 3804 Seri.
676 3775 711 3804 de
730 3774 824 3803 Benef.
843 3773 889 3802 lib.
903 3782 928 3801 α.
942 3777 1002 3810 cap.
1019 3781 1043 3801 1.
1074 3771 1150 3809 Quia
1168 3779 1255 3811 quum

155 3815 266 3845 homini
277 3815 365 3851 probo
374 3815 409 3843 ad
420 3815 573 3852 rogandum
588 3823 619 3842 os
627 3818 792 3847 concurrat,
814 3813 840 3841 St.
850 3810 1024 3840 suffundatur
1034 3810 1147 3841 rubore.

137 3853 198 3891 fffl·
216 3852 344 3881 corruat.
365 3852 400 3882 H.
410 3853 448 3881 St.

137 3890 312 3919 Concurrere
320 3890 354 3919 ad
364 3890 509 3920 auxilium.
533 3888 634 3919 Lucan.
647 3887 694 3916 lib.
713 3896 737 3922 3.
750 3890 813 3921 663.
1192 3923 1199 3929 .

135 3928 299 3958 Obsmenius
309 3927 406 3957 lit‘terae
416 3934 595 3958 concurrunt.
617 3926 675 3955 Cic.
685 3926 714 3954 iri
725 3925 802 3954 Orat.
817 3934 829 3954 1
837 3935 879 3959 5⁴·
902 3923 974 3953 Cum
983 3923 1065 3953 nobis
1075 3933 1133 3953 non
1143 3923 1255 3961 dicitur,

156 3966 204 4035 sei?
223 3965 388 4035 nobffscum:
410 3966 473 4004 quia
493 3967 511 3997 si
525 3967 564 3997 ita
572 3965 731 4000 diceretur,
752 3963 906 3994 obscaenius
926 3967 1127 3994 concurrerent
1143 3960 1252 3993 litterae.

206 4014 223 4034 0
233 4015 258 4036 b,
291 4021 301 4036 ὀ

1700 136 1730 172 t:
1828 137 1862 172 O
1961 136 1995 173 N
2393 146 2460 185 625·

1362 216 1434 246 Sane
1447 225 1530 254 quum
1547 218 1653 256 prosers
1670 227 1732 247 cum
1750 219 1831 247 nohis
1847 239 1855 253 .,
1876 218 1987 248 auditur
2005 219 2051 247 lu'c
2064 217 2199 249 ablativus
2219 229 2315 252 cunno
2326 243 2335 259 ,
2359 223 2436 255 velut
2452 232 2468 253 a

1360 257 1533 285 nominatlvo
1551 267 1657 285 cunnus
1669 266 1677 292 ·,
1700 267 1780 293 quani
1793 267 1891 286 vocem
1905 257 2010 286 constat
2020 257 2173 287 obscaenam
2186 260 2248 289 effe.

1342 291 1396 320 Res
1407 296 1550 323 contraria:
1562 301 1740 323 concurrunt.
1764 295 1822 323 Cic.
1838 306 1861 329 ς.
1882 295 1917 323 de
1929 294 1986 323 fin.
1996 299 2040 327 28.

1345 329 1433 359 Verba
1445 340 1569 360 extrema
1579 341 1643 360 cum
1659 332 1893 369 consequentibus
1904 332 2002 369 primis
2021 333 2059 360 ita
2076 332 2190 367 jungere
2201 354 2209 367 ,
2232 340 2263 363 ut
2286 344 2356 364 neve
2375 337 2469 375 aspere

1364 377 1549 401 concurrant.
1572 378 1642 397 neve
1657 370 1755 399 vastius
1771 370 1946 399 (liducantur.
1968 369 2027 398 Cic.
2041 379 2064 405 3.
2076 370 2112 398 dc
2127 371 2204 399 Orat.
2220 380 2281 407 170.

1345 403 1516 434 Concurrere
1535 407 1563 434 in
1587 406 1753 436 sententian-i
1776 407 1906 444 aliquam.
1948 407 2007 436 Cic.
2024 417 2047 436 1.
2062 409 2115 436 Att.
2132 417 2172 442 1ς-
2194 408 2228 437 Et
2245 410 2347 447 raptim
2362 411 2390 439 in
2407 421 2469 441 eam

1363 441 1527 472 sententiam
1552 444 1658 480 pedarii
1679 453 1888 474 concurrerunt.
1916 445 1935 475 i.
1948 454 1971 475 e.
1995 444 2214 482 Conoell'erunt,
2234 454 2266 476 ut
2286 447 2353 477 alias
2375 459 2467 479 reruni

1365 479 1446 509 Rom.
1461 480 1605 517 scriptores
1618 481 1776 517 loquuntur.

1345 516 1522 547 Concurrunt
1532 518 1623 555 plebei
1641 519 1799 557 philosophi
1814 542 1822 555 ‚
1846 530 1896 557 pro
1916 517 2144 550 Consentiunt&
2158 521 2339 551 conveniunt.
2371 523 2430 554 Cic.
2446 534 2471 556 1.

1365 554 1447 584 Tusc.
1460 565 1486 584 2.
1510 555 1587 584 Licet
1596 565 1870 586 concurrantomnes
1882 557 1973 595 plebei
1990 558 2167 596 philosophi,
2185 560 2237 588 dcc.

1346 592 1445 621 Statim
1467 602 1630 622 concurrere
1649 594 1684 622 de
1710 595 1777 630 jure.
1819 595 1876 624 Cic.
1891 605 1941 631 pro
1954 596 2054 631 Quint.
2066 605 2109 632 79.
2133 596 2270 631 Dejicitur
2284 597 2321 627 de
2337 597 2416 633 saltu,
2436 599 2470 630 C.

1366 630 1478 665 Aquilli,
1496 631 1584 667 pridie
1594 631 1653 660 Cal.
1667 632 1851 662 intercalares.
1863 632 1951 662 biduo
1965 633 2036 670 post,
2047 640 2095 663 aut
2104 640 2136 662 ut
2151 635 2241 663 statim
2256 634 2360 671 dejure
2371 637 2474 673 aliquis

1367 669 1555 701 concurrerit,
1578 677 1635 697 non
1646 675 1707 698 toto
1722 670 1814 698 triduo
1833 680 1908 698 occ
1928 671 2016 699 millia
2036 671 2163 708 pass'num
2184 672 2381 702 conficiuntur.
2439 676 2473 706 ln

1366 705 1528 733 melioribus
1540 705 1615 733 libris
1631 707 1670 735 est
1683 707 1851 736 Cucurrerit.
1874 707 1907 736 V.
1930 708 2045 737 Hotom.
2058 717 2117 738 not.

1346 742 1521 771 Concurrere
1532 751 1596 785 cum
1609 742 1732 778 summa,
1754 745 1799 773 cui
1812 745 1967 782 opponitur
1979 746 2128 776 Excedere.
2170 747 2341 784 Ulpianusin
2352 748 2370 778 l.
2393 750 2475 786 Quid.

1366 780 1469 823 ergenii
1484 790 1626 823 majorem.
1649 781 1683 810 D.
1708 782 1743 810 de
1764 782 1818 819 leg.
1840 793 1863 811 1.
1886 783 1963 819 Quid
1982 793 2047 821 ergo
2063 784 2080 812 si
2100 785 2235 821 majorem
2255 787 2438 822 quantitatem
2458 798 2476 818 a

1364 817 1511 846 ‘substituto
1523 817 1654 855 reliquit?
1679 819 1753 855 quod
1769 820 1900 854 excedit,
1922 820 1976 850 hoc
1988 824 2039 850 erit
2059 822 2134 858 quod
2149 832 2163 851 a
2181 823 2324 853 substituto
2344 825 2474 855 relictum

1366 856 1405 923 gst
1415 865 1436 921 :d
1445 856 1520 921 qbuobd
1531 865 1595 884 vero
1607 858 1748 885 concurrit
1760 866 1825 886 cum
1834 857 1939 887 summa
1949 858 2135 896 superioribus
2151 860 2251 890 tabulis
2263 862 2393 900 inscripta
2402 885 2410 899 ‚
2431 863 2476 892 in·-

1389 903 1404 922 e
1439 903 1454 921 e
1476 904 1489 922 e
1513 901 1575 922 itur.

1346 930 1541 965 Concurrere,
1564 930 1631 966 Estre
1652 939 1798 958 toncurrent
1815 931 1848 965 &a
1864 934 2027 968 participant.
2066 933 2178 972 Ulpian.
2200 935 2219 964 l.
2239 946 2262 966 1.
2285 936 2319 966 D.
2344 937 2380 967 de
2399 937 2472 969 usuf.

1367 968 1471 998 adcres.
1493 968 1590 1004 Quum
1603 970 1696 1006 itaque
1709 969 1815 1006 primus
1826 980 1882 998 non
1898 970 2022 1000 inveniet
2036 971 2153 1001 alterum
2165 983 2228 1002 eum
2242 996 2250 1009 ‚
2270 976 2317 1010 qui
2336 976 2384 1004 sibi
2405 986 2476 1005 con-

1365 1014 1475 1073 purrat,
1496 1006 1568 1036 solus
1586 1013 1678 1036 utetur
1692 1007 1721 1036 in
1733 1013 1846 1037 totum:
1867 1016 1920 1036 nec
1934 1008 2016 1037 refert
2027 1011 2202 1045 conjunctim
2219 1021 2254 1041 an
2272 1013 2419 1051 separatim
2432 1025 2476 1044 re—

1381 1054 1408 1073 in
1431 1051 1519 1073 uatur.

1348 1081 1381 1113 ln
1397 1055 1586 1111 hiereditatem
1600 1080 1756 1119 legitimam
1775 1081 1851 1111 fratri
1866 1089 2038 1112 concurrere.
2077 1084 2220 1123 Papinian.
2242 1087 2271 1115 in
2288 1087 2305 1117 l.
2330 1088 2400 1118 Filio
2415 1090 2475 1127 qui.

1369 1121 1403 1150 D.
1418 1119 1617 1149 deinofficioso
1628 1119 1792 1149 testamento
1804 1142 1811 1155 ,
1834 1119 1901 1149 Filia
1913 1130 1973 1157 quae
1984 1130 2041 1150 non
2056 1124 2132 1159 egit,
2153 1131 2200 1152 aut
2213 1134 2273 1161 quae
2288 1127 2346 1163 egit
2359 1135 2407 1156 aut
2416 1137 2478 1157 non

1368 1158 1512 1193 obtinuit,
1528 1158 1558 1186 in
1569 1157 1733 1187 haereditate
1746 1157 1869 1195 legitima
1879 1159 1952 1187 fratri
1964 1168 2022 1187 non
2034 1161 2185 1190 concurrit.

1348 1195 1380 1227 In
1395 1197 1511 1234 pignore
1525 1204 1700 1225 concurrere.
1740 1194 1851 1233 Ulpian.
1866 1197 1895 1225 in
1915 1195 1934 1225 l.
1955 1197 2094 1233 idemque.
2115 1199 2138 1234 §.
2160 1199 2187 1228 Si
2208 1200 2268 1230 tibi.
2290 1201 2324 1231 D.
2347 1202 2404 1239 Qui
2424 1213 2477 1241 po..

1368 1235 1454 1263 tiores
1465 1235 1494 1262 in
1505 1234 1620 1271 pignore
1635 1233 1806 1268 habeantur,
1829 1234 1857 1263 Si
1871 1234 1922 1263 tibi
1933 1244 1992 1271 quae
2003 1235 2148 1264 habiturus
2159 1236 2217 1266 sum
2228 1237 2418 1276 obligaverirn,
2446 1242 2476 1271 &z

1368 1272 1446 1302 Titio
1457 1271 1762 1309 specialiterfundum,
1782 1272 1841 1301 siin
1855 1272 2017 1307 dominium
2029 1283 2123 1302 meum
2142 1278 2318 1312 pervenerit,
2339 1287 2405 1307 mox
2425 1279 2479 1308 do..

1368 1311 1488 1354 minium
1498 1311 1557 1354 ejus
1567 1308 1718 1347 acquisiero
1731 1318 1737 1339 :
1759 1315 1839 1347 putat
1848 1309 2000 1340 Marcellus
2011 1320 2181 1341 concurrere
2191 1320 2338 1352 utrumque
2355 1316 2477 1346 credito·

1370 1357 1429 1378 rem
1444 1358 1472 1376 in
1482 1357 1609 1386 pignore.

1350 1384 1383 1417 iri
1394 1386 1495 1424 pignus
1508 1395 1682 1416 concurrere.
1722 1385 1834 1424 Ulpian.
1851 1385 1919 1415 ibid.
1943 1385 1972 1416 Si
1989 1386 2109 1416 duorum
2126 1387 2298 1425 pupillorum
2320 1391 2414 1420 nuruis
2434 1399 2482 1420 res

1368 1425 1452 1454 fuerit
1464 1430 1639 1462 comparata:
1663 1424 1746 1453 ambo
1762 1426 1790 1453 in
1802 1424 1902 1462 pignus
1911 1432 2082 1455 concurrent
2096 1435 2147 1463 pro
2158 1426 2201 1456 his
2211 1427 2398 1464 portionibus,
2416 1439 2478 1466 quae

1369 1463 1400 1491 in
1414 1463 1453 1491 rei
1467 1464 1586 1499 pretium
1600 1462 1848 1500 fuerintexpensae.

1348 1498 1400 1530 Per
1409 1500 1502 1538 plures
1512 1506 1651 1538 emptores
1660 1501 1834 1538 mancipium
1847 1500 2027 1530 concurrerit.
2050 1500 2153 1530 Paulus.
2165 1501 2195 1530 in
2209 1500 2228 1531 l.
2248 1502 2275 1531 Si
2296 1503 2356 1539 quis
2363 1502 2412 1532 sub
2422 1504 2479 1535 hoc

1369 1540 1461 1576 pasto.
1479 1538 1512 1568 D.
1526 1538 1698 1568 decontrah.
1711 1543 1798 1576 empt.
1839 1538 1894 1567 Sed
1904 1538 1932 1566 in
1943 1538 2099 1568 emendatis
2111 1539 2188 1568 libris
2201 1540 2240 1569 est
2255 1541 2422 1570 Cucurrerit.

1347 1576 1524 1616 Concurrere
1535 1598 1543 1611 ‚
1566 1575 1724 1606 C‘onfluere.
1764 1574 1834 1605 Cels.
1851 1575 1899 1605 lib.
1912 1585 1939 1606 2.
1952 1585 2012 1614 cap.
2028 1586 2071 1607 12.
2093 1577 2122 1606 Si
2132 1578 2161 1606 in
2169 1577 2342 1609 stomachum
2352 1580 2483 1616 quaedamt

1372 1614 1468 1643 biliosa
1483 1620 1662 1644 concurrunt.

1348 1651 1498 1682 Concurrit
1508 1652 1629 1681 materia.
1671 1650 1740 1681 Cels.
1754 1651 1803 1681 lib.
1819 1659 1917 1689 3.cap.
1931 1661 1974 1681 10.
1997 1652 2032 1680 At
2049 1651 2107 1681 siin
2119 1653 2279 1690 praecordiis
2291 1654 2480 1685 inflammatio
2512 1648 2513 1652 ¹

1368 1691 1398 1720 ·&
1409 1689 1491 1719 dolor
1501 1689 1540 1719 est
1548 1711 1556 1725 ,
1578 1690 1670 1728 primo
1679 1689 1932 1727 superimponenda
1946 1689 2010 1718 sunt
2019 1690 2212 1728 cataplasmata
2221 1693 2402 1730 reprimentia
2411 1715 2420 1730 ,
2442 1703 2482 1724 no

1368 1727 1388 1756 si
1402 1727 1535 1757 calidiora
1544 1728 1648 1757 fuerint
1661 1749 1669 1763 ,
1689 1728 1752 1765 plus
1760 1736 1797 1757 eo
1811 1728 1931 1757 materiae
1941 1736 2098 1757 concurrat.

1347 1765 1525 1795 Concurrens
1545 1766 1681 1801 materia,
1714 1766 1733 1794 i.
1750 1775 1776 1795 e.
1797 1765 1921 1795 influens
1941 1765 2060 1803 sanguis.
2101 1765 2170 1796 Cels
2183 1766 2231 1796 lib.
2246 1776 2270 1802 7.
2283 1777 2346 1805 cap.
2359 1778 2385 1798 2.
2407 1769 2481 1800 Etut-

1371 1804 1437 1832 alias
1449 1802 1549 1841 scripsi,
1570 1803 1615 1833 vel
1626 1803 1786 1839 avertenda,
1807 1813 1978 1832 concurrens
1988 1813 2023 1833 eo
2036 1804 2158 1837 materia,
2181 1805 2225 1834 vel
2239 1806 2401 1843 digerenda,
2423 1809 2480 1838 Sco.

1347 1840 1521 1871 Concurrere
1534 1863 1543 1876 ,
1564 1840 1703 1876 Evenire,
1724 1841 1907 1878 contingere,
1929 1841 2071 1878 consequi.
2094 1842 2214 1880 Propere.
2233 1843 2281 1872 lib.
2299 1854 2321 1878 3.
2336 1854 2361 1880 7.
2378 1854 2421 1881 17.

1431 1880 1502 1909 Sunt
1512 1879 1612 1916 quibus
1622 1879 1695 1909 Eleae
1709 1880 1850 1909 concurrit
1864 1879 1956 1917 palma
1967 1880 2120 1917 quadrigae.
2202 1882 2221 1910 i.
2234 1890 2258 1911 e.
2281 1882 2338 1918 Qui
2357 1883 2482 1921 palmam

1349 1954 1351 1956 q
1370 1917 1582 1955 consequuntur
1598 1918 1628 1946 in
1640 1916 1809 1947 Elideniium
1821 1918 1974 1947 certamine
1985 1917 2085 1947 curuli.

1347 1955 1466 1986 Somnia
1486 1961 1667 1991 concurrunt,
1687 1954 1870 1993 Respondent
1885 1961 1995 1985 eventu.
2035 1955 2095 1985 Cic.
2105 1965 2131 1985 τι.
2149 1956 2187 1985 de
2202 1956 2293 1986 Divin.
2307 1966 2368 1993 141.
2390 1958 2431 1988 An
2446 1965 2482 1989 tu

1371 1993 1466 2023 censes
1474 1992 1559 2022 ullam
1569 2003 1654 2023 anum
1667 1999 1724 2023 tam
1736 1993 1851 2022 deliram
1862 1993 1984 2023 futuram
1994 1993 2089 2028 fuisse,
2110 2002 2140 2023 ut
2150 1994 2263 2024 somniis
2274 1997 2408 2033 crederet,
2429 1997 2482 2027 nili

1370 2031 1421 2060 ista
1429 2031 1491 2061 casu
1504 2041 1708 2069 nonnunquam
1717 2052 1725 2067 ‚
1748 2031 1819 2060 forte
1827 2037 1931 2061 temere
1942 2053 1950 2066 ,
1971 2033 2194 2061 concurrerent?

1311 2063 1338 2100 C
1347 2078 1364 2099 o
1373 2078 1395 2098 N
1404 2079 1421 2100 c
1431 2079 1450 2098 u
1459 2080 1475 2098 a
1486 2079 1502 2098 a
1510 2072 1522 2098 ἰ
1530 2078 1549 2098 r
1559 2079 1579 2098 u
1587 2079 1603 2098 s
1613 2091 1621 2105 ,
1642 2068 1754 2107 imperf.
1775 2075 1817 2104 ut,
1843 2068 2025 2098 Concurritur
2036 2070 2161 2106 undique
2172 2070 2210 2100 ad
2220 2079 2373 2101 commune
2383 2071 2483 2102 incen-

1354 2107 1432 2136 dium
1446 2107 1682 2146 restinguendum.
1706 2106 1764 2136 Cic.
1780 2117 1822 2136 10.
1834 2106 1952 2144 Philipp.
1963 2116 2008 2137 21.

1350 2145 1550 2182 Concurrunt,
1573 2155 1623 2182 pro
1635 2144 1826 2174 Committitur
1837 2145 1972 2182 praelium.
1995 2144 2062 2174 Hor.
2077 2153 2101 2175 1.
2114 2144 2200 2174 Serm.
2214 2154 2239 2175 1.
2258 2153 2285 2183 7.

1444 2181 1548 2212 Militia
1561 2183 1599 2212 est
1610 2184 1714 2220 potior.
1735 2182 1890 2220 quid‘enim
1899 2183 1913 2212 ⁶?
1934 2183 2111 2212 concurritur
2120 2204 2128 2217 ,
2142 2182 2220 2212 horae

1444 2220 1593 2251 momento
1605 2230 1653 2250 aut
1668 2221 1724 2250 cita
1740 2229 1814 2250 mors
1824 2221 1901 2250 venit
1915 2242 1923 2256 ,
1944 2226 1992 2250 aut
2002 2221 2117 2250 victoria
2128 2220 2200 2250 laeta.

1311 2258 1363 2290 Co
1371 2261 1393 2288 rii
1401 2268 1419 2288 c
1427 2267 1448 2288 u
1456 2268 1473 2288 ii
1483 2268 1500 2287 a
1507 2268 1522 2288 ε
1532 2263 1553 2288 u
1562 2268 1574 2288 s
1585 2276 1597 2295 -,
1617 2258 1786 2295 [συνάξεᾷξων]
1807 2257 1904 2289 Partic.
1926 2264 1973 2295 ut,
2002 2258 2207 2289 concurrentes
2223 2265 2328 2290 cautes.
2346 2257 2434 2291 Ovid.
2448 2270 2483 2293 2ae

1352 2299 1533 2365 ὲῖῐῗὲἱιιξῐιεηξ
1539 2318 1688 2371 quantitas.
1700 2328 1759 2363 inl.
1772 2333 1843 2363 Cum
1854 2332 1931 2362 alter.
1945 2333 1980 2364 D.
1993 2333 2035 2363 De
2041 2333 2215 2372 compensat.

1311 2373 1336 2403 C
1345 2383 1362 2402 o
1374 2383 1392 2402 Ν
1402 2382 1419 2402 c
1428 2383 1447 2402 u
1458 2382 1511 2402 risi
1523 2383 1539 2401 o
1551 2394 1559 2407 ,
1583 2373 1654 2402 onis.
1675 2372 1694 2401 f.
1715 2370 1875 2409 [melpofui]
1897 2371 1954 2401 Cic.
1971 2381 1996 2401 1.
2009 2372 2044 2401 de
2056 2371 2118 2402 Fin.
2134 2383 2178 2410 17.
2202 2372 2239 2402 Ut
2248 2372 2482 2404 concursioni-bus

1351 2412 1425 2440 inter
1440 2410 1467 2440 se
1478 2410 1672 2440 cohaerescant.

1355 2449 1544 2479 Fortuitirum
1552 2458 1643 2478 rerum
1653 2446 1807 2478 concursio.
1829 2446 1889 2476 Cic.
1900 2445 1930 2475 in
1939 2445 2040 2484 Topic.
2053 2449 2099 2484 76.

1354 2487 1479 2516 Fortuita
1489 2486 1633 2515 concursio
1643 2485 1881 2523 corpusculorum.
1902 2484 1962 2514 Cic.
1979 2494 2002 2514 1.
2015 2486 2099 2515 acad.
2111 2488 2138 2515 6.
2158 2517 2160 2520 ,

1349 2523 1457 2554 Vocum
1474 2524 1568 2553 crebra
1580 2525 1732 2554 concursio.
1774 2523 1832 2552 Cic.
1844 2523 1876 2552 in
1892 2522 1968 2553 Orat.
1983 2532 2045 2559 151.
2066 2523 2083 2553 i.
2098 2534 2123 2554 e.
2146 2521 2294 2553 Vocalium
2308 2524 2484 2564 concursusfl

1371 2564 1420 2600 qui
1435 2562 1557 2591 hiantem
1568 2562 1835 2591 redditorationem.

1348 2600 1387 2666 hii
1393 2600 1490 2667 erigena
1499 2600 1581 2629 verba
1589 2600 1713 2639 impetus
1721 2601 1748 2630 &
1756 2598 1899 2629 concursio
1911 2620 1920 2634 ,
1941 2599 1968 2628 8:
1978 2598 2133 2635 adjunctio,
2155 2600 2181 2630 &
2192 2600 2354 2638 progreffio.
2377 2600 2434 2631 Cic.
2449 2609 2482 2638 3..

1391 2648 1406 2667 e
1448 2644 1497 2667 rat.
1519 2647 1581 2673 ¹04·

1310 2674 1336 2706 C
1343 2686 1360 2706 ο
1370 2686 1390 2706 N
1399 2686 1417 2705 c
1427 2686 1444 2705 u
1454 2685 1471 2704 a
1479 2685 1492 2706 s
1501 2686 1520 2704 u
1528 2685 1551 2712 s,
1563 2677 1603 2705 us.
1614 2680 1651 2705 m.
1666 2673 1827 2711 [συνὴομὺ]
1843 2673 1942 2703 Cio.ad
1953 2673 2027 2704 Brut.
2035 2683 2060 2710 3.
2074 2674 2229 2705 Concursus
2236 2675 2275 2705 est
2282 2677 2317 2706 ad
2324 2685 2370 2707 me
2380 2676 2480 2707 faetus.

1352 2715 1419 2744 Non
1433 2714 1510 2751 poffe
1519 2713 1651 2743 sustinere
1660 2712 1828 2745 ,concursum
1843 2711 2012 2749 aliquorum.
2034 2712 2093 2743 Cic.
2105 2724 2132 2750 4.
2146 2714 2228 2743 Acad.
2238 2722 2284 2751 70.

1348 2752 1501 2782 conflictio
1514 2754 1539 2782 ἃ
1551 2751 1709 2781 concursus.
1734 2750 1792 2780 Cic.
1803 2751 1832 2779 in
1843 2750 1933 2780 Partit.
1946 2760 2008 2786 104.

1352 2790 1455 2828 Ingens
1469 2790 1626 2819 concursus.
1651 2789 1723 2828 Virg.
1734 2799 1762 2824 9.
1776 2789 1838 2819 AEn.
1850 2798 1916 2825 454.
1992 2822 1995 2823 .
2054 2821 2056 2825 ι

1349 2829 1457 2858 Artium
1467 2828 1589 2865 quinque
1597 2827 1781 2857 maximarum
1789 2826 1947 2856 concursus.
1970 2825 2029 2856 Cic.
2047 2825 2083 2861 de
2094 2821 2164 2856 Clar.
2177 2824 2256 2856 Orat.
2269 2835 2316 2863 ας,

1349 2865 1549 2896 calamitatum
1560 2864 1696 2895 concursu
1706 2864 1871 2894 labefactata
1881 2865 2024 2902 cogitatio.
2047 2864 2106 2894 Cic.
2119 2875 2142 2900 ς.
2157 2864 2232 2894 Fam.
2248 2874 2290 2902 13.

1351 2904 1516 2934 Gratantum
1526 2902 1684 2934 concursus.
1706 2902 1797 2933 Tacit.
1809 2907 1835 2932 6.
1852 2904 1922 2932 Ann.
1936 2912 1979 2938 50.
2370 2934 2371 2937 Ἰ

1345 2942 1584 2980 Municipiorum.
1626 2941 1684 2971 Cic.
1695 2950 1746 2979 pro
1758 2941 1849 2970 Domo
1865 2950 1926 2976 14²·
1949 2939 2033 2970 lta-liae
2050 2939 2337 2978 magnificentissimus
2350 2939 2400 2970 ille
2413 2950 2477 2971 mm.

1370 2987 1415 3009 tus
1427 3002 1434 3015 ,
1456 2980 1730 3017 municipiorumque
1745 2978 1904 3008 concursus.

1348 3018 1589 3056 Occupationum.
1630 3017 1688 3047 Cic.
1700 3026 1726 3054 7.
1744 3017 1871 3053 Fam.34.
1892 3016 2060 3053 Quanquam
2079 3016 2176 3051 venis,
2197 3021 2227 3045 ut
2249 3015 2308 3054 ipse
2321 3016 2474 3055 intelligis,

1371 3057 1401 3085 in
1412 3056 1598 3085 maximarum
1608 3055 1680 3092 quasi
1691 3055 1855 3085 concursum
1870 3055 2098 3091 occupationum.

1348 3094 1512 3124 Studiorum
1523 3093 1781 3123 honestissimorum.
1810 3092 1867 3122 Cic.
1880 3102 1905 3122 2.
1920 3093 1954 3121 de
1967 3092 2023 3121 Fin.
2040 3101 2051 3120 1
2060 3101 2102 3121 10.

1351 3132 1505 3161 Verborum
1516 3132 1602 3169 asperi
1612 3154 1627 3167 ,.
1643 3132 1774 3167 disjuncti
1786 3131 1811 3160 St
1819 3131 1929 3160 hiantes
1939 3128 2098 3159 concursus.
2118 3128 2178 3158 Cic.
2185 3129 2219 3158 'in
2228 3126 2321 3166 Partit.
2332 3139 2378 3160 21.

1350 3166 1505 3199 Verborum
1515 3170 1592 3208 asper
1602 3171 1627 3199 ἃ
1636 3169 1746 3199 hiulcus
1757 3168 1914 3198 concursus.
1954 3168 2013 3197 Cic.
2027 3176 2050 3204 3.
2064 3167 2099 3196 de
2110 3167 2189 3197 Orat.
2204 3171 2266 3204 1⁶9·
2289 3167 2364 3198 Huic
2382 3177 2475 3207 oppon.

1369 3208 1446 3237 nitur
1458 3207 1674 3245 Coagmentatus
1685 3210 1710 3237 &
1724 3207 1806 3236 laev-is.
2128 3235 2129 3239 ,
2447 3240 2450 3242 Ὗ

1349 3242 1395 3277 Ne
1405 3252 1592 3275 extremorum
1599 3245 1748 3275 'verborum
1757 3247 1822 3274 cum
1834 3240 2043 3281 insequentibus
2056 3242 2152 3279 primis
2165 3242 2323 3280 concursus,
2343 3247 2391 3274 au't
2400 3243 2476 3276 hiulz

1370 3294 1416 3313 cas
1428 3294 1510 3313 voces
1519 3285 1639 3319 efficiat,
1659 3290 1706 3313 aut
1715 3283 1829 3320 asperas.
1854 3282 1911 3311 Cic.
1927 3282 1956 3310 in
1968 3281 2044 3310 Orat.
2059 3290 2070 3309 1
2079 3290 2122 3317 50.

1350 3322 1442 3353 Subiti
1456 3322 1615 3352 concursus.
1637 3321 1723 3351 Ovid.
1738 3332 1779 3356 ¹4·
1792 3320 1859 3349 Met.
1875 3330 1950 3356 5413..>

1349 3358 1453 3391 Facere
1463 3360 1636 3390 concursum.
1663 3360 1726 3389 Cic.
1737 3362 1764 3388 6.
1779 3358 1851 3388 Verr.
1868 3367 1911 3393 52.
1931 3356 2027 3394 ‘Quem
2034 3355 2199 3387 concursum
2210 3355 2241 3386 in
2248 3355 2356 3395 oppido
2367 3357 2475 3390 factum

1391 3399 1474 3428 utatis
1485 3399 1498 3427 ἱ)

1349 3409 1392 3466 Εἲς
1402 3437 1473 3474 agris
1481 3435 1630 3466 concursus
1641 3435 1720 3464 fiunt.
1744 3433 1804 3464 Cic.
1819 3443 1843 3468 ς.
1855 3433 1972 3470 Αῒῐ.,16.,
2361 3465 2362 3469 ¹

1346 3475 1463 3504 'Clamor
1474 3497 1482 3508 ,
1502 3473 1704 3511 concursusque
1713 3472 1834 3506 maxima
1843 3481 1906 3500 cum
1917 3470 2000 3500 laude
2009 3469 2126 3506 alicuius
2139 3469 2219 3500 fiunt.
2231 3470 2301 3508 Cic.
2312 3479 2337 3500 1.
2358 3472 2414 3502 A‘tt.
2425 3481 2472 3509 13.

1349 3512 1506 3548 Concursus
1517 3534 1525 3546 ‚
1545 3515 1713 3538 Concu'rreme
1724 3532 1730 3541 ,
1755 3511 1944 3544 Partics'pation.
1985 3508 2095 3546 Ulpian.
2110 3508 2128 3536 l.
2142 3518 2165 3537 1.
2180 3508 2213 3537 D.
2225 3508 2262 3538 de
2274 3508 2348 3539 ''ul-uf.
2366 3510 2472 3540 adores-'-

1368 3549 1588 3586 Julianscribit:
1612 3548 1631 3577 fi
1652 3547 1762 3578 duobus
1776 3546 1926 3576 heredibus
1946 3547 2094 3584 institutis,
2114 3546 2236 3576 deducto
2250 3545 2391 3584 usufrut‘lu
2407 3558 2473 3585 pro,

1366 3587 1602 3627 prietaslegatur,
1621 3584 1851 3621 jusadcrescendi
1862 3584 2045 3614 heredesnon
2060 3583 2171 3613 habere.
2193 3593 2259 3614 nam
2275 3585 2364 3614 videri
2380 3586 2472 3616 usum.

1367 3628 1488 3661 frustum
1498 3624 1678 3656 constitutum
1687 3645 1695 3659 ,
1705 3653 1707 3657 ,
1717 3632 1774 3652 non
1786 3633 1835 3660 per
1863 3622 2010 3659 oncursum
2022 3621 2148 3652 divisum.

1346 3663 1494 3695 ‘Concursu
1513 3671 1605 3700 partes
1625 3662 1685 3691 fieri
1702 3659 1857 3697 Jurisconsu
1872 3660 1905 3689 tis
1923 3660 2055 3690 dicuntur
2068 3659 2097 3688 in
2114 3659 2228 3696 legatis,
2250 3659 2348 3697 Quum
2359 3658 2472 3691 testator

1370 3701 1482 3732 duobus
1503 3699 1661 3738 pluribusve
1679 3699 1816 3736 legatariis
1831 3708 1888 3726 rem
1909 3699 2028 3741 eandem
2045 3698 2084 3726 it'a
2099 3693 2220 3735 legavit,
2248 3707 2280 3727 ut
2295 3699 2333 3728 ‘iis
2352 3709 2409 3728 non
2429 3700 2471 3728 di.

1368 3740 1468 3771 stinele
1492 3739 1527 3768 a'c
1549 3737 1697 3775 separat-,Im
1721 3742 1813 3774 partes
1830 3742 1919 3765 certas
1945 3735 2125 3771 attribueret,
2155 3735 2202 3765 sed
2222 3737 2316 3774 potius
2329 3747 2388 3766 rem
2408 3737 2471 3766 soli.

1369 3779 1434 3807 dam
1444 3774 1603 3812 relinquere
1619 3775 1770 3804 videretur.
1792 3773 1810 3802 l.
1822 3773 2007 3808 coniunctim.
2031 3771 2063 3802 D.
2075 3773 2111 3802 de
2123 3772 2205 3811 legat.
2221 3784 2244 3809 3.
2265 3771 2370 3804 Verum.
2382 3784 2471 3811 quum

1366 3816 1499 3850 utrinque
1515 3820 1631 3850 uterque
1652 3812 1686 3842 ad
1702 3813 1759 3845 rei,
1781 3820 1848 3849 puta
1863 3811 1962 3845 fundi,
1983 3810 2100 3846 alicujus
2117 3811 2311 3849 possessiouem
2327 3814 2471 3848 acquiren-

1368 3855 1434 3883 dam
1453 3852 1577 3887 aceedit,
1600 3851 1647 3882 ubi
1666 3851 1702 3879 ad
1726 3850 1851 3886 medium
1871 3850 2057 3879 ·ervenerunt
2076 3851 2102 3879 &
2115 3850 2334 3884 Concurrerunt‚
2364 3859 2419 3886 quo
2439 3850 2470 3878 in

1367 3891 1434 3921 loco
1453 3890 1528 3918 obvii
1549 3890 1620 3918 inter
1639 3888 1666 3917 se
1685 3888 1749 3917 facti
1766 3888 1846 3920 sunt,
1868 3888 1876 3916 i
1898 3888 1907 3915 i
1925 3887 2011 3924 partis
2022 3884 2135 3924 quisque
2146 3886 2197 3916 suae
2209 3887 2276 3916 fines
2286 3887 2467 3916 constituunt.

1367 3929 1405 3959 Hi
1422 3927 1555 3964 Legatarii
1580 3937 1610 3958 re
1628 3926 1772 3962 coniuncti
1795 3926 1926 3955 dicuntur
1945 3924 1964 3954 l.
1985 3925 2099 3964 triplici.
2120 3925 2156 3955 D.
2174 3926 2210 3955 de
2221 3925 2296 3955 verb.
2313 3924 2401 3962 signif.
2410 3924 2472 3953 »Ho-

1367 3974 1507 3998 Ώθῃῒᾶῐὶυῦ,
1857 3991 1971 4031 Kkkk
2381 3999 2468 4029 Com·
