2600 4177
476 94 504 129 C
603 94 633 128 U
730 94 760 130 R

270 175 443 211 *largoque
453 174 522 203 satos
535 174 687 203 Curetasab
702 175 791 204 imbri.

171 211 204 240 Et
213 213 325 241 tandein
338 214 457 245 antiquis
469 212 600 240 Curetum
612 211 740 241 allabitur
754 214 816 242 oris.

80 255 122 277 tes
135 247 197 277 sunt
208 248 307 287 populi
320 272 326 282 ,
349 250 429 286 pri-riri
443 250 563 277 cultores
579 248 675 278 Cretae.

81 287 196 315 Curetes
213 296 289 315 erant
306 288 332 315 in
351 288 430 315 Creta
452 285 645 315 iitiolesccnres
665 287 796 322 quidam,
818 287 982 317 armisonam
1006 298 1071 317 cum
1086 288 1200 317 saltibus

100 324 250 360 agilitatem
263 325 393 357 edentes,
415 323 585 358 proferentes
596 325 733 359 quandam
745 326 779 353 de
797 324 871 359 ‚Iovis
884 326 992 360 origiue
1006 325 1127 355 fabulam
1138 347 1146 359 ,
1170 325 1198 354 in

102 370 155 396 qua
170 363 317 391 Saturnum
329 361 527 393 introducunt,
549 370 614 389 mox
626 361 698 390 filios
711 369 741 391 ut
752 363 779 391 in
793 362 884 392 lucem
894 364 961 391 editi
973 364 1093 398 suerint,
1115 364 1199 392 devo-

99 405 206 427 rantem
222 409 229 428 ι
254 399 357 427 Rheam
378 407 444 426 vero
462 397 571 427 dolores
591 399 718 436 pariendi
743 399 910 429 dilsimulare
934 407 1062 429 conatam
1072 423 1079 435 ,
1102 408 1199 429 natum

100 436 235 465 infantem
251 436 332 472 longe
345 435 536 472 ablegantem‚
558 438 584 465 δε
601 438 626 465 ei
646 436 761 466 salutem
782 447 832 475 pro
850 436 954 467 viribus
973 446 1199 474 comparantem:

100 474 193 509 Quam
205 473 316 508 quidem
328 473 362 501 ad
374 483 431 502 rem
440 474 581 509 adjutores
594 474 707 504 Curetas
717 474 867 504 alsumere:
891 475 956 505 Illos
976 485 1040 504 cum
1061 475 1202 512 tympanis

100 521 134 551 ac
143 512 255 549 strepitu
265 510 498 546 armisonantique
507 512 609 541 chorea
617 512 819 541 tumultuantes
831 534 838 546 .
859 513 939 542 deam
959 512 1065 542 curiose
1082 515 1203 542 circuni-

102 549 210 582 intere,
232 553 263 577 ut
282 547 414 578 Saturnus
432 550 568 578 attonitus
580 572 588 582 ,
612 552 638 579 ἃ
661 550 804 579 oblivione
824 550 983 584 involutus,
1004 550 1128 580 avulsum
1143 559 1203 578 non

101 585 372 622 agnoscatinsantem
385 608 392 620 ,
414 596 466 616 nec
485 588 544 622 ejus
562 588 684 624 vagitum
695 588 834 616 exaudiat.
876 588 984 617 Eisdem
998 597 1092 617 curam
1110 590 1136 618 Sc
1150 588 1204 616 stu-

101 624 180 653 dium
193 621 270 659 Jovis
283 623 396 653 infantis
408 625 764 654 nutriendicommendari.
805 625 1022 661 Curetesitaque
1034 647 1042 658 ,
1072 627 1089 655 i.
1103 635 1127 654 e.
1150 625 1204 653 Cu-

101 667 222 695 ratores,
243 660 287 690 vel
298 662 361 698 quia
371 663 395 690 ei
408 661 608 692 ministrarent:
631 662 675 692 vel
696 663 759 699 quia
773 663 849 698 Jovis
867 666 1039 697 κερογςοφέεω,
1061 663 1090 692 id
1107 663 1145 691 est
1156 662 1205 691 ali-

100 699 225 728 moniam
245 700 415 736 (utrumque
438 701 514 729 enim
534 700 657 735 dicitur)
679 701 784 736 operati
806 700 877 735 sint,
899 700 1117 738 appellationem
1132 700 1205 729 hanc

102 735 165 765 finit
173 736 316 773 assequuti.
358 737 397 767 Ex
405 737 540 767 Strabone
551 738 600 766 lib.
616 748 658 767 10.
680 737 728 766 ubi
743 739 767 767 ἃ
778 738 860 781 longe
872 738 950 775 plura
962 738 998 767 de
1012 738 1159 768 Curetibus
1177 738 1204 766 δι

101 783 200 803 eorum
223 775 338 803 nomine
356 775 447 805 tradit.
491 775 640 805 Curetibus
650 797 658 807 ,
687 775 908 812 Corybantibus,
931 777 957 805 ὃς
979 776 1056 805 ldaeis
1083 775 1205 812 Dat‘tylis

102 811 163 849 Ops
182 812 292 841 Saturni
305 821 376 842 uxor
386 813 483 848 Jovem
494 812 708 842 custodiendum
716 813 795 842 dedit
816 813 844 842 in
861 819 957 842 monte
975 813 1063 842 Cretae
1080 813 1205 842 Dietaeo:

101 859 138 878 ne
153 859 218 879 eum
232 850 362 879 Saturnus
380 850 572 885 consumeret,
593 858 623 879 ut
639 850 712 879 lilios
734 860 831 880 omnes
855 850 967 880 solebat.
1007 851 1090 880 Tunc
1112 852 1205 886 itaque

101 897 168 925 apes
177 888 237 917 aeris
245 888 342 917 sonum
351 888 469 924 sequutae
479 910 487 924 ,
506 886 607 924 ,Iovem
615 887 699 917 melle
708 888 802 917 aluilse
813 888 962 918 dicuntur:
985 898 1035 926 pro
1052 898 1104 925 qua
1117 898 1144 917 re
1165 888 1206 917 eis

103 926 199 964 postea
210 926 333 963 praestitit
341 926 355 961 J
360 926 480 964 uppiter‚
500 934 530 955 ut
538 925 672 955 haberent
680 925 782 956 liberos
790 925 846 955 fine
854 926 912 956 ullo
923 926 1086 956 concubitu.
1106 926 1208 956 Haste-

103 973 157 994 nus
168 964 277 993 Servius
288 963 394 993 inillud
403 975 429 1000 4.
442 963 514 994 Geor
537 987 541 992 .
561 973 620 1000 ¹49·

165 1002 251 1032 Nunc
264 1010 333 1039 age,
354 973 589 1040 naturasapffius‚
609 1000 878 1039 quasJuppiteripse

164 1040 299 1072 Addidit,
318 1040 482 1077 expediam:
505 1049 555 1078 pro
570 1049 624 1076 qua
635 1039 766 1068 mercede
774 1048 892 1068 canoros

165 1077 299 1106 Curetum
309 1076 429 1113 sonitus,
449 1078 668 1116 crepitan‘iaque
680 1086 732 1105 aera
742 1076 861 1114 sequuta:
872 1098 881 1112 ,

164 1112 271 1144 Dic'taeo
279 1114 440 1152 caeliregem
452 1125 552 1153 pavere
578 1114 607 1144 ib
614 1121 702 1143 antro.
809 1114 842 1143 V.
875 1113 941 1144 Cael.
954 1113 1004 1144 lib.
1017 1124 1041 1150 ς,
1059 1123 1121 1152 cap.
1134 1121 1161 1149 4.
1182 1115 1210 1144 &

104 1151 153 1195 lib.
169 1162 290 1220 ιμῑεῗξ).1
302 1162 344 1190 17.
367 1152 484 1183 Rursum
493 1152 542 1183 lib.
557 1163 600 1189 ⁴5.
611 1161 671 1190 cap.
682 1157 710 1186 8.
721 1151 802 1182 &lib.
817 1161 859 1189 17.
870 1162 930 1190 cap.
947 1161 989 1182 12.
1013 1153 1043 1182 V.
1060 1152 1144 1181 etiam
1155 1151 1210 1189 Hy—

126 1200 204 1219 inum
228 1201 242 1220 a
264 1201 279 1219 u
294 1200 308 1219 a
321 1200 349 1225 η
376 1214 382 1220 .

85 1199 200 1257 Cllretes
212 1250 220 1264 ‚
241 1201 404 1258 Sacerdo⁹tes
417 1227 554 1266 Cybeles,
574 1226 621 1264 qui
633 1228 660 1257 &
675 1226 846 1263 Corybantes
860 1227 993 1257 dicuntur
1003 1249 1012 1264 ,
1052 1227 1080 1258 ui
1092 1226 1127 1256 ad
1137 1226 1210 1257 sacra

105 1265 224 1303 Cybeles
237 1266 344 1296 admiffi
356 1266 419 1296 sunt
428 1266 492 1295 casti
503 1267 529 1295 &
539 1265 600 1302 puri
612 1286 620 1300 ‚
642 1265 756 1302 illicque
765 1265 865 1295 saltant
884 1265 992 1296 armati.
1055 1288 1062 1295 .
1083 1274 1102 1294 c
1111 1274 1131 1294 A
1139 1276 1154 1294 i.
1163 1276 1179 1293 i.
1189 1275 1208 1294 r.

86 1303 187 1333 Dietaei
199 1303 322 1334 Curetes.
344 1304 452 1333 Lucret.
464 1303 513 1332 lib.
530 1312 556 1331 2.
570 1306 634 1337 629.
656 1303 686 1333 V.
709 1303 746 1331 ibi
760 1303 884 1333 Lambin.

50 1337 73 1368 C
83 1351 101 1370 u
112 1351 127 1370 R
136 1343 224 1371 Eric
233 1352 271 1372 us
281 1364 288 1376 ,
310 1352 325 1371 a
336 1364 344 1377 ‚
366 1351 422 1370 um.
444 1341 505 1377 Adj.
527 1340 662 1370 Creticus.
683 1340 732 1371 Sil.
744 1340 791 1370 lib.
810 1345 928 1377 15.308.

168 1378 337 1416 OEneasque
347 1380 446 1409 domos
455 1401 464 1412 .
486 1378 614 1408 Curetica
626 1380 698 1408 tecta
707 1378 823 1408 subibat.

50 1417 192 1452 Cuma,
214 1417 424 1452 Cumanas,
446 1416 665 1451 Curinus,
688 1416 719 1446 In
741 1426 850 1446 cunii.

49 1454 72 1484 C
85 1465 102 1483 υ
112 1464 126 1483 a
137 1465 146 1483 i
155 1465 172 1484 c
181 1465 233 1484 τε
242 1477 250 1491 ,
273 1455 372 1493 Populi
389 1454 512 1492 lllyrici,
533 1462 690 1484 conventus
705 1453 903 1485 Scardonitani
912 1476 920 1491 ‚
940 1461 1011 1492 quos
1024 1453 1068 1490 ius
1081 1452 1211 1485 Italicum

87 1493 190 1523 habere
199 1493 304 1523 Plinius
315 1493 385 1523 dicit
399 1492 448 1522 lib.
463 1502 487 1528 3.
499 1501 560 1530 cap.
575 1502 621 1522 21.

49 1530 190 1566 Curtio,
212 1531 244 1560 In
265 1541 373 1560 cunii.

49 1567 72 1597 C
84 1571 101 1596 ῦ
112 1578 179 1602 κιο,
201 1568 341 1605 [Κηίων]
362 1568 397 1605 Q
411 1567 508 1603 Curio,
521 1574 598 1606 pater
609 1567 640 1598 C.
655 1567 775 1597 Tribuni
786 1567 861 1605 pleb.
873 1567 942 1596 teste
954 1566 1074 1601 Valerio,
1096 1575 1212 1604 magnus

87 1606 207 1636 Orator:
228 1607 251 1636 is
261 1616 348 1644 quum
356 1606 466 1636 Caesaris
475 1606 607 1636 inimicus
615 1606 682 1635 elset
691 1627 699 1640 ‚
720 1605 874 1643 appellavit
892 1615 958 1634 eum
972 1606 1000 1634 in
1011 1605 1131 1642 quadam
1144 1605 1215 1634 Ora-

87 1644 166 1673 tione
176 1666 185 1681 ,
207 1645 333 1674 omnium
352 1644 502 1674 mulierum
523 1644 613 1674 virum
624 1664 634 1680 ,
654 1645 681 1674 δι
695 1643 844 1673 mulierem
865 1644 994 1673 omniurn
1016 1643 1140 1673 virorum
1150 1664 1159 1679 ‚
1181 1648 1214 1673 ut

88 1681 271 1720 Tranquillus
284 1683 314 1711 in
326 1682 429 1712 Caesare
444 1692 506 1720 cap.
518 1691 561 1717 5²·
578 1688 648 1711 extr.
668 1681 760 1710 resert.

88 1719 120 1749 C.
134 1720 219 1749 Curio
236 1720 327 1755 filius,
348 1720 491 1749 Tribunus
506 1720 579 1758 pleb.
602 1718 766 1749 Caesarianas
778 1724 869 1757 partes
880 1718 1010 1754 sequutus
1020 1718 1069 1752 est,
1091 1718 1133 1748 vir
1144 1718 1213 1748 luxu

109 1759 136 1788 ἃ
147 1759 263 1788 audacia
275 1758 403 1796 lingulati
416 1767 423 1787 ε
444 1757 597 1787 sexcenties
608 1757 684 1786 enim
702 1766 739 1785 H·
752 1766 763 1785 s
777 1778 785 1791 ,
808 1756 928 1785 debebat
940 1756 1000 1785 aeris
1011 1756 1106 1791 alieni,
1120 1762 1150 1785 ut
1166 1756 1216 1786 Va-

107 1795 192 1826 letius
205 1807 232 1830 9.
253 1806 276 1826 1.
286 1800 311 1826 6.
328 1796 364 1826 de
378 1796 485 1826 luxuria
497 1795 599 1825 scribit.
636 1795 678 1824 Ad
687 1794 763 1823 hunc
772 1795 834 1824 sunt
843 1794 950 1831 priores
962 1794 1020 1823 Cic.
1035 1793 1117 1831 Epist.
1130 1793 1177 1822 lib.
1188 1804 1213 1823 2.

110 1833 136 1863 Is
155 1834 240 1864 Curio
252 1840 283 1864 ut
294 1834 322 1864 se
333 1844 387 1864 aere
400 1833 492 1863 alieno
503 1832 633 1862 liberaret
645 1854 653 1868 ‚
673 1839 755 1869 atque
771 1838 941 1869 emergeret.
967 1831 1101 1861 Caesarem
1109 1832 1143 1861 ad
1157 1831 1216 1861 bel.

109 1871 167 1902 lum
177 1873 262 1902 civile
278 1871 452 1911 impellebat,
462 1877 494 1901 ut
502 1870 598 1901 scribit
613 1870 671 1901 Cic.
684 1874 728 1901 16.
740 1869 815 1900 Fam.
830 1880 873 1900 10.
895 1869 930 1900 Et
937 1869 1040 1899 Lucan.
1053 1869 1102 1899 lib.
1119 1874 1211 1906 1.269.

52 1910 265 1946 Currrosus,
284 1910 317 1940 ln
337 1919 446 1939 cusa,

53 1949 77 1978 C
86 1951 104 1977 ῦ
115 1959 128 1976 a
140 1960 149 1977 1
158 1959 171 1978 s
181 1971 189 1984 ,
210 1950 242 1978 is.
264 1948 284 1979 f.
306 1946 422 1985 [abac]
443 1947 549 1985 Lingua
558 1946 725 1976 Sabinorum
736 1945 820 1976 Hasta
830 1945 940 1978 dicitur.
981 1945 1064 1975 Unde
1077 1945 1217 1976 Romulus

91 1987 245 2023 Quirinus,
285 1987 313 2016 ui
326 1995 388 2016 eam
403 1985 530 2019 ferebat,
550 1984 589 2014 est
605 1984 695 2013 dietus
707 2006 715 2020 ,
737 1985 764 2013 δι
778 1984 899 2013 Romani
917 1994 931 2013 a
948 1983 1069 2020 Quirino
1089 1984 1216 2020 Quirites

90 2025 231 2054 dicuntur.
265 1996 300 2054 V
322 2023 499 2054 Macrobium
510 2022 559 2052 lib.
573 2032 597 2052 1.
607 2022 716 2052 Saturn.
733 2031 794 2059 cap.
806 2031 834 2056 9.
856 2022 889 2051 Et
907 2022 1036 2052 Servium
1053 2022 1084 2051 in
1106 2033 1129 2051 i.
1151 2022 1215 2052 AEn.

91 2067 157 2099 29⁶·
179 2062 232 2092 Alii
245 2072 260 2092 a
270 2061 389 2091 Curibus
400 2059 567 2091 Sabinorum
577 2060 606 2089 id
618 2069 723 2089 nomen
733 2059 880 2090 arcessunt.

53 2098 239 2135 conns,
260 2101 292 2129 is.
311 2099 332 2130 f.
354 2099 472 2129 Curitim
481 2099 624 2135 Junonem
634 2096 832 2136 appellabant,
854 2098 919 2136 quia
938 2097 1059 2128 eandem
1077 2096 1149 2127 ferre
1169 2097 1216 2126 ha-

92 2139 160 2168 stam
169 2138 313 2177 putabant.
333 2137 434 2168 Festus.

53 2176 105 2206 Cu
115 2186 130 2205 R
141 2186 231 2210 rTis,
252 2176 284 2205 is.
306 2175 326 2206 f.
352 2174 499 2213 Oppidum
517 2173 629 2212 Cyboto
641 2173 732 2203 monti
743 2173 949 2212 propinquum,
972 2172 1049 2208 quod
1064 2171 1217 2211 aliquando

92 2224 108 2244 a
117 2221 189 2244 terra
197 2214 236 2244 est
247 2213 417 2252 absorptum.
439 2214 541 2242 Aridior
551 2212 620 2242 Plin.
630 2211 677 2241 lib.
691 2221 718 2241 2.
733 2221 794 2249 cap.
804 2221 849 2247 91.
870 2210 902 2240 V.
925 2210 963 2240 ibi
975 2211 1111 2240 Harduin.

56 2252 108 2283 Οὔ
119 2262 200 2282 Rlus
210 2274 219 2288 ‚
239 2253 258 2282 i.
279 2262 316 2282 m.
337 2251 484 2288 [Kev&¹]
506 2250 546 2280 Nl.
562 2249 607 2279 vel
619 2256 649 2279 ut
662 2248 723 2279 aliis
737 2249 831 2288 placet
846 2248 885 2279 Μ’
906 2249 924 2277 i.
934 2258 959 2278 e.
983 2248 1097 2277 Manius
1118 2248 1218 2278 Curius

91 2290 247 2325 Dentatus,
267 2290 410 2320 Romanus
420 2289 490 2318 civis
504 2287 680 2318 exastiffimae
693 2287 875 2325 frugalitatis,
897 2287 924 2316 &
938 2284 1086 2324 perspectae
1106 2286 1218 2316 fortitu-

93 2329 174 2358 dinis.
198 2329 245 2358 hic
258 2328 382 2365 quumin
393 2326 506 2356 scamno
516 2326 636 2361 sederet,
657 2325 788 2362 rapasque
798 2326 827 2354 in
837 2325 902 2354 foco
917 2331 1048 2359 torreret,
1070 2325 1096 2353 &
1111 2324 1220 2353 Samni-

92 2372 154 2396 tum
167 2363 251 2404 legati
260 2375 393 2402 magnum
404 2365 463 2394 auri
479 2364 591 2402 pondus
611 2363 724 2401 publice
742 2362 852 2393 missum
871 2360 1038 2397 attuliffent‚
1058 2362 1221 2391 invitarent-

92 2414 148 2442 que
164 2411 238 2434 uteo
250 2402 399 2434 utivellet:
420 2402 563 2440 respondit
572 2424 581 2438 ‚
602 2402 643 2432 M.
655 2401 770 2431 Curium
780 2398 864 2430 malle
874 2401 1010 2438 imperare
1020 2399 1218 2437 locupletibus,

92 2452 177 2479 quam
190 2441 363 2480 locupletem
371 2440 446 2470 fieri:
470 2441 554 2478 &qui
564 2440 623 2470 acie
631 2439 707 2469 vinci
724 2449 782 2468 non
801 2438 910 2476 potuit,
932 2448 998 2467 eum
1020 2439 1141 2476 pecunia
1158 2448 1222 2467 cor.

93 2480 186 2518 rumpi
198 2490 255 2509 non
263 2479 349 2518 polle.
388 2479 443 2509 Hic
457 2479 579 2516 primum
592 2478 629 2507 de
637 2477 806 2507 Samriitibus
823 2476 1021 2514 triumphavit,
1042 2486 1112 2513 quos
1134 2476 1219 2512 usque

94 2519 130 2548 ad
142 2526 217 2547 mare
228 2518 356 2556 superum
366 2519 488 2555 pacavit.
528 2516 637 2546 Deinde
661 2515 696 2544 de
718 2515 828 2544 Sabinis
846 2514 1040 2551 triumphavit.
1081 2513 1220 2543 Postremo

94 2556 132 2585 de
143 2556 260 2586 Lucanis
270 2564 355 2585 ovans
368 2555 464 2584 urbem
475 2554 595 2584 intravit.
635 2553 768 2591 Pyrrhum
780 2561 874 2590 regem
890 2553 1067 2587 Epirotarum
1086 2561 1122 2581 ex
1140 2551 1220 2581 Italia

94 2593 215 2632 pepulit.
255 2593 400 2630 Quaterna
410 2593 482 2622 dena
495 2592 554 2629 agri
564 2592 659 2629 jugera
667 2591 770 2621 viritim
780 2591 887 2629 populo
903 2591 1012 2620 divisit:
1033 2589 1138 2626 sibique
1155 2590 1221 2618 tori-

95 2633 161 2662 dem
170 2631 330 2667 constituit,
351 2631 448 2660 dicens
459 2652 467 2666 ,
488 2631 632 2659 neminem
642 2628 696 2658 else
705 2629 808 2658 debere
820 2651 828 2663 ‚
849 2629 894 2658 cui
915 2638 972 2658 non
987 2634 1096 2658 tantum
1114 2627 1221 2658 suffice-

95 2676 146 2701 ret.
187 2670 279 2706 Hujus
289 2669 417 2698 meminit
426 2665 552 2704 Juvenal.
568 2678 608 2696 ii.
621 2667 676 2697 Sat.
688 2672 731 2703 78.
751 2668 777 2697 ἃ
795 2676 820 2697 2.
833 2667 888 2697 Sat.
900 2675 924 2704 3.

176 2707 234 2745 Qui
246 2707 344 2737 Curios
354 2706 482 2736 iimulant
496 2727 504 2741 ‚
526 2707 551 2735 δι
561 2704 742 2735 Bacchanalia
751 2705 860 2735 vivunt.

94 2747 123 2776 in
131 2745 312 2784 proverbium
323 2744 411 2779 abiit,
431 2743 495 2774 vide
510 2743 582 2774 Eras.
598 2742 716 2773 Chiliad.

92 2784 194 2814 Curios
214 2782 376 2821 Munipres
393 2781 473 2812 fuisse
484 2802 492 2817 ,
514 2781 571 2811 Cic.
592 2790 642 2818 pro
654 2779 773 2810 Murena
785 2788 828 2817 17.
842 2781 868 2810 &
883 2789 934 2818 pro
951 2777 1028 2810 Sulla
1037 2787 1083 2817 23.
1103 2778 1221 2809 demon-

114 2822 179 2852 strat
187 2841 194 2854 ‚
210 2821 364 2859 Municipii
374 2820 550 2850 mentionem
559 2819 626 2848 facit
634 2817 751 2848 nullam.
908 2827 915 2833 ⁴

95 2859 211 2897 Capillis
220 2860 372 2897 incomptis
385 2858 493 2888 Curius.
518 2857 585 2887 Hor.
597 2866 620 2886 1.
632 2856 721 2886 Carm.
738 2864 780 2885 12.
793 2864 840 2892 41.

95 2898 204 2936 Pauper
212 2902 271 2926 erat
281 2896 380 2926 Curius
390 2905 466 2934 reges
477 2904 564 2932 quum
576 2895 700 2924 vinceret
708 2893 790 2923 armis
821 2892 920 2923 Claud.
931 2903 958 2927 4.
969 2892 1053 2922 Cons.
1065 2892 1140 2922 Hon.
1152 2901 1218 2928 412.

95 2934 160 2965 Fuit
170 2936 196 2965 ἂ
207 2934 322 2970 Curius,
343 2932 545 2964 Alexandrinus
554 2932 696 2971 presbyter
712 2931 761 2961 sub
775 2931 951 2960 Diocletiano
962 2952 970 2965 ,
992 2936 1069 2960 tanta
1085 2930 1221 2961 doftrinae

115 2973 189 3003 fama
199 2995 207 3008 ‚
227 2978 260 3003 ut
270 2972 407 3010 Origenes
414 2971 508 3008 junior
516 2970 702 3009 appellaretur
712 2991 720 3004 ‚
742 2976 772 2998 ut
782 2966 876 2997 scribit
891 2968 1085 3006 Hieronymus.

58 3011 280 3045 Cumanus,
302 3020 335 3046 a,
358 3019 414 3040 um.
437 3009 498 3046 Adj.
520 3015 569 3045 ut,
599 3008 743 3045 Judiciuni
763 3006 924 3037 Curianum.
960 3004 1082 3042 Quintil.
1095 3014 1121 3043 7.
1137 3010 1162 3036 6.
1191 3015 1219 3044 p.

100 3053 165 3085 640.
187 3048 220 3078 V.
242 3048 379 3086 Cic.1.de
388 3048 465 3078 Orat.
484 3052 547 3081 180·

61 3088 84 3118 C
96 3099 113 3117 u
123 3098 138 3116 R
148 3097 169 3116 M
178 3096 229 3122 i,n.
240 3085 348 3123 [κῡςμι]
359 3085 482 3115 Potionis
494 3083 671 3122 genus,quod
681 3087 813 3121 parature
823 3080 1093 3119 frugibus,nimirum
1101 3081 1221 3117 hordeo,

98 3126 248 3161 triticoque
256 3124 285 3153 in
294 3133 365 3161 aqua
375 3124 538 3157 maceratis,
560 3123 585 3153 δι
596 3121 702 3151 bibitur
712 3120 771 3150 vini
789 3119 864 3149 1000.
902 3119 1045 3149 Matthiol.
1068 3120 1164 3150 Curmi
1182 3120 1225 3148 ni-

100 3163 141 3193 hil
155 3162 231 3192 aliud
241 3162 361 3199 antiquis
370 3161 449 3191 fuiffe
458 3158 569 3195 scribit,
590 3169 673 3197 quam
684 3159 723 3188 est
731 3158 787 3188 hoc
796 3164 924 3194 tempore
937 3156 1054 3187 Cervisia
1063 3179 1071 3190 ,
1093 3166 1175 3194 quam
1183 3156 1223 3186 lo.

100 3211 135 3231 co
144 3201 202 3230 vini
213 3199 284 3229 bibit
295 3199 422 3230 universa
431 3199 507 3236 regio
517 3196 757 3235 Septentrionalis.
798 3195 840 3225 De
851 3196 905 3224 hoc
919 3195 984 3225 vide
996 3192 1119 3225 Dioscor.
1135 3195 1184 3225 lib.
1194 3204 1222 3225 2.

101 3250 159 3277 cap.
171 3245 216 3273 81.
237 3238 303 3276 Ulp.
315 3237 334 3268 1.
347 3237 365 3267 si
374 3237 442 3274 quis.
458 3237 490 3266 D.
504 3236 540 3265 de
550 3236 632 3265 tritic.
646 3235 703 3264 vin.
717 3235 743 3263 &
754 3233 819 3262 oleo
829 3233 882 3271 leg.

63 3278 87 3309 C
95 3288 113 3308 u
123 3288 139 3306 a
149 3288 170 3306 M
179 3287 198 3306 υ
206 3286 227 3305 N
235 3286 254 3305 n
264 3286 281 3305 u
290 3287 306 3305 L
314 3285 334 3305 A
345 3297 353 3311 ‚
375 3285 406 3305 ae.
426 3274 446 3304 f.
467 3273 559 3304 Herba
571 3271 709 3311 gratissimi
719 3271 821 3309 saporis
831 3292 840 3304 .‚
857 3270 968 3300 corticis
978 3271 1136 3300 tenerrimi:
1159 3279 1224 3308 qua.

874 175 948 210 Virg.
968 184 992 209 ῃ.
1010 175 1070 206 AEn.
1087 184 1148 212 131.

901 213 955 242 Ubi
966 214 1075 243 Servius
1086 236 1095 249 ,
1114 214 1199 243 Cure-

941 2703 984 2733 De
995 2702 1051 2734 hoc
1061 2703 1150 2739 versu,
1172 2702 1220 2741 qui

121 3322 214 3354 ropter
227 3324 243 3344 a
255 3313 392 3352 plerisque
401 3321 576 3350 nequaquam
587 3311 712 3342 detrasto
730 3310 808 3340 corio
822 3308 914 3338 editur
925 3330 934 3345 ‚
956 3308 1032 3338 unde
1051 3318 1159 3338 nomen
1177 3308 1224 3338 ha·
1259 3345 1262 3348 ψ

122 3360 158 3383 et.
179 3353 314 3382 Perottus.

63 3391 261 3427 Cuno,are.
283 3389 315 3418 V.
338 3397 450 3418 cusa,
935 3422 941 3427 ⁵
1040 3418 1046 3427 .

63 3429 88 3460 C
97 3432 113 3458 ῦ
125 3439 141 3457 a
150 3431 167 3458 ὃ
175 3438 218 3458 Ta
228 3429 245 3458 6
255 3438 269 3456 P
278 3437 299 3457 ri
308 3430 348 3457 ῑυ
356 3437 393 3462 M,
413 3427 430 3456 i.
451 3435 480 3455 n.
502 3423 710 3462 [ικςονιςόφεωι]
729 3422 836 3452 Domus
849 3418 956 3451 alendis
969 3429 1061 3459 pueris
1078 3421 1223 3452 destinata.

102 3466 185 3502 κέξΘν
193 3467 269 3496 enini
279 3474 397 3503 puerum
408 3462 550 3501 fignificat.
590 3461 683 3491 Utitur
691 3461 789 3497 Jnstin.
810 3459 828 3489 l.
843 3459 922 3488 illud.
943 3458 973 3488 C.
988 3458 1024 3488 de
1039 3457 1133 3494 sacros.
1150 3459 1221 3490 eccl.

101 3501 586 3540 DiffertautemaBrephotrophio,
607 3499 683 3537 quod
700 3499 729 3528 in
741 3497 941 3531 hocinfantes‚
963 3496 1141 3532 recentesque
1162 3506 1223 3535 par.

102 3550 147 3571 tus
156 3549 204 3571 aut
214 3539 350 3579 expositi,
370 3546 418 3570 aut
429 3537 589 3577 parentibus
607 3536 753 3575 egentibus
768 3535 825 3565 nati
844 3534 1004 3565 alebantur:
1027 3534 1056 3563 iri
1074 3535 1122 3564 illo
1144 3533 1224 3572 pueri

102 3578 296 3618 grandiusculi,
308 3579 354 3616 qui
364 3578 492 3608 nondum
501 3575 596 3605 labore
605 3575 655 3604 suo
662 3575 766 3604 vietum
776 3573 824 3603 libi
839 3582 934 3610 parare
949 3578 1085 3610 poterant.
1108 3573 1223 3603 Hotom.

66 3619 89 3649 C
99 3629 116 3647 u
126 3628 140 3646 r<
151 3627 191 3646 Ro
203 3638 210 3651 ‚
231 3617 360 3652 cucurri„
380 3615 503 3650 cursum,
524 3612 615 3681 ἓαξεᾷῑω
624 3629 633 3643 .
650 3611 717 3647 θέω]
738 3613 794 3641 Ere.
815 3611 897 3641 Notae
909 3609 1126 3649 significationis.
1156 3610 1222 3641 Ter.

104 3654 224 3692 Adelph.
240 3663 264 3688 z.
275 3663 300 3684 2.
313 3665 355 3689 ςς.
377 3654 462 3684 Curre
476 3674 485 3688 ‚
506 3661 523 3681 ο
546 3651 682 3680 stetricem
694 3649 804 3680 atcess'e.

104 3691 374 3723 CucurritPuteolos.
395 3691 454 3722 Cic.
465 3699 507 3720 10.
526 3691 580 3719 Att.
592 3699 620 3725 4.

104 3731 226 3767 Longius
236 3738 352 3759 currere.
372 3730 403 3759 ln
424 3741 440 3759 1.
448 3739 465 3758 o
474 3738 495 3757 N
504 3737 522 3756 G
533 3737 551 3756 u
560 3736 582 3756 s.

103 3767 321 3799 Solitovelocius
332 3776 448 3797 currere.
471 3765 554 3796 Ovid.
568 3774 610 3800 14·
629 3761 696 3794 Met.
712 3768 774 3800 389.
838 3799 844 3806 ⁴
860 3798 866 3806 .
943 3796 946 3797 ⁷

104 3807 219 3836 Currere
230 3805 264 3834 ad
275 3814 401 3835 mortem.
442 3804 508 3835 Plin.
525 3813 547 3832 r.
563 3802 645 3840 Epist.
659 3811 704 3831 22.
728 3802 764 3830 ad
786 3798 917 3830 Catilium
939 3798 1071 3829 Seuerum
1082 3820 1090 3833 ‚
1111 3796 1222 3842 impetu

123 3845 245 3882 quodam
257 3844 283 3872 6<
291 3842 420 3872 instinctu
434 3850 543 3872 'currere
553 3841 588 3869 ad
600 3846 720 3870 mortem
730 3861 739 3875 ,
759 3847 910 3870 commune
918 3837 956 3867 est
966 3847 1031 3867 cum
1040 3835 1146 3867 multis.

106 3883 222 3912 Currere
236 3891 282 3918 per
296 3881 361 3910 vias.
383 3880 468 3910 Plaut.
483 3880 558 3909 Poen.
576 3887 598 3907 1.
612 3887 638 3907 2.
655 3883 700 3911 80-

104 3920 221 3951 Currere
230 3929 278 3957 per
290 3928 414 3956 cumpca.
436 3919 521 3949 Ovid.
536 3927 560 3953 ς.
573 3915 642 3947 Met.
653 3920 716 3952 ⁶¹3-

1263 1187 1465 1222 Curinus,
1487 1189 1568 1218 entis.
1590 1190 1719 1225 [σςέχων]

1708 93 1996 131 CUR
2331 110 2402 148 743

1287 173 1391 212 AEquor
1403 181 1520 203 currere.
1542 172 1615 210 Virg.
1634 182 1657 208 ζ.
1672 174 1733 204 ῙΕη.
1751 183 1812 209 191.

1368 212 1433 240 Vela
1446 212 1543 239 damus
1554 233 1562 245 ‚
1583 211 1743 248 vallumque
1754 222 1819 241 cava
1834 212 1911 241 trabe
1925 211 2061 242 currimus
2070 222 2173 249 aequor.

1287 249 1403 278 Currere
1415 248 1540 277 stadium.
1582 250 1640 278 Cic.
1657 259 1678 283 ι.
1696 249 1752 278 Oli'.
1764 259 1808 282 4²·
1831 250 1888 286 Qui
1903 250 2020 279 stadium
2034 251 2138 287 currit,
2161 252 2229 282 eniti
2251 254 2277 283 i&
2297 258 2411 283 conten-

1307 287 1373 315 dere
1385 287 1470 315 debet
1480 295 1562 321 quam
1574 287 1694 315 maxime
1713 287 1794 324 polilt
1804 309 1813 323 ,
1834 296 1864 317 ut
1876 289 1976 318 vincat.

1288 324 1343 354 Iter
1355 332 1474 353 currere.
1499 323 1568 360 Virg.
1584 334 1607 358 ς.
1622 325 1683 353 ffin.
1697 328 1760 358 5362.

1381 361 1471 389 Currit
1484 360 1534 389 iter
1545 367 1636 390 tutum
1649 371 1707 390 non
1721 362 1806 391 secius
1818 372 1928 398 {equore
1940 362 2038 394 classis.

1288 397 1414 428 Subsidio
1426 407 1544 426 currere.
1563 398 1623 439 Cic.
1637 408 1678 429 12.
1693 400 1746 428 Att.
1759 410 1784 435 7.
1799 400 1903 428 Sedulo
1915 402 1947 430 iis
1960 402 2049 436 factis,
2062 399 2178 439 Calypso
2188 399 2306 430 subsidio
2314 408 2412 433 curiat-
2455 426 2464 435 .

1290 435 1402 465 Placido
1410 444 1518 464 currere
1533 436 1626 465 fluctu.
1650 436 1780 466 Prosiere
1791 438 1927 475 navigare.
1950 439 2040 469 Valer.
2056 448 2079 469 1.
2095 440 2195 476 Argon.
2210 444 2276 475 ²⁶5·

1288 473 1364 504 ffitas
1377 474 1454 502 ferox
1465 474 1559 502 currit.
1581 473 1648 503 Hor.
1662 484 1688 503 2.
1730 484 1794 504 arm.
1815 486 1839 509 ς.
1855 485 1894 509 ¹3-

1291 510 1420 540 Carmina
1437 517 1549 539 currunt
1560 511 1744 542 inollilimite.
1767 512 1877 542 Martial
1901 513 1949 542 lib.
1966 523 2008 544 11.
2024 524 2068 550 91.

1383 548 1514 577 Carmina
1525 548 1601 577 nulla
1611 549 1711 585 probas
1721 572 1729 585 ,
1751 550 1830 579 molli
1842 551 2002 588 quaelimite
2014 557 2149 588 currunt,
2163 552 2216 583 ἃς.
2255 549 2287 581 V.
2311 548 2414 580 Versus.

1289 585 1382 616 Fluvii
1395 591 1519 615 currunt.
1544 586 1614 623 Virg.
1630 596 1654 615 1.
1669 588 1731 616 ffin.
1745 592 1809 617 611.

1290 623 1386 658 Frigus
1396 633 1444 660 per
1457 622 1511 652 ossa
1523 625 1653 653 cucurrit.
1675 625 1759 654 Ovid.
1773 626 1808 654 ad
1821 625 1878 655 Liv.
1893 635 1955 662 153.

1293 659 1424 690 Mensura
1434 661 1527 690 currit.
1566 661 1597 689 V.
1618 661 1748 692 Mensura
1761 663 1790 692 in
1809 674 1830 692 M
1840 673 1902 693 iz’rr
1913 675 1930 695 o
1940 674 1966 694 a.

1292 698 1379 729 Mors.
1402 698 1504 727 Lucan.
1518 698 1565 727 lib.
1583 707 1608 728 2.
1625 709 1686 729 100.

1372 736 1556 779 'Quantoque
1568 737 1653 773 gradu
1666 746 1740 766 mors
1750 735 1816 767 saeva
1827 739 1960 769 cucurrit.

1269 772 1281 781 “
1292 772 1359 803 Nox
1371 781 1442 802 inter
1451 773 1561 816 pocula.
1585 774 1707 811 Propert.
1721 775 1767 804 lib.
1785 785 1809 811 3.
1824 787 1856 804 ιο
1875 786 1920 806 21.

1293 811 1392 840 Oratio
1402 817 1490 840 currit
1503 811 1662 848 proclivius.
1685 812 1743 842 Cic.
1758 823 1781 848 ς.
1793 813 1828 844 de
1843 814 1932 844 Finib.
1944 818 1990 852 84.

1293 848 1447 879 Sententia.
1471 848 1537 878 Hor.
1552 859 1576 878 ι.
1591 850 1678 879 Serm.
1693 858 1736 879 ιο.
1749 860 1775 885 9.

1376 885 1419 915 Est
1429 886 1563 916 brevitate
1573 896 1644 923 opus
1657 909 1664 919 .
1685 894 1715 916 ut
1729 894 1819 918 currat
1828 887 1973 920 sententia.

1295 923 1413 953 Tremor
1428 925 1483 953 ima
1496 934 1544 962 per
1559 925 1626 954 offa.
1646 923 1719 962 Virg.
1732 935 1758 955 2.
1775 927 1837 957 AEn.
1854 936 1916 957 121.

1295 961 1404 992 Versus.
1427 962 1493 991 Hor.
1508 972 1532 991 1.
1546 962 1634 991 Serm.
1653 972 1696 991 10.
1718 972 1741 992 1.

1360 999 1471 1037 Nempe
1480 1000 1665 1037 incomposito
1675 1001 1733 1029 dixi
1745 1001 1817 1037 pede
1826 1010 1932 1031 currere
1940 999 2033 1032 versus

1362 1035 1459 1067 Lucili.
1575 1038 1621 1067 Sic
1641 1038 1771 1067 Carmina
1782 1037 1871 1076 supra.

1296 1073 1358 1103 Vox
1371 1076 1462 1104 currit.
1485 1075 1553 1105 Plin.
1565 1075 1613 1104 lib.
1628 1086 1638 1104 ι
1648 1086 1669 1105 1.
1684 1086 1745 1113 cap.
1765 1086 1777 1110 ς
1787 1086 1809 1105 1.

1297 1112 1441 1148 Curritur,
1463 1112 1657 1152 impersonale.
1686 1114 1752 1144 Ter.
1762 1114 1792 1142 in
1803 1112 1872 1149 prol.
1883 1113 1984 1143 Heaut.
1994 1124 2041 1150 4⁴-
2063 1113 2092 1144 Si
2107 1111 2301 1152 qualaboriosa
2311 1116 2366 1153 est,
2386 1118 2424 1148 ad

1319 1161 1365 1180 me
1375 1152 1500 1180 curritur.
1523 1151 1582 1181 Cic.
1595 1160 1621 1186 7.
1637 1151 1709 1182 Verr.
1721 1161 1766 1188 71.
1789 1151 1913 1180 Curritur
1922 1153 1958 1180 ad
1968 1152 2134 1181 Praetorium.
2164 1151 2197 1183 V.
2220 1153 2342 1191 Quintil.
2359 1166 2383 1186 1.
2394 1168 2424 1191 ⁴·

1741 1190 1835 1218 Partic.
1857 1188 1921 1218 Ter.
1933 1190 1962 1218 in
1972 1191 2042 1227 prol.
2060 1189 2129 1220 Eun.
2143 1193 2188 1227 36.

1344 1227 1402 1263 Qui
1414 1228 1501 1263 magis
1513 1226 1578 1255 licet
1589 1236 1731 1256 currentes
1746 1226 1979 1264 servosscribere‚
1994 1230 2046 1259 ἃς.

1301 1263 1367 1294 Fata
1381 1265 1527 1293 currentia.
1550 1264 1598 1294 Sil.
1613 1265 1660 1294 lib.
1674 1274 1699 1302 7.
1714 1274 1775 1300 307.

1302 1302 1384 1332 Freta
1397 1303 1542 1331 currentia.
1564 1302 1631 1332 Hor.
1649 1314 1670 1332 1.
1687 1302 1768 1340 Epist.
1781 1311 1804 1338 ζ.
1817 1313 1844 1336 4.

1301 1338 1375 1370 Rota
1386 1350 1508 1375 currens,
1518 1341 1562 1369 i.e.
1575 1340 1606 1369 In
1617 1340 1714 1370 orbem
1725 1341 1793 1370 aeta.
1807 1339 2134 1371 HordeArtePoetxm.
2147 1355 2184 1362 —-
2194 1341 2329 1380 amphora
2338 1344 2426 1383 coepit

1359 1377 1482 1407 institui:
1498 1384 1624 1407 currente
1636 1384 1697 1408 rota
1709 1388 1758 1408 cur
1772 1387 1871 1408 urceus
1881 1379 1941 1408 exit
1954 1379 1968 1408 t>
2049 1379 2086 1409 de
2095 1379 2184 1417 Figuli
2197 1387 2266 1411 rota.

1305 1415 1396 1445 Unda.
1419 1415 1492 1453 Virg.
1510 1425 1534 1451 3.
1551 1415 1650 1453 Georg.
1664 1425 1727 1452 330.

1302 1453 1432 1490 Spatium
1443 1455 1563 1483 currenti
1576 1455 1792 1492 praemonstrare.
1816 1453 1924 1484 Lucret.
1936 1453 1986 1483 lib.
1997 1457 2024 1484 6.
2035 1464 2080 1488 91.

1303 1491 1468 1521 Currentem
1482 1492 1595 1521 incitare
1607 1514 1615 1527 ‚
1636 1492 1674 1521 est
1686 1492 1831 1522 Adhortari
1844 1493 2004 1530 quempiam
2015 1493 2050 1522 ad
2060 1492 2089 1521 id
2099 1514 2108 1528 ,
2128 1492 2164 1522 ad
2180 1494 2255 1528 quod
2265 1494 2322 1530 iam
2333 1493 2429 1533 suapte

1321 1529 1419 1566 sponte
1428 1530 1529 1559 tendit.
1569 1529 1628 1559 Cic.
1640 1539 1683 1566 13-
1700 1531 1753 1560 Att.
1764 1539 1812 1565 4²·
1834 1529 1921 1567 Quod
1933 1530 2121 1566 mehortaris,
2141 1539 2173 1561 ut
2186 1541 2235 1561 eos
2253 1532 2313 1561 dies
2330 1534 2430 1563 consu-

1322 1577 1397 1596 mam
1413 1568 1442 1596 in
1461 1567 1635 1604 Philosophia
1654 1567 1839 1606 explicanda,
1861 1575 2018 1597 currentem
2038 1575 2068 1598 tu
2088 1569 2211 1606 quidem.
2254 1570 2334 1600 Idem
2346 1581 2370 1600 2.
2392 1573 2429 1601 de

1323 1605 1401 1634 Orat.
1424 1610 1484 1640 ¹8⁶·
1507 1605 1623 1635 Facilius
1634 1606 1709 1635 enim
1720 1606 1757 1636 est
1768 1611 1928 1635 currentem
1948 1606 1960 1642 (
1990 1607 2047 1636 uod
2062 1606 2163 1643 aiunt)
2185 1607 2302 1638 incitare
2314 1630 2322 1644 ,
2345 1619 2430 1646 quam

1322 1652 1500 1673 commovere
1514 1643 1701 1681 languentem.
1744 1644 1833 1673 Docta
1842 1643 1880 1672 est
1890 1649 1985 1682 metap
2008 1653 2055 1674 ora
2065 1643 2100 1674 ab
2112 1645 2154 1675 his
2164 1646 2211 1683 qui
2222 1646 2301 1676 cursu
2308 1654 2429 1684 certant,

1325 1681 1426 1718 quibus
1437 1681 1598 1711 acclamatio
1609 1681 1678 1710 solet
1690 1681 1793 1711 addere
1805 1680 1994 1711 velocitatem.

1304 1718 1603 1757 Superciliacurrentia
1611 1719 1696 1756 usque
1706 1720 1741 1749 ad
1752 1718 1885 1748 malarum
1894 1719 2065 1756 scripturam.
2088 1720 2196 1751 Petron.
2217 1721 2272 1751 Sat.
2292 1731 2351 1760 cap.
2366 1725 2429 1754 126.

1266 1756 1426 1792 Commi,
1449 1757 1515 1787 Adv.
1537 1753 1698 1793 [itonam]
1719 1756 1883 1792 Currendo,
1904 1758 1998 1796 inquit
2011 1757 2096 1789 Valla.
2136 1758 2195 1789 Cic.
2212 1759 2386 1800 11.Pl1ilipp.
2400 1772 2429 1798 4.

1306 1795 1381 1825 Alter
1391 1797 1420 1824 in
1429 1795 1514 1824 Asiam
1526 1795 1624 1833 irrupit
1632 1795 1740 1825 cursim.

1306 1834 1392 1869 Agere
1400 1833 1456 1862 cito
1474 1834 1500 1863 δι
1512 1833 1609 1862 curfim
1622 1832 1736 1870 aliquid.
1758 1832 1844 1862 Plaut.
1854 1832 1930 1862 Poen.
1946 1843 1970 1863 1.
1985 1842 2012 1863 2.
2029 1837 2091 1869 156.

1306 1871 1447 1900 Annotare
1459 1871 1556 1901 cursim
1565 1871 1681 1907 aliquid.
1720 1870 1787 1900 Plin.
1799 1880 1824 1907 3.
1837 1871 1919 1910 Epist.
1934 1882 1959 1908 ς.
1979 1871 2069 1910 Super
2090 1871 2164 1902 hanc
2185 1871 2255 1903 liber
2272 1872 2432 1912 legebatur,

1326 1909 1511 1939 annotabatur
1526 1931 1533 1943 ‚
1555 1910 1581 1938 ἃ
1593 1908 1706 1946 quidem
1719 1909 1828 1938 cursim.

1309 1947 1450 1985 Attingere
1461 1947 1559 1976 cursim
1572 1949 1597 1976 ἃ
1609 1947 1729 1976 breviter
1740 1955 1800 1983 quae
1812 1947 1865 1976 sint
1874 1945 2050 1977 inculcanda.
2072 1946 2142 1978 Plin.
2159 1957 2184 1978 x.
2197 1948 2280 1987 Epist.
2294 1957 2340 1979 20.

1311 1984 1429 2014 Currere
1439 1985 1546 2014 cursim.
1568 1984 1653 2014 Plaut.
1667 1984 1762 2014 Pseud.
1775 1993 1798 2014 1.
1811 1994 1834 2019 ζ.
1851 1994 1912 2020 124.

1307 2022 1408 2052 Dicere
1419 2022 1516 2052 sensim
1528 2024 1554 2052 ἃ
1565 2021 1666 2052 Curlim
1677 2044 1686 2057 ‚
1706 2023 1851 2053 contraria.
1891 2022 1949 2052 Cic.
1959 2030 1986 2052 2.
1997 2021 2116 2061 Philipp.
2130 2031 2175 2058 42.
2207 2023 2278 2053 Vide
2288 2031 2380 2054 aurem
2391 2025 2435 2056 in.

1327 2066 1368 2089 ter
1381 2068 1408 2090 te
1422 2062 1448 2090 Sc
1462 2070 1545 2090 avum
1557 2067 1636 2090 tuum
1645 2060 1712 2097 quid
1727 2060 1845 2091 intersit:
1867 2060 1917 2090 ille
1927 2060 2025 2090 sensim
2040 2061 2152 2091 dicebat
2171 2062 2248 2099 quod
2268 2062 2355 2093 causae
2370 2073 2437 2102 pro.

1330 2098 1417 2128 desset
1426 2120 1434 2134 ,
1455 2105 1485 2128 tu
1500 2099 1597 2128 curlim
1609 2098 1678 2128 dicis
1687 2097 1786 2128 aliena.

1308 2134 1414 2173 Legere
1423 2134 1530 2166 cursim.
1554 2136 1623 2165 Plin.
1641 2147 1666 2172 5.
1689 2136 1770 2174 Epist.
1785 2147 1828 2172 1ς.
1850 2135 1987 2167 Rationes
1998 2136 2126 2174 legebam
2139 2137 2242 2168 invitus
2255 2139 2281 2168 ἃ.
2291 2138 2402 2169 cursim.

1309 2173 1425 2212 Pergere
1436 2175 1533 2203 cursim
1544 2175 1578 2202 ad
1589 2174 1747 2209 dignitates.
1768 2174 1827 2204 Cic.
1847 2184 1871 2212 ς.
1887 2174 1969 2205 Tusc.
1985 2183 2027 2211 13.

1310 2211 1439 2242 Transire
1449 2212 1534 2241 libros
1545 2211 1652 2241 cursim.
1675 2210 1746 2241 Geli.
1760 2222 1785 2247 9.
1799 2223 1826 2248 4.

1273 2247 1323 2278 Cu
1334 2259 1434 2285 asro,
1456 2251 1526 2280 onis.
1548 2249 1567 2278 f.
1590 2248 1674 2278 Varro
1691 2250 1726 2278 de
1739 2249 1768 2279 L.
1781 2248 1810 2279 L.
1824 2258 1886 2286 41.
1908 2249 2079 2287 Corpusest‚
2099 2249 2250 2281 utcursor:
2276 2250 2365 2288 locus,
2386 2252 2437 2284 sta.

1311 2287 1391 2317 dium
1405 2309 1414 2323 ,
1436 2297 1489 2325 qua
1499 2287 1598 2317 currit:
1620 2294 1750 2324 tenipus,
1771 2287 1858 2322 hora,
1880 2297 1933 2324 qua
1942 2288 2043 2317 currit:
2065 2288 2157 2320 actio.
2180 2289 2278 2318 cui-fio.

1272 2322 1438 2361 cursus,
1461 2326 1500 2354 [is.
1523 2335 1559 2354 m.
1582 2323 1721 2360 [ὃγόμῶη
1739 2323 1875 2360 δρὀμημοι]
1903 2325 1962 2361 Iple
1982 2326 2113 2356 currendi
2133 2327 2219 2357 aetus.
2240 2324 2311 2359 Ptin.
2325 2326 2376 2359 lib.
2391 2336 2436 2360 η.

1310 2372 1373 2401 cap.
1390 2373 1432 2399 19.
1455 2363 1491 2392 Hi
1506 2364 1582 2392 re<fto
1594 2361 1672 2393 cursu
1686 2370 1736 2399 per
1749 2362 1821 2392 finus
1835 2362 1996 2401 impellunt.

1311 2398 1517 2432 Acriorcursus.
1538 2400 1604 2430 Stat.
1617 2411 1642 2435 4.
1658 2400 1725 2429 Silv.
1740 2408 1764 2437 3.
1782 2409 1843 2438 103.

1311 2439 1452 2476 AEquorei.
1476 2438 1563 2467 Valet.
1579 2448 1599 2467 1.
1615 2438 1711 2475 Argon.
1724 2443 1789 2474 483.

1311 2478 1417 2507 Aetius.
1438 2477 1524 2506 Ovid.
1538 2479 1564 2506 6.
1579 2476 1647 2506 Met.
1657 2482 1720 2513 709.
1742 2478 1761 2506 i.
1773 2485 1797 2506 e.
1819 2473 1944 2507 Volatus.

1311 2515 1411 2553 Agiles.
1433 2515 1502 2545 Stat.
1514 2525 1541 2550 4.
1551 2513 1618 2544 Silv.
1630 2522 1654 2550 ς.
1667 2523 1711 2549 32.

1311 2553 1445 2583 Anhelus.
1469 2552 1553 2582 Ovid.
1571 2561 1614 2581 11.
1632 2551 1693 2581 Met
1714 2557 1776 2586 348.

1393 2590 1434 2620 De
1440 2589 1570 2620 consorte
1580 2588 1627 2619 suo
1638 2589 1718 2620 cursu
1727 2589 1841 2619 festinus
1852 2588 1965 2620 anhelo.

1312 2629 1432 2666 apertus
1441 2650 1449 2664 ‚
1470 2629 1488 2657 i.
1501 2638 1525 2657 e.
1548 2627 1634 2657 Liber.
1656 2628 1724 2657 Stat.
1740 2637 1782 2658 ιο.
1801 2627 1892 2658 Theb.
1905 2631 1971 2665 863.

1314 2667 1441 2696 Attoniti.
1463 2664 1510 2696 Sil.
1519 2665 1569 2695 lib.
1586 2674 1628 2702 17.
1641 2675 1706 2702 590.

1312 2704 1404 2735 Avidi.
1424 2703 1498 2742 Virg.
1511 2713 1553 2733 12.
1566 2703 1628 2733 AEn.
1643 2712 1708 2739 909.

1313 2743 1416 2773 Avidos
1426 2741 1519 2773 cursus
1528 2741 1637 2771 illidere
1651 2742 1681 2770 in
1693 2749 1806 2778 equum.
1825 2739 1895 2770 Stat.
1912 2749 1923 2769 1
1931 2749 1953 2770 1.
1965 2737 2056 2770 Theb.
2065 2744 2130 2778 518.

1506 2795 1544 2800 —
1554 2778 1697 2814 caecusque
1706 2779 1804 2809 avidos
1814 2777 1900 2808 illidit
1910 2779 1941 2808 in
1948 2787 2052 2817 aegrum

1392 2816 1584 2855 Cornipedem
1593 2816 1696 2846 cursus.

1312 2854 1488 2886 Brevillimus
1496 2854 1588 2884 cursus
1598 2854 1690 2884 undis.
1712 2854 1784 2893 Virg.
1798 2862 1824 2892 3.
1836 2854 1898 2885 AEn.
1913 2862 1976 2891 307.

1314 2894 1420 2924 Caecus.
1443 2893 1546 2923 Lucan.
1556 2892 1604 2921 lib.
1619 2902 1644 2922 2.
1661 2901 1723 2929 557.

1508 2946 1545 2951 —
1554 2937 1611 2960 tam
1623 2940 1698 2960 caeco
1709 2929 1794 2961 trahis
1807 2930 1903 2960 omnia
1918 2929 2008 2961 curfit.

1313 2968 1404 2999 Celer.
1425 2967 1490 2998 Sen.
1506 2968 1618 3005 Thyest.
1632 2977 1660 2998 v.
1674 2973 1700 3003 8.

1407 3006 1461 3035 Aut
1477 3008 1600 3036 membra
1610 3006 1694 3036 celeri
1704 3005 1837 3037 differens
1847 3003 1927 3035 cursu
1942 3001 2023 3036 rota?

1314 3044 1403 3074 Citus.
1426 3044 1488 3074 Seri.
1501 3044 1615 3082 Hippoi.
1628 3056 1655 3080 4.

1316 3082 1439 3112 Clausus.
1464 3083 1580 3113 Martial.
1592 3082 1640 3111 lib.
1656 3091 1697 3112 12.
1710 3090 1752 3118 57.

1317 3121 1482 3150 Contentus.
1525 3121 1582 3150 tie.
1614 3130 1645 3149 ro
1658 3120 1767 3150 Muren.
1787 3127 1831 3155 3³-
1853 3118 1950 3154 Quum
1961 3121 2097 3148 contento
2109 3115 2187 3147 eursu
2198 3138 2207 3153 ,
2226 3118 2367 3149 acerrimis
2383 3118 2436 3150 du-

1333 3159 1414 3188 cibus
1422 3180 1431 3193 ,
1452 3158 1570 3188 hostium
1581 3168 1596 3188 c
1609 3156 1669 3188 alsis
1678 3157 1785 3187 ltaliam
1796 3156 1842 3194 spe
1853 3163 1934 3192 atque
1943 3155 2145 3185 animisinflata
2155 3162 2271 3194 peteret.

1316 3196 1480 3226 Continenti
1489 3196 1567 3226 cursu
1577 3196 1652 3232 sequi
1661 3195 1824 3233 fugientem.
1867 3194 1897 3223 ln
1914 3203 1936 3222 c
1944 3202 1990 3223 οΝ
2000 3203 2038 3223 *rx
2048 3203 2068 3223 N
2079 3203 2093 3222 11
2101 3203 2128 3223 o.

1316 3234 1482 3263 Continuus.
1504 3233 1602 3264 Claud.
1615 3238 1640 3263 6.
1653 3232 1735 3263 Coris.
1748 3232 1822 3263 Hori.
1837 3241 1903 3267 291.

1316 3271 1448 3303 Declivis.
1469 3271 1571 3301 Lucan.
1581 3269 1628 3300 lib.
1640 3282 1666 3306 4.
1684 3280 1746 3306 1¹4·
1917 3305 1923 3312 ¹

1399 3310 1464 3339 Non
1474 3309 1594 3339 habeant
1603 3318 1698 3339 amnes
1710 3306 1847 3338 declivem
1858 3306 1893 3336 ad
1903 3304 1987 3335 litora
1994 3305 2114 3337 cursum.

1317 3346 1492 3378 Defrenatus.
1513 3347 1599 3377 Ovid.
1613 3356 1637 3376 1.
1649 3344 1719 3376 Met.
1730 3351 1794 3380 282.
1817 3345 1852 3374 de
1865 3343 2015 3381 amnibus,

1325 3420 1328 3421 .
1398 3386 1431 3416 Et
1440 3386 1582 3415 defrenato
1590 3383 1738 3414 volvuntur
1749 3384 1779 3413 in
1790 3380 1996 3421 aequmacursu.

1316 3422 1426 3454 Diurni.
1446 3424 1530 3454 ovid.
1543 3433 1570 3459 4.
1587 3422 1656 3452 Met.
1669 3426 1734 3457 629.

1601 3476 1637 3481 -
1647 3460 1714 3489 dum
1727 3458 1836 3488 Lucifer
1846 3457 1926 3495 ignes

1395 3498 1503 3528 Evocet
1516 3498 1623 3527 Aurorae
1634 3494 1780 3535 cursusque
1789 3498 1891 3525 Aurora
1898 3495 2023 3525 diurnos.

1315 3537 1431 3567 Emeriti
1441 3535 1534 3566 cursus
1544 3535 1619 3565 anni.
1643 3535 1725 3564 Ovid.
1743 3543 1768 3571 3.
1784 3533 1851 3564 Fast.
1861 3541 1906 3570 43.

1315 3575 1467 3612 Equestres.
1492 3574 1562 3611 Virg.
1577 3584 1600 3606 ς.
1617 3572 1679 3603 ffin.
1691 3577 1756 3609 ⁶⁶7-

1314 3613 1423 3643 Facilis.
1445 3612 1517 3649 Virg.
1532 3611 1661 3646 i.Georg.
1674 3621 1719 3645 40.
1938 3644 1940 3649 ,
2012 3641 2014 3644 .
2127 3642 2130 3645 Ι

1312 3650 1476 3681 Fulmineu's
1488 3671 1496 3683 ,
1518 3649 1536 3678 i.
1549 3657 1573 3678 e.
1594 3648 1762 3678 Celerrimus
1776 3648 1801 3677 &
1812 3643 1991 3684 impetuosus.
2013 3639 2113 3674 Claud.
2124 3645 2151 3673 6.
2163 3640 2245 3672 cons.
2259 3641 2334 3674 Hori.
2347 3647 2412 3681 469.

1313 3688 1442 3718 Furente.
1465 3687 1529 3716 Seri.
1543 3686 1619 3715 Med.
1636 3695 1678 3715 ri.

1312 3726 1422 3757 Incerto
1431 3724 1509 3754 cursu
1522 3723 1656 3760 navigare.
1696 3722 1755 3752 Cic.
1768 3726 1792 3756 8.
1807 3722 1859 3751 Att.
1873 3730 1898 3758 ς.
1918 3717 2011 3750 Infero
2025 3718 2094 3748 mari
2106 3717 2188 3747 nobis
2208 3717 2315 3748 incerto
2334 3719 2430 3754 cursu,

1331 3763 1426 3793 hieme
1436 3762 1555 3791 maxima
1569 3759 1756 3798 navigandum
1766 3759 1813 3789 est.
1982 3792 1988 3801 .
2185 3793 2190 3798 .
2286 3794 2291 3799 .
2362 3794 2367 3799 ⁸
2409 3794 2416 3799 .

1312 3801 1455 3832 Incitatus.
1495 3800 1552 3828 Cic.
1567 3799 1595 3827 in
1609 3798 1685 3827 Orat.
1697 3807 1761 3827 201.
1783 3795 1926 3827 interdum
1943 3803 2020 3825 enim
2032 3792 2125 3824 cursus
2135 3793 2173 3823 est
2181 3802 2212 3822 ιη
2224 3800 2348 3822 oratione
2360 3802 2429 3822 mci-

1331 3839 1412 3868 tatiot
1422 3859 1430 3873 ‚
1449 3837 1587 3866 interdum
1598 3836 1739 3865 moderata
1751 3834 1887 3871 ingressio.

1312 3874 1427 3906 Incitus.
1448 3876 1464 3904 i.
1478 3883 1502 3903 e.
1524 3873 1622 3903 Velox.
1643 3873 1707 3902 Sen.
1718 3872 1808 3903 Theb.
1821 3882 1845 3902 1.

1311 3913 1434 3946 xnfraeti.
1457 3911 1545 3943 Valet.
1558 3921 1584 3949 3.
1596 3912 1772 3949 Argon.236.
1823 3906 1976 3938 —infxatti
1985 3903 2167 3945 languescunt
2174 3904 2275 3942 frigore
2287 3904 2389 3971 riurcsus.

2306 3951 2428 3973 risenur.

2099 2926 2255 2960 sartonam
2277 2927 2435 2969 alioquim.
