<?xml version="1.0" encoding="UTF-8"?>
<!DOCTYPE html PUBLIC "-//W3C//DTD XHTML 1.0 Transitional//EN"
    "http://www.w3.org/TR/xhtml1/DTD/xhtml1-transitional.dtd">
<html xmlns="http://www.w3.org/1999/xhtml" xml:lang="en" lang="en">
 <head>
  <title>
</title>
<meta http-equiv="Content-Type" content="text/html;charset=utf-8" />
  <meta name='ocr-system' content='tesseract 3.04.00' />
  <meta name='ocr-capabilities' content='ocr_page ocr_carea ocr_par ocr_line ocrx_word'/>
</head>
<body>
  <div class='ocr_page' id='page_1' title='image "./robertistephanil01esti/robertistephanil01esti_0086.png"; bbox 0 0 2667 4145; ppageno 0'>
   <div class='ocr_carea' id='block_1_1' title="bbox 255 97 981 141">
    <p class='ocr_par' dir='ltr' id='par_1_1' title="bbox 255 97 981 141">
     <span class='ocr_line' id='line_1_1' title="bbox 255 97 981 141; baseline -0.011 -2"><span class='ocrx_word' id='word_1_1' title='bbox 255 114 300 141; x_wconf 84' lang='lat'>12</span> <span class='ocrx_word' id='word_1_2' title='bbox 704 101 731 136; x_wconf 78' lang='lat' dir='ltr'><strong>A</strong></span> <span class='ocrx_word' id='word_1_3' title='bbox 824 99 849 134; x_wconf 81' lang='lat' dir='ltr'>B</span> <span class='ocrx_word' id='word_1_4' title='bbox 943 97 981 131; x_wconf 90' lang='lat' dir='ltr'>O</span> 
     </span>
    </p>
   </div>
   <div class='ocr_carea' id='block_1_2' title="bbox 252 170 1404 437">
    <p class='ocr_par' dir='ltr' id='par_1_2' title="bbox 252 170 1404 437">
     <span class='ocr_line' id='line_1_2' title="bbox 252 170 1399 220; baseline -0.014 -5"><span class='ocrx_word' id='word_1_5' title='bbox 252 185 324 216; x_wconf 73' lang='grc' dir='ltr'>ΑΒΝ</span> <span class='ocrx_word' id='word_1_6' title='bbox 334 186 399 214; x_wconf 63' lang='grc' dir='ltr'>Κτο</span> <span class='ocrx_word' id='word_1_7' title='bbox 409 206 416 219; x_wconf 77' lang='lat'>.</span> <span class='ocrx_word' id='word_1_8' title='bbox 438 182 625 220; x_wconf 42' lang='lat' dir='ltr'>[niminis-copem]</span> <span class='ocrx_word' id='word_1_9' title='bbox 651 191 704 211; x_wconf 84' lang='lat' dir='ltr'>are.</span> <span class='ocrx_word' id='word_1_10' title='bbox 735 179 870 210; x_wconf 83' lang='lat' dir='ltr'>Alicunde</span> <span class='ocrx_word' id='word_1_11' title='bbox 884 176 1005 207; x_wconf 80' lang='lat' dir='ltr'>natando</span> <span class='ocrx_word' id='word_1_12' title='bbox 1019 172 1156 203; x_wconf 81' lang='lat' dir='ltr'>recedere.</span> <span class='ocrx_word' id='word_1_13' title='bbox 1197 170 1298 201; x_wconf 83' lang='lat' dir='ltr'>Statius</span> <span class='ocrx_word' id='word_1_14' title='bbox 1312 170 1359 201; x_wconf 92' lang='lat' dir='ltr'>lib.</span> <span class='ocrx_word' id='word_1_15' title='bbox 1375 179 1399 201; x_wconf 84' lang='grc'>1.</span> 
     </span>
     <span class='ocr_line' id='line_1_3' title="bbox 289 221 1173 256; baseline -0.01 -4"><span class='ocrx_word' id='word_1_16' title='bbox 289 221 465 252; x_wconf 83' lang='lat' dir='ltr'>Achilleidos.</span> <span class='ocrx_word' id='word_1_17' title='bbox 484 227 543 256; x_wconf 86' lang='lat'>383.</span> <span class='ocrx_word' id='word_1_18' title='bbox 1167 246 1173 250; x_wconf 53' lang='grc'>,</span> 
     </span>
     <span class='ocr_line' id='line_1_4' title="bbox 253 246 1400 294; baseline -0.012 -5"><span class='ocrx_word' id='word_1_19' title='bbox 253 260 324 290; x_wconf 71' lang='grc' dir='ltr'>ΑΒΝ</span> <span class='ocrx_word' id='word_1_20' title='bbox 335 261 415 293; x_wconf 60' lang='lat' dir='ltr'>fico,</span> <span class='ocrx_word' id='word_1_21' title='bbox 437 257 603 294; x_wconf 50' lang='lat' dir='ltr'>[san-iilam]</span> <span class='ocrx_word' id='word_1_22' title='bbox 622 257 669 292; x_wconf 86' lang='lat' dir='ltr'>ui,</span> <span class='ocrx_word' id='word_1_23' title='bbox 691 257 717 285; x_wconf 73' lang='grc'>81</span> <span class='ocrx_word' id='word_1_24' title='bbox 728 254 769 283; x_wconf 87' lang='lat' dir='ltr'>avi</span> <span class='ocrx_word' id='word_1_25' title='bbox 780 277 788 288; x_wconf 86' lang='lat'>,</span> <span class='ocrx_word' id='word_1_26' title='bbox 809 259 901 287; x_wconf 84' lang='lat' dir='ltr'>atum,</span> <span class='ocrx_word' id='word_1_27' title='bbox 920 254 975 280; x_wconf 69' lang='lat' dir='ltr'>are.</span> <span class='ocrx_word' id='word_1_28' title='bbox 1009 249 1088 279; x_wconf 86' lang='lat' dir='ltr'><strong>Idem</strong></span> <span class='ocrx_word' id='word_1_29' title='bbox 1100 251 1176 285; x_wconf 85' lang='lat' dir='ltr'>quod</span> <span class='ocrx_word' id='word_1_30' title='bbox 1186 256 1291 276; x_wconf 83' lang='lat' dir='ltr'>necare.</span> <span class='ocrx_word' id='word_1_31' title='bbox 1314 246 1400 276; x_wconf 88' lang='lat' dir='ltr'>Plaut.</span> 
     </span>
     <span class='ocr_line' id='line_1_5' title="bbox 290 290 1243 330; baseline -0.016 -4"><span class='ocrx_word' id='word_1_32' title='bbox 290 297 373 327; x_wconf 90' lang='lat' dir='ltr'>Truc.</span> <span class='ocrx_word' id='word_1_33' title='bbox 390 307 411 325; x_wconf 89' lang='lat'>1.</span> <span class='ocrx_word' id='word_1_34' title='bbox 429 305 453 324; x_wconf 90' lang='lat'>2.</span> <span class='ocrx_word' id='word_1_35' title='bbox 471 301 513 330; x_wconf 83' lang='lat'>98.</span> <span class='ocrx_word' id='word_1_36' title='bbox 536 293 763 323; x_wconf 82' lang='lat' dir='ltr'>ubiCamerarius</span> <span class='ocrx_word' id='word_1_37' title='bbox 776 290 859 326; x_wconf 69' lang='lat' dir='ltr'>legit,</span> <span class='ocrx_word' id='word_1_38' title='bbox 879 297 1051 330; x_wconf 72' lang='lat' dir='ltr'>puerumque</span> <span class='ocrx_word' id='word_1_39' title='bbox 1063 292 1095 315; x_wconf 89' lang='lat' dir='ltr'>ut</span> <span class='ocrx_word' id='word_1_40' title='bbox 1108 291 1243 314; x_wconf 75' lang='lat' dir='ltr'>enecaret.</span> 
     </span>
     <span class='ocr_line' id='line_1_6' title="bbox 253 321 1404 368; baseline -0.013 -4"><span class='ocrx_word' id='word_1_41' title='bbox 253 335 274 364; x_wconf 81' lang='lat' dir='ltr'>A</span> <span class='ocrx_word' id='word_1_42' title='bbox 282 345 297 363; x_wconf 74' lang='grc'>11</span> <span class='ocrx_word' id='word_1_43' title='bbox 305 344 325 363; x_wconf 89' lang='grc' dir='ltr'>Ν</span> <span class='ocrx_word' id='word_1_44' title='bbox 334 340 349 362; x_wconf 79' lang='lat' dir='ltr'>r.</span> <span class='ocrx_word' id='word_1_45' title='bbox 358 344 375 362; x_wconf 80' lang='lat' dir='ltr'>o</span> <span class='ocrx_word' id='word_1_46' title='bbox 383 343 399 362; x_wconf 94' lang='lat' dir='ltr'>o</span> <span class='ocrx_word' id='word_1_47' title='bbox 409 355 417 367; x_wconf 89' lang='lat'>,</span> <span class='ocrx_word' id='word_1_48' title='bbox 447 333 622 368; x_wconf 65' lang='grc' dir='ltr'>[άπαςνωμιᾳ</span> <span class='ocrx_word' id='word_1_49' title='bbox 632 352 639 363; x_wconf 82' lang='grc'>,</span> <span class='ocrx_word' id='word_1_50' title='bbox 665 329 823 366; x_wconf 58' lang='grc' dir='ltr'>ἕξαςνέαμιᾳ]</span> <span class='ocrx_word' id='word_1_51' title='bbox 856 336 908 355; x_wconf 85' lang='lat' dir='ltr'>are.</span> <span class='ocrx_word' id='word_1_52' title='bbox 949 326 1059 362; x_wconf 84' lang='lat' dir='ltr'>Proprie</span> <span class='ocrx_word' id='word_1_53' title='bbox 1077 323 1114 352; x_wconf 92' lang='lat' dir='ltr'>est</span> <span class='ocrx_word' id='word_1_54' title='bbox 1133 323 1277 365; x_wconf 75' lang='lat' dir='ltr'>denegare.</span> <span class='ocrx_word' id='word_1_55' title='bbox 1315 321 1404 351; x_wconf 84' lang='lat' dir='ltr'>Abne-</span> 
     </span>
     <span class='ocr_line' id='line_1_7' title="bbox 308 358 1399 406; baseline -0.011 -6"><span class='ocrx_word' id='word_1_56' title='bbox 308 381 384 400; x_wconf 80' lang='lat' dir='ltr'>amus</span> <span class='ocrx_word' id='word_1_57' title='bbox 397 376 489 399; x_wconf 85' lang='lat' dir='ltr'>autem</span> <span class='ocrx_word' id='word_1_58' title='bbox 502 369 577 406; x_wconf 91' lang='lat' dir='ltr'>quod</span> <span class='ocrx_word' id='word_1_59' title='bbox 592 379 606 397; x_wconf 92' lang='lat' dir='ltr'>a</span> <span class='ocrx_word' id='word_1_60' title='bbox 617 368 697 397; x_wconf 90' lang='lat' dir='ltr'>nobis</span> <span class='ocrx_word' id='word_1_61' title='bbox 711 373 759 396; x_wconf 91' lang='lat' dir='ltr'>aut</span> <span class='ocrx_word' id='word_1_62' title='bbox 771 366 846 394; x_wconf 89' lang='lat' dir='ltr'>dono</span> <span class='ocrx_word' id='word_1_63' title='bbox 855 386 863 399; x_wconf 89' lang='lat'>,</span> <span class='ocrx_word' id='word_1_64' title='bbox 884 370 931 392; x_wconf 86' lang='lat' dir='ltr'>aut</span> <span class='ocrx_word' id='word_1_65' title='bbox 944 361 1123 391; x_wconf 85' lang='lat' dir='ltr'>commodato</span> <span class='ocrx_word' id='word_1_66' title='bbox 1136 367 1248 399; x_wconf 81' lang='lat' dir='ltr'>petitur.</span> <span class='ocrx_word' id='word_1_67' title='bbox 1290 358 1399 389; x_wconf 87' lang='lat' dir='ltr'>Colum.</span> 
     </span>
     <span class='ocr_line' id='line_1_8' title="bbox 288 408 394 437; baseline -0.019 0"><span class='ocrx_word' id='word_1_68' title='bbox 288 420 289 423; x_wconf 53' lang='lat'>¹</span> <span class='ocrx_word' id='word_1_69' title='bbox 311 408 335 437; x_wconf 90' lang='lat' dir='ltr'>b.</span> <span class='ocrx_word' id='word_1_70' title='bbox 352 418 394 436; x_wconf 91' lang='lat'>10.</span> 
     </span>
    </p>
   </div>
   <div class='ocr_carea' id='block_1_3' title="bbox 285 436 1399 517">
    <p class='ocr_par' dir='ltr' id='par_1_3' title="bbox 285 436 1399 517">
     <span class='ocr_line' id='line_1_9' title="bbox 362 436 1369 481; baseline -0.012 -8"><span class='ocrx_word' id='word_1_71' title='bbox 362 442 562 481; x_wconf 78' lang='lat' dir='ltr'>Ingeniumque</span> <span class='ocrx_word' id='word_1_72' title='bbox 573 443 627 471; x_wconf 93' lang='lat' dir='ltr'>loci</span> <span class='ocrx_word' id='word_1_73' title='bbox 637 464 644 476; x_wconf 93' lang='lat'>,</span> <span class='ocrx_word' id='word_1_74' title='bbox 664 441 709 470; x_wconf 90' lang='lat' dir='ltr'>vel</span> <span class='ocrx_word' id='word_1_75' title='bbox 720 439 827 477; x_wconf 85' lang='lat' dir='ltr'>Jupiter</span> <span class='ocrx_word' id='word_1_76' title='bbox 839 438 956 474; x_wconf 79' lang='lat' dir='ltr'>abnegat</span> <span class='ocrx_word' id='word_1_77' title='bbox 967 436 1092 466; x_wconf 80' lang='lat' dir='ltr'><strong>imbrem.</strong></span> <span class='ocrx_word' id='word_1_78' title='bbox 1224 473 1228 478; x_wconf 44' lang='grc'><em>.</em></span> <span class='ocrx_word' id='word_1_79' title='bbox 1364 473 1369 479; x_wconf 36' lang='lat'><strong>⁴</strong></span> 
     </span>
     <span class='ocr_line' id='line_1_10' title="bbox 285 472 1399 517; baseline -0.007 -6"><span class='ocrx_word' id='word_1_80' title='bbox 285 482 362 512; x_wconf 85' lang='lat' dir='ltr'>Abne</span> <span class='ocrx_word' id='word_1_81' title='bbox 383 491 459 510; x_wconf 87' lang='lat' dir='ltr'>amus</span> <span class='ocrx_word' id='word_1_82' title='bbox 469 482 536 510; x_wconf 89' lang='lat' dir='ltr'>item</span> <span class='ocrx_word' id='word_1_83' title='bbox 548 480 623 517; x_wconf 88' lang='lat' dir='ltr'>quod</span> <span class='ocrx_word' id='word_1_84' title='bbox 634 479 713 507; x_wconf 89' lang='lat' dir='ltr'>nobis</span> <span class='ocrx_word' id='word_1_85' title='bbox 728 476 862 506; x_wconf 82' lang='lat' dir='ltr'>creditum</span> <span class='ocrx_word' id='word_1_86' title='bbox 873 474 911 503; x_wconf 84' lang='lat' dir='ltr'>est</span> <span class='ocrx_word' id='word_1_87' title='bbox 921 497 928 509; x_wconf 90' lang='lat'>,</span> <span class='ocrx_word' id='word_1_88' title='bbox 950 481 982 503; x_wconf 90' lang='lat' dir='ltr'>ut</span> <span class='ocrx_word' id='word_1_89' title='bbox 996 474 1159 512; x_wconf 79' lang='lat' dir='ltr'>depositum.</span> <span class='ocrx_word' id='word_1_90' title='bbox 1191 472 1258 502; x_wconf 83' lang='lat' dir='ltr'>Plin.</span> <span class='ocrx_word' id='word_1_91' title='bbox 1270 472 1333 508; x_wconf 86' lang='lat' dir='ltr'>Jun.</span> <span class='ocrx_word' id='word_1_92' title='bbox 1351 472 1399 503; x_wconf 85' lang='lat' dir='ltr'>hb.</span> 
     </span>
    </p>
   </div>
   <div class='ocr_carea' id='block_1_4' title="bbox 244 511 1402 928">
    <p class='ocr_par' dir='ltr' id='par_1_4' title="bbox 244 511 1402 928">
     <span class='ocr_line' id='line_1_11' title="bbox 310 511 1316 556; baseline -0.009 -8"><span class='ocrx_word' id='word_1_93' title='bbox 310 530 351 548; x_wconf 93' lang='lat'>10.</span> <span class='ocrx_word' id='word_1_94' title='bbox 391 518 449 556; x_wconf 89' lang='lat' dir='ltr'>pist.</span> <span class='ocrx_word' id='word_1_95' title='bbox 466 529 524 547; x_wconf 92' lang='lat'>100.</span> <span class='ocrx_word' id='word_1_96' title='bbox 541 518 576 546; x_wconf 83' lang='lat' dir='ltr'>de</span> <span class='ocrx_word' id='word_1_97' title='bbox 588 515 743 546; x_wconf 82' lang='lat' dir='ltr'>Christianis</span> <span class='ocrx_word' id='word_1_98' title='bbox 752 536 759 547; x_wconf 82' lang='lat'>,</span> <span class='ocrx_word' id='word_1_99' title='bbox 781 513 824 541; x_wconf 87' lang='lat' dir='ltr'>Ne</span> <span class='ocrx_word' id='word_1_100' title='bbox 835 512 990 549; x_wconf 83' lang='lat' dir='ltr'>depolitum</span> <span class='ocrx_word' id='word_1_101' title='bbox 1001 511 1131 550; x_wconf 86' lang='lat' dir='ltr'>appellati</span> <span class='ocrx_word' id='word_1_102' title='bbox 1140 511 1316 547; x_wconf 82' lang='lat' dir='ltr'><strong>abnegarent.</strong></span> 
     </span>
     <span class='ocr_line' id='line_1_12' title="bbox 286 549 1127 592; baseline -0.011 -6"><span class='ocrx_word' id='word_1_103' title='bbox 286 557 388 587; x_wconf 86' lang='lat' dir='ltr'>Rursus</span> <span class='ocrx_word' id='word_1_104' title='bbox 399 556 564 592; x_wconf 78' lang='lat' dir='ltr'>abnegamus</span> <span class='ocrx_word' id='word_1_105' title='bbox 576 554 651 591; x_wconf 87' lang='lat' dir='ltr'>quod</span> <span class='ocrx_word' id='word_1_106' title='bbox 659 550 839 592; x_wconf 73' lang='lat' dir='ltr'>promilimus.</span> <span class='ocrx_word' id='word_1_107' title='bbox 862 549 934 587; x_wconf 80' lang='lat' dir='ltr'>Virg.</span> <span class='ocrx_word' id='word_1_108' title='bbox 948 560 971 587; x_wconf 83' lang='grc'>7.</span> <span class='ocrx_word' id='word_1_109' title='bbox 988 551 1049 580; x_wconf 79' lang='lat' dir='ltr'>AEn.</span> <span class='ocrx_word' id='word_1_110' title='bbox 1063 558 1127 587; x_wconf 84' lang='lat'>423.</span> 
     </span>
     <span class='ocr_line' id='line_1_13' title="bbox 363 587 1080 628; baseline -0.007 -6"><span class='ocrx_word' id='word_1_111' title='bbox 363 595 423 624; x_wconf 77' lang='lat' dir='ltr'>Rex</span> <span class='ocrx_word' id='word_1_112' title='bbox 434 593 483 621; x_wconf 86' lang='lat' dir='ltr'>tibi</span> <span class='ocrx_word' id='word_1_113' title='bbox 494 592 654 628; x_wconf 74' lang='lat' dir='ltr'>coniugium</span> <span class='ocrx_word' id='word_1_114' title='bbox 663 612 671 623; x_wconf 86' lang='lat'>,</span> <span class='ocrx_word' id='word_1_115' title='bbox 691 592 716 618; x_wconf 69' lang='grc' dir='ltr'>ὁὶ</span> <span class='ocrx_word' id='word_1_116' title='bbox 727 589 848 625; x_wconf 80' lang='lat' dir='ltr'>quaelitas</span> <span class='ocrx_word' id='word_1_117' title='bbox 859 587 989 625; x_wconf 80' lang='lat' dir='ltr'>sanguine</span> <span class='ocrx_word' id='word_1_118' title='bbox 1000 588 1080 617; x_wconf 89' lang='lat' dir='ltr'>dotes</span> 
     </span>
     <span class='ocr_line' id='line_1_14' title="bbox 287 624 1006 668; baseline -0.01 -6"><span class='ocrx_word' id='word_1_119' title='bbox 287 632 427 668; x_wconf 67' lang='lat' dir='ltr'>abnegare</span> <span class='ocrx_word' id='word_1_120' title='bbox 436 640 485 668; x_wconf 91' lang='lat' dir='ltr'>pro</span> <span class='ocrx_word' id='word_1_121' title='bbox 497 637 619 658; x_wconf 83' lang='lat' dir='ltr'>renuere.</span> <span class='ocrx_word' id='word_1_122' title='bbox 641 627 713 663; x_wconf 82' lang='lat' dir='ltr'>Virg.</span> <span class='ocrx_word' id='word_1_123' title='bbox 729 624 775 654; x_wconf 87' lang='lat' dir='ltr'>lib.</span> <span class='ocrx_word' id='word_1_124' title='bbox 789 635 814 654; x_wconf 92' lang='lat'>2.</span> <span class='ocrx_word' id='word_1_125' title='bbox 830 625 891 654; x_wconf 85' lang='lat' dir='ltr'>AEn.</span> <span class='ocrx_word' id='word_1_126' title='bbox 905 636 931 668; x_wconf 65' lang='lat' dir='ltr'>v.</span> <span class='ocrx_word' id='word_1_127' title='bbox 944 631 1006 663; x_wconf 85' lang='lat'>637.</span> 
     </span>
     <span class='ocr_line' id='line_1_15' title="bbox 366 661 956 704; baseline -0.012 -6"><span class='ocrx_word' id='word_1_128' title='bbox 366 668 488 704; x_wconf 82' lang='lat' dir='ltr'>Abnegat</span> <span class='ocrx_word' id='word_1_129' title='bbox 500 666 588 696; x_wconf 79' lang='lat' dir='ltr'>excisa</span> <span class='ocrx_word' id='word_1_130' title='bbox 600 665 683 693; x_wconf 85' lang='lat' dir='ltr'>vitam</span> <span class='ocrx_word' id='word_1_131' title='bbox 697 663 851 701; x_wconf 82' lang='lat' dir='ltr'>producere</span> <span class='ocrx_word' id='word_1_132' title='bbox 864 661 956 699; x_wconf 81' lang='lat' dir='ltr'>TrOJa.</span> 
     </span>
     <span class='ocr_line' id='line_1_16' title="bbox 285 699 1243 743; baseline -0.007 -7"><span class='ocrx_word' id='word_1_133' title='bbox 285 706 426 743; x_wconf 77' lang='lat' dir='ltr'>Abnegare</span> <span class='ocrx_word' id='word_1_134' title='bbox 437 705 585 737; x_wconf 83' lang='lat' dir='ltr'>comitem,</span> <span class='ocrx_word' id='word_1_135' title='bbox 606 702 635 730; x_wconf 88' lang='lat' dir='ltr'>id</span> <span class='ocrx_word' id='word_1_136' title='bbox 646 701 700 736; x_wconf 88' lang='lat' dir='ltr'>est,</span> <span class='ocrx_word' id='word_1_137' title='bbox 719 700 849 730; x_wconf 84' lang='lat' dir='ltr'>recusare.</span> <span class='ocrx_word' id='word_1_138' title='bbox 877 701 944 731; x_wconf 91' lang='lat' dir='ltr'>Hor.</span> <span class='ocrx_word' id='word_1_139' title='bbox 961 701 1009 730; x_wconf 87' lang='lat' dir='ltr'>lib.</span> <span class='ocrx_word' id='word_1_140' title='bbox 1024 710 1045 730; x_wconf 88' lang='lat'>1.</span> <span class='ocrx_word' id='word_1_141' title='bbox 1064 699 1124 730; x_wconf 86' lang='lat' dir='ltr'>Car.</span> <span class='ocrx_word' id='word_1_142' title='bbox 1139 708 1181 737; x_wconf 85' lang='lat'>35.</span> <span class='ocrx_word' id='word_1_143' title='bbox 1199 706 1243 729; x_wconf 86' lang='lat'>22.</span> 
     </span>
     <span class='ocr_line' id='line_1_17' title="bbox 323 738 803 780; baseline -0.013 -7"><span class='ocrx_word' id='word_1_144' title='bbox 323 743 365 773; x_wconf 89' lang='lat' dir='ltr'>Te</span> <span class='ocrx_word' id='word_1_145' title='bbox 375 742 433 780; x_wconf 88' lang='lat' dir='ltr'>spes</span> <span class='ocrx_word' id='word_1_146' title='bbox 441 764 448 776; x_wconf 89' lang='lat'>,</span> <span class='ocrx_word' id='word_1_147' title='bbox 470 743 496 771; x_wconf 56' lang='grc' dir='ltr'>ἃ</span> <span class='ocrx_word' id='word_1_148' title='bbox 506 741 568 770; x_wconf 88' lang='lat' dir='ltr'>albo</span> <span class='ocrx_word' id='word_1_149' title='bbox 580 749 637 768; x_wconf 88' lang='lat' dir='ltr'>rara</span> <span class='ocrx_word' id='word_1_150' title='bbox 646 739 727 768; x_wconf 84' lang='lat' dir='ltr'>Fides</span> <span class='ocrx_word' id='word_1_151' title='bbox 736 738 803 767; x_wconf 90' lang='lat' dir='ltr'>colit</span> 
     </span>
     <span class='ocr_line' id='line_1_18' title="bbox 323 776 897 816; baseline -0.003 -8"><span class='ocrx_word' id='word_1_152' title='bbox 323 781 346 808; x_wconf 88' lang='lat' dir='ltr'>V</span> <span class='ocrx_word' id='word_1_153' title='bbox 348 780 417 809; x_wconf 82' lang='lat' dir='ltr'>elata</span> <span class='ocrx_word' id='word_1_154' title='bbox 430 789 523 816; x_wconf 83' lang='lat' dir='ltr'>panno</span> <span class='ocrx_word' id='word_1_155' title='bbox 533 800 540 813; x_wconf 85' lang='lat'>,</span> <span class='ocrx_word' id='word_1_156' title='bbox 560 787 612 806; x_wconf 90' lang='lat' dir='ltr'>nec</span> <span class='ocrx_word' id='word_1_157' title='bbox 626 776 758 806; x_wconf 90' lang='lat' dir='ltr'>comitem</span> <span class='ocrx_word' id='word_1_158' title='bbox 772 776 897 813; x_wconf 82' lang='lat' dir='ltr'>abnegat.</span> 
     </span>
     <span class='ocr_line' id='line_1_19' title="bbox 247 811 1402 852; baseline -0.006 -6"><span class='ocrx_word' id='word_1_159' title='bbox 247 819 269 850; x_wconf 76' lang='lat' dir='ltr'>A</span> <span class='ocrx_word' id='word_1_160' title='bbox 277 829 291 846; x_wconf 74' lang='grc'>3</span> <span class='ocrx_word' id='word_1_161' title='bbox 300 827 320 846; x_wconf 87' lang='grc' dir='ltr'>Ν</span> <span class='ocrx_word' id='word_1_162' title='bbox 329 819 344 846; x_wconf 73' lang='grc' dir='ltr'>ἔ</span> <span class='ocrx_word' id='word_1_163' title='bbox 354 828 367 845; x_wconf 72' lang='lat' dir='ltr'>r’</span> <span class='ocrx_word' id='word_1_164' title='bbox 376 827 392 846; x_wconf 93' lang='lat' dir='ltr'>o</span> <span class='ocrx_word' id='word_1_165' title='bbox 400 827 411 845; x_wconf 91' lang='lat' dir='ltr'>s</span> <span class='ocrx_word' id='word_1_166' title='bbox 422 839 429 850; x_wconf 79' lang='grc'>,</span> <span class='ocrx_word' id='word_1_167' title='bbox 452 815 635 852; x_wconf 44' lang='lat' dir='ltr'>[mamma]</span> <span class='ocrx_word' id='word_1_168' title='bbox 656 815 716 844; x_wconf 73' lang='lat' dir='ltr'>otis.</span> <span class='ocrx_word' id='word_1_169' title='bbox 739 824 776 843; x_wconf 94' lang='lat' dir='ltr'>m.</span> <span class='ocrx_word' id='word_1_170' title='bbox 808 813 893 843; x_wconf 89' lang='lat' dir='ltr'>Filius</span> <span class='ocrx_word' id='word_1_171' title='bbox 908 813 1070 852; x_wconf 82' lang='lat' dir='ltr'>pronepotis</span> <span class='ocrx_word' id='word_1_172' title='bbox 1082 811 1127 841; x_wconf 88' lang='lat' dir='ltr'>vel</span> <span class='ocrx_word' id='word_1_173' title='bbox 1139 811 1283 849; x_wconf 90' lang='lat' dir='ltr'>proneptis</span> <span class='ocrx_word' id='word_1_174' title='bbox 1293 818 1301 839; x_wconf 89' lang='lat'>-:</span> <span class='ocrx_word' id='word_1_175' title='bbox 1324 811 1350 840; x_wconf 82' lang='lat'>&amp;</span> <span class='ocrx_word' id='word_1_176' title='bbox 1361 820 1402 839; x_wconf 84' lang='lat' dir='ltr'>re-</span> 
     </span>
     <span class='ocr_line' id='line_1_20' title="bbox 284 851 1008 889; baseline -0.006 -5"><span class='ocrx_word' id='word_1_177' title='bbox 284 855 368 884; x_wconf 85' lang='lat' dir='ltr'>fertur</span> <span class='ocrx_word' id='word_1_178' title='bbox 382 854 416 883; x_wconf 86' lang='lat' dir='ltr'>ad</span> <span class='ocrx_word' id='word_1_179' title='bbox 430 853 554 882; x_wconf 78' lang='lat' dir='ltr'><strong>abavum.</strong></span> <span class='ocrx_word' id='word_1_180' title='bbox 581 853 657 882; x_wconf 90' lang='lat' dir='ltr'>Suet.</span> <span class='ocrx_word' id='word_1_181' title='bbox 669 853 699 881; x_wconf 88' lang='lat' dir='ltr'>in</span> <span class='ocrx_word' id='word_1_182' title='bbox 712 851 852 882; x_wconf 61' lang='lat' dir='ltr'>Tin-Caes.</span> <span class='ocrx_word' id='word_1_183' title='bbox 870 862 929 889; x_wconf 85' lang='lat' dir='ltr'>cap.</span> <span class='ocrx_word' id='word_1_184' title='bbox 943 861 966 887; x_wconf 82' lang='grc'>3.</span> <span class='ocrx_word' id='word_1_185' title='bbox 984 856 1008 880; x_wconf 87' lang='grc'>6.</span> 
     </span>
     <span class='ocr_line' id='line_1_21' title="bbox 244 885 1398 928; baseline -0.008 -5"><span class='ocrx_word' id='word_1_186' title='bbox 244 894 267 923; x_wconf 74' lang='grc' dir='ltr'><strong><em>Α</em></strong></span> <span class='ocrx_word' id='word_1_187' title='bbox 275 903 289 920; x_wconf 70' lang='grc' dir='ltr'>Β</span> <span class='ocrx_word' id='word_1_188' title='bbox 299 902 318 920; x_wconf 96' lang='grc' dir='ltr'>Ν</span> <span class='ocrx_word' id='word_1_189' title='bbox 328 902 342 920; x_wconf 76' lang='grc' dir='ltr'>ε</span> <span class='ocrx_word' id='word_1_190' title='bbox 349 902 364 920; x_wconf 78' lang='lat' dir='ltr'>P</span> <span class='ocrx_word' id='word_1_191' title='bbox 371 901 390 919; x_wconf 74' lang='lat' dir='ltr'>‘r</span> <span class='ocrx_word' id='word_1_192' title='bbox 398 902 407 919; x_wconf 82' lang='grc'>1</span> <span class='ocrx_word' id='word_1_193' title='bbox 415 901 426 920; x_wconf 85' lang='grc'>3</span> <span class='ocrx_word' id='word_1_194' title='bbox 435 913 442 925; x_wconf 86' lang='lat'>,</span> <span class='ocrx_word' id='word_1_195' title='bbox 458 891 488 920; x_wconf 87' lang='lat' dir='ltr'>is.</span> <span class='ocrx_word' id='word_1_196' title='bbox 508 889 651 927; x_wconf 71' lang='grc' dir='ltr'>[ἀφυιῶνη]</span> <span class='ocrx_word' id='word_1_197' title='bbox 672 890 834 928; x_wconf 87' lang='lat' dir='ltr'>Pronepotis</span> <span class='ocrx_word' id='word_1_198' title='bbox 843 889 888 919; x_wconf 89' lang='lat' dir='ltr'>vel</span> <span class='ocrx_word' id='word_1_199' title='bbox 897 889 1040 927; x_wconf 87' lang='lat' dir='ltr'>proneptis</span> <span class='ocrx_word' id='word_1_200' title='bbox 1049 888 1113 918; x_wconf 88' lang='lat' dir='ltr'>filia.</span> <span class='ocrx_word' id='word_1_201' title='bbox 1129 887 1243 916; x_wconf 88' lang='lat' dir='ltr'>Sueton.</span> <span class='ocrx_word' id='word_1_202' title='bbox 1255 887 1285 915; x_wconf 92' lang='lat' dir='ltr'>in</span> <span class='ocrx_word' id='word_1_203' title='bbox 1293 885 1398 915; x_wconf 81' lang='lat' dir='ltr'>Neron.</span> 
     </span>
    </p>
   </div>
   <div class='ocr_carea' id='block_1_5' title="bbox 244 938 1401 1117">
    <p class='ocr_par' dir='ltr' id='par_1_5' title="bbox 244 938 1401 1117">
     <span class='ocr_line' id='line_1_22' title="bbox 244 938 1397 1009; baseline -0.004 -13"><span class='ocrx_word' id='word_1_204' title='bbox 244 939 342 996; x_wconf 49' lang='lat' dir='ltr'>Assczpd</span> <span class='ocrx_word' id='word_1_205' title='bbox 351 938 367 995; x_wconf 61' lang='lat'>1}</span> <span class='ocrx_word' id='word_1_206' title='bbox 374 940 410 1002; x_wconf 51' lang='lat' dir='ltr'>fs,</span> <span class='ocrx_word' id='word_1_207' title='bbox 419 938 511 1009; x_wconf 79' lang='lat' dir='ltr'>3mons</span> <span class='ocrx_word' id='word_1_208' title='bbox 526 966 678 996; x_wconf 69' lang='lat' dir='ltr'>Germanice</span> <span class='ocrx_word' id='word_1_209' title='bbox 689 989 707 1009; x_wconf 25' lang='grc' dir='ltr'>,ὁ</span> <span class='ocrx_word' id='word_1_210' title='bbox 718 966 748 994; x_wconf 87' lang='grc'>111</span> <span class='ocrx_word' id='word_1_211' title='bbox 758 965 912 1008; x_wconf 64' lang='grc'>(1000111111</span> <span class='ocrx_word' id='word_1_212' title='bbox 926 963 1079 994; x_wconf 81' lang='lat' dir='ltr'>Danubius.</span> <span class='ocrx_word' id='word_1_213' title='bbox 1103 964 1181 1007; x_wconf 58' lang='lat' dir='ltr'>siin.</span> <span class='ocrx_word' id='word_1_214' title='bbox 1197 963 1244 992; x_wconf 92' lang='lat' dir='ltr'>lib.</span> <span class='ocrx_word' id='word_1_215' title='bbox 1261 973 1282 998; x_wconf 81' lang='grc' dir='ltr'>ς.</span> <span class='ocrx_word' id='word_1_216' title='bbox 1300 972 1363 999; x_wconf 60' lang='lat' dir='ltr'>cap.</span> <span class='ocrx_word' id='word_1_217' title='bbox 1371 972 1397 997; x_wconf 86' lang='lat'>4.</span> 
     </span>
     <span class='ocr_line' id='line_1_23' title="bbox 284 999 1398 1042; baseline -0.005 -9"><span class='ocrx_word' id='word_1_218' title='bbox 284 1013 327 1033; x_wconf 88' lang='lat'>12.</span> <span class='ocrx_word' id='word_1_219' title='bbox 365 1003 397 1033; x_wconf 91' lang='lat' dir='ltr'>In</span> <span class='ocrx_word' id='word_1_220' title='bbox 409 1003 547 1042; x_wconf 87' lang='lat' dir='ltr'>plerisque</span> <span class='ocrx_word' id='word_1_221' title='bbox 560 1011 655 1034; x_wconf 83' lang='lat' dir='ltr'>tamen</span> <span class='ocrx_word' id='word_1_222' title='bbox 669 1003 749 1034; x_wconf 85' lang='lat' dir='ltr'>Plinii</span> <span class='ocrx_word' id='word_1_223' title='bbox 764 1002 908 1033; x_wconf 83' lang='lat' dir='ltr'>codicibus</span> <span class='ocrx_word' id='word_1_224' title='bbox 930 1001 1039 1031; x_wconf 87' lang='lat' dir='ltr'>Arnoba</span> <span class='ocrx_word' id='word_1_225' title='bbox 1057 1001 1173 1038; x_wconf 77' lang='lat' dir='ltr'>legitur,</span> <span class='ocrx_word' id='word_1_226' title='bbox 1203 1011 1261 1030; x_wconf 89' lang='lat' dir='ltr'>non</span> <span class='ocrx_word' id='word_1_227' title='bbox 1274 999 1398 1029; x_wconf 80' lang='lat' dir='ltr'>Abnoba.</span> 
     </span>
     <span class='ocr_line' id='line_1_24' title="bbox 280 1038 1401 1080; baseline -0.003 -10"><span class='ocrx_word' id='word_1_228' title='bbox 280 1041 405 1078; x_wconf 79' lang='lat' dir='ltr'>Quidam</span> <span class='ocrx_word' id='word_1_229' title='bbox 420 1042 533 1071; x_wconf 84' lang='lat' dir='ltr'>Abnova</span> <span class='ocrx_word' id='word_1_230' title='bbox 549 1041 654 1080; x_wconf 84' lang='lat' dir='ltr'>legunt.</span> <span class='ocrx_word' id='word_1_231' title='bbox 684 1041 716 1071; x_wconf 93' lang='lat' dir='ltr'>V.</span> <span class='ocrx_word' id='word_1_232' title='bbox 733 1050 882 1071; x_wconf 78' lang='lat' dir='ltr'>ARNOBA</span> <span class='ocrx_word' id='word_1_233' title='bbox 892 1061 900 1076; x_wconf 86' lang='lat'>‚</span> <span class='ocrx_word' id='word_1_234' title='bbox 921 1041 947 1070; x_wconf 83' lang='lat'>&amp;</span> <span class='ocrx_word' id='word_1_235' title='bbox 961 1038 1027 1069; x_wconf 78' lang='lat' dir='ltr'>Tac.</span> <span class='ocrx_word' id='word_1_236' title='bbox 1048 1039 1139 1069; x_wconf 84' lang='lat' dir='ltr'>Germ.</span> <span class='ocrx_word' id='word_1_237' title='bbox 1155 1050 1178 1069; x_wconf 91' lang='lat'>1.</span> <span class='ocrx_word' id='word_1_238' title='bbox 1192 1050 1219 1076; x_wconf 88' lang='lat'>4.</span> <span class='ocrx_word' id='word_1_239' title='bbox 1241 1039 1262 1069; x_wconf 82' lang='lat' dir='ltr'>F</span> <span class='ocrx_word' id='word_1_240' title='bbox 1264 1038 1308 1068; x_wconf 87' lang='lat' dir='ltr'>est.</span> <span class='ocrx_word' id='word_1_241' title='bbox 1322 1038 1401 1067; x_wconf 88' lang='lat' dir='ltr'>Avie-</span> 
     </span>
     <span class='ocr_line' id='line_1_25' title="bbox 279 1079 561 1117; baseline 0 -9"><span class='ocrx_word' id='word_1_242' title='bbox 279 1089 332 1108; x_wconf 89' lang='lat' dir='ltr'>nus</span> <span class='ocrx_word' id='word_1_243' title='bbox 343 1079 445 1117; x_wconf 84' lang='lat' dir='ltr'>Perieg.</span> <span class='ocrx_word' id='word_1_244' title='bbox 456 1089 482 1108; x_wconf 92' lang='lat' dir='ltr'>v.</span> <span class='ocrx_word' id='word_1_245' title='bbox 499 1087 561 1117; x_wconf 86' lang='lat'>437.</span> 
     </span>
    </p>
   </div>
   <div class='ocr_carea' id='block_1_6' title="bbox 242 1116 1396 1191">
    <p class='ocr_par' dir='ltr' id='par_1_6' title="bbox 242 1116 1396 1191">
     <span class='ocr_line' id='line_1_26' title="bbox 354 1116 790 1155; baseline 0 -9"><span class='ocrx_word' id='word_1_246' title='bbox 354 1117 469 1146; x_wconf 81' lang='lat' dir='ltr'>Abnoba</span> <span class='ocrx_word' id='word_1_247' title='bbox 482 1127 561 1147; x_wconf 90' lang='lat' dir='ltr'>mons</span> <span class='ocrx_word' id='word_1_248' title='bbox 575 1117 641 1147; x_wconf 89' lang='lat' dir='ltr'>Istro</span> <span class='ocrx_word' id='word_1_249' title='bbox 654 1124 732 1155; x_wconf 87' lang='lat' dir='ltr'>pater</span> <span class='ocrx_word' id='word_1_250' title='bbox 745 1116 790 1146; x_wconf 87' lang='lat' dir='ltr'>est.</span> 
     </span>
     <span class='ocr_line' id='line_1_27' title="bbox 242 1151 1396 1191; baseline -0.003 -7"><span class='ocrx_word' id='word_1_251' title='bbox 242 1155 340 1186; x_wconf 72' lang='grc' dir='ltr'>1111Νο</span> <span class='ocrx_word' id='word_1_252' title='bbox 349 1164 432 1189; x_wconf 72' lang='lat' dir='ltr'>cro,</span> <span class='ocrx_word' id='word_1_253' title='bbox 457 1155 500 1184; x_wconf 77' lang='lat' dir='ltr'>avi</span> <span class='ocrx_word' id='word_1_254' title='bbox 510 1177 518 1189; x_wconf 90' lang='lat'>,</span> <span class='ocrx_word' id='word_1_255' title='bbox 540 1164 592 1184; x_wconf 86' lang='lat' dir='ltr'>are.</span> <span class='ocrx_word' id='word_1_256' title='bbox 617 1154 833 1191; x_wconf 62' lang='lat' dir='ltr'>[imm-ngw&#39;m]</span> <span class='ocrx_word' id='word_1_257' title='bbox 856 1152 906 1183; x_wconf 83' lang='lat' dir='ltr'>Per</span> <span class='ocrx_word' id='word_1_258' title='bbox 920 1153 1033 1182; x_wconf 63' lang='lat' dir='ltr'>nouem</span> <span class='ocrx_word' id='word_1_259' title='bbox 1046 1152 1143 1182; x_wconf 79' lang='lat' dir='ltr'>abesse.</span> <span class='ocrx_word' id='word_1_260' title='bbox 1171 1151 1325 1182; x_wconf 78' lang='lat' dir='ltr'>Martianus</span> <span class='ocrx_word' id='word_1_261' title='bbox 1336 1152 1365 1181; x_wconf 85' lang='lat' dir='ltr'>in</span> <span class='ocrx_word' id='word_1_262' title='bbox 1378 1151 1396 1180; x_wconf 91' lang='grc'>1.</span> 
     </span>
    </p>
   </div>
   <div class='ocr_carea' id='block_1_7' title="bbox 241 1190 1401 2249">
    <p class='ocr_par' dir='ltr' id='par_1_7' title="bbox 279 1190 1400 1306">
     <span class='ocr_line' id='line_1_28' title="bbox 283 1190 1400 1231; baseline -0.003 -10"><span class='ocrx_word' id='word_1_263' title='bbox 283 1203 326 1228; x_wconf 79' lang='lat'>15.</span> <span class='ocrx_word' id='word_1_264' title='bbox 363 1191 436 1222; x_wconf 91' lang='lat' dir='ltr'>Illud</span> <span class='ocrx_word' id='word_1_265' title='bbox 450 1192 484 1221; x_wconf 94' lang='lat' dir='ltr'>D.</span> <span class='ocrx_word' id='word_1_266' title='bbox 497 1193 531 1222; x_wconf 89' lang='lat' dir='ltr'>de</span> <span class='ocrx_word' id='word_1_267' title='bbox 543 1193 636 1222; x_wconf 85' lang='lat' dir='ltr'>officio</span> <span class='ocrx_word' id='word_1_268' title='bbox 648 1192 767 1231; x_wconf 80' lang='lat' dir='ltr'>praesidis</span> <span class='ocrx_word' id='word_1_269' title='bbox 776 1214 784 1228; x_wconf 92' lang='lat'>,</span> <span class='ocrx_word' id='word_1_270' title='bbox 805 1192 951 1221; x_wconf 56' lang='lat' dir='ltr'>abnoctare</span> <span class='ocrx_word' id='word_1_271' title='bbox 963 1191 987 1219; x_wconf 91' lang='lat' dir='ltr'>ei</span> <span class='ocrx_word' id='word_1_272' title='bbox 1002 1199 1057 1219; x_wconf 92' lang='lat' dir='ltr'>non</span> <span class='ocrx_word' id='word_1_273' title='bbox 1069 1190 1158 1219; x_wconf 83' lang='lat' dir='ltr'>liceat.</span> <span class='ocrx_word' id='word_1_274' title='bbox 1195 1190 1301 1219; x_wconf 83' lang='lat' dir='ltr'>Seneca</span> <span class='ocrx_word' id='word_1_275' title='bbox 1315 1190 1349 1218; x_wconf 91' lang='lat' dir='ltr'>de</span> <span class='ocrx_word' id='word_1_276' title='bbox 1360 1190 1400 1218; x_wconf 90' lang='lat' dir='ltr'>vi-</span> 
     </span>
     <span class='ocr_line' id='line_1_29' title="bbox 279 1226 1400 1267; baseline -0.003 -8"><span class='ocrx_word' id='word_1_277' title='bbox 279 1234 307 1259; x_wconf 89' lang='lat' dir='ltr'>ta</span> <span class='ocrx_word' id='word_1_278' title='bbox 325 1230 405 1259; x_wconf 85' lang='lat' dir='ltr'>beata</span> <span class='ocrx_word' id='word_1_279' title='bbox 418 1252 426 1265; x_wconf 83' lang='grc'>,</span> <span class='ocrx_word' id='word_1_280' title='bbox 460 1230 535 1259; x_wconf 85' lang='grc' dir='ltr'>Α11113</span> <span class='ocrx_word' id='word_1_281' title='bbox 553 1230 651 1267; x_wconf 85' lang='lat' dir='ltr'>Jovem</span> <span class='ocrx_word' id='word_1_282' title='bbox 668 1229 824 1259; x_wconf 87' lang='lat' dir='ltr'>adulterum</span> <span class='ocrx_word' id='word_1_283' title='bbox 844 1227 953 1258; x_wconf 86' lang='lat' dir='ltr'>inducit</span> <span class='ocrx_word' id='word_1_284' title='bbox 975 1229 1002 1258; x_wconf 86' lang='lat'>&amp;</span> <span class='ocrx_word' id='word_1_285' title='bbox 1022 1227 1226 1257; x_wconf 73' lang='lat' dir='ltr'>abnoctantem.</span> <span class='ocrx_word' id='word_1_286' title='bbox 1266 1226 1400 1257; x_wconf 82' lang='lat' dir='ltr'>Tribunis</span> 
     </span>
     <span class='ocr_line' id='line_1_30' title="bbox 279 1265 1109 1306; baseline -0.002 -9"><span class='ocrx_word' id='word_1_287' title='bbox 279 1267 369 1298; x_wconf 88' lang='lat' dir='ltr'>Plebis</span> <span class='ocrx_word' id='word_1_288' title='bbox 382 1269 425 1304; x_wconf 85' lang='lat' dir='ltr'>jus</span> <span class='ocrx_word' id='word_1_289' title='bbox 440 1268 607 1297; x_wconf 69' lang='lat' dir='ltr'>abnoctandi</span> <span class='ocrx_word' id='word_1_290' title='bbox 618 1268 779 1306; x_wconf 83' lang='lat' dir='ltr'>ademptum</span> <span class='ocrx_word' id='word_1_291' title='bbox 791 1266 890 1296; x_wconf 84' lang='lat' dir='ltr'>scribit.</span> <span class='ocrx_word' id='word_1_292' title='bbox 921 1265 990 1295; x_wconf 87' lang='lat' dir='ltr'>Gell.</span> <span class='ocrx_word' id='word_1_293' title='bbox 1008 1273 1047 1301; x_wconf 87' lang='lat'>13.</span> <span class='ocrx_word' id='word_1_294' title='bbox 1068 1276 1109 1295; x_wconf 92' lang='lat'>12.</span> 
     </span>
    </p>

    <p class='ocr_par' dir='ltr' id='par_1_8' title="bbox 242 1301 1401 1454">
     <span class='ocr_line' id='line_1_31' title="bbox 242 1301 1399 1344; baseline -0.003 -10"><span class='ocrx_word' id='word_1_295' title='bbox 242 1305 341 1344; x_wconf 55' lang='lat' dir='ltr'>Aah&amp;</span> <span class='ocrx_word' id='word_1_296' title='bbox 351 1316 393 1335; x_wconf 86' lang='lat' dir='ltr'>oo</span> <span class='ocrx_word' id='word_1_297' title='bbox 404 1328 412 1340; x_wconf 90' lang='lat'>,</span> <span class='ocrx_word' id='word_1_298' title='bbox 440 1301 642 1342; x_wconf 63' lang='grc' dir='ltr'>[ἀποδῖσμεύω]</span> <span class='ocrx_word' id='word_1_299' title='bbox 671 1315 723 1334; x_wconf 83' lang='lat' dir='ltr'>are.</span> <span class='ocrx_word' id='word_1_300' title='bbox 765 1305 844 1335; x_wconf 87' lang='lat' dir='ltr'>Idem</span> <span class='ocrx_word' id='word_1_301' title='bbox 858 1304 934 1342; x_wconf 90' lang='lat' dir='ltr'>quod</span> <span class='ocrx_word' id='word_1_302' title='bbox 951 1304 1072 1333; x_wconf 90' lang='lat' dir='ltr'>enodare</span> <span class='ocrx_word' id='word_1_303' title='bbox 1082 1325 1091 1338; x_wconf 90' lang='lat'>,</span> <span class='ocrx_word' id='word_1_304' title='bbox 1119 1303 1149 1332; x_wconf 91' lang='lat' dir='ltr'>id</span> <span class='ocrx_word' id='word_1_305' title='bbox 1163 1303 1218 1337; x_wconf 84' lang='lat' dir='ltr'>est,</span> <span class='ocrx_word' id='word_1_306' title='bbox 1249 1302 1357 1332; x_wconf 88' lang='lat' dir='ltr'>arbores</span> <span class='ocrx_word' id='word_1_307' title='bbox 1372 1303 1399 1332; x_wconf 73' lang='lat' dir='ltr'>Sc</span> 
     </span>
     <span class='ocr_line' id='line_1_32' title="bbox 278 1340 1399 1381; baseline -0.004 -9"><span class='ocrx_word' id='word_1_308' title='bbox 278 1344 349 1372; x_wconf 89' lang='lat' dir='ltr'>vites</span> <span class='ocrx_word' id='word_1_309' title='bbox 368 1343 450 1372; x_wconf 89' lang='lat' dir='ltr'>nodis</span> <span class='ocrx_word' id='word_1_310' title='bbox 470 1353 621 1381; x_wconf 83' lang='lat' dir='ltr'>repurgare.</span> <span class='ocrx_word' id='word_1_311' title='bbox 661 1343 770 1373; x_wconf 88' lang='lat' dir='ltr'>Colum.</span> <span class='ocrx_word' id='word_1_312' title='bbox 793 1343 840 1371; x_wconf 92' lang='lat' dir='ltr'>lib.</span> <span class='ocrx_word' id='word_1_313' title='bbox 856 1354 883 1378; x_wconf 90' lang='lat'>4.</span> <span class='ocrx_word' id='word_1_314' title='bbox 909 1351 967 1379; x_wconf 85' lang='lat' dir='ltr'>cap.</span> <span class='ocrx_word' id='word_1_315' title='bbox 989 1349 1035 1376; x_wconf 88' lang='lat'>24.</span> <span class='ocrx_word' id='word_1_316' title='bbox 1075 1340 1158 1371; x_wconf 90' lang='lat' dir='ltr'>Hunc</span> <span class='ocrx_word' id='word_1_317' title='bbox 1179 1350 1243 1377; x_wconf 87' lang='lat' dir='ltr'>ergo</span> <span class='ocrx_word' id='word_1_318' title='bbox 1267 1346 1399 1377; x_wconf 78' lang='lat' dir='ltr'>tanquam</span> 
     </span>
     <span class='ocr_line' id='line_1_33' title="bbox 280 1378 1401 1448; baseline -0.003 -38"><span class='ocrx_word' id='word_1_319' title='bbox 280 1380 415 1448; x_wconf 52' lang='lat' dir='ltr'>aemulunsi</span> <span class='ocrx_word' id='word_1_320' title='bbox 423 1380 569 1419; x_wconf 82' lang='lat' dir='ltr'>diligenter</span> <span class='ocrx_word' id='word_1_321' title='bbox 581 1379 667 1410; x_wconf 90' lang='lat' dir='ltr'>iidem</span> <span class='ocrx_word' id='word_1_322' title='bbox 681 1387 842 1420; x_wconf 84' lang='lat' dir='ltr'>amputant,</span> <span class='ocrx_word' id='word_1_323' title='bbox 869 1381 895 1410; x_wconf 73' lang='lat' dir='ltr'>Sc</span> <span class='ocrx_word' id='word_1_324' title='bbox 908 1379 1067 1415; x_wconf 86' lang='lat' dir='ltr'>abnodant,</span> <span class='ocrx_word' id='word_1_325' title='bbox 1095 1379 1255 1417; x_wconf 85' lang='lat' dir='ltr'>priusquam</span> <span class='ocrx_word' id='word_1_326' title='bbox 1269 1378 1401 1407; x_wconf 88' lang='lat' dir='ltr'>corrobo-</span> 
     </span>
     <span class='ocr_line' id='line_1_34' title="bbox 279 1424 443 1454; baseline 0.006 -7"><span class='ocrx_word' id='word_1_327' title='bbox 279 1424 354 1448; x_wconf 87' lang='lat' dir='ltr'>retur</span> <span class='ocrx_word' id='word_1_328' title='bbox 364 1441 372 1454; x_wconf 87' lang='lat'>,</span> <span class='ocrx_word' id='word_1_329' title='bbox 408 1429 443 1448; x_wconf 81' lang='grc'>’6.</span> 
     </span>
    </p>

    <p class='ocr_par' dir='ltr' id='par_1_9' title="bbox 241 1450 1371 1494">
     <span class='ocr_line' id='line_1_35' title="bbox 241 1450 1371 1494; baseline -0.003 -9"><span class='ocrx_word' id='word_1_330' title='bbox 241 1455 264 1485; x_wconf 78' lang='lat' dir='ltr'><strong>A</strong></span> <span class='ocrx_word' id='word_1_331' title='bbox 272 1467 287 1484; x_wconf 66' lang='lat'>13</span> <span class='ocrx_word' id='word_1_332' title='bbox 295 1466 316 1485; x_wconf 86' lang='lat' dir='ltr'>N</span> <span class='ocrx_word' id='word_1_333' title='bbox 324 1466 341 1485; x_wconf 97' lang='lat' dir='ltr'>o</span> <span class='ocrx_word' id='word_1_334' title='bbox 350 1466 422 1485; x_wconf 59' lang='lat' dir='ltr'>nar</span> <span class='ocrx_word' id='word_1_335' title='bbox 430 1466 468 1486; x_wconf 86' lang='lat' dir='ltr'>us</span> <span class='ocrx_word' id='word_1_336' title='bbox 479 1478 486 1491; x_wconf 89' lang='lat'>,</span> <span class='ocrx_word' id='word_1_337' title='bbox 507 1455 615 1485; x_wconf 91' lang='lat' dir='ltr'>Colum.</span> <span class='ocrx_word' id='word_1_338' title='bbox 627 1466 654 1492; x_wconf 89' lang='lat'>4.</span> <span class='ocrx_word' id='word_1_339' title='bbox 668 1466 713 1486; x_wconf 92' lang='lat'>22.</span> <span class='ocrx_word' id='word_1_340' title='bbox 734 1456 882 1494; x_wconf 90' lang='lat' dir='ltr'>Pampinus</span> <span class='ocrx_word' id='word_1_341' title='bbox 894 1464 951 1483; x_wconf 91' lang='lat' dir='ltr'>non</span> <span class='ocrx_word' id='word_1_342' title='bbox 960 1454 1115 1484; x_wconf 82' lang='lat' dir='ltr'>abnodatus</span> <span class='ocrx_word' id='word_1_343' title='bbox 1124 1476 1132 1489; x_wconf 86' lang='lat'>,</span> <span class='ocrx_word' id='word_1_344' title='bbox 1153 1463 1244 1490; x_wconf 87' lang='lat' dir='ltr'>neque</span> <span class='ocrx_word' id='word_1_345' title='bbox 1255 1450 1371 1483; x_wconf 83' lang='lat' dir='ltr'>abrasus.</span> 
     </span>
    </p>

    <p class='ocr_par' dir='ltr' id='par_1_10' title="bbox 242 1491 1400 1607">
     <span class='ocr_line' id='line_1_36' title="bbox 242 1491 1400 1530; baseline -0.003 -7"><span class='ocrx_word' id='word_1_346' title='bbox 242 1493 432 1523; x_wconf 68' lang='lat' dir='ltr'>Aimonms</span> <span class='ocrx_word' id='word_1_347' title='bbox 442 1516 450 1529; x_wconf 88' lang='lat'><strong>‚</strong></span> <span class='ocrx_word' id='word_1_348' title='bbox 472 1494 527 1523; x_wconf 84' lang='lat' dir='ltr'>sine</span> <span class='ocrx_word' id='word_1_349' title='bbox 541 1504 638 1523; x_wconf 89' lang='lat' dir='ltr'>norma</span> <span class='ocrx_word' id='word_1_350' title='bbox 658 1492 818 1530; x_wconf 58' lang='grc' dir='ltr'>[ἅμετςῶι]</span> <span class='ocrx_word' id='word_1_351' title='bbox 845 1493 912 1523; x_wconf 87' lang='lat' dir='ltr'>Hor.</span> <span class='ocrx_word' id='word_1_352' title='bbox 926 1492 973 1521; x_wconf 92' lang='lat' dir='ltr'>lib.</span> <span class='ocrx_word' id='word_1_353' title='bbox 988 1502 1012 1521; x_wconf 95' lang='lat'>2.</span> <span class='ocrx_word' id='word_1_354' title='bbox 1026 1502 1049 1521; x_wconf 95' lang='lat'>2.</span> <span class='ocrx_word' id='word_1_355' title='bbox 1069 1501 1092 1528; x_wconf 87' lang='lat'>3.</span> <span class='ocrx_word' id='word_1_356' title='bbox 1121 1492 1177 1521; x_wconf 90' lang='lat' dir='ltr'>Ser.</span> <span class='ocrx_word' id='word_1_357' title='bbox 1190 1491 1332 1526; x_wconf 86' lang='lat' dir='ltr'>Rusticus,</span> <span class='ocrx_word' id='word_1_358' title='bbox 1352 1491 1400 1520; x_wconf 83' lang='lat' dir='ltr'>ab-</span> 
     </span>
     <span class='ocr_line' id='line_1_37' title="bbox 279 1529 1398 1570; baseline -0.002 -10"><span class='ocrx_word' id='word_1_359' title='bbox 279 1532 385 1562; x_wconf 83' lang='lat' dir='ltr'>normis</span> <span class='ocrx_word' id='word_1_360' title='bbox 398 1531 518 1570; x_wconf 83' lang='lat' dir='ltr'>sapiens,</span> <span class='ocrx_word' id='word_1_361' title='bbox 535 1533 585 1561; x_wconf 71' lang='lat' dir='ltr'>&amp;o</span> <span class='ocrx_word' id='word_1_362' title='bbox 607 1531 637 1560; x_wconf 92' lang='lat' dir='ltr'>id</span> <span class='ocrx_word' id='word_1_363' title='bbox 648 1531 686 1561; x_wconf 89' lang='lat' dir='ltr'>est</span> <span class='ocrx_word' id='word_1_364' title='bbox 695 1553 703 1566; x_wconf 94' lang='lat'>,</span> <span class='ocrx_word' id='word_1_365' title='bbox 727 1532 774 1568; x_wconf 91' lang='lat' dir='ltr'>qui</span> <span class='ocrx_word' id='word_1_366' title='bbox 785 1531 892 1569; x_wconf 88' lang='lat' dir='ltr'>sapiens</span> <span class='ocrx_word' id='word_1_367' title='bbox 906 1530 1020 1569; x_wconf 82' lang='lat' dir='ltr'>quidem</span> <span class='ocrx_word' id='word_1_368' title='bbox 1034 1529 1072 1559; x_wconf 86' lang='lat' dir='ltr'>est</span> <span class='ocrx_word' id='word_1_369' title='bbox 1081 1551 1090 1565; x_wconf 86' lang='lat'>,</span> <span class='ocrx_word' id='word_1_370' title='bbox 1110 1529 1158 1559; x_wconf 86' lang='lat' dir='ltr'>sed</span> <span class='ocrx_word' id='word_1_371' title='bbox 1169 1539 1227 1558; x_wconf 89' lang='lat' dir='ltr'>non</span> <span class='ocrx_word' id='word_1_372' title='bbox 1237 1529 1272 1559; x_wconf 87' lang='lat' dir='ltr'>ad</span> <span class='ocrx_word' id='word_1_373' title='bbox 1284 1529 1398 1559; x_wconf 89' lang='lat' dir='ltr'>istorum</span> 
     </span>
     <span class='ocr_line' id='line_1_38' title="bbox 279 1568 1090 1607; baseline -0.001 -9"><span class='ocrx_word' id='word_1_374' title='bbox 279 1569 508 1607; x_wconf 87' lang='lat' dir='ltr'>philosophorum</span> <span class='ocrx_word' id='word_1_375' title='bbox 521 1579 654 1598; x_wconf 86' lang='lat' dir='ltr'>normam.</span> <span class='ocrx_word' id='word_1_376' title='bbox 686 1568 843 1598; x_wconf 88' lang='lat' dir='ltr'>Lambinus.</span> <span class='ocrx_word' id='word_1_377' title='bbox 866 1569 896 1598; x_wconf 92' lang='lat' dir='ltr'>V.</span> <span class='ocrx_word' id='word_1_378' title='bbox 913 1577 987 1597; x_wconf 76' lang='lat' dir='ltr'>ANo</span> <span class='ocrx_word' id='word_1_379' title='bbox 996 1577 1090 1598; x_wconf 79' lang='lat' dir='ltr'>RM1s.</span> 
     </span>
    </p>

    <p class='ocr_par' dir='ltr' id='par_1_11' title="bbox 243 1606 898 1644">
     <span class='ocr_line' id='line_1_39' title="bbox 243 1606 898 1644; baseline 0.002 -9"><span class='ocrx_word' id='word_1_380' title='bbox 243 1606 286 1636; x_wconf 67' lang='lat' dir='ltr'>Aa</span> <span class='ocrx_word' id='word_1_381' title='bbox 295 1617 314 1635; x_wconf 83' lang='lat' dir='ltr'>N</span> <span class='ocrx_word' id='word_1_382' title='bbox 323 1617 339 1636; x_wconf 94' lang='lat' dir='ltr'>o</span> <span class='ocrx_word' id='word_1_383' title='bbox 348 1617 364 1635; x_wconf 81' lang='lat' dir='ltr'>R</span> <span class='ocrx_word' id='word_1_384' title='bbox 372 1618 393 1635; x_wconf 84' lang='lat' dir='ltr'>M</span> <span class='ocrx_word' id='word_1_385' title='bbox 401 1618 410 1635; x_wconf 88' lang='lat'>1</span> <span class='ocrx_word' id='word_1_386' title='bbox 418 1616 464 1635; x_wconf 84' lang='lat' dir='ltr'>TA</span> <span class='ocrx_word' id='word_1_387' title='bbox 474 1617 485 1636; x_wconf 91' lang='grc'>3</span> <span class='ocrx_word' id='word_1_388' title='bbox 495 1629 503 1643; x_wconf 92' lang='grc'>,</span> <span class='ocrx_word' id='word_1_389' title='bbox 526 1606 608 1636; x_wconf 80' lang='lat' dir='ltr'>Gloff.</span> <span class='ocrx_word' id='word_1_390' title='bbox 623 1616 700 1644; x_wconf 80' lang='lat' dir='ltr'>graec.</span> <span class='ocrx_word' id='word_1_391' title='bbox 718 1606 763 1636; x_wconf 90' lang='lat' dir='ltr'>lat.</span> <span class='ocrx_word' id='word_1_392' title='bbox 784 1607 898 1643; x_wconf 72' lang='grc' dir='ltr'><em>ἀξνθμίοι·</em></span> 
     </span>
    </p>

    <p class='ocr_par' dir='ltr' id='par_1_12' title="bbox 243 1641 1397 1795">
     <span class='ocr_line' id='line_1_40' title="bbox 243 1641 1397 1682; baseline -0.001 -9"><span class='ocrx_word' id='word_1_393' title='bbox 243 1644 317 1673; x_wconf 72' lang='grc' dir='ltr'>ΑΒΝ</span> <span class='ocrx_word' id='word_1_394' title='bbox 327 1654 388 1680; x_wconf 85' lang='lat' dir='ltr'>uo,</span> <span class='ocrx_word' id='word_1_395' title='bbox 409 1645 435 1679; x_wconf 91' lang='lat' dir='ltr'>i,</span> <span class='ocrx_word' id='word_1_396' title='bbox 462 1650 539 1681; x_wconf 82' lang='lat' dir='ltr'>tum,</span> <span class='ocrx_word' id='word_1_397' title='bbox 568 1646 583 1680; x_wconf 97' lang='lat'>[</span> <span class='ocrx_word' id='word_1_398' title='bbox 592 1645 690 1671; x_wconf 66' lang='grc' dir='ltr'>ἀνανεύω</span> <span class='ocrx_word' id='word_1_399' title='bbox 700 1664 708 1677; x_wconf 88' lang='grc'>,</span> <span class='ocrx_word' id='word_1_400' title='bbox 733 1644 860 1680; x_wconf 57' lang='lat' dir='ltr'>&amp;vove-52⁴]</span> <span class='ocrx_word' id='word_1_401' title='bbox 889 1652 943 1673; x_wconf 89' lang='lat' dir='ltr'>ere.</span> <span class='ocrx_word' id='word_1_402' title='bbox 981 1643 1026 1673; x_wconf 90' lang='lat' dir='ltr'>Est</span> <span class='ocrx_word' id='word_1_403' title='bbox 1037 1644 1148 1682; x_wconf 84' lang='lat' dir='ltr'>proprie</span> <span class='ocrx_word' id='word_1_404' title='bbox 1162 1648 1232 1672; x_wconf 89' lang='lat' dir='ltr'>nutu</span> <span class='ocrx_word' id='word_1_405' title='bbox 1247 1641 1397 1679; x_wconf 79' lang='lat' dir='ltr'>fignificare</span> 
     </span>
     <span class='ocr_line' id='line_1_41' title="bbox 278 1679 1397 1719; baseline -0.001 -8"><span class='ocrx_word' id='word_1_406' title='bbox 278 1688 307 1711; x_wconf 88' lang='lat' dir='ltr'>te</span> <span class='ocrx_word' id='word_1_407' title='bbox 325 1692 382 1711; x_wconf 91' lang='lat' dir='ltr'>non</span> <span class='ocrx_word' id='word_1_408' title='bbox 393 1682 529 1717; x_wconf 82' lang='lat' dir='ltr'>assentiri,</span> <span class='ocrx_word' id='word_1_409' title='bbox 555 1681 599 1711; x_wconf 89' lang='lat' dir='ltr'>vel</span> <span class='ocrx_word' id='word_1_410' title='bbox 613 1691 671 1711; x_wconf 90' lang='lat' dir='ltr'>non</span> <span class='ocrx_word' id='word_1_411' title='bbox 684 1682 838 1711; x_wconf 87' lang='lat' dir='ltr'>concedere</span> <span class='ocrx_word' id='word_1_412' title='bbox 849 1705 857 1717; x_wconf 90' lang='lat'>,</span> <span class='ocrx_word' id='word_1_413' title='bbox 878 1681 934 1710; x_wconf 91' lang='lat' dir='ltr'>hoc</span> <span class='ocrx_word' id='word_1_414' title='bbox 947 1681 984 1711; x_wconf 91' lang='lat' dir='ltr'>est</span> <span class='ocrx_word' id='word_1_415' title='bbox 993 1703 1002 1716; x_wconf 89' lang='lat'>,</span> <span class='ocrx_word' id='word_1_416' title='bbox 1021 1689 1050 1711; x_wconf 88' lang='lat' dir='ltr'>te</span> <span class='ocrx_word' id='word_1_417' title='bbox 1063 1691 1162 1719; x_wconf 81' lang='lat' dir='ltr'>negare</span> <span class='ocrx_word' id='word_1_418' title='bbox 1172 1703 1181 1716; x_wconf 95' lang='lat'>,</span> <span class='ocrx_word' id='word_1_419' title='bbox 1200 1679 1245 1709; x_wconf 89' lang='lat' dir='ltr'>vel</span> <span class='ocrx_word' id='word_1_420' title='bbox 1261 1681 1397 1718; x_wconf 85' lang='lat' dir='ltr'>denegare</span> 
     </span>
     <span class='ocr_line' id='line_1_42' title="bbox 278 1717 1397 1758; baseline -0.003 -9"><span class='ocrx_word' id='word_1_421' title='bbox 278 1720 438 1757; x_wconf 83' lang='lat' dir='ltr'>quidpiam:</span> <span class='ocrx_word' id='word_1_422' title='bbox 461 1721 506 1749; x_wconf 88' lang='lat' dir='ltr'>cui</span> <span class='ocrx_word' id='word_1_423' title='bbox 520 1720 686 1749; x_wconf 84' lang='lat' dir='ltr'>contrarium</span> <span class='ocrx_word' id='word_1_424' title='bbox 697 1719 735 1749; x_wconf 88' lang='lat' dir='ltr'>est</span> <span class='ocrx_word' id='word_1_425' title='bbox 748 1721 885 1749; x_wconf 88' lang='lat' dir='ltr'>Annuere.</span> <span class='ocrx_word' id='word_1_426' title='bbox 917 1719 1004 1749; x_wconf 77' lang='lat' dir='ltr'>Plaut.</span> <span class='ocrx_word' id='word_1_427' title='bbox 1018 1720 1096 1758; x_wconf 83' lang='lat' dir='ltr'>Capt.</span> <span class='ocrx_word' id='word_1_428' title='bbox 1111 1729 1135 1757; x_wconf 86' lang='lat'>3.</span> <span class='ocrx_word' id='word_1_429' title='bbox 1152 1729 1174 1748; x_wconf 91' lang='lat'>1.</span> <span class='ocrx_word' id='word_1_430' title='bbox 1189 1728 1232 1748; x_wconf 89' lang='lat'>21.</span> <span class='ocrx_word' id='word_1_431' title='bbox 1271 1717 1325 1747; x_wconf 88' lang='lat' dir='ltr'>Ubi</span> <span class='ocrx_word' id='word_1_432' title='bbox 1339 1728 1397 1747; x_wconf 68' lang='grc'>603-</span> 
     </span>
     <span class='ocr_line' id='line_1_43' title="bbox 278 1757 845 1795; baseline 0 -9"><span class='ocrx_word' id='word_1_433' title='bbox 278 1767 376 1787; x_wconf 88' lang='lat' dir='ltr'>namus</span> <span class='ocrx_word' id='word_1_434' title='bbox 387 1780 394 1792; x_wconf 88' lang='lat'>,</span> <span class='ocrx_word' id='word_1_435' title='bbox 414 1758 527 1794; x_wconf 79' lang='lat' dir='ltr'>inquam</span> <span class='ocrx_word' id='word_1_436' title='bbox 536 1759 549 1786; x_wconf 68' lang='grc' dir='ltr'>ἰ)</span> <span class='ocrx_word' id='word_1_437' title='bbox 570 1764 651 1795; x_wconf 89' lang='lat' dir='ltr'>atque</span> <span class='ocrx_word' id='word_1_438' title='bbox 659 1757 700 1786; x_wconf 89' lang='lat' dir='ltr'>illi</span> <span class='ocrx_word' id='word_1_439' title='bbox 711 1757 845 1787; x_wconf 86' lang='lat' dir='ltr'>abnuunt.</span> 
     </span>
    </p>

    <p class='ocr_par' dir='ltr' id='par_1_13' title="bbox 273 1793 1398 2249">
     <span class='ocr_line' id='line_1_44' title="bbox 277 1793 1398 1833; baseline -0.001 -8"><span class='ocrx_word' id='word_1_440' title='bbox 277 1795 423 1830; x_wconf 74' lang='lat' dir='ltr'>Abnuere,</span> <span class='ocrx_word' id='word_1_441' title='bbox 446 1795 596 1830; x_wconf 84' lang='lat' dir='ltr'>Recusare,</span> <span class='ocrx_word' id='word_1_442' title='bbox 616 1795 749 1832; x_wconf 88' lang='lat' dir='ltr'>Rejicere.</span> <span class='ocrx_word' id='word_1_443' title='bbox 783 1794 841 1825; x_wconf 89' lang='lat' dir='ltr'>Liv.</span> <span class='ocrx_word' id='word_1_444' title='bbox 857 1795 905 1825; x_wconf 89' lang='lat' dir='ltr'>lib.</span> <span class='ocrx_word' id='word_1_445' title='bbox 925 1805 948 1826; x_wconf 92' lang='lat'>1.</span> <span class='ocrx_word' id='word_1_446' title='bbox 966 1798 1008 1833; x_wconf 80' lang='lat'>56.</span> <span class='ocrx_word' id='word_1_447' title='bbox 1045 1795 1122 1826; x_wconf 84' lang='lat' dir='ltr'>Bruti</span> <span class='ocrx_word' id='word_1_448' title='bbox 1135 1803 1247 1833; x_wconf 90' lang='lat' dir='ltr'>quoque</span> <span class='ocrx_word' id='word_1_449' title='bbox 1261 1793 1338 1824; x_wconf 87' lang='lat' dir='ltr'>haud</span> <span class='ocrx_word' id='word_1_450' title='bbox 1350 1793 1398 1824; x_wconf 84' lang='lat' dir='ltr'>ab·</span> 
     </span>
     <span class='ocr_line' id='line_1_45' title="bbox 296 1832 832 1876; baseline 0.002 -13"><span class='ocrx_word' id='word_1_451' title='bbox 296 1834 359 1863; x_wconf 78' lang='lat' dir='ltr'>nuit</span> <span class='ocrx_word' id='word_1_452' title='bbox 371 1843 535 1870; x_wconf 88' lang='lat' dir='ltr'>cognomen.</span> <span class='ocrx_word' id='word_1_453' title='bbox 565 1833 637 1876; x_wconf 61' lang='lat' dir='ltr'>Yirg.</span> <span class='ocrx_word' id='word_1_454' title='bbox 653 1844 676 1870; x_wconf 86' lang='lat'>5.</span> <span class='ocrx_word' id='word_1_455' title='bbox 693 1832 754 1864; x_wconf 80' lang='lat' dir='ltr'>AEn.</span> <span class='ocrx_word' id='word_1_456' title='bbox 771 1842 832 1870; x_wconf 81' lang='lat'>531.</span> 
     </span>
     <span class='ocr_line' id='line_1_46' title="bbox 393 1880 736 1901; baseline 0.006 -2"><span class='ocrx_word' id='word_1_457' title='bbox 393 1890 427 1894; x_wconf 94' lang='lat'><strong>—</strong></span> <span class='ocrx_word' id='word_1_458' title='bbox 436 1880 488 1900; x_wconf 89' lang='lat' dir='ltr'>nec</span> <span class='ocrx_word' id='word_1_459' title='bbox 501 1881 637 1901; x_wconf 76' lang='lat' dir='ltr'>maximus</span> <span class='ocrx_word' id='word_1_460' title='bbox 651 1881 736 1901; x_wconf 89' lang='lat' dir='ltr'>omen</span> 
     </span>
     <span class='ocr_line' id='line_1_47' title="bbox 355 1908 577 1939; baseline 0.005 -2"><span class='ocrx_word' id='word_1_461' title='bbox 355 1908 459 1938; x_wconf 83' lang='lat' dir='ltr'>Abnuit</span> <span class='ocrx_word' id='word_1_462' title='bbox 470 1909 577 1939; x_wconf 81' lang='lat' dir='ltr'>AEneas.</span> 
     </span>
     <span class='ocr_line' id='line_1_48' title="bbox 275 1943 1235 1985; baseline 0 -10"><span class='ocrx_word' id='word_1_463' title='bbox 275 1945 403 1976; x_wconf 81' lang='lat' dir='ltr'>Abnuere</span> <span class='ocrx_word' id='word_1_464' title='bbox 413 1956 505 1976; x_wconf 85' lang='lat' dir='ltr'>curam</span> <span class='ocrx_word' id='word_1_465' title='bbox 515 1948 632 1985; x_wconf 89' lang='lat' dir='ltr'>pecoris.</span> <span class='ocrx_word' id='word_1_466' title='bbox 654 1946 763 1977; x_wconf 91' lang='lat' dir='ltr'>Colum.</span> <span class='ocrx_word' id='word_1_467' title='bbox 780 1946 827 1977; x_wconf 92' lang='lat' dir='ltr'>lib.</span> <span class='ocrx_word' id='word_1_468' title='bbox 840 1950 865 1976; x_wconf 90' lang='lat'>6.</span> <span class='ocrx_word' id='word_1_469' title='bbox 882 1956 940 1985; x_wconf 87' lang='lat' dir='ltr'>cap.</span> <span class='ocrx_word' id='word_1_470' title='bbox 957 1957 979 1977; x_wconf 92' lang='lat'>1.</span> <span class='ocrx_word' id='word_1_471' title='bbox 1001 1945 1091 1976; x_wconf 80' lang='lat' dir='ltr'>statim</span> <span class='ocrx_word' id='word_1_472' title='bbox 1101 1944 1135 1977; x_wconf 88' lang='lat' dir='ltr'>ab</span> <span class='ocrx_word' id='word_1_473' title='bbox 1146 1943 1235 1975; x_wconf 87' lang='lat' dir='ltr'>initio.</span> 
     </span>
     <span class='ocr_line' id='line_1_49' title="bbox 275 1981 1393 2022; baseline -0.003 -7"><span class='ocrx_word' id='word_1_474' title='bbox 275 1981 427 2022; x_wconf 84' lang='lat' dir='ltr'>Imperium</span> <span class='ocrx_word' id='word_1_475' title='bbox 440 1984 497 2014; x_wconf 92' lang='lat' dir='ltr'>Liv.</span> <span class='ocrx_word' id='word_1_476' title='bbox 509 1986 576 2015; x_wconf 89' lang='lat' dir='ltr'>Dec.</span> <span class='ocrx_word' id='word_1_477' title='bbox 596 1995 618 2021; x_wconf 83' lang='lat'>3.</span> <span class='ocrx_word' id='word_1_478' title='bbox 636 1985 683 2014; x_wconf 89' lang='lat' dir='ltr'>lib.</span> <span class='ocrx_word' id='word_1_479' title='bbox 696 1991 720 2019; x_wconf 87' lang='lat'>8.</span> <span class='ocrx_word' id='word_1_480' title='bbox 742 1986 771 2014; x_wconf 87' lang='lat' dir='ltr'>in</span> <span class='ocrx_word' id='word_1_481' title='bbox 785 1986 829 2015; x_wconf 91' lang='lat' dir='ltr'>Sci</span> <span class='ocrx_word' id='word_1_482' title='bbox 852 1985 924 2014; x_wconf 89' lang='lat' dir='ltr'>ionis</span> <span class='ocrx_word' id='word_1_483' title='bbox 938 1985 1063 2014; x_wconf 86' lang='lat' dir='ltr'>oratione</span> <span class='ocrx_word' id='word_1_484' title='bbox 1077 1984 1113 2014; x_wconf 88' lang='lat' dir='ltr'>ad</span> <span class='ocrx_word' id='word_1_485' title='bbox 1124 1984 1266 2014; x_wconf 82' lang='lat' dir='ltr'>seditiosos</span> <span class='ocrx_word' id='word_1_486' title='bbox 1280 1982 1393 2019; x_wconf 84' lang='lat' dir='ltr'>milites,</span> 
     </span>
     <span class='ocr_line' id='line_1_50' title="bbox 294 2021 932 2060; baseline 0.005 -10"><span class='ocrx_word' id='word_1_487' title='bbox 294 2021 350 2051; x_wconf 88' lang='lat' dir='ltr'>Vos</span> <span class='ocrx_word' id='word_1_488' title='bbox 364 2022 510 2060; x_wconf 89' lang='lat' dir='ltr'>imperium</span> <span class='ocrx_word' id='word_1_489' title='bbox 523 2023 575 2053; x_wconf 85' lang='lat' dir='ltr'>aus</span> <span class='ocrx_word' id='word_1_490' title='bbox 590 2023 729 2060; x_wconf 90' lang='lat' dir='ltr'>iciumque</span> <span class='ocrx_word' id='word_1_491' title='bbox 742 2023 836 2052; x_wconf 70' lang='lat' dir='ltr'>abnuis</span> <span class='ocrx_word' id='word_1_492' title='bbox 850 2024 880 2053; x_wconf 90' lang='lat' dir='ltr'>is.</span> <span class='ocrx_word' id='word_1_493' title='bbox 929 2028 932 2032; x_wconf 76' lang='grc'>’</span> 
     </span>
     <span class='ocr_line' id='line_1_51' title="bbox 275 2057 1394 2098; baseline -0.001 -10"><span class='ocrx_word' id='word_1_494' title='bbox 275 2057 349 2095; x_wconf 84' lang='lat' dir='ltr'>Juffa</span> <span class='ocrx_word' id='word_1_495' title='bbox 360 2060 445 2090; x_wconf 90' lang='lat' dir='ltr'>ducis.</span> <span class='ocrx_word' id='word_1_496' title='bbox 467 2060 556 2090; x_wconf 81' lang='lat' dir='ltr'>Tacit.</span> <span class='ocrx_word' id='word_1_497' title='bbox 580 2061 617 2090; x_wconf 92' lang='lat' dir='ltr'>ib.</span> <span class='ocrx_word' id='word_1_498' title='bbox 632 2072 654 2091; x_wconf 92' lang='lat'>1.</span> <span class='ocrx_word' id='word_1_499' title='bbox 671 2071 713 2097; x_wconf 84' lang='lat'>14.</span> <span class='ocrx_word' id='word_1_500' title='bbox 734 2061 923 2098; x_wconf 78' lang='lat' dir='ltr'>abnueratque</span> <span class='ocrx_word' id='word_1_501' title='bbox 931 2066 1027 2091; x_wconf 90' lang='lat' dir='ltr'>contra</span> <span class='ocrx_word' id='word_1_502' title='bbox 1035 2061 1119 2089; x_wconf 90' lang='lat' dir='ltr'>ritum</span> <span class='ocrx_word' id='word_1_503' title='bbox 1128 2059 1249 2095; x_wconf 60' lang='lat' dir='ltr'>militiae,</span> <span class='ocrx_word' id='word_1_504' title='bbox 1266 2058 1335 2096; x_wconf 79' lang='lat' dir='ltr'>jussa</span> <span class='ocrx_word' id='word_1_505' title='bbox 1343 2058 1394 2088; x_wconf 88' lang='lat' dir='ltr'>du-</span> 
     </span>
     <span class='ocr_line' id='line_1_52' title="bbox 295 2097 1344 2136; baseline -0.001 -10"><span class='ocrx_word' id='word_1_506' title='bbox 295 2098 349 2132; x_wconf 85' lang='lat' dir='ltr'>cis,</span> <span class='ocrx_word' id='word_1_507' title='bbox 368 2097 484 2136; x_wconf 91' lang='lat' dir='ltr'>se1psum</span> <span class='ocrx_word' id='word_1_508' title='bbox 495 2098 585 2136; x_wconf 86' lang='lat' dir='ltr'>gladio</span> <span class='ocrx_word' id='word_1_509' title='bbox 596 2099 736 2136; x_wconf 85' lang='lat' dir='ltr'>transegit.</span> <span class='ocrx_word' id='word_1_510' title='bbox 756 2099 785 2128; x_wconf 89' lang='lat' dir='ltr'>id</span> <span class='ocrx_word' id='word_1_511' title='bbox 797 2099 835 2128; x_wconf 90' lang='lat' dir='ltr'>est</span> <span class='ocrx_word' id='word_1_512' title='bbox 844 2121 851 2134; x_wconf 87' lang='lat'>,</span> <span class='ocrx_word' id='word_1_513' title='bbox 872 2100 936 2136; x_wconf 85' lang='lat' dir='ltr'>quia</span> <span class='ocrx_word' id='word_1_514' title='bbox 945 2098 1054 2135; x_wconf 86' lang='lat' dir='ltr'>jubenti</span> <span class='ocrx_word' id='word_1_515' title='bbox 1066 2098 1130 2127; x_wconf 90' lang='lat' dir='ltr'>duci</span> <span class='ocrx_word' id='word_1_516' title='bbox 1140 2107 1198 2126; x_wconf 89' lang='lat' dir='ltr'>non</span> <span class='ocrx_word' id='word_1_517' title='bbox 1210 2103 1344 2135; x_wconf 86' lang='lat' dir='ltr'>paruerat.</span> 
     </span>
     <span class='ocr_line' id='line_1_53' title="bbox 273 2133 1392 2175; baseline -0.002 -10"><span class='ocrx_word' id='word_1_518' title='bbox 273 2133 417 2169; x_wconf 70' lang='lat' dir='ltr'>Abnuere,</span> <span class='ocrx_word' id='word_1_519' title='bbox 436 2136 501 2165; x_wconf 90' lang='lat' dir='ltr'>Solo</span> <span class='ocrx_word' id='word_1_520' title='bbox 511 2137 611 2172; x_wconf 90' lang='lat' dir='ltr'>verbo,</span> <span class='ocrx_word' id='word_1_521' title='bbox 628 2136 840 2174; x_wconf 79' lang='lat' dir='ltr'>simpliciterque</span> <span class='ocrx_word' id='word_1_522' title='bbox 850 2147 958 2175; x_wconf 83' lang='lat' dir='ltr'>negare.</span> <span class='ocrx_word' id='word_1_523' title='bbox 981 2135 1090 2165; x_wconf 90' lang='lat' dir='ltr'>Colum.</span> <span class='ocrx_word' id='word_1_524' title='bbox 1104 2135 1151 2164; x_wconf 86' lang='lat' dir='ltr'>lib.</span> <span class='ocrx_word' id='word_1_525' title='bbox 1165 2145 1190 2165; x_wconf 89' lang='lat'>2.</span> <span class='ocrx_word' id='word_1_526' title='bbox 1204 2145 1262 2172; x_wconf 84' lang='lat' dir='ltr'>cap.</span> <span class='ocrx_word' id='word_1_527' title='bbox 1276 2141 1302 2169; x_wconf 93' lang='lat'>8.</span> <span class='ocrx_word' id='word_1_528' title='bbox 1331 2134 1392 2163; x_wconf 88' lang='lat' dir='ltr'>Nos</span> 
     </span>
     <span class='ocr_line' id='line_1_54' title="bbox 312 2172 1392 2212; baseline -0.001 -11"><span class='ocrx_word' id='word_1_529' title='bbox 312 2183 403 2210; x_wconf 91' lang='lat' dir='ltr'>uoque</span> <span class='ocrx_word' id='word_1_530' title='bbox 413 2173 559 2203; x_wconf 87' lang='lat' dir='ltr'>abnuimus</span> <span class='ocrx_word' id='word_1_531' title='bbox 568 2197 576 2210; x_wconf 90' lang='grc'>,</span> <span class='ocrx_word' id='word_1_532' title='bbox 597 2175 627 2203; x_wconf 89' lang='grc'>111</span> <span class='ocrx_word' id='word_1_533' title='bbox 636 2184 699 2211; x_wconf 84' lang='lat' dir='ltr'>agro</span> <span class='ocrx_word' id='word_1_534' title='bbox 709 2181 864 2212; x_wconf 80' lang='lat' dir='ltr'>temperato</span> <span class='ocrx_word' id='word_1_535' title='bbox 873 2177 899 2205; x_wconf 71' lang='lat' dir='ltr'>Sc</span> <span class='ocrx_word' id='word_1_536' title='bbox 909 2174 1025 2204; x_wconf 89' lang='lat' dir='ltr'>minime</span> <span class='ocrx_word' id='word_1_537' title='bbox 1036 2173 1152 2203; x_wconf 88' lang='lat' dir='ltr'>humido</span> <span class='ocrx_word' id='word_1_538' title='bbox 1161 2195 1169 2208; x_wconf 86' lang='lat'>,</span> <span class='ocrx_word' id='word_1_539' title='bbox 1192 2173 1345 2202; x_wconf 85' lang='lat' dir='ltr'>sementem</span> <span class='ocrx_word' id='word_1_540' title='bbox 1355 2172 1392 2201; x_wconf 81' lang='lat' dir='ltr'>fic</span> 
     </span>
     <span class='ocr_line' id='line_1_55' title="bbox 292 2183 1390 2249; baseline 0 -10"><span class='ocrx_word' id='word_1_541' title='bbox 292 2183 351 2240; x_wconf 56' lang='lat' dir='ltr'>fleri</span> <span class='ocrx_word' id='word_1_542' title='bbox 363 2211 471 2241; x_wconf 86' lang='lat' dir='ltr'>debere.</span> <span class='ocrx_word' id='word_1_543' title='bbox 509 2212 562 2241; x_wconf 85' lang='lat' dir='ltr'>Alii</span> <span class='ocrx_word' id='word_1_544' title='bbox 575 2213 686 2242; x_wconf 90' lang='lat' dir='ltr'>codices</span> <span class='ocrx_word' id='word_1_545' title='bbox 701 2212 819 2248; x_wconf 75' lang='lat' dir='ltr'>habent,</span> <span class='ocrx_word' id='word_1_546' title='bbox 841 2214 998 2242; x_wconf 88' lang='lat' dir='ltr'>annuimus.</span> <span class='ocrx_word' id='word_1_547' title='bbox 1037 2211 1122 2241; x_wconf 91' lang='lat' dir='ltr'>Nunc</span> <span class='ocrx_word' id='word_1_548' title='bbox 1135 2210 1219 2249; x_wconf 90' lang='lat' dir='ltr'>vulgo</span> <span class='ocrx_word' id='word_1_549' title='bbox 1233 2210 1270 2240; x_wconf 86' lang='grc'>116</span> <span class='ocrx_word' id='word_1_550' title='bbox 1280 2210 1390 2247; x_wconf 82' lang='lat' dir='ltr'>legitur,</span> 
     </span>
    </p>
   </div>
   <div class='ocr_carea' id='block_1_8' title="bbox 1154 586 1285 623">
    <p class='ocr_par' dir='ltr' id='par_1_14' title="bbox 1154 586 1285 623">
     <span class='ocr_line' id='line_1_56' title="bbox 1154 586 1285 623; baseline 0.008 -8"><span class='ocrx_word' id='word_1_551' title='bbox 1154 586 1285 623; x_wconf 78' lang='lat' dir='ltr'>Abnegat.</span> 
     </span>
    </p>
   </div>
   <div class='ocr_carea' id='block_1_9' title="bbox 222 2248 1389 3381">
    <p class='ocr_par' dir='ltr' id='par_1_15' title="bbox 226 2248 1389 2929">
     <span class='ocr_line' id='line_1_57' title="bbox 291 2248 934 2287; baseline 0.003 -9"><span class='ocrx_word' id='word_1_552' title='bbox 291 2248 351 2278; x_wconf 92' lang='lat' dir='ltr'>Nos</span> <span class='ocrx_word' id='word_1_553' title='bbox 364 2259 420 2286; x_wconf 91' lang='lat' dir='ltr'>quo</span> <span class='ocrx_word' id='word_1_554' title='bbox 440 2259 475 2278; x_wconf 92' lang='lat' dir='ltr'>ue</span> <span class='ocrx_word' id='word_1_555' title='bbox 489 2259 546 2278; x_wconf 92' lang='lat' dir='ltr'>non</span> <span class='ocrx_word' id='word_1_556' title='bbox 559 2250 723 2287; x_wconf 82' lang='lat' dir='ltr'>ambigimus</span> <span class='ocrx_word' id='word_1_557' title='bbox 737 2250 766 2278; x_wconf 92' lang='lat' dir='ltr'>in</span> <span class='ocrx_word' id='word_1_558' title='bbox 780 2260 844 2286; x_wconf 83' lang='lat' dir='ltr'>agro</span> <span class='ocrx_word' id='word_1_559' title='bbox 853 2272 863 2286; x_wconf 82' lang='grc'>,</span> <span class='ocrx_word' id='word_1_560' title='bbox 883 2252 934 2280; x_wconf 59' lang='grc'>816.</span> 
     </span>
     <span class='ocr_line' id='line_1_58' title="bbox 270 2285 1389 2325; baseline -0.003 -8"><span class='ocrx_word' id='word_1_561' title='bbox 270 2286 399 2317; x_wconf 85' lang='lat' dir='ltr'>Abnuere</span> <span class='ocrx_word' id='word_1_562' title='bbox 412 2297 427 2315; x_wconf 87' lang='lat' dir='ltr'>a</span> <span class='ocrx_word' id='word_1_563' title='bbox 438 2287 516 2324; x_wconf 85' lang='lat' dir='ltr'>iquid</span> <span class='ocrx_word' id='word_1_564' title='bbox 526 2287 616 2317; x_wconf 87' lang='lat' dir='ltr'>alicui.</span> <span class='ocrx_word' id='word_1_565' title='bbox 649 2287 705 2317; x_wconf 84' lang='lat' dir='ltr'>Cic.</span> <span class='ocrx_word' id='word_1_566' title='bbox 721 2288 756 2317; x_wconf 91' lang='lat' dir='ltr'>de</span> <span class='ocrx_word' id='word_1_567' title='bbox 770 2287 826 2317; x_wconf 88' lang='lat' dir='ltr'>fato</span> <span class='ocrx_word' id='word_1_568' title='bbox 835 2299 861 2323; x_wconf 90' lang='lat'>4.</span> <span class='ocrx_word' id='word_1_569' title='bbox 897 2288 977 2318; x_wconf 84' lang='lat' dir='ltr'>Nihil</span> <span class='ocrx_word' id='word_1_570' title='bbox 987 2288 1063 2318; x_wconf 87' lang='lat' dir='ltr'>enim</span> <span class='ocrx_word' id='word_1_571' title='bbox 1077 2294 1201 2325; x_wconf 86' lang='lat' dir='ltr'>unquam</span> <span class='ocrx_word' id='word_1_572' title='bbox 1214 2285 1313 2316; x_wconf 87' lang='lat' dir='ltr'>abnuit</span> <span class='ocrx_word' id='word_1_573' title='bbox 1324 2295 1389 2315; x_wconf 90' lang='lat' dir='ltr'>meo</span> 
     </span>
     <span class='ocr_line' id='line_1_59' title="bbox 289 2324 865 2363; baseline 0.005 -11"><span class='ocrx_word' id='word_1_574' title='bbox 289 2324 379 2353; x_wconf 88' lang='lat' dir='ltr'>studio</span> <span class='ocrx_word' id='word_1_575' title='bbox 393 2324 520 2354; x_wconf 83' lang='lat' dir='ltr'>voluntas</span> <span class='ocrx_word' id='word_1_576' title='bbox 532 2331 587 2355; x_wconf 87' lang='lat' dir='ltr'>tua.</span> <span class='ocrx_word' id='word_1_577' title='bbox 626 2325 659 2354; x_wconf 89' lang='lat' dir='ltr'>Id</span> <span class='ocrx_word' id='word_1_578' title='bbox 673 2326 710 2354; x_wconf 86' lang='lat' dir='ltr'>est</span> <span class='ocrx_word' id='word_1_579' title='bbox 720 2347 728 2361; x_wconf 86' lang='lat'>,</span> <span class='ocrx_word' id='word_1_580' title='bbox 749 2326 865 2363; x_wconf 88' lang='lat' dir='ltr'>negavit.</span> 
     </span>
     <span class='ocr_line' id='line_1_60' title="bbox 268 2361 1388 2401; baseline -0.001 -9"><span class='ocrx_word' id='word_1_581' title='bbox 268 2362 396 2392; x_wconf 85' lang='lat' dir='ltr'>Abnuere</span> <span class='ocrx_word' id='word_1_582' title='bbox 410 2362 491 2392; x_wconf 90' lang='lat' dir='ltr'>alicui</span> <span class='ocrx_word' id='word_1_583' title='bbox 504 2363 539 2392; x_wconf 88' lang='lat' dir='ltr'>de</span> <span class='ocrx_word' id='word_1_584' title='bbox 550 2373 579 2392; x_wconf 90' lang='lat' dir='ltr'>re</span> <span class='ocrx_word' id='word_1_585' title='bbox 593 2363 690 2400; x_wconf 82' lang='lat' dir='ltr'>aliqua.</span> <span class='ocrx_word' id='word_1_586' title='bbox 724 2362 830 2392; x_wconf 86' lang='lat' dir='ltr'>Sallust.</span> <span class='ocrx_word' id='word_1_587' title='bbox 855 2363 884 2392; x_wconf 91' lang='lat' dir='ltr'>in</span> <span class='ocrx_word' id='word_1_588' title='bbox 906 2362 1032 2401; x_wconf 73' lang='lat' dir='ltr'>jugurth.</span> <span class='ocrx_word' id='word_1_589' title='bbox 1051 2369 1095 2399; x_wconf 88' lang='lat'>84.</span> <span class='ocrx_word' id='word_1_590' title='bbox 1115 2373 1140 2400; x_wconf 88' lang='lat'>3.</span> <span class='ocrx_word' id='word_1_591' title='bbox 1177 2362 1277 2399; x_wconf 87' lang='lat' dir='ltr'>Neque</span> <span class='ocrx_word' id='word_1_592' title='bbox 1296 2361 1388 2392; x_wconf 79' lang='lat' dir='ltr'>Mario</span> 
     </span>
     <span class='ocr_line' id='line_1_61' title="bbox 289 2400 1262 2438; baseline 0 -9"><span class='ocrx_word' id='word_1_593' title='bbox 289 2400 405 2429; x_wconf 88' lang='lat' dir='ltr'>Senatus</span> <span class='ocrx_word' id='word_1_594' title='bbox 414 2422 422 2435; x_wconf 84' lang='lat'>,</span> <span class='ocrx_word' id='word_1_595' title='bbox 442 2410 598 2438; x_wconf 89' lang='lat' dir='ltr'>quanquam</span> <span class='ocrx_word' id='word_1_596' title='bbox 608 2401 720 2430; x_wconf 87' lang='lat' dir='ltr'>infestus</span> <span class='ocrx_word' id='word_1_597' title='bbox 730 2423 738 2436; x_wconf 91' lang='lat'>,</span> <span class='ocrx_word' id='word_1_598' title='bbox 759 2401 880 2430; x_wconf 79' lang='lat' dir='ltr'>abnuere</span> <span class='ocrx_word' id='word_1_599' title='bbox 892 2402 927 2431; x_wconf 92' lang='lat' dir='ltr'>de</span> <span class='ocrx_word' id='word_1_600' title='bbox 938 2401 996 2431; x_wconf 90' lang='lat' dir='ltr'>ullo</span> <span class='ocrx_word' id='word_1_601' title='bbox 1008 2401 1120 2438; x_wconf 84' lang='lat' dir='ltr'>negotio</span> <span class='ocrx_word' id='word_1_602' title='bbox 1135 2400 1262 2430; x_wconf 87' lang='lat' dir='ltr'>audebat.</span> 
     </span>
     <span class='ocr_line' id='line_1_62' title="bbox 268 2435 1347 2477; baseline 0.002 -11"><span class='ocrx_word' id='word_1_603' title='bbox 268 2435 404 2467; x_wconf 87' lang='lat' dir='ltr'>Recusare</span> <span class='ocrx_word' id='word_1_604' title='bbox 417 2439 442 2467; x_wconf 82' lang='lat'>&amp;</span> <span class='ocrx_word' id='word_1_605' title='bbox 453 2438 581 2468; x_wconf 87' lang='lat' dir='ltr'>abnuere.</span> <span class='ocrx_word' id='word_1_606' title='bbox 611 2438 668 2468; x_wconf 89' lang='lat' dir='ltr'>Cic.</span> <span class='ocrx_word' id='word_1_607' title='bbox 684 2449 735 2477; x_wconf 89' lang='lat' dir='ltr'>pro</span> <span class='ocrx_word' id='word_1_608' title='bbox 746 2438 846 2469; x_wconf 82' lang='lat' dir='ltr'>Milon.</span> <span class='ocrx_word' id='word_1_609' title='bbox 863 2449 923 2469; x_wconf 90' lang='lat'>101.</span> <span class='ocrx_word' id='word_1_610' title='bbox 961 2439 1028 2468; x_wconf 91' lang='lat' dir='ltr'>Non</span> <span class='ocrx_word' id='word_1_611' title='bbox 1040 2438 1135 2468; x_wconf 89' lang='lat' dir='ltr'>recuso</span> <span class='ocrx_word' id='word_1_612' title='bbox 1145 2461 1152 2474; x_wconf 95' lang='lat'>,</span> <span class='ocrx_word' id='word_1_613' title='bbox 1174 2449 1231 2467; x_wconf 91' lang='lat' dir='ltr'>non</span> <span class='ocrx_word' id='word_1_614' title='bbox 1245 2438 1347 2468; x_wconf 81' lang='lat' dir='ltr'>abnuo.</span> 
     </span>
     <span class='ocr_line' id='line_1_63' title="bbox 269 2474 1388 2514; baseline 0.003 -10"><span class='ocrx_word' id='word_1_615' title='bbox 269 2474 396 2504; x_wconf 82' lang='lat' dir='ltr'>Abnuere</span> <span class='ocrx_word' id='word_1_616' title='bbox 406 2477 432 2505; x_wconf 86' lang='lat'>&amp;</span> <span class='ocrx_word' id='word_1_617' title='bbox 443 2476 587 2513; x_wconf 81' lang='lat' dir='ltr'>agnoscere</span> <span class='ocrx_word' id='word_1_618' title='bbox 596 2499 603 2511; x_wconf 94' lang='lat'>,</span> <span class='ocrx_word' id='word_1_619' title='bbox 624 2483 814 2514; x_wconf 88' lang='lat' dir='ltr'>opponuntur.</span> <span class='ocrx_word' id='word_1_620' title='bbox 839 2477 929 2507; x_wconf 83' lang='lat' dir='ltr'>Tacit.</span> <span class='ocrx_word' id='word_1_621' title='bbox 941 2477 1007 2507; x_wconf 90' lang='lat' dir='ltr'>Hist.</span> <span class='ocrx_word' id='word_1_622' title='bbox 1023 2487 1065 2506; x_wconf 90' lang='lat'>11.</span> <span class='ocrx_word' id='word_1_623' title='bbox 1085 2486 1126 2506; x_wconf 90' lang='lat'>12.</span> <span class='ocrx_word' id='word_1_624' title='bbox 1164 2479 1252 2513; x_wconf 83' lang='lat' dir='ltr'>Atque</span> <span class='ocrx_word' id='word_1_625' title='bbox 1263 2476 1300 2506; x_wconf 87' lang='lat' dir='ltr'>ita</span> <span class='ocrx_word' id='word_1_626' title='bbox 1310 2486 1388 2507; x_wconf 87' lang='lat' dir='ltr'>com-</span> 
     </span>
     <span class='ocr_line' id='line_1_64' title="bbox 268 2512 1387 2590; baseline 0.002 -11"><span class='ocrx_word' id='word_1_627' title='bbox 268 2512 614 2582; x_wconf 56' lang='grc' dir='ltr'>1ξὲᾗὲῗὲἓὲῖὶἓέἓὲξέ</span> <span class='ocrx_word' id='word_1_628' title='bbox 622 2514 939 2584; x_wconf 49' lang='lat' dir='ltr'>‘essssnrltsslr‘ilffl‘esi&#39;cvff</span> <span class='ocrx_word' id='word_1_629' title='bbox 950 2514 1080 2590; x_wconf 43' lang='lat'>{2⁰3¹}</span> <span class='ocrx_word' id='word_1_630' title='bbox 1087 2514 1302 2589; x_wconf 41' lang='lat' dir='ltr'>..gffffigas</span> <span class='ocrx_word' id='word_1_631' title='bbox 1318 2552 1387 2590; x_wconf 83' lang='lat' dir='ltr'>quid</span> 
     </span>
     <span class='ocr_line' id='line_1_65' title="bbox 619 2574 1093 2587; baseline -0.004 -3"><span class='ocrx_word' id='word_1_632' title='bbox 619 2574 626 2587; x_wconf 86' lang='lat'>‚</span> <span class='ocrx_word' id='word_1_633' title='bbox 793 2577 800 2583; x_wconf 93' lang='lat'>.</span> <span class='ocrx_word' id='word_1_634' title='bbox 893 2577 899 2583; x_wconf 92' lang='lat'>.</span> <span class='ocrx_word' id='word_1_635' title='bbox 930 2576 938 2583; x_wconf 97' lang='lat'>.</span> <span class='ocrx_word' id='word_1_636' title='bbox 1044 2575 1050 2582; x_wconf 96' lang='lat'>.</span> <span class='ocrx_word' id='word_1_637' title='bbox 1086 2575 1093 2582; x_wconf 92' lang='lat'>.</span> 
     </span>
     <span class='ocr_line' id='line_1_66' title="bbox 287 2589 774 2627; baseline 0.006 -10"><span class='ocrx_word' id='word_1_638' title='bbox 287 2589 404 2625; x_wconf 88' lang='lat' dir='ltr'>quisque</span> <span class='ocrx_word' id='word_1_639' title='bbox 415 2589 565 2625; x_wconf 87' lang='lat' dir='ltr'>concedat,</span> <span class='ocrx_word' id='word_1_640' title='bbox 587 2590 654 2627; x_wconf 91' lang='lat' dir='ltr'>quid</span> <span class='ocrx_word' id='word_1_641' title='bbox 663 2590 774 2620; x_wconf 90' lang='lat' dir='ltr'>abnuat.</span> 
     </span>
     <span class='ocr_line' id='line_1_67' title="bbox 267 2626 860 2665; baseline 0.005 -10"><span class='ocrx_word' id='word_1_642' title='bbox 267 2626 412 2661; x_wconf 81' lang='lat' dir='ltr'>Abnuere,</span> <span class='ocrx_word' id='word_1_643' title='bbox 433 2626 588 2657; x_wconf 87' lang='lat' dir='ltr'>Prohibere.</span> <span class='ocrx_word' id='word_1_644' title='bbox 613 2627 685 2665; x_wconf 88' lang='lat' dir='ltr'>Virg.</span> <span class='ocrx_word' id='word_1_645' title='bbox 702 2638 742 2657; x_wconf 93' lang='lat'>10.</span> <span class='ocrx_word' id='word_1_646' title='bbox 759 2628 820 2658; x_wconf 80' lang='lat' dir='ltr'>AEn.</span> <span class='ocrx_word' id='word_1_647' title='bbox 834 2633 860 2662; x_wconf 82' lang='lat'>8.</span> 
     </span>
     <span class='ocr_line' id='line_1_68' title="bbox 345 2664 1021 2696; baseline 0.003 -3"><span class='ocrx_word' id='word_1_648' title='bbox 345 2664 501 2693; x_wconf 86' lang='lat' dir='ltr'>Abnueram</span> <span class='ocrx_word' id='word_1_649' title='bbox 514 2665 588 2695; x_wconf 93' lang='lat' dir='ltr'>bello</span> <span class='ocrx_word' id='word_1_650' title='bbox 600 2665 707 2695; x_wconf 83' lang='lat' dir='ltr'>Italiam</span> <span class='ocrx_word' id='word_1_651' title='bbox 719 2675 883 2696; x_wconf 88' lang='lat' dir='ltr'>concurrere</span> <span class='ocrx_word' id='word_1_652' title='bbox 896 2664 1021 2695; x_wconf 88' lang='lat' dir='ltr'>Teucris.</span> 
     </span>
     <span class='ocr_line' id='line_1_69' title="bbox 264 2701 1382 2769; baseline 0.002 -38"><span class='ocrx_word' id='word_1_653' title='bbox 264 2701 458 2769; x_wconf 53' lang='grc' dir='ltr'>Α’1Ι1111111111Ξὲ113</span> <span class='ocrx_word' id='word_1_654' title='bbox 472 2703 617 2740; x_wconf 89' lang='lat' dir='ltr'>impetum.</span> <span class='ocrx_word' id='word_1_655' title='bbox 659 2703 721 2734; x_wconf 90' lang='lat' dir='ltr'>Hoc</span> <span class='ocrx_word' id='word_1_656' title='bbox 735 2704 790 2740; x_wconf 80' lang='lat' dir='ltr'>est,</span> <span class='ocrx_word' id='word_1_657' title='bbox 818 2711 902 2741; x_wconf 87' lang='lat' dir='ltr'>negat</span> <span class='ocrx_word' id='word_1_658' title='bbox 913 2703 1073 2733; x_wconf 75' lang='lat' dir='ltr'>facultatem</span> <span class='ocrx_word' id='word_1_659' title='bbox 1091 2704 1228 2742; x_wconf 88' lang='lat' dir='ltr'>impetum</span> <span class='ocrx_word' id='word_1_660' title='bbox 1243 2703 1382 2739; x_wconf 77' lang='lat' dir='ltr'>faciendi,</span> 
     </span>
     <span class='ocr_line' id='line_1_70' title="bbox 311 2744 575 2777; baseline 0.008 -9"><span class='ocrx_word' id='word_1_661' title='bbox 311 2746 372 2769; x_wconf 79' lang='lat' dir='ltr'>acit.</span> <span class='ocrx_word' id='word_1_662' title='bbox 430 2751 473 2777; x_wconf 82' lang='grc' dir='ltr'>.ς.</span> <span class='ocrx_word' id='word_1_663' title='bbox 493 2750 503 2769; x_wconf 89' lang='grc'>1</span> <span class='ocrx_word' id='word_1_664' title='bbox 527 2763 532 2770; x_wconf 95' lang='grc'>.</span> <span class='ocrx_word' id='word_1_665' title='bbox 551 2744 575 2770; x_wconf 90' lang='grc'>6.</span> 
     </span>
     <span class='ocr_line' id='line_1_71' title="bbox 263 2750 1306 2817; baseline 0.002 -9"><span class='ocrx_word' id='word_1_666' title='bbox 263 2777 368 2808; x_wconf 88' lang='lat' dir='ltr'>Abnuit</span> <span class='ocrx_word' id='word_1_667' title='bbox 380 2777 449 2816; x_wconf 86' lang='lat' dir='ltr'>spes.</span> <span class='ocrx_word' id='word_1_668' title='bbox 475 2750 575 2814; x_wconf 73' lang='lat' dir='ltr'>Id3est‚</span> <span class='ocrx_word' id='word_1_669' title='bbox 596 2785 685 2816; x_wconf 82' lang='lat' dir='ltr'>negat.</span> <span class='ocrx_word' id='word_1_670' title='bbox 705 2778 800 2809; x_wconf 88' lang='lat' dir='ltr'>Tibul.</span> <span class='ocrx_word' id='word_1_671' title='bbox 817 2778 864 2808; x_wconf 89' lang='lat' dir='ltr'>lib.</span> <span class='ocrx_word' id='word_1_672' title='bbox 877 2790 904 2814; x_wconf 93' lang='lat'>4.</span> <span class='ocrx_word' id='word_1_673' title='bbox 919 2779 988 2817; x_wconf 88' lang='lat' dir='ltr'>eleg.</span> <span class='ocrx_word' id='word_1_674' title='bbox 1004 2790 1026 2808; x_wconf 95' lang='lat'>1.</span> <span class='ocrx_word' id='word_1_675' title='bbox 1048 2779 1083 2808; x_wconf 90' lang='lat' dir='ltr'>ad</span> <span class='ocrx_word' id='word_1_676' title='bbox 1098 2779 1248 2810; x_wconf 74' lang='lat' dir='ltr'>Messalam.</span> <span class='ocrx_word' id='word_1_677' title='bbox 1261 2790 1306 2817; x_wconf 82' lang='lat'>25.</span> 
     </span>
     <span class='ocr_line' id='line_1_72' title="bbox 226 2816 1211 2854; baseline 0.002 -8"><span class='ocrx_word' id='word_1_678' title='bbox 226 2816 248 2846; x_wconf 79' lang='lat' dir='ltr'>A</span> <span class='ocrx_word' id='word_1_679' title='bbox 256 2826 271 2845; x_wconf 81' lang='lat' dir='ltr'>B</span> <span class='ocrx_word' id='word_1_680' title='bbox 280 2826 300 2845; x_wconf 84' lang='lat' dir='ltr'>N</span> <span class='ocrx_word' id='word_1_681' title='bbox 309 2825 350 2844; x_wconf 76' lang='grc'>1111</span> <span class='ocrx_word' id='word_1_682' title='bbox 359 2825 380 2844; x_wconf 91' lang='grc' dir='ltr'>Ν</span> <span class='ocrx_word' id='word_1_683' title='bbox 388 2826 406 2844; x_wconf 88' lang='grc'>1)</span> <span class='ocrx_word' id='word_1_684' title='bbox 414 2826 433 2844; x_wconf 85' lang='lat' dir='ltr'>u</span> <span class='ocrx_word' id='word_1_685' title='bbox 441 2825 453 2844; x_wconf 92' lang='lat' dir='ltr'>s</span> <span class='ocrx_word' id='word_1_686' title='bbox 461 2838 470 2850; x_wconf 88' lang='lat'>,</span> <span class='ocrx_word' id='word_1_687' title='bbox 491 2826 520 2851; x_wconf 84' lang='lat' dir='ltr'>a,</span> <span class='ocrx_word' id='word_1_688' title='bbox 542 2826 598 2846; x_wconf 92' lang='lat' dir='ltr'>um.</span> <span class='ocrx_word' id='word_1_689' title='bbox 621 2816 825 2853; x_wconf 56' lang='grc' dir='ltr'>[ἀνωιευτέᾢι]</span> <span class='ocrx_word' id='word_1_690' title='bbox 845 2817 943 2846; x_wconf 79' lang='lat' dir='ltr'>senec.</span> <span class='ocrx_word' id='word_1_691' title='bbox 958 2818 988 2846; x_wconf 91' lang='lat' dir='ltr'>in</span> <span class='ocrx_word' id='word_1_692' title='bbox 998 2816 1109 2854; x_wconf 83' lang='lat' dir='ltr'>Thyest.</span> <span class='ocrx_word' id='word_1_693' title='bbox 1126 2828 1149 2854; x_wconf 86' lang='lat'>5.</span> <span class='ocrx_word' id='word_1_694' title='bbox 1168 2828 1211 2854; x_wconf 84' lang='lat'>14.</span> 
     </span>
     <span class='ocr_line' id='line_1_73' title="bbox 304 2853 915 2892; baseline 0.003 -10"><span class='ocrx_word' id='word_1_695' title='bbox 304 2853 365 2882; x_wconf 87' lang='lat' dir='ltr'>Nec</span> <span class='ocrx_word' id='word_1_696' title='bbox 376 2853 556 2883; x_wconf 89' lang='lat' dir='ltr'>abnuendum</span> <span class='ocrx_word' id='word_1_697' title='bbox 569 2854 588 2883; x_wconf 85' lang='lat' dir='ltr'>si</span> <span class='ocrx_word' id='word_1_698' title='bbox 602 2854 650 2884; x_wconf 85' lang='lat' dir='ltr'>dat</span> <span class='ocrx_word' id='word_1_699' title='bbox 662 2855 810 2892; x_wconf 88' lang='lat' dir='ltr'>imperium</span> <span class='ocrx_word' id='word_1_700' title='bbox 824 2854 915 2890; x_wconf 80' lang='lat' dir='ltr'>Deus,</span> 
     </span>
     <span class='ocr_line' id='line_1_74' title="bbox 303 2890 576 2929; baseline 0.004 -9"><span class='ocrx_word' id='word_1_701' title='bbox 303 2890 365 2920; x_wconf 91' lang='lat' dir='ltr'>Nec</span> <span class='ocrx_word' id='word_1_702' title='bbox 377 2891 576 2929; x_wconf 86' lang='lat' dir='ltr'>appetendum.</span> 
     </span>
    </p>

    <p class='ocr_par' dir='ltr' id='par_1_16' title="bbox 225 2928 1382 2966">
     <span class='ocr_line' id='line_1_75' title="bbox 225 2928 1382 2966; baseline 0.003 -10"><span class='ocrx_word' id='word_1_703' title='bbox 225 2928 268 2960; x_wconf 72' lang='lat' dir='ltr'>AB</span> <span class='ocrx_word' id='word_1_704' title='bbox 276 2938 297 2956; x_wconf 89' lang='grc' dir='ltr'>Ν</span> <span class='ocrx_word' id='word_1_705' title='bbox 306 2939 324 2957; x_wconf 88' lang='grc' dir='ltr'>υ</span> <span class='ocrx_word' id='word_1_706' title='bbox 333 2939 346 2957; x_wconf 78' lang='lat' dir='ltr'>a</span> <span class='ocrx_word' id='word_1_707' title='bbox 354 2939 371 2957; x_wconf 96' lang='lat' dir='ltr'>o</span> <span class='ocrx_word' id='word_1_708' title='bbox 381 2951 388 2964; x_wconf 80' lang='lat'>,</span> <span class='ocrx_word' id='word_1_709' title='bbox 409 2938 446 2958; x_wconf 88' lang='lat' dir='ltr'>es.</span> <span class='ocrx_word' id='word_1_710' title='bbox 469 2939 520 2966; x_wconf 92' lang='lat' dir='ltr'>pro</span> <span class='ocrx_word' id='word_1_711' title='bbox 532 2929 640 2959; x_wconf 81' lang='lat' dir='ltr'>Abnuo.</span> <span class='ocrx_word' id='word_1_712' title='bbox 667 2929 773 2959; x_wconf 89' lang='lat' dir='ltr'>Ennius</span> <span class='ocrx_word' id='word_1_713' title='bbox 784 2939 808 2958; x_wconf 94' lang='lat' dir='ltr'>v.</span> <span class='ocrx_word' id='word_1_714' title='bbox 824 2934 848 2963; x_wconf 88' lang='lat'>8.</span> <span class='ocrx_word' id='word_1_715' title='bbox 865 2928 1013 2958; x_wconf 84' lang='lat' dir='ltr'>Annalium</span> <span class='ocrx_word' id='word_1_716' title='bbox 1024 2951 1032 2965; x_wconf 91' lang='lat'>,</span> <span class='ocrx_word' id='word_1_717' title='bbox 1052 2929 1163 2959; x_wconf 84' lang='lat' dir='ltr'>Certare</span> <span class='ocrx_word' id='word_1_718' title='bbox 1176 2930 1285 2959; x_wconf 86' lang='lat' dir='ltr'>abnueo</span> <span class='ocrx_word' id='word_1_719' title='bbox 1295 2952 1302 2965; x_wconf 87' lang='lat'>‚</span> <span class='ocrx_word' id='word_1_720' title='bbox 1324 2940 1382 2960; x_wconf 59' lang='lat' dir='ltr'>mes</span> 
     </span>
    </p>

    <p class='ocr_par' dir='ltr' id='par_1_17' title="bbox 259 2965 1376 3034">
     <span class='ocr_line' id='line_1_76' title="bbox 259 2965 1376 3033; baseline 0.003 -39"><span class='ocrx_word' id='word_1_721' title='bbox 259 2972 309 3033; x_wconf 54' lang='lat' dir='ltr'>Ero</span> <span class='ocrx_word' id='word_1_722' title='bbox 324 2965 481 3033; x_wconf 64' lang='lat' dir='ltr'>legdonibus</span> <span class='ocrx_word' id='word_1_723' title='bbox 493 2966 593 2997; x_wconf 85' lang='lat' dir='ltr'>labem.</span> <span class='ocrx_word' id='word_1_724' title='bbox 633 2967 712 2998; x_wconf 87' lang='lat' dir='ltr'>Idem</span> <span class='ocrx_word' id='word_1_725' title='bbox 725 2967 756 2996; x_wconf 88' lang='lat' dir='ltr'>in</span> <span class='ocrx_word' id='word_1_726' title='bbox 772 2966 946 2997; x_wconf 87' lang='lat' dir='ltr'>Thelamone</span> <span class='ocrx_word' id='word_1_727' title='bbox 955 2989 964 3003; x_wconf 84' lang='lat'>,</span> <span class='ocrx_word' id='word_1_728' title='bbox 992 2967 1034 2996; x_wconf 77' lang='lat' dir='ltr'>Ex</span> <span class='ocrx_word' id='word_1_729' title='bbox 1046 2977 1081 2996; x_wconf 87' lang='grc'>60</span> <span class='ocrx_word' id='word_1_730' title='bbox 1095 2967 1220 2998; x_wconf 87' lang='lat' dir='ltr'>futurum</span> <span class='ocrx_word' id='word_1_731' title='bbox 1230 2967 1376 2998; x_wconf 83' lang='lat' dir='ltr'>abnueant.</span> 
     </span>
     <span class='ocr_line' id='line_1_77' title="bbox 289 3013 421 3034; baseline 0.015 -2"><span class='ocrx_word' id='word_1_732' title='bbox 289 3013 362 3033; x_wconf 87' lang='grc'>101116</span> <span class='ocrx_word' id='word_1_733' title='bbox 384 3014 421 3034; x_wconf 85' lang='grc'>63.</span> 
     </span>
    </p>

    <p class='ocr_par' dir='ltr' id='par_1_18' title="bbox 223 3041 1111 3081">
     <span class='ocr_line' id='line_1_78' title="bbox 223 3041 1111 3081; baseline 0.001 -11"><span class='ocrx_word' id='word_1_734' title='bbox 223 3041 438 3077; x_wconf 62' lang='grc' dir='ltr'>ΑΒΝυῖΤυκ,</span> <span class='ocrx_word' id='word_1_735' title='bbox 458 3041 570 3081; x_wconf 87' lang='lat' dir='ltr'>Imperf.</span> <span class='ocrx_word' id='word_1_736' title='bbox 593 3041 778 3078; x_wconf 68' lang='grc' dir='ltr'>[ἀπονεῦεπα]</span> <span class='ocrx_word' id='word_1_737' title='bbox 799 3041 856 3072; x_wconf 83' lang='lat' dir='ltr'>Liv.</span> <span class='ocrx_word' id='word_1_738' title='bbox 871 3052 895 3080; x_wconf 89' lang='lat'>3.</span> <span class='ocrx_word' id='word_1_739' title='bbox 908 3042 944 3072; x_wconf 91' lang='lat' dir='ltr'>ab</span> <span class='ocrx_word' id='word_1_740' title='bbox 956 3042 988 3071; x_wconf 90' lang='lat' dir='ltr'>U.</span> <span class='ocrx_word' id='word_1_741' title='bbox 1003 3041 1033 3071; x_wconf 92' lang='lat' dir='ltr'>C.</span> <span class='ocrx_word' id='word_1_742' title='bbox 1051 3051 1111 3079; x_wconf 86' lang='lat'>311.</span> 
     </span>
    </p>

    <p class='ocr_par' dir='ltr' id='par_1_19' title="bbox 223 3076 1377 3231">
     <span class='ocr_line' id='line_1_79' title="bbox 223 3076 1375 3117; baseline 0.005 -11"><span class='ocrx_word' id='word_1_743' title='bbox 223 3080 246 3108; x_wconf 84' lang='grc' dir='ltr'><strong>Δ</strong></span> <span class='ocrx_word' id='word_1_744' title='bbox 254 3088 268 3106; x_wconf 74' lang='grc' dir='ltr'><strong>Β</strong></span> <span class='ocrx_word' id='word_1_745' title='bbox 277 3088 297 3106; x_wconf 91' lang='grc' dir='ltr'>Ν</span> <span class='ocrx_word' id='word_1_746' title='bbox 305 3082 322 3106; x_wconf 81' lang='grc' dir='ltr'><strong>ῦ</strong></span> <span class='ocrx_word' id='word_1_747' title='bbox 330 3088 349 3106; x_wconf 72' lang='lat' dir='ltr'>‘r</span> <span class='ocrx_word' id='word_1_748' title='bbox 357 3089 373 3107; x_wconf 94' lang='lat' dir='ltr'>o</span> <span class='ocrx_word' id='word_1_749' title='bbox 384 3102 391 3114; x_wconf 91' lang='lat'>,</span> <span class='ocrx_word' id='word_1_750' title='bbox 420 3090 449 3110; x_wconf 79' lang='lat' dir='ltr'>as</span> <span class='ocrx_word' id='word_1_751' title='bbox 461 3103 469 3115; x_wconf 85' lang='lat'><strong>‚</strong></span> <span class='ocrx_word' id='word_1_752' title='bbox 505 3082 521 3117; x_wconf 95' lang='lat'>[</span> <span class='ocrx_word' id='word_1_753' title='bbox 528 3076 706 3117; x_wconf 62' lang='grc' dir='ltr'>ἀπονευετὲζω]</span> <span class='ocrx_word' id='word_1_754' title='bbox 736 3089 788 3109; x_wconf 86' lang='lat' dir='ltr'>are.</span> <span class='ocrx_word' id='word_1_755' title='bbox 836 3081 1004 3117; x_wconf 89' lang='lat' dir='ltr'>Frequenter</span> <span class='ocrx_word' id='word_1_756' title='bbox 1030 3079 1136 3117; x_wconf 84' lang='lat' dir='ltr'>fignum</span> <span class='ocrx_word' id='word_1_757' title='bbox 1162 3080 1251 3110; x_wconf 87' lang='lat' dir='ltr'>oculis</span> <span class='ocrx_word' id='word_1_758' title='bbox 1276 3081 1375 3112; x_wconf 83' lang='lat' dir='ltr'>facere.</span> 
     </span>
     <span class='ocr_line' id='line_1_80' title="bbox 259 3114 1377 3158; baseline 0.004 -14"><span class='ocrx_word' id='word_1_759' title='bbox 259 3114 345 3158; x_wconf 80' lang='lat' dir='ltr'>Plaut.</span> <span class='ocrx_word' id='word_1_760' title='bbox 359 3116 434 3154; x_wconf 84' lang='lat' dir='ltr'>Capt.</span> <span class='ocrx_word' id='word_1_761' title='bbox 450 3127 472 3153; x_wconf 83' lang='lat'>3.</span> <span class='ocrx_word' id='word_1_762' title='bbox 486 3130 511 3155; x_wconf 91' lang='lat'>4.</span> <span class='ocrx_word' id='word_1_763' title='bbox 528 3128 572 3156; x_wconf 80' lang='lat'>79.</span> <span class='ocrx_word' id='word_1_764' title='bbox 614 3117 735 3155; x_wconf 88' lang='lat' dir='ltr'>Longius</span> <span class='ocrx_word' id='word_1_765' title='bbox 745 3117 812 3155; x_wconf 90' lang='lat' dir='ltr'>quid</span> <span class='ocrx_word' id='word_1_766' title='bbox 826 3118 894 3147; x_wconf 87' lang='lat' dir='ltr'>mihi</span> <span class='ocrx_word' id='word_1_767' title='bbox 910 3117 1024 3147; x_wconf 88' lang='lat' dir='ltr'>abnutas</span> <span class='ocrx_word' id='word_1_768' title='bbox 1034 3119 1047 3146; x_wconf 72' lang='lat'>⁶?</span> <span class='ocrx_word' id='word_1_769' title='bbox 1078 3127 1105 3147; x_wconf 84' lang='lat' dir='ltr'>T.</span> <span class='ocrx_word' id='word_1_770' title='bbox 1124 3117 1174 3146; x_wconf 91' lang='lat' dir='ltr'>tibi</span> <span class='ocrx_word' id='word_1_771' title='bbox 1185 3128 1236 3154; x_wconf 76' lang='lat' dir='ltr'>ego</span> <span class='ocrx_word' id='word_1_772' title='bbox 1252 3118 1377 3149; x_wconf 78' lang='lat' dir='ltr'>abnuto?</span> 
     </span>
     <span class='ocr_line' id='line_1_81' title="bbox 260 3152 1376 3192; baseline 0.006 -11"><span class='ocrx_word' id='word_1_773' title='bbox 260 3152 318 3182; x_wconf 84' lang='lat' dir='ltr'>Cic.</span> <span class='ocrx_word' id='word_1_774' title='bbox 343 3163 366 3189; x_wconf 90' lang='lat'>3.</span> <span class='ocrx_word' id='word_1_775' title='bbox 392 3155 427 3184; x_wconf 93' lang='lat' dir='ltr'>de</span> <span class='ocrx_word' id='word_1_776' title='bbox 447 3156 522 3185; x_wconf 83' lang='lat' dir='ltr'>Orat.</span> <span class='ocrx_word' id='word_1_777' title='bbox 542 3159 603 3185; x_wconf 89' lang='lat'>162.</span> <span class='ocrx_word' id='word_1_778' title='bbox 644 3155 786 3192; x_wconf 79' lang='lat' dir='ltr'>Quidnam</span> <span class='ocrx_word' id='word_1_779' title='bbox 806 3156 844 3185; x_wconf 88' lang='lat' dir='ltr'>est</span> <span class='ocrx_word' id='word_1_780' title='bbox 867 3155 1003 3185; x_wconf 72' lang='lat' dir='ltr'>obsecro?</span> <span class='ocrx_word' id='word_1_781' title='bbox 1033 3155 1101 3192; x_wconf 82' lang='lat' dir='ltr'>quid</span> <span class='ocrx_word' id='word_1_782' title='bbox 1114 3161 1142 3184; x_wconf 89' lang='lat' dir='ltr'>te</span> <span class='ocrx_word' id='word_1_783' title='bbox 1157 3156 1225 3184; x_wconf 89' lang='lat' dir='ltr'>adiri</span> <span class='ocrx_word' id='word_1_784' title='bbox 1238 3156 1376 3188; x_wconf 81' lang='lat' dir='ltr'>abnutas‘?</span> 
     </span>
     <span class='ocr_line' id='line_1_82' title="bbox 257 3189 834 3231; baseline 0.007 -12"><span class='ocrx_word' id='word_1_785' title='bbox 257 3189 292 3219; x_wconf 80' lang='lat' dir='ltr'>Id</span> <span class='ocrx_word' id='word_1_786' title='bbox 303 3191 341 3219; x_wconf 87' lang='lat' dir='ltr'>est</span> <span class='ocrx_word' id='word_1_787' title='bbox 349 3213 357 3226; x_wconf 85' lang='grc'>,</span> <span class='ocrx_word' id='word_1_788' title='bbox 377 3191 473 3222; x_wconf 84' lang='lat' dir='ltr'>abnuis</span> <span class='ocrx_word' id='word_1_789' title='bbox 485 3195 511 3223; x_wconf 75' lang='lat' dir='ltr'>«Sc</span> <span class='ocrx_word' id='word_1_790' title='bbox 522 3193 628 3223; x_wconf 88' lang='lat' dir='ltr'>recusas</span> <span class='ocrx_word' id='word_1_791' title='bbox 638 3193 684 3222; x_wconf 89' lang='lat' dir='ltr'>seu</span> <span class='ocrx_word' id='word_1_792' title='bbox 697 3192 834 3231; x_wconf 88' lang='lat' dir='ltr'>prohibes.</span> 
     </span>
    </p>

    <p class='ocr_par' dir='ltr' id='par_1_20' title="bbox 222 3228 1377 3381">
     <span class='ocr_line' id='line_1_83' title="bbox 222 3228 1376 3271; baseline 0.004 -15"><span class='ocrx_word' id='word_1_793' title='bbox 222 3228 244 3257; x_wconf 76' lang='lat' dir='ltr'>A</span> <span class='ocrx_word' id='word_1_794' title='bbox 252 3237 267 3256; x_wconf 82' lang='lat' dir='ltr'>B</span> <span class='ocrx_word' id='word_1_795' title='bbox 277 3237 298 3256; x_wconf 89' lang='grc' dir='ltr'>Ν</span> <span class='ocrx_word' id='word_1_796' title='bbox 306 3238 324 3271; x_wconf 74' lang='lat' dir='ltr'>u</span> <span class='ocrx_word' id='word_1_797' title='bbox 332 3237 352 3256; x_wconf 66' lang='lat' dir='ltr'>*r</span> <span class='ocrx_word' id='word_1_798' title='bbox 360 3239 367 3256; x_wconf 87' lang='lat'>1</span> <span class='ocrx_word' id='word_1_799' title='bbox 375 3239 393 3257; x_wconf 94' lang='lat' dir='ltr'>v</span> <span class='ocrx_word' id='word_1_800' title='bbox 403 3239 448 3258; x_wconf 73' lang='lat' dir='ltr'>um</span> <span class='ocrx_word' id='word_1_801' title='bbox 458 3252 466 3265; x_wconf 89' lang='lat'>,</span> <span class='ocrx_word' id='word_1_802' title='bbox 483 3229 655 3267; x_wconf 55' lang='lat' dir='ltr'>[ok-nimmia]</span> <span class='ocrx_word' id='word_1_803' title='bbox 674 3230 808 3260; x_wconf 73' lang='lat' dir='ltr'>Diss&#39;ensro</span> <span class='ocrx_word' id='word_1_804' title='bbox 816 3254 824 3267; x_wconf 91' lang='lat'>,</span> <span class='ocrx_word' id='word_1_805' title='bbox 840 3230 967 3260; x_wconf 80' lang='lat' dir='ltr'>voluntas</span> <span class='ocrx_word' id='word_1_806' title='bbox 978 3230 1130 3265; x_wconf 87' lang='lat' dir='ltr'>contraria,</span> <span class='ocrx_word' id='word_1_807' title='bbox 1145 3228 1193 3258; x_wconf 82' lang='lat' dir='ltr'>sed</span> <span class='ocrx_word' id='word_1_808' title='bbox 1203 3230 1258 3259; x_wconf 82' lang='lat' dir='ltr'>sine</span> <span class='ocrx_word' id='word_1_809' title='bbox 1267 3233 1376 3263; x_wconf 66' lang='lat' dir='ltr'>afflone</span> 
     </span>
     <span class='ocr_line' id='line_1_84' title="bbox 259 3265 1376 3307; baseline 0.005 -14"><span class='ocrx_word' id='word_1_810' title='bbox 259 3265 293 3293; x_wconf 87' lang='lat' dir='ltr'>ad</span> <span class='ocrx_word' id='word_1_811' title='bbox 311 3266 521 3303; x_wconf 86' lang='lat' dir='ltr'>impediendum</span> <span class='ocrx_word' id='word_1_812' title='bbox 532 3275 704 3307; x_wconf 81' lang='lat' dir='ltr'>exprompta.</span> <span class='ocrx_word' id='word_1_813' title='bbox 736 3268 810 3297; x_wconf 87' lang='lat' dir='ltr'>Paul.</span> <span class='ocrx_word' id='word_1_814' title='bbox 828 3270 857 3297; x_wconf 87' lang='lat' dir='ltr'>in</span> <span class='ocrx_word' id='word_1_815' title='bbox 874 3268 892 3297; x_wconf 89' lang='lat'>1.</span> <span class='ocrx_word' id='word_1_816' title='bbox 906 3273 949 3305; x_wconf 86' lang='lat'>83.</span> <span class='ocrx_word' id='word_1_817' title='bbox 973 3267 1006 3297; x_wconf 92' lang='lat' dir='ltr'>D.</span> <span class='ocrx_word' id='word_1_818' title='bbox 1026 3268 1061 3297; x_wconf 85' lang='lat' dir='ltr'>de</span> <span class='ocrx_word' id='word_1_819' title='bbox 1076 3267 1150 3296; x_wconf 87' lang='lat' dir='ltr'>verb.</span> <span class='ocrx_word' id='word_1_820' title='bbox 1169 3267 1280 3304; x_wconf 77' lang='lat' dir='ltr'>obligat.</span> <span class='ocrx_word' id='word_1_821' title='bbox 1319 3270 1376 3307; x_wconf 83' lang='lat' dir='ltr'>Qui</span> 
     </span>
     <span class='ocr_line' id='line_1_85' title="bbox 256 3302 1377 3368; baseline 0.008 -38"><span class='ocrx_word' id='word_1_822' title='bbox 256 3302 376 3368; x_wconf 76' lang='lat' dir='ltr'>¹spondet</span> <span class='ocrx_word' id='word_1_823' title='bbox 385 3304 481 3334; x_wconf 87' lang='lat' dir='ltr'>dolum</span> <span class='ocrx_word' id='word_1_824' title='bbox 489 3306 592 3335; x_wconf 86' lang='lat' dir='ltr'>malum</span> <span class='ocrx_word' id='word_1_825' title='bbox 602 3306 691 3336; x_wconf 82' lang='lat' dir='ltr'>abesse</span> <span class='ocrx_word' id='word_1_826' title='bbox 701 3328 710 3342; x_wconf 88' lang='lat'>,</span> <span class='ocrx_word' id='word_1_827' title='bbox 727 3306 921 3335; x_wconf 82' lang='lat' dir='ltr'>abfuturumve</span> <span class='ocrx_word' id='word_1_828' title='bbox 929 3305 982 3335; x_wconf 76' lang='lat' dir='ltr'>effe</span> <span class='ocrx_word' id='word_1_829' title='bbox 991 3328 999 3341; x_wconf 89' lang='lat'>,</span> <span class='ocrx_word' id='word_1_830' title='bbox 1019 3315 1078 3335; x_wconf 91' lang='lat' dir='ltr'>non</span> <span class='ocrx_word' id='word_1_831' title='bbox 1086 3304 1203 3343; x_wconf 75' lang='lat' dir='ltr'>simplex</span> <span class='ocrx_word' id='word_1_832' title='bbox 1212 3307 1377 3340; x_wconf 78' lang='lat' dir='ltr'>abnutivum.</span> 
     </span>
     <span class='ocr_line' id='line_1_86' title="bbox 267 3341 1010 3381; baseline 0.005 -13"><span class='ocrx_word' id='word_1_833' title='bbox 267 3341 375 3377; x_wconf 78' lang='lat' dir='ltr'>ponder</span> <span class='ocrx_word' id='word_1_834' title='bbox 382 3362 390 3376; x_wconf 84' lang='lat'>,</span> <span class='ocrx_word' id='word_1_835' title='bbox 410 3341 458 3371; x_wconf 89' lang='lat' dir='ltr'>sed</span> <span class='ocrx_word' id='word_1_836' title='bbox 468 3350 625 3374; x_wconf 88' lang='lat' dir='ltr'>curaturum</span> <span class='ocrx_word' id='word_1_837' title='bbox 633 3344 660 3374; x_wconf 89' lang='lat' dir='ltr'>se</span> <span class='ocrx_word' id='word_1_838' title='bbox 670 3367 679 3381; x_wconf 86' lang='lat'>,</span> <span class='ocrx_word' id='word_1_839' title='bbox 700 3350 733 3373; x_wconf 85' lang='lat' dir='ltr'>ut</span> <span class='ocrx_word' id='word_1_840' title='bbox 743 3343 824 3374; x_wconf 89' lang='lat' dir='ltr'>dolus</span> <span class='ocrx_word' id='word_1_841' title='bbox 836 3343 924 3374; x_wconf 84' lang='lat' dir='ltr'>malus</span> <span class='ocrx_word' id='word_1_842' title='bbox 935 3343 1010 3373; x_wconf 81' lang='lat' dir='ltr'>absit.</span> 
     </span>
    </p>
   </div>
   <div class='ocr_carea' id='block_1_10' title="bbox 656 3420 934 3455">
    <p class='ocr_par' dir='ltr' id='par_1_21' title="bbox 656 3420 934 3455">
     <span class='ocr_line' id='line_1_87' title="bbox 656 3420 934 3455; baseline 0 0"><span class='ocrx_word' id='word_1_843' title='bbox 656 3421 684 3455; x_wconf 88' lang='grc' dir='ltr'><strong>Δ</strong></span> <span class='ocrx_word' id='word_1_844' title='bbox 776 3420 801 3455; x_wconf 89' lang='grc' dir='ltr'>Β</span> <span class='ocrx_word' id='word_1_845' title='bbox 899 3420 934 3455; x_wconf 94' lang='lat' dir='ltr'>O</span> 
     </span>
    </p>
   </div>
   <div class='ocr_carea' id='block_1_11' title="bbox 216 3491 1373 3941">
    <p class='ocr_par' dir='ltr' id='par_1_22' title="bbox 219 3491 1373 3632">
     <span class='ocr_line' id='line_1_88' title="bbox 219 3491 1372 3535; baseline 0.007 -17"><span class='ocrx_word' id='word_1_846' title='bbox 219 3491 264 3519; x_wconf 63' lang='lat' dir='ltr'>AB</span> <span class='ocrx_word' id='word_1_847' title='bbox 273 3499 289 3518; x_wconf 94' lang='grc'>0</span> <span class='ocrx_word' id='word_1_848' title='bbox 299 3512 307 3525; x_wconf 91' lang='grc'>,</span> <span class='ocrx_word' id='word_1_849' title='bbox 327 3500 380 3520; x_wconf 87' lang='lat' dir='ltr'>are.</span> <span class='ocrx_word' id='word_1_850' title='bbox 405 3491 506 3535; x_wconf 75' lang='lat' dir='ltr'>blande</span> <span class='ocrx_word' id='word_1_851' title='bbox 518 3494 686 3531; x_wconf 87' lang='lat' dir='ltr'>compellare</span> <span class='ocrx_word' id='word_1_852' title='bbox 695 3518 703 3531; x_wconf 86' lang='lat'>,</span> <span class='ocrx_word' id='word_1_853' title='bbox 724 3498 751 3526; x_wconf 86' lang='lat'>&amp;</span> <span class='ocrx_word' id='word_1_854' title='bbox 764 3495 841 3526; x_wconf 80' lang='lat' dir='ltr'>velut</span> <span class='ocrx_word' id='word_1_855' title='bbox 851 3493 937 3524; x_wconf 81' lang='lat' dir='ltr'>Abam</span> <span class='ocrx_word' id='word_1_856' title='bbox 950 3492 994 3524; x_wconf 86' lang='lat' dir='ltr'>vel</span> <span class='ocrx_word' id='word_1_857' title='bbox 1004 3493 1125 3530; x_wconf 85' lang='lat' dir='ltr'>Abbam,</span> <span class='ocrx_word' id='word_1_858' title='bbox 1146 3495 1163 3524; x_wconf 87' lang='lat' dir='ltr'>i.</span> <span class='ocrx_word' id='word_1_859' title='bbox 1178 3505 1202 3524; x_wconf 88' lang='lat' dir='ltr'>e.</span> <span class='ocrx_word' id='word_1_860' title='bbox 1218 3495 1372 3533; x_wconf 81' lang='lat' dir='ltr'>Parentem,</span> 
     </span>
     <span class='ocr_line' id='line_1_89' title="bbox 255 3527 1373 3571; baseline 0.002 -15"><span class='ocrx_word' id='word_1_861' title='bbox 255 3527 316 3563; x_wconf 87' lang='lat' dir='ltr'>vel,</span> <span class='ocrx_word' id='word_1_862' title='bbox 346 3536 377 3571; x_wconf 84' lang='lat' dir='ltr'>ut</span> <span class='ocrx_word' id='word_1_863' title='bbox 391 3529 435 3558; x_wconf 84' lang='lat' dir='ltr'>alu</span> <span class='ocrx_word' id='word_1_864' title='bbox 449 3530 563 3565; x_wconf 89' lang='lat' dir='ltr'>volunt,</span> <span class='ocrx_word' id='word_1_865' title='bbox 596 3540 626 3560; x_wconf 91' lang='lat' dir='ltr'>ut</span> <span class='ocrx_word' id='word_1_866' title='bbox 639 3533 749 3562; x_wconf 82' lang='lat' dir='ltr'>fratrem</span> <span class='ocrx_word' id='word_1_867' title='bbox 767 3534 911 3562; x_wconf 86' lang='lat' dir='ltr'>honorare.</span> <span class='ocrx_word' id='word_1_868' title='bbox 950 3533 1023 3562; x_wconf 80' lang='lat' dir='ltr'>Nam</span> <span class='ocrx_word' id='word_1_869' title='bbox 1040 3532 1159 3569; x_wconf 80' lang='lat' dir='ltr'>Scaliger</span> <span class='ocrx_word' id='word_1_870' title='bbox 1173 3542 1221 3570; x_wconf 83' lang='lat' dir='ltr'>per</span> <span class='ocrx_word' id='word_1_871' title='bbox 1236 3530 1373 3569; x_wconf 52' lang='lat' dir='ltr'>oehnoi&#39;gm</span> 
     </span>
     <span class='ocr_line' id='line_1_90' title="bbox 253 3567 1373 3632; baseline 0.008 -39"><span class='ocrx_word' id='word_1_872' title='bbox 253 3572 376 3632; x_wconf 44' lang='lat' dir='ltr'>{xpiqmt</span> <span class='ocrx_word' id='word_1_873' title='bbox 416 3567 447 3595; x_wconf 93' lang='lat' dir='ltr'>V.</span> <span class='ocrx_word' id='word_1_874' title='bbox 469 3569 528 3603; x_wconf 86' lang='lat' dir='ltr'>ejus</span> <span class='ocrx_word' id='word_1_875' title='bbox 541 3567 614 3598; x_wconf 63' lang='lat' dir='ltr'>Leo.</span> <span class='ocrx_word' id='word_1_876' title='bbox 633 3570 731 3600; x_wconf 77' lang='lat' dir='ltr'>Auson.</span> <span class='ocrx_word' id='word_1_877' title='bbox 749 3581 771 3601; x_wconf 89' lang='lat'>1.</span> <span class='ocrx_word' id='word_1_878' title='bbox 790 3581 833 3608; x_wconf 90' lang='lat'>29.</span> <span class='ocrx_word' id='word_1_879' title='bbox 850 3581 876 3609; x_wconf 87' lang='lat' dir='ltr'>p.</span> <span class='ocrx_word' id='word_1_880' title='bbox 891 3575 936 3607; x_wconf 85' lang='lat'>84.</span> <span class='ocrx_word' id='word_1_881' title='bbox 962 3569 1036 3608; x_wconf 22' lang='lat' dir='ltr'>,lpse</span> <span class='ocrx_word' id='word_1_882' title='bbox 1056 3570 1192 3600; x_wconf 79' lang='lat' dir='ltr'>Ausonius</span> <span class='ocrx_word' id='word_1_883' title='bbox 1211 3571 1247 3600; x_wconf 86' lang='lat' dir='ltr'>ad</span> <span class='ocrx_word' id='word_1_884' title='bbox 1265 3570 1373 3603; x_wconf 70' lang='lat' dir='ltr'>Patrem</span> 
     </span>
    </p>

    <p class='ocr_par' dir='ltr' id='par_1_23' title="bbox 267 3613 1208 3717">
     <span class='ocr_line' id='line_1_91' title="bbox 267 3613 1208 3640; baseline 0.009 -9"><span class='ocrx_word' id='word_1_885' title='bbox 267 3613 305 3640; x_wconf 66' lang='lat' dir='ltr'>.p1</span> <span class='ocrx_word' id='word_1_886' title='bbox 331 3626 337 3632; x_wconf 98' lang='lat'>.</span> <span class='ocrx_word' id='word_1_887' title='bbox 352 3613 373 3632; x_wconf 91' lang='lat'>1.</span> <span class='ocrx_word' id='word_1_888' title='bbox 387 3613 411 3632; x_wconf 92' lang='lat' dir='ltr'>v.</span> <span class='ocrx_word' id='word_1_889' title='bbox 428 3614 468 3640; x_wconf 83' lang='lat'>13.</span> <span class='ocrx_word' id='word_1_890' title='bbox 1206 3613 1208 3615; x_wconf 84' lang='lat'>&#39;</span> 
     </span>
     <span class='ocr_line' id='line_1_92' title="bbox 407 3642 729 3684; baseline 0.016 -15"><span class='ocrx_word' id='word_1_891' title='bbox 407 3642 530 3684; x_wconf 42' lang='lat' dir='ltr'>-ssNam</span> <span class='ocrx_word' id='word_1_892' title='bbox 543 3643 665 3680; x_wconf 80' lang='lat' dir='ltr'>supparis</span> <span class='ocrx_word' id='word_1_893' title='bbox 680 3646 729 3674; x_wconf 65' lang='lat' dir='ltr'>a‘vi</span> 
     </span>
     <span class='ocr_line' id='line_1_93' title="bbox 336 3676 981 3717; baseline 0.008 -11"><span class='ocrx_word' id='word_1_894' title='bbox 336 3676 403 3706; x_wconf 85' lang='lat' dir='ltr'>sum</span> <span class='ocrx_word' id='word_1_895' title='bbox 415 3678 463 3707; x_wconf 85' lang='lat' dir='ltr'>tlbl</span> <span class='ocrx_word' id='word_1_896' title='bbox 474 3689 527 3715; x_wconf 68' lang='lat' dir='ltr'>ego</span> <span class='ocrx_word' id='word_1_897' title='bbox 537 3702 544 3714; x_wconf 88' lang='lat'>,</span> <span class='ocrx_word' id='word_1_898' title='bbox 566 3682 590 3710; x_wconf 66' lang='grc' dir='ltr'>ὁὶ</span> <span class='ocrx_word' id='word_1_899' title='bbox 603 3682 709 3717; x_wconf 83' lang='lat' dir='ltr'>poss&#39;um</span> <span class='ocrx_word' id='word_1_900' title='bbox 719 3682 806 3711; x_wconf 81' lang='lat' dir='ltr'>fratris</span> <span class='ocrx_word' id='word_1_901' title='bbox 818 3682 898 3712; x_wconf 88' lang='lat' dir='ltr'>abare</span> <span class='ocrx_word' id='word_1_902' title='bbox 910 3682 981 3711; x_wconf 87' lang='lat' dir='ltr'>vice.</span> 
     </span>
    </p>

    <p class='ocr_par' dir='ltr' id='par_1_24' title="bbox 218 3712 1370 3794">
     <span class='ocr_line' id='line_1_94' title="bbox 218 3712 1370 3759; baseline 0.009 -19"><span class='ocrx_word' id='word_1_903' title='bbox 218 3712 240 3741; x_wconf 87' lang='lat' dir='ltr'>A</span> <span class='ocrx_word' id='word_1_904' title='bbox 249 3722 262 3740; x_wconf 78' lang='grc'>11</span> <span class='ocrx_word' id='word_1_905' title='bbox 271 3722 288 3740; x_wconf 93' lang='grc'>0</span> <span class='ocrx_word' id='word_1_906' title='bbox 296 3723 310 3740; x_wconf 80' lang='lat' dir='ltr'><strong>ss</strong></span> <span class='ocrx_word' id='word_1_907' title='bbox 319 3723 334 3740; x_wconf 78' lang='lat' dir='ltr'><strong>R</strong></span> <span class='ocrx_word' id='word_1_908' title='bbox 343 3725 351 3742; x_wconf 90' lang='lat'>1</span> <span class='ocrx_word' id='word_1_909' title='bbox 359 3724 402 3743; x_wconf 77' lang='lat' dir='ltr'>CA</span> <span class='ocrx_word' id='word_1_910' title='bbox 412 3738 420 3750; x_wconf 87' lang='lat'>,</span> <span class='ocrx_word' id='word_1_911' title='bbox 444 3726 545 3759; x_wconf 81' lang='lat' dir='ltr'>nomen</span> <span class='ocrx_word' id='word_1_912' title='bbox 559 3719 596 3746; x_wconf 86' lang='lat' dir='ltr'>est</span> <span class='ocrx_word' id='word_1_913' title='bbox 607 3719 717 3756; x_wconf 82' lang='lat' dir='ltr'>inlignis</span> <span class='ocrx_word' id='word_1_914' title='bbox 728 3720 825 3757; x_wconf 86' lang='lat' dir='ltr'>oppidi</span> <span class='ocrx_word' id='word_1_915' title='bbox 840 3721 868 3748; x_wconf 90' lang='lat' dir='ltr'>in</span> <span class='ocrx_word' id='word_1_916' title='bbox 880 3721 1006 3748; x_wconf 87' lang='lat' dir='ltr'>citeriore</span> <span class='ocrx_word' id='word_1_917' title='bbox 1019 3718 1150 3757; x_wconf 80' lang='lat' dir='ltr'>Hispania</span> <span class='ocrx_word' id='word_1_918' title='bbox 1159 3742 1167 3755; x_wconf 82' lang='lat'>‚</span> <span class='ocrx_word' id='word_1_919' title='bbox 1189 3721 1219 3749; x_wconf 86' lang='lat' dir='ltr'>in</span> <span class='ocrx_word' id='word_1_920' title='bbox 1229 3727 1370 3750; x_wconf 83' lang='lat' dir='ltr'>conventu</span> 
     </span>
     <span class='ocr_line' id='line_1_95' title="bbox 254 3750 1228 3794; baseline 0.009 -16"><span class='ocrx_word' id='word_1_921' title='bbox 254 3750 433 3786; x_wconf 78' lang='lat' dir='ltr'>Braceamm,</span> <span class='ocrx_word' id='word_1_922' title='bbox 461 3753 527 3782; x_wconf 80' lang='lat' dir='ltr'>Plrn.</span> <span class='ocrx_word' id='word_1_923' title='bbox 546 3755 591 3783; x_wconf 92' lang='lat' dir='ltr'>lib.</span> <span class='ocrx_word' id='word_1_924' title='bbox 605 3767 630 3791; x_wconf 90' lang='lat'>4.</span> <span class='ocrx_word' id='word_1_925' title='bbox 647 3766 706 3793; x_wconf 85' lang='lat' dir='ltr'>cap.</span> <span class='ocrx_word' id='word_1_926' title='bbox 720 3767 763 3785; x_wconf 80' lang='lat'>20.</span> <span class='ocrx_word' id='word_1_927' title='bbox 804 3757 967 3786; x_wconf 71' lang='lat' dir='ltr'>Ptolema‘us</span> <span class='ocrx_word' id='word_1_928' title='bbox 981 3765 1062 3786; x_wconf 82' lang='lat' dir='ltr'>vocat</span> <span class='ocrx_word' id='word_1_929' title='bbox 1080 3758 1228 3794; x_wconf 49' lang='grc' dir='ltr'>δ’ἐέοκςψεν.</span> 
     </span>
    </p>

    <p class='ocr_par' dir='ltr' id='par_1_25' title="bbox 217 3787 1043 3832">
     <span class='ocr_line' id='line_1_96' title="bbox 217 3787 1043 3832; baseline 0.01 -17"><span class='ocrx_word' id='word_1_930' title='bbox 217 3787 237 3815; x_wconf 84' lang='grc' dir='ltr'>Α</span> <span class='ocrx_word' id='word_1_931' title='bbox 247 3798 371 3817; x_wconf 65' lang='lat' dir='ltr'>soccis</span> <span class='ocrx_word' id='word_1_932' title='bbox 382 3811 389 3824; x_wconf 84' lang='lat'>,</span> <span class='ocrx_word' id='word_1_933' title='bbox 411 3790 557 3828; x_wconf 79' lang='lat' dir='ltr'>JEthiopia:</span> <span class='ocrx_word' id='word_1_934' title='bbox 566 3794 722 3829; x_wconf 69' lang='lat' dir='ltr'>oppidum,</span> <span class='ocrx_word' id='word_1_935' title='bbox 744 3794 809 3823; x_wconf 84' lang='lat' dir='ltr'>Plin.</span> <span class='ocrx_word' id='word_1_936' title='bbox 826 3794 871 3823; x_wconf 85' lang='lat' dir='ltr'>lib.</span> <span class='ocrx_word' id='word_1_937' title='bbox 885 3799 908 3823; x_wconf 89' lang='lat'>6.</span> <span class='ocrx_word' id='word_1_938' title='bbox 924 3805 985 3832; x_wconf 84' lang='lat' dir='ltr'>cap.</span> <span class='ocrx_word' id='word_1_939' title='bbox 998 3805 1043 3824; x_wconf 91' lang='lat'>20.</span> 
     </span>
    </p>

    <p class='ocr_par' dir='ltr' id='par_1_26' title="bbox 216 3825 1370 3905">
     <span class='ocr_line' id='line_1_97' title="bbox 216 3825 1370 3891; baseline 0.009 -39"><span class='ocrx_word' id='word_1_940' title='bbox 216 3825 237 3853; x_wconf 82' lang='lat' dir='ltr'>A</span> <span class='ocrx_word' id='word_1_941' title='bbox 246 3835 259 3852; x_wconf 75' lang='grc'>11</span> <span class='ocrx_word' id='word_1_942' title='bbox 268 3835 333 3890; x_wconf 48' lang='lat' dir='ltr'>olrtii</span> <span class='ocrx_word' id='word_1_943' title='bbox 345 3835 364 3854; x_wconf 92' lang='grc' dir='ltr'>Ν</span> <span class='ocrx_word' id='word_1_944' title='bbox 368 3837 406 3891; x_wconf 75' lang='lat' dir='ltr'>sb</span> <span class='ocrx_word' id='word_1_945' title='bbox 419 3826 481 3856; x_wconf 84' lang='lat' dir='ltr'>sunt</span> <span class='ocrx_word' id='word_1_946' title='bbox 494 3829 591 3866; x_wconf 86' lang='lat' dir='ltr'>populi</span> <span class='ocrx_word' id='word_1_947' title='bbox 601 3829 684 3859; x_wconf 80' lang='lat' dir='ltr'>ltaliae</span> <span class='ocrx_word' id='word_1_948' title='bbox 693 3853 702 3866; x_wconf 89' lang='lat'>,</span> <span class='ocrx_word' id='word_1_949' title='bbox 724 3831 883 3860; x_wconf 79' lang='lat' dir='ltr'>Albensibus</span> <span class='ocrx_word' id='word_1_950' title='bbox 897 3833 1017 3868; x_wconf 75' lang='lat' dir='ltr'>proximi</span> <span class='ocrx_word' id='word_1_951' title='bbox 1027 3855 1035 3868; x_wconf 83' lang='lat'>‚</span> <span class='ocrx_word' id='word_1_952' title='bbox 1055 3833 1127 3862; x_wconf 89' lang='lat' dir='ltr'>inter</span> <span class='ocrx_word' id='word_1_953' title='bbox 1136 3832 1270 3863; x_wconf 84' lang='lat' dir='ltr'>Latinosa</span> <span class='ocrx_word' id='word_1_954' title='bbox 1280 3832 1370 3862; x_wconf 87' lang='lat' dir='ltr'>Plinio</span> 
     </span>
     <span class='ocr_line' id='line_1_98' title="bbox 253 3872 568 3905; baseline 0.019 -16"><span class='ocrx_word' id='word_1_955' title='bbox 253 3872 308 3891; x_wconf 77' lang='lat' dir='ltr'>reu</span> <span class='ocrx_word' id='word_1_956' title='bbox 323 3873 347 3898; x_wconf 87' lang='grc'>1,</span> <span class='ocrx_word' id='word_1_957' title='bbox 380 3873 455 3905; x_wconf 72' lang='lat'>1.3.</span> <span class='ocrx_word' id='word_1_958' title='bbox 472 3876 530 3902; x_wconf 78' lang='lat' dir='ltr'>cap.</span> <span class='ocrx_word' id='word_1_959' title='bbox 547 3877 568 3900; x_wconf 84' lang='lat'>5.</span> 
     </span>
    </p>

    <p class='ocr_par' dir='ltr' id='par_1_27' title="bbox 217 3899 1370 3941">
     <span class='ocr_line' id='line_1_99' title="bbox 217 3899 1370 3941; baseline 0.01 -13"><span class='ocrx_word' id='word_1_960' title='bbox 217 3899 283 3928; x_wconf 65' lang='lat' dir='ltr'>Auo</span> <span class='ocrx_word' id='word_1_961' title='bbox 292 3910 307 3928; x_wconf 83' lang='lat'>1.</span> <span class='ocrx_word' id='word_1_962' title='bbox 317 3910 356 3929; x_wconf 72' lang='lat' dir='ltr'>Eo</span> <span class='ocrx_word' id='word_1_963' title='bbox 367 3922 374 3936; x_wconf 87' lang='lat'><em>‚</em></span> <span class='ocrx_word' id='word_1_964' title='bbox 396 3911 438 3930; x_wconf 79' lang='lat' dir='ltr'>evi</span> <span class='ocrx_word' id='word_1_965' title='bbox 454 3903 479 3931; x_wconf 73' lang='lat' dir='ltr'>Sc</span> <span class='ocrx_word' id='word_1_966' title='bbox 494 3904 540 3939; x_wconf 84' lang='lat' dir='ltr'>ui,</span> <span class='ocrx_word' id='word_1_967' title='bbox 560 3904 630 3932; x_wconf 89' lang='lat' dir='ltr'>itum</span> <span class='ocrx_word' id='word_1_968' title='bbox 641 3925 649 3939; x_wconf 83' lang='lat'>‚</span> <span class='ocrx_word' id='word_1_969' title='bbox 677 3904 818 3940; x_wconf 68' lang='grc' dir='ltr'>[ὲξαλείφω</span> <span class='ocrx_word' id='word_1_970' title='bbox 827 3923 835 3937; x_wconf 92' lang='lat'><em>,</em></span> <span class='ocrx_word' id='word_1_971' title='bbox 856 3904 991 3941; x_wconf 66' lang='grc' dir='ltr'>ἁφανιζω]</span> <span class='ocrx_word' id='word_1_972' title='bbox 1017 3916 1071 3936; x_wconf 84' lang='lat' dir='ltr'>ere.</span> <span class='ocrx_word' id='word_1_973' title='bbox 1110 3907 1236 3939; x_wconf 86' lang='lat' dir='ltr'>Onmino</span> <span class='ocrx_word' id='word_1_974' title='bbox 1249 3908 1370 3939; x_wconf 63' lang='grc'>16111161-</span> 
     </span>
    </p>
   </div>
   <div class='ocr_carea' id='block_1_12' title="bbox 1857 90 2140 127">
    <p class='ocr_par' dir='ltr' id='par_1_28' title="bbox 1857 90 2140 127">
     <span class='ocr_line' id='line_1_100' title="bbox 1857 90 2140 127; baseline -0.014 0"><span class='ocrx_word' id='word_1_975' title='bbox 1857 91 1885 127; x_wconf 80' lang='lat' dir='ltr'><strong>A</strong></span> <span class='ocrx_word' id='word_1_976' title='bbox 1983 91 2006 124; x_wconf 93' lang='lat' dir='ltr'>B</span> <span class='ocrx_word' id='word_1_977' title='bbox 2104 90 2140 124; x_wconf 89' lang='grc' dir='ltr'>Ο</span> 
     </span>
    </p>
   </div>
   <div class='ocr_carea' id='block_1_13' title="bbox 1493 169 2612 277">
    <p class='ocr_par' dir='ltr' id='par_1_29' title="bbox 1493 169 2612 277">
     <span class='ocr_line' id='line_1_101' title="bbox 1493 169 2612 208; baseline -0.004 -6"><span class='ocrx_word' id='word_1_978' title='bbox 1493 172 1567 208; x_wconf 84' lang='lat' dir='ltr'>lere,</span> <span class='ocrx_word' id='word_1_979' title='bbox 1594 172 1686 202; x_wconf 84' lang='lat' dir='ltr'>delere</span> <span class='ocrx_word' id='word_1_980' title='bbox 1698 195 1706 207; x_wconf 96' lang='lat'>,</span> <span class='ocrx_word' id='word_1_981' title='bbox 1735 172 1881 202; x_wconf 78' lang='lat' dir='ltr'>obliterare</span> <span class='ocrx_word' id='word_1_982' title='bbox 1896 195 1904 208; x_wconf 92' lang='lat'>,</span> <span class='ocrx_word' id='word_1_983' title='bbox 1932 170 1970 201; x_wconf 89' lang='lat' dir='ltr'>ita</span> <span class='ocrx_word' id='word_1_984' title='bbox 1984 178 2015 201; x_wconf 86' lang='lat' dir='ltr'>ut</span> <span class='ocrx_word' id='word_1_985' title='bbox 2029 181 2064 201; x_wconf 85' lang='lat' dir='ltr'>ne</span> <span class='ocrx_word' id='word_1_986' title='bbox 2078 171 2148 200; x_wconf 88' lang='lat' dir='ltr'>odor</span> <span class='ocrx_word' id='word_1_987' title='bbox 2170 170 2283 208; x_wconf 86' lang='lat' dir='ltr'>quidem</span> <span class='ocrx_word' id='word_1_988' title='bbox 2294 170 2336 200; x_wconf 85' lang='lat' dir='ltr'>rei</span> <span class='ocrx_word' id='word_1_989' title='bbox 2355 170 2416 206; x_wconf 75' lang='lat' dir='ltr'>eJus</span> <span class='ocrx_word' id='word_1_990' title='bbox 2434 169 2612 206; x_wconf 75' lang='lat' dir='ltr'>relinquatur.</span> 
     </span>
     <span class='ocr_line' id='line_1_102' title="bbox 1494 210 1805 249; baseline 0 -9"><span class='ocrx_word' id='word_1_991' title='bbox 1494 211 1565 249; x_wconf 83' lang='lat' dir='ltr'>Virg.</span> <span class='ocrx_word' id='word_1_992' title='bbox 1580 222 1604 247; x_wconf 91' lang='lat'>4.</span> <span class='ocrx_word' id='word_1_993' title='bbox 1622 210 1729 241; x_wconf 83' lang='lat' dir='ltr'>AEneid.</span> <span class='ocrx_word' id='word_1_994' title='bbox 1742 220 1805 246; x_wconf 79' lang='lat'>497.</span> 
     </span>
     <span class='ocr_line' id='line_1_103' title="bbox 1648 247 1927 277; baseline 0 -1"><span class='ocrx_word' id='word_1_995' title='bbox 1648 268 1682 272; x_wconf 90' lang='lat'>--</span> <span class='ocrx_word' id='word_1_996' title='bbox 1691 248 1799 277; x_wconf 81' lang='lat' dir='ltr'>abolere</span> <span class='ocrx_word' id='word_1_997' title='bbox 1814 247 1927 276; x_wconf 76' lang='lat' dir='ltr'>nefandi</span> 
     </span>
    </p>
   </div>
   <div class='ocr_carea' id='block_1_14' title="bbox 1493 284 2616 359">
    <p class='ocr_par' dir='ltr' id='par_1_30' title="bbox 1493 284 2616 359">
     <span class='ocr_line' id='line_1_104' title="bbox 1515 284 2037 319; baseline -0.002 -5"><span class='ocrx_word' id='word_1_998' title='bbox 1515 301 1517 307; x_wconf 63' lang='lat'>.</span> <span class='ocrx_word' id='word_1_999' title='bbox 1573 285 1680 314; x_wconf 67' lang='lat' dir='ltr'>&#39;Cuncta</span> <span class='ocrx_word' id='word_1_1000' title='bbox 1693 286 1742 313; x_wconf 91' lang='lat' dir='ltr'>viri</span> <span class='ocrx_word' id='word_1_1001' title='bbox 1757 292 1938 314; x_wconf 86' lang='lat' dir='ltr'>monumenta</span> <span class='ocrx_word' id='word_1_1002' title='bbox 1952 284 2037 319; x_wconf 82' lang='lat' dir='ltr'>iubet.</span> 
     </span>
     <span class='ocr_line' id='line_1_105' title="bbox 1493 317 2616 359; baseline -0.005 -7"><span class='ocrx_word' id='word_1_1003' title='bbox 1493 322 1697 352; x_wconf 79' lang='lat' dir='ltr'>Conscientiam</span> <span class='ocrx_word' id='word_1_1004' title='bbox 1709 324 1815 359; x_wconf 78' lang='lat' dir='ltr'>generis</span> <span class='ocrx_word' id='word_1_1005' title='bbox 1826 323 1937 351; x_wconf 87' lang='lat' dir='ltr'>humani</span> <span class='ocrx_word' id='word_1_1006' title='bbox 1950 322 2067 351; x_wconf 85' lang='lat' dir='ltr'>abolere.</span> <span class='ocrx_word' id='word_1_1007' title='bbox 2107 321 2170 351; x_wconf 86' lang='lat' dir='ltr'>Hoc</span> <span class='ocrx_word' id='word_1_1008' title='bbox 2182 321 2219 350; x_wconf 84' lang='lat' dir='ltr'>est</span> <span class='ocrx_word' id='word_1_1009' title='bbox 2228 343 2236 355; x_wconf 89' lang='lat'>,</span> <span class='ocrx_word' id='word_1_1010' title='bbox 2258 320 2347 349; x_wconf 75' lang='lat' dir='ltr'>facere</span> <span class='ocrx_word' id='word_1_1011' title='bbox 2360 326 2392 347; x_wconf 87' lang='lat' dir='ltr'>ut</span> <span class='ocrx_word' id='word_1_1012' title='bbox 2402 319 2530 348; x_wconf 87' lang='lat' dir='ltr'>homines</span> <span class='ocrx_word' id='word_1_1013' title='bbox 2544 317 2616 347; x_wconf 66' lang='lat' dir='ltr'>obli&lt;</span> 
     </span>
    </p>
   </div>
   <div class='ocr_carea' id='block_1_15' title="bbox 1448 358 2654 2175">
    <p class='ocr_par' dir='ltr' id='par_1_31' title="bbox 1513 358 2654 510">
     <span class='ocr_line' id='line_1_106' title="bbox 1513 358 2615 397; baseline -0.005 -8"><span class='ocrx_word' id='word_1_1014' title='bbox 1513 360 1657 389; x_wconf 88' lang='lat' dir='ltr'>viscantur.</span> <span class='ocrx_word' id='word_1_1015' title='bbox 1683 360 1772 389; x_wconf 81' lang='lat' dir='ltr'>Tacit.</span> <span class='ocrx_word' id='word_1_1016' title='bbox 1785 361 1813 389; x_wconf 89' lang='lat' dir='ltr'>in</span> <span class='ocrx_word' id='word_1_1017' title='bbox 1828 361 1874 389; x_wconf 84' lang='lat' dir='ltr'>vit.</span> <span class='ocrx_word' id='word_1_1018' title='bbox 1888 361 1974 397; x_wconf 71' lang='lat' dir='ltr'>Agric.</span> <span class='ocrx_word' id='word_1_1019' title='bbox 1991 370 2049 388; x_wconf 84' lang='lat' dir='ltr'>non</span> <span class='ocrx_word' id='word_1_1020' title='bbox 2066 359 2163 397; x_wconf 90' lang='lat' dir='ltr'>procul</span> <span class='ocrx_word' id='word_1_1021' title='bbox 2179 360 2212 387; x_wconf 79' lang='lat' dir='ltr'>ab</span> <span class='ocrx_word' id='word_1_1022' title='bbox 2224 358 2303 386; x_wconf 90' lang='lat' dir='ltr'>initio</span> <span class='ocrx_word' id='word_1_1023' title='bbox 2315 379 2321 391; x_wconf 77' lang='grc'>,</span> <span class='ocrx_word' id='word_1_1024' title='bbox 2344 366 2402 394; x_wconf 87' lang='lat' dir='ltr'>cap.</span> <span class='ocrx_word' id='word_1_1025' title='bbox 2416 366 2439 385; x_wconf 93' lang='lat'>2.</span> <span class='ocrx_word' id='word_1_1026' title='bbox 2469 363 2501 385; x_wconf 86' lang='lat' dir='ltr'>ut</span> <span class='ocrx_word' id='word_1_1027' title='bbox 2515 365 2615 384; x_wconf 82' lang='lat' dir='ltr'>monu-</span> 
     </span>
     <span class='ocr_line' id='line_1_107' title="bbox 1513 393 2654 434; baseline -0.004 -8"><span class='ocrx_word' id='word_1_1028' title='bbox 1513 405 1608 426; x_wconf 78' lang='lat' dir='ltr'>menta</span> <span class='ocrx_word' id='word_1_1029' title='bbox 1619 397 1825 427; x_wconf 75' lang='lat' dir='ltr'>clariffimorum</span> <span class='ocrx_word' id='word_1_1030' title='bbox 1836 398 2009 434; x_wconf 76' lang='lat' dir='ltr'>ingeniorum</span> <span class='ocrx_word' id='word_1_1031' title='bbox 2021 398 2050 426; x_wconf 92' lang='lat' dir='ltr'>in</span> <span class='ocrx_word' id='word_1_1032' title='bbox 2064 397 2178 425; x_wconf 86' lang='lat' dir='ltr'>comitio</span> <span class='ocrx_word' id='word_1_1033' title='bbox 2189 406 2220 424; x_wconf 86' lang='lat' dir='ltr'>ae</span> <span class='ocrx_word' id='word_1_1034' title='bbox 2232 395 2292 423; x_wconf 82' lang='lat' dir='ltr'>foro</span> <span class='ocrx_word' id='word_1_1035' title='bbox 2306 400 2458 423; x_wconf 88' lang='lat' dir='ltr'>urerentur.</span> <span class='ocrx_word' id='word_1_1036' title='bbox 2499 393 2613 423; x_wconf 82' lang='lat' dir='ltr'>Scilicet:</span> <span class='ocrx_word' id='word_1_1037' title='bbox 2652 403 2654 406; x_wconf 69' lang='grc'>’</span> 
     </span>
     <span class='ocr_line' id='line_1_108' title="bbox 1515 430 2615 473; baseline -0.003 -10"><span class='ocrx_word' id='word_1_1038' title='bbox 1515 435 1564 463; x_wconf 86' lang='grc'>1110</span> <span class='ocrx_word' id='word_1_1039' title='bbox 1578 437 1639 473; x_wconf 40' lang='lat' dir='ltr'>igne</span> <span class='ocrx_word' id='word_1_1040' title='bbox 1648 444 1746 464; x_wconf 87' lang='lat' dir='ltr'>vocem</span> <span class='ocrx_word' id='word_1_1041' title='bbox 1757 435 1854 473; x_wconf 84' lang='lat' dir='ltr'>populi</span> <span class='ocrx_word' id='word_1_1042' title='bbox 1864 435 1980 464; x_wconf 79' lang='lat' dir='ltr'>Romani</span> <span class='ocrx_word' id='word_1_1043' title='bbox 1991 457 1998 469; x_wconf 96' lang='lat'>,</span> <span class='ocrx_word' id='word_1_1044' title='bbox 2020 435 2211 464; x_wconf 75' lang='lat' dir='ltr'>&amp;libertatem</span> <span class='ocrx_word' id='word_1_1045' title='bbox 2225 433 2341 461; x_wconf 87' lang='lat' dir='ltr'>Senatus</span> <span class='ocrx_word' id='word_1_1046' title='bbox 2351 453 2359 467; x_wconf 88' lang='lat'>,</span> <span class='ocrx_word' id='word_1_1047' title='bbox 2381 433 2407 461; x_wconf 70' lang='grc' dir='ltr'>ἃ</span> <span class='ocrx_word' id='word_1_1048' title='bbox 2416 430 2615 460; x_wconf 84' lang='lat' dir='ltr'>conscientiam</span> 
     </span>
     <span class='ocr_line' id='line_1_109' title="bbox 1513 472 2082 510; baseline -0.002 -9"><span class='ocrx_word' id='word_1_1049' title='bbox 1513 472 1619 510; x_wconf 73' lang='lat' dir='ltr'>generis</span> <span class='ocrx_word' id='word_1_1050' title='bbox 1633 473 1747 502; x_wconf 80' lang='lat' dir='ltr'>humani</span> <span class='ocrx_word' id='word_1_1051' title='bbox 1761 473 1863 502; x_wconf 83' lang='lat' dir='ltr'>aboleri</span> <span class='ocrx_word' id='word_1_1052' title='bbox 1876 472 2082 501; x_wconf 80' lang='lat' dir='ltr'>arbitrabantur.</span> 
     </span>
    </p>

    <p class='ocr_par' dir='ltr' id='par_1_32' title="bbox 1494 507 2413 548">
     <span class='ocr_line' id='line_1_110' title="bbox 1494 507 2413 548; baseline -0.003 -10"><span class='ocrx_word' id='word_1_1053' title='bbox 1494 510 1601 548; x_wconf 89' lang='lat' dir='ltr'>Corpus</span> <span class='ocrx_word' id='word_1_1054' title='bbox 1611 510 1666 546; x_wconf 78' lang='lat' dir='ltr'>igni</span> <span class='ocrx_word' id='word_1_1055' title='bbox 1680 510 1796 539; x_wconf 80' lang='lat' dir='ltr'>abolere.</span> <span class='ocrx_word' id='word_1_1056' title='bbox 1821 512 1883 540; x_wconf 86' lang='lat' dir='ltr'>Hoc</span> <span class='ocrx_word' id='word_1_1057' title='bbox 1896 512 1949 545; x_wconf 80' lang='lat' dir='ltr'>est,</span> <span class='ocrx_word' id='word_1_1058' title='bbox 1970 510 2106 538; x_wconf 79' lang='lat' dir='ltr'>Cremare.</span> <span class='ocrx_word' id='word_1_1059' title='bbox 2128 508 2216 538; x_wconf 87' lang='lat' dir='ltr'>Tacit.</span> <span class='ocrx_word' id='word_1_1060' title='bbox 2231 507 2278 536; x_wconf 90' lang='lat' dir='ltr'>lib.</span> <span class='ocrx_word' id='word_1_1061' title='bbox 2294 510 2334 535; x_wconf 85' lang='lat'>16.</span> <span class='ocrx_word' id='word_1_1062' title='bbox 2348 510 2373 536; x_wconf 92' lang='lat'>6.</span> <span class='ocrx_word' id='word_1_1063' title='bbox 2391 515 2413 541; x_wconf 85' lang='grc'>3.</span> 
     </span>
    </p>

    <p class='ocr_par' dir='ltr' id='par_1_33' title="bbox 1494 543 2612 690">
     <span class='ocr_line' id='line_1_111' title="bbox 1494 543 2612 583; baseline -0.004 -6"><span class='ocrx_word' id='word_1_1064' title='bbox 1494 548 1607 577; x_wconf 80' lang='lat' dir='ltr'>Crimen</span> <span class='ocrx_word' id='word_1_1065' title='bbox 1616 569 1623 581; x_wconf 87' lang='lat'>,</span> <span class='ocrx_word' id='word_1_1066' title='bbox 1643 547 1686 575; x_wconf 90' lang='lat' dir='ltr'>vel</span> <span class='ocrx_word' id='word_1_1067' title='bbox 1698 549 1810 577; x_wconf 87' lang='lat' dir='ltr'>nomina</span> <span class='ocrx_word' id='word_1_1068' title='bbox 1824 558 1934 577; x_wconf 88' lang='lat' dir='ltr'>reorum</span> <span class='ocrx_word' id='word_1_1069' title='bbox 1942 570 1949 583; x_wconf 87' lang='lat'>,</span> <span class='ocrx_word' id='word_1_1070' title='bbox 1970 547 2014 576; x_wconf 81' lang='lat' dir='ltr'>Est</span> <span class='ocrx_word' id='word_1_1071' title='bbox 2024 557 2058 575; x_wconf 78' lang='lat' dir='ltr'>ex</span> <span class='ocrx_word' id='word_1_1072' title='bbox 2067 548 2120 575; x_wconf 87' lang='lat' dir='ltr'>reis</span> <span class='ocrx_word' id='word_1_1073' title='bbox 2131 546 2252 574; x_wconf 76' lang='lat' dir='ltr'>eximere</span> <span class='ocrx_word' id='word_1_1074' title='bbox 2261 567 2270 579; x_wconf 89' lang='lat'>,</span> <span class='ocrx_word' id='word_1_1075' title='bbox 2292 544 2345 573; x_wconf 81' lang='lat' dir='ltr'>sive</span> <span class='ocrx_word' id='word_1_1076' title='bbox 2356 545 2461 573; x_wconf 88' lang='lat' dir='ltr'>crimen</span> <span class='ocrx_word' id='word_1_1077' title='bbox 2472 543 2612 573; x_wconf 84' lang='lat' dir='ltr'>remittere</span> 
     </span>
     <span class='ocr_line' id='line_1_112' title="bbox 1511 579 2610 622; baseline -0.005 -7"><span class='ocrx_word' id='word_1_1078' title='bbox 1511 587 1539 615; x_wconf 60' lang='grc' dir='ltr'>ἃ</span> <span class='ocrx_word' id='word_1_1079' title='bbox 1551 585 1718 615; x_wconf 79' lang='lat' dir='ltr'>condonare.</span> <span class='ocrx_word' id='word_1_1080' title='bbox 1750 586 1892 622; x_wconf 83' lang='lat' dir='ltr'>Tranquil.</span> <span class='ocrx_word' id='word_1_1081' title='bbox 1911 585 1940 614; x_wconf 88' lang='lat' dir='ltr'>in</span> <span class='ocrx_word' id='word_1_1082' title='bbox 1954 585 2062 621; x_wconf 74' lang='lat' dir='ltr'>August.</span> <span class='ocrx_word' id='word_1_1083' title='bbox 2080 593 2139 621; x_wconf 87' lang='lat' dir='ltr'>cap.</span> <span class='ocrx_word' id='word_1_1084' title='bbox 2153 592 2196 619; x_wconf 84' lang='lat'>32.</span> <span class='ocrx_word' id='word_1_1085' title='bbox 2218 582 2291 611; x_wconf 85' lang='lat' dir='ltr'>Paul.</span> <span class='ocrx_word' id='word_1_1086' title='bbox 2308 581 2327 611; x_wconf 94' lang='grc'>1.</span> <span class='ocrx_word' id='word_1_1087' title='bbox 2343 591 2366 618; x_wconf 90' lang='lat'>3.</span> <span class='ocrx_word' id='word_1_1088' title='bbox 2388 582 2421 611; x_wconf 94' lang='lat' dir='ltr'>D.</span> <span class='ocrx_word' id='word_1_1089' title='bbox 2446 582 2480 610; x_wconf 88' lang='lat' dir='ltr'>de</span> <span class='ocrx_word' id='word_1_1090' title='bbox 2494 579 2610 610; x_wconf 82' lang='lat' dir='ltr'>accusat.</span> 
     </span>
     <span class='ocr_line' id='line_1_113' title="bbox 1512 618 2608 658; baseline -0.004 -6"><span class='ocrx_word' id='word_1_1091' title='bbox 1512 623 1563 652; x_wconf 90' lang='lat' dir='ltr'>Rei</span> <span class='ocrx_word' id='word_1_1092' title='bbox 1583 632 1686 652; x_wconf 85' lang='lat' dir='ltr'>nomen</span> <span class='ocrx_word' id='word_1_1093' title='bbox 1700 633 1759 652; x_wconf 85' lang='lat' dir='ltr'>non</span> <span class='ocrx_word' id='word_1_1094' title='bbox 1779 623 1920 657; x_wconf 86' lang='lat' dir='ltr'>aboletur,</span> <span class='ocrx_word' id='word_1_1095' title='bbox 1951 624 1976 652; x_wconf 61' lang='grc' dir='ltr'><strong>ἃ</strong></span> <span class='ocrx_word' id='word_1_1096' title='bbox 1993 632 2027 650; x_wconf 74' lang='lat' dir='ltr'>ex</span> <span class='ocrx_word' id='word_1_1097' title='bbox 2041 623 2148 658; x_wconf 73' lang='lat' dir='ltr'>integro</span> <span class='ocrx_word' id='word_1_1098' title='bbox 2167 620 2312 657; x_wconf 90' lang='lat' dir='ltr'>repetendi</span> <span class='ocrx_word' id='word_1_1099' title='bbox 2329 629 2408 650; x_wconf 90' lang='lat' dir='ltr'>reum</span> <span class='ocrx_word' id='word_1_1100' title='bbox 2421 619 2540 658; x_wconf 85' lang='lat' dir='ltr'>potestas</span> <span class='ocrx_word' id='word_1_1101' title='bbox 2552 618 2608 648; x_wconf 85' lang='lat' dir='ltr'>fiet.</span> 
     </span>
     <span class='ocr_line' id='line_1_114' title="bbox 1511 659 2251 690; baseline -0.005 0"><span class='ocrx_word' id='word_1_1102' title='bbox 1511 661 1585 690; x_wconf 91' lang='lat' dir='ltr'>Hinc</span> <span class='ocrx_word' id='word_1_1103' title='bbox 1594 660 1690 689; x_wconf 85' lang='lat' dir='ltr'>titulus</span> <span class='ocrx_word' id='word_1_1104' title='bbox 1701 661 1739 690; x_wconf 82' lang='lat' dir='ltr'>est</span> <span class='ocrx_word' id='word_1_1105' title='bbox 1749 662 1778 690; x_wconf 89' lang='lat' dir='ltr'>in</span> <span class='ocrx_word' id='word_1_1106' title='bbox 1791 661 1823 690; x_wconf 89' lang='lat' dir='ltr'>D.</span> <span class='ocrx_word' id='word_1_1107' title='bbox 1842 662 1876 690; x_wconf 87' lang='lat' dir='ltr'>de</span> <span class='ocrx_word' id='word_1_1108' title='bbox 1888 660 2083 689; x_wconf 79' lang='lat' dir='ltr'>abolitionibus</span> <span class='ocrx_word' id='word_1_1109' title='bbox 2094 659 2251 688; x_wconf 88' lang='lat' dir='ltr'>criminum.</span> 
     </span>
    </p>

    <p class='ocr_par' dir='ltr' id='par_1_34' title="bbox 1492 698 2049 734">
     <span class='ocr_line' id='line_1_115' title="bbox 1492 698 2049 734; baseline 0 -8"><span class='ocrx_word' id='word_1_1110' title='bbox 1492 698 1625 727; x_wconf 85' lang='lat' dir='ltr'>Dolorem</span> <span class='ocrx_word' id='word_1_1111' title='bbox 1637 700 1662 727; x_wconf 69' lang='lat' dir='ltr'>Sc</span> <span class='ocrx_word' id='word_1_1112' title='bbox 1674 698 1748 728; x_wconf 84' lang='lat' dir='ltr'>iram.</span> <span class='ocrx_word' id='word_1_1113' title='bbox 1777 699 1865 728; x_wconf 82' lang='lat' dir='ltr'>Tacit.</span> <span class='ocrx_word' id='word_1_1114' title='bbox 1884 698 1949 727; x_wconf 79' lang='lat' dir='ltr'>Hist.</span> <span class='ocrx_word' id='word_1_1115' title='bbox 1966 698 2012 727; x_wconf 92' lang='lat' dir='ltr'>lib.</span> <span class='ocrx_word' id='word_1_1116' title='bbox 2024 709 2049 734; x_wconf 93' lang='lat'>4.</span> 
     </span>
    </p>

    <p class='ocr_par' dir='ltr' id='par_1_35' title="bbox 1492 736 1996 773">
     <span class='ocr_line' id='line_1_116' title="bbox 1492 736 1996 773; baseline -0.004 -7"><span class='ocrx_word' id='word_1_1117' title='bbox 1492 736 1635 773; x_wconf 79' lang='lat' dir='ltr'>Imagines.</span> <span class='ocrx_word' id='word_1_1118' title='bbox 1666 736 1753 766; x_wconf 81' lang='lat' dir='ltr'>Tacit.</span> <span class='ocrx_word' id='word_1_1119' title='bbox 1769 737 1838 766; x_wconf 87' lang='lat' dir='ltr'>Ann.</span> <span class='ocrx_word' id='word_1_1120' title='bbox 1852 736 1898 765; x_wconf 93' lang='lat' dir='ltr'>lib.</span> <span class='ocrx_word' id='word_1_1121' title='bbox 1911 747 1936 772; x_wconf 93' lang='lat'>4.</span> <span class='ocrx_word' id='word_1_1122' title='bbox 1952 746 1996 765; x_wconf 88' lang='lat'>22.</span> 
     </span>
    </p>

    <p class='ocr_par' dir='ltr' id='par_1_36' title="bbox 1491 770 2402 811">
     <span class='ocr_line' id='line_1_117' title="bbox 1491 770 2402 811; baseline -0.004 -8"><span class='ocrx_word' id='word_1_1123' title='bbox 1491 772 1548 803; x_wconf 80' lang='lat' dir='ltr'>Lex</span> <span class='ocrx_word' id='word_1_1124' title='bbox 1560 780 1638 802; x_wconf 85' lang='lat' dir='ltr'>vetus</span> <span class='ocrx_word' id='word_1_1125' title='bbox 1647 773 1777 803; x_wconf 90' lang='lat' dir='ltr'>sermonis</span> <span class='ocrx_word' id='word_1_1126' title='bbox 1787 774 1947 803; x_wconf 84' lang='lat' dir='ltr'>abolebitur.</span> <span class='ocrx_word' id='word_1_1127' title='bbox 1974 772 2093 810; x_wconf 87' lang='lat' dir='ltr'>Quintil.</span> <span class='ocrx_word' id='word_1_1128' title='bbox 2110 783 2169 811; x_wconf 90' lang='lat' dir='ltr'>cap.</span> <span class='ocrx_word' id='word_1_1129' title='bbox 2184 783 2206 806; x_wconf 80' lang='grc' dir='ltr'>ς.</span> <span class='ocrx_word' id='word_1_1130' title='bbox 2225 776 2267 807; x_wconf 85' lang='lat'>58.</span> <span class='ocrx_word' id='word_1_1131' title='bbox 2282 770 2375 800; x_wconf 87' lang='lat' dir='ltr'>Burm.</span> <span class='ocrx_word' id='word_1_1132' title='bbox 2400 780 2402 783; x_wconf 89' lang='lat'>·</span> 
     </span>
    </p>

    <p class='ocr_par' dir='ltr' id='par_1_37' title="bbox 1490 807 2609 849">
     <span class='ocr_line' id='line_1_118' title="bbox 1490 807 2609 849; baseline -0.004 -8"><span class='ocrx_word' id='word_1_1133' title='bbox 1490 811 1679 848; x_wconf 69' lang='lat' dir='ltr'>Magistratum</span> <span class='ocrx_word' id='word_1_1134' title='bbox 1689 812 1798 841; x_wconf 84' lang='lat' dir='ltr'>abolere</span> <span class='ocrx_word' id='word_1_1135' title='bbox 1808 812 1899 846; x_wconf 84' lang='lat' dir='ltr'>alicui,</span> <span class='ocrx_word' id='word_1_1136' title='bbox 1915 821 1965 849; x_wconf 90' lang='lat' dir='ltr'>pro</span> <span class='ocrx_word' id='word_1_1137' title='bbox 1974 812 2102 848; x_wconf 88' lang='lat' dir='ltr'>abrogare</span> <span class='ocrx_word' id='word_1_1138' title='bbox 2114 810 2306 847; x_wconf 81' lang='lat' dir='ltr'>magistratum.</span> <span class='ocrx_word' id='word_1_1139' title='bbox 2323 807 2379 837; x_wconf 83' lang='lat' dir='ltr'>Liv.</span> <span class='ocrx_word' id='word_1_1140' title='bbox 2392 816 2415 843; x_wconf 84' lang='lat'>3.</span> <span class='ocrx_word' id='word_1_1141' title='bbox 2431 807 2464 836; x_wconf 90' lang='lat' dir='ltr'>ab</span> <span class='ocrx_word' id='word_1_1142' title='bbox 2476 807 2509 837; x_wconf 94' lang='lat' dir='ltr'>U.</span> <span class='ocrx_word' id='word_1_1143' title='bbox 2520 807 2551 837; x_wconf 94' lang='lat' dir='ltr'>C.</span> <span class='ocrx_word' id='word_1_1144' title='bbox 2564 813 2609 845; x_wconf 83' lang='lat'>38.</span> 
     </span>
    </p>

    <p class='ocr_par' dir='ltr' id='par_1_38' title="bbox 1490 845 2612 921">
     <span class='ocr_line' id='line_1_119' title="bbox 1490 845 2612 885; baseline -0.004 -6"><span class='ocrx_word' id='word_1_1145' title='bbox 1490 849 1628 879; x_wconf 78' lang='lat' dir='ltr'>Memoria</span> <span class='ocrx_word' id='word_1_1146' title='bbox 1638 848 1765 879; x_wconf 92' lang='lat' dir='ltr'>abolevit.</span> <span class='ocrx_word' id='word_1_1147' title='bbox 1787 850 1844 879; x_wconf 92' lang='lat' dir='ltr'>Liv.</span> <span class='ocrx_word' id='word_1_1148' title='bbox 1861 849 1908 878; x_wconf 89' lang='lat' dir='ltr'>lib.</span> <span class='ocrx_word' id='word_1_1149' title='bbox 1921 860 1945 885; x_wconf 87' lang='lat'>9.</span> <span class='ocrx_word' id='word_1_1150' title='bbox 1960 849 1994 878; x_wconf 88' lang='lat' dir='ltr'>ab</span> <span class='ocrx_word' id='word_1_1151' title='bbox 2008 849 2041 878; x_wconf 95' lang='lat' dir='ltr'>U.</span> <span class='ocrx_word' id='word_1_1152' title='bbox 2053 848 2082 878; x_wconf 92' lang='lat' dir='ltr'>C.</span> <span class='ocrx_word' id='word_1_1153' title='bbox 2097 853 2138 885; x_wconf 86' lang='lat'>36.</span> <span class='ocrx_word' id='word_1_1154' title='bbox 2165 847 2230 877; x_wconf 86' lang='lat' dir='ltr'>Aliis</span> <span class='ocrx_word' id='word_1_1155' title='bbox 2240 846 2370 875; x_wconf 85' lang='lat' dir='ltr'>omnibus</span> <span class='ocrx_word' id='word_1_1156' title='bbox 2382 845 2468 874; x_wconf 86' lang='lat' dir='ltr'>cladis</span> <span class='ocrx_word' id='word_1_1157' title='bbox 2478 845 2612 875; x_wconf 82' lang='lat' dir='ltr'>Caudinae</span> 
     </span>
     <span class='ocr_line' id='line_1_120' title="bbox 1510 884 2483 921; baseline -0.004 -6"><span class='ocrx_word' id='word_1_1158' title='bbox 1510 886 1637 915; x_wconf 91' lang='lat' dir='ltr'>nondum</span> <span class='ocrx_word' id='word_1_1159' title='bbox 1648 888 1781 916; x_wconf 82' lang='lat' dir='ltr'>memoria</span> <span class='ocrx_word' id='word_1_1160' title='bbox 1791 887 1954 916; x_wconf 81' lang='lat' dir='ltr'>aboleverat.</span> <span class='ocrx_word' id='word_1_1161' title='bbox 1988 887 2020 916; x_wconf 88' lang='lat' dir='ltr'>Id</span> <span class='ocrx_word' id='word_1_1162' title='bbox 2031 886 2068 915; x_wconf 86' lang='lat' dir='ltr'>est</span> <span class='ocrx_word' id='word_1_1163' title='bbox 2077 909 2084 921; x_wconf 92' lang='lat'>,</span> <span class='ocrx_word' id='word_1_1164' title='bbox 2106 886 2227 915; x_wconf 75' lang='lat' dir='ltr'>extincta</span> <span class='ocrx_word' id='word_1_1165' title='bbox 2239 886 2265 914; x_wconf 76' lang='lat' dir='ltr'>Sc</span> <span class='ocrx_word' id='word_1_1166' title='bbox 2276 884 2406 921; x_wconf 86' lang='lat' dir='ltr'>adempta</span> <span class='ocrx_word' id='word_1_1167' title='bbox 2418 888 2483 912; x_wconf 88' lang='lat' dir='ltr'>erat.</span> 
     </span>
    </p>

    <p class='ocr_par' dir='ltr' id='par_1_39' title="bbox 1491 920 2612 998">
     <span class='ocr_line' id='line_1_121' title="bbox 1491 920 2612 959; baseline -0.003 -7"><span class='ocrx_word' id='word_1_1168' title='bbox 1491 924 1576 953; x_wconf 81' lang='lat' dir='ltr'>Poena</span> <span class='ocrx_word' id='word_1_1169' title='bbox 1585 923 1712 954; x_wconf 89' lang='lat' dir='ltr'>abolevit.</span> <span class='ocrx_word' id='word_1_1170' title='bbox 1746 925 1778 954; x_wconf 93' lang='lat' dir='ltr'>Id</span> <span class='ocrx_word' id='word_1_1171' title='bbox 1794 925 1848 959; x_wconf 92' lang='lat' dir='ltr'>est,</span> <span class='ocrx_word' id='word_1_1172' title='bbox 1870 925 1899 953; x_wconf 91' lang='lat' dir='ltr'>in</span> <span class='ocrx_word' id='word_1_1173' title='bbox 1910 924 2120 954; x_wconf 81' lang='lat' dir='ltr'>desuetudinem</span> <span class='ocrx_word' id='word_1_1174' title='bbox 2131 924 2205 952; x_wconf 83' lang='lat' dir='ltr'>abiit.</span> <span class='ocrx_word' id='word_1_1175' title='bbox 2240 921 2309 951; x_wconf 89' lang='lat' dir='ltr'>Gell.</span> <span class='ocrx_word' id='word_1_1176' title='bbox 2323 921 2370 950; x_wconf 90' lang='lat' dir='ltr'>lib.</span> <span class='ocrx_word' id='word_1_1177' title='bbox 2383 931 2427 950; x_wconf 89' lang='lat'>20.</span> <span class='ocrx_word' id='word_1_1178' title='bbox 2445 930 2505 958; x_wconf 90' lang='lat' dir='ltr'>cap.</span> <span class='ocrx_word' id='word_1_1179' title='bbox 2522 930 2544 949; x_wconf 80' lang='lat'>1:</span> <span class='ocrx_word' id='word_1_1180' title='bbox 2582 920 2612 950; x_wconf 83' lang='lat' dir='ltr'>Si</span> 
     </span>
     <span class='ocr_line' id='line_1_122' title="bbox 1510 958 2475 998; baseline -0.004 -8"><span class='ocrx_word' id='word_1_1181' title='bbox 1510 972 1567 990; x_wconf 93' lang='lat' dir='ltr'>non</span> <span class='ocrx_word' id='word_1_1182' title='bbox 1577 961 1624 990; x_wconf 90' lang='lat' dir='ltr'>illa</span> <span class='ocrx_word' id='word_1_1183' title='bbox 1635 962 1718 991; x_wconf 86' lang='lat' dir='ltr'>etiam</span> <span class='ocrx_word' id='word_1_1184' title='bbox 1729 972 1764 991; x_wconf 78' lang='lat' dir='ltr'>ex</span> <span class='ocrx_word' id='word_1_1185' title='bbox 1777 972 1795 991; x_wconf 83' lang='lat' dir='ltr'>x</span> <span class='ocrx_word' id='word_1_1186' title='bbox 1804 974 1829 991; x_wconf 92' lang='lat'>11</span> <span class='ocrx_word' id='word_1_1187' title='bbox 1843 962 1898 992; x_wconf 83' lang='lat' dir='ltr'>tab.</span> <span class='ocrx_word' id='word_1_1188' title='bbox 1915 963 1949 991; x_wconf 86' lang='lat' dir='ltr'>de</span> <span class='ocrx_word' id='word_1_1189' title='bbox 1959 962 2121 991; x_wconf 86' lang='lat' dir='ltr'>testimoniis</span> <span class='ocrx_word' id='word_1_1190' title='bbox 2131 961 2200 990; x_wconf 71' lang='lat' dir='ltr'>falsis</span> <span class='ocrx_word' id='word_1_1191' title='bbox 2212 970 2296 998; x_wconf 81' lang='lat' dir='ltr'>poena</span> <span class='ocrx_word' id='word_1_1192' title='bbox 2307 958 2475 989; x_wconf 74' lang='lat' dir='ltr'>aboleviil&#39;et.</span> 
     </span>
    </p>

    <p class='ocr_par' dir='ltr' id='par_1_40' title="bbox 1489 995 2610 1075">
     <span class='ocr_line' id='line_1_123' title="bbox 1489 995 2610 1036; baseline -0.004 -7"><span class='ocrx_word' id='word_1_1193' title='bbox 1489 999 1667 1030; x_wconf 79' lang='lat' dir='ltr'>Sterilitatem</span> <span class='ocrx_word' id='word_1_1194' title='bbox 1680 1000 1858 1030; x_wconf 77' lang='lat' dir='ltr'>foeminarum</span> <span class='ocrx_word' id='word_1_1195' title='bbox 1873 1023 1881 1036; x_wconf 93' lang='lat'>,</span> <span class='ocrx_word' id='word_1_1196' title='bbox 1913 1002 1939 1031; x_wconf 71' lang='lat' dir='ltr'>Sc</span> <span class='ocrx_word' id='word_1_1197' title='bbox 1952 1001 2076 1030; x_wconf 88' lang='lat' dir='ltr'>virorum</span> <span class='ocrx_word' id='word_1_1198' title='bbox 2095 999 2228 1029; x_wconf 85' lang='lat' dir='ltr'>insaniam</span> <span class='ocrx_word' id='word_1_1199' title='bbox 2248 996 2367 1028; x_wconf 84' lang='lat' dir='ltr'>abolete.</span> <span class='ocrx_word' id='word_1_1200' title='bbox 2408 995 2477 1026; x_wconf 88' lang='lat' dir='ltr'>Plin.</span> <span class='ocrx_word' id='word_1_1201' title='bbox 2498 995 2546 1026; x_wconf 83' lang='lat' dir='ltr'>lib.</span> <span class='ocrx_word' id='word_1_1202' title='bbox 2565 1004 2610 1032; x_wconf 81' lang='lat'>31.</span> 
     </span>
     <span class='ocr_line' id='line_1_124' title="bbox 1508 1047 1611 1075; baseline 0 -9"><span class='ocrx_word' id='word_1_1203' title='bbox 1508 1047 1567 1075; x_wconf 89' lang='lat' dir='ltr'>cap.</span> <span class='ocrx_word' id='word_1_1204' title='bbox 1586 1047 1611 1066; x_wconf 91' lang='lat'>2.</span> 
     </span>
    </p>

    <p class='ocr_par' dir='ltr' id='par_1_41' title="bbox 1488 1075 2005 1111">
     <span class='ocr_line' id='line_1_125' title="bbox 1488 1075 2005 1111; baseline 0 -7"><span class='ocrx_word' id='word_1_1205' title='bbox 1488 1075 1565 1104; x_wconf 89' lang='lat' dir='ltr'>Vires</span> <span class='ocrx_word' id='word_1_1206' title='bbox 1580 1075 1704 1110; x_wconf 81' lang='lat' dir='ltr'>alicujus.</span> <span class='ocrx_word' id='word_1_1207' title='bbox 1733 1076 1821 1106; x_wconf 89' lang='lat' dir='ltr'>Tacit.</span> <span class='ocrx_word' id='word_1_1208' title='bbox 1838 1076 1905 1105; x_wconf 81' lang='lat' dir='ltr'>Hist.</span> <span class='ocrx_word' id='word_1_1209' title='bbox 1921 1075 1969 1105; x_wconf 87' lang='lat' dir='ltr'>lib.</span> <span class='ocrx_word' id='word_1_1210' title='bbox 1979 1087 2005 1111; x_wconf 93' lang='lat'>4.</span> 
     </span>
    </p>

    <p class='ocr_par' dir='ltr' id='par_1_42' title="bbox 1489 1112 2275 1151">
     <span class='ocr_line' id='line_1_126' title="bbox 1489 1112 2275 1151; baseline -0.003 -9"><span class='ocrx_word' id='word_1_1211' title='bbox 1489 1112 1595 1143; x_wconf 85' lang='lat' dir='ltr'>Aboleo</span> <span class='ocrx_word' id='word_1_1212' title='bbox 1605 1136 1613 1149; x_wconf 85' lang='grc'>,</span> <span class='ocrx_word' id='word_1_1213' title='bbox 1635 1123 1685 1151; x_wconf 89' lang='lat' dir='ltr'>pro</span> <span class='ocrx_word' id='word_1_1214' title='bbox 1698 1113 1796 1148; x_wconf 86' lang='lat' dir='ltr'>abluo,</span> <span class='ocrx_word' id='word_1_1215' title='bbox 1816 1113 1861 1143; x_wconf 86' lang='lat' dir='ltr'>seu</span> <span class='ocrx_word' id='word_1_1216' title='bbox 1874 1114 1943 1143; x_wconf 92' lang='lat' dir='ltr'>lavo.</span> <span class='ocrx_word' id='word_1_1217' title='bbox 1972 1114 2044 1151; x_wconf 82' lang='lat' dir='ltr'>Virg.</span> <span class='ocrx_word' id='word_1_1218' title='bbox 2058 1122 2082 1150; x_wconf 85' lang='lat'>3.</span> <span class='ocrx_word' id='word_1_1219' title='bbox 2100 1112 2198 1150; x_wconf 86' lang='lat' dir='ltr'>Georg.</span> <span class='ocrx_word' id='word_1_1220' title='bbox 2214 1115 2275 1149; x_wconf 82' lang='lat'>5⁶0·</span> 
     </span>
    </p>

    <p class='ocr_par' dir='ltr' id='par_1_43' title="bbox 1507 1152 2272 1265">
     <span class='ocr_line' id='line_1_127' title="bbox 1642 1152 2008 1189; baseline 0 -9"><span class='ocrx_word' id='word_1_1221' title='bbox 1642 1161 1736 1180; x_wconf 71' lang='lat' dir='ltr'>——nec</span> <span class='ocrx_word' id='word_1_1222' title='bbox 1749 1152 1849 1181; x_wconf 88' lang='lat' dir='ltr'>viscera</span> <span class='ocrx_word' id='word_1_1223' title='bbox 1863 1153 2008 1189; x_wconf 86' lang='lat' dir='ltr'>quisquam</span> 
     </span>
     <span class='ocr_line' id='line_1_128' title="bbox 1557 1187 2272 1232; baseline -0.001 -15"><span class='ocrx_word' id='word_1_1224' title='bbox 1557 1188 1617 1232; x_wconf 34' lang='lat' dir='ltr'>&#39;Aut</span> <span class='ocrx_word' id='word_1_1225' title='bbox 1626 1189 1709 1218; x_wconf 89' lang='lat' dir='ltr'>undis</span> <span class='ocrx_word' id='word_1_1226' title='bbox 1722 1188 1831 1219; x_wconf 89' lang='lat' dir='ltr'>abolere</span> <span class='ocrx_word' id='word_1_1227' title='bbox 1842 1190 1947 1227; x_wconf 86' lang='lat' dir='ltr'>potest,</span> <span class='ocrx_word' id='word_1_1228' title='bbox 1969 1195 2016 1218; x_wconf 91' lang='lat' dir='ltr'>aut</span> <span class='ocrx_word' id='word_1_1229' title='bbox 2028 1188 2139 1217; x_wconf 84' lang='lat' dir='ltr'>vincere</span> <span class='ocrx_word' id='word_1_1230' title='bbox 2154 1187 2272 1217; x_wconf 84' lang='lat' dir='ltr'>flamma.</span> 
     </span>
     <span class='ocr_line' id='line_1_129' title="bbox 1507 1227 2049 1265; baseline 0 -10"><span class='ocrx_word' id='word_1_1231' title='bbox 1507 1236 1563 1255; x_wconf 80' lang='lat' dir='ltr'>vari</span> <span class='ocrx_word' id='word_1_1232' title='bbox 1572 1249 1580 1261; x_wconf 85' lang='lat'>,</span> <span class='ocrx_word' id='word_1_1233' title='bbox 1602 1235 1654 1255; x_wconf 88' lang='lat' dir='ltr'>nec</span> <span class='ocrx_word' id='word_1_1234' title='bbox 1666 1228 1747 1264; x_wconf 90' lang='lat' dir='ltr'>coqui</span> <span class='ocrx_word' id='word_1_1235' title='bbox 1759 1234 1903 1265; x_wconf 79' lang='lat' dir='ltr'>poterant,</span> <span class='ocrx_word' id='word_1_1236' title='bbox 1924 1227 2049 1265; x_wconf 81' lang='lat' dir='ltr'>exponit.</span> 
     </span>
    </p>

    <p class='ocr_par' dir='ltr' id='par_1_44' title="bbox 1451 1260 2608 1339">
     <span class='ocr_line' id='line_1_130' title="bbox 1451 1260 2608 1301; baseline -0.002 -7"><span class='ocrx_word' id='word_1_1237' title='bbox 1451 1265 1521 1294; x_wconf 66' lang='lat' dir='ltr'>Ano</span> <span class='ocrx_word' id='word_1_1238' title='bbox 1530 1275 1545 1292; x_wconf 81' lang='lat' dir='ltr'>L</span> <span class='ocrx_word' id='word_1_1239' title='bbox 1554 1274 1566 1292; x_wconf 78' lang='lat' dir='ltr'>a</span> <span class='ocrx_word' id='word_1_1240' title='bbox 1575 1274 1586 1293; x_wconf 92' lang='lat' dir='ltr'>s</span> <span class='ocrx_word' id='word_1_1241' title='bbox 1596 1274 1637 1293; x_wconf 89' lang='lat' dir='ltr'>co</span> <span class='ocrx_word' id='word_1_1242' title='bbox 1647 1286 1655 1299; x_wconf 85' lang='lat'>,</span> <span class='ocrx_word' id='word_1_1243' title='bbox 1677 1267 1730 1294; x_wconf 70' lang='lat' dir='ltr'>ere.</span> <span class='ocrx_word' id='word_1_1244' title='bbox 1760 1265 1955 1301; x_wconf 59' lang='grc' dir='ltr'>[ἁφανιζομεια]</span> <span class='ocrx_word' id='word_1_1245' title='bbox 1982 1264 2093 1294; x_wconf 88' lang='lat' dir='ltr'>Aboleri</span> <span class='ocrx_word' id='word_1_1246' title='bbox 2102 1285 2110 1297; x_wconf 89' lang='lat'>,</span> <span class='ocrx_word' id='word_1_1247' title='bbox 2137 1262 2246 1291; x_wconf 86' lang='lat' dir='ltr'>destrui.</span> <span class='ocrx_word' id='word_1_1248' title='bbox 2279 1260 2389 1291; x_wconf 90' lang='lat' dir='ltr'>Colum.</span> <span class='ocrx_word' id='word_1_1249' title='bbox 2404 1261 2453 1291; x_wconf 87' lang='lat' dir='ltr'>lib.</span> <span class='ocrx_word' id='word_1_1250' title='bbox 2467 1270 2491 1298; x_wconf 83' lang='lat'>3.</span> <span class='ocrx_word' id='word_1_1251' title='bbox 2506 1270 2567 1299; x_wconf 82' lang='lat' dir='ltr'>cap.</span> <span class='ocrx_word' id='word_1_1252' title='bbox 2579 1270 2608 1292; x_wconf 89' lang='lat'>2.</span> 
     </span>
     <span class='ocr_line' id='line_1_131' title="bbox 1488 1298 2420 1339; baseline 0 -9"><span class='ocrx_word' id='word_1_1253' title='bbox 1488 1301 1646 1339; x_wconf 82' lang='lat' dir='ltr'>Eademque</span> <span class='ocrx_word' id='word_1_1254' title='bbox 1657 1312 1709 1331; x_wconf 89' lang='lat' dir='ltr'>nec</span> <span class='ocrx_word' id='word_1_1255' title='bbox 1720 1303 1852 1332; x_wconf 90' lang='lat' dir='ltr'>imbribus</span> <span class='ocrx_word' id='word_1_1256' title='bbox 1888 1302 2013 1338; x_wconf 60' lang='lat' dir='ltr'>umescit,</span> <span class='ocrx_word' id='word_1_1257' title='bbox 2035 1311 2088 1331; x_wconf 89' lang='lat' dir='ltr'>nec</span> <span class='ocrx_word' id='word_1_1258' title='bbox 2101 1300 2268 1331; x_wconf 72' lang='lat' dir='ltr'>siccitatibus</span> <span class='ocrx_word' id='word_1_1259' title='bbox 2281 1298 2420 1330; x_wconf 84' lang='lat' dir='ltr'>abolescit.</span> 
     </span>
    </p>

    <p class='ocr_par' dir='ltr' id='par_1_45' title="bbox 1487 1314 2036 1378">
     <span class='ocr_line' id='line_1_132' title="bbox 1487 1314 2036 1378; baseline 0 -8"><span class='ocrx_word' id='word_1_1260' title='bbox 1487 1339 1530 1370; x_wconf 91' lang='lat' dir='ltr'>De</span> <span class='ocrx_word' id='word_1_1261' title='bbox 1540 1340 1628 1369; x_wconf 88' lang='lat' dir='ltr'>vinea.</span> <span class='ocrx_word' id='word_1_1262' title='bbox 1671 1340 1743 1377; x_wconf 83' lang='lat' dir='ltr'>Virg.</span> <span class='ocrx_word' id='word_1_1263' title='bbox 1759 1340 1806 1369; x_wconf 87' lang='lat' dir='ltr'>lib.</span> <span class='ocrx_word' id='word_1_1264' title='bbox 1820 1350 1844 1378; x_wconf 90' lang='lat'>7.</span> <span class='ocrx_word' id='word_1_1265' title='bbox 1860 1314 1922 1370; x_wconf 48' lang='lat' dir='ltr'>ffin.</span> <span class='ocrx_word' id='word_1_1266' title='bbox 1932 1351 1959 1370; x_wconf 92' lang='lat' dir='ltr'>v.</span> <span class='ocrx_word' id='word_1_1267' title='bbox 1974 1349 2036 1377; x_wconf 84' lang='lat'>232.</span> 
     </span>
    </p>

    <p class='ocr_par' dir='ltr' id='par_1_46' title="bbox 1561 1379 2215 1453">
     <span class='ocr_line' id='line_1_133' title="bbox 1637 1379 1942 1408; baseline 0 -1"><span class='ocrx_word' id='word_1_1268' title='bbox 1637 1388 1729 1407; x_wconf 90' lang='lat' dir='ltr'>—nec</span> <span class='ocrx_word' id='word_1_1269' title='bbox 1742 1379 1827 1407; x_wconf 89' lang='lat' dir='ltr'>vestra</span> <span class='ocrx_word' id='word_1_1270' title='bbox 1840 1379 1942 1408; x_wconf 83' lang='lat' dir='ltr'>feretur</span> 
     </span>
     <span class='ocr_line' id='line_1_134' title="bbox 1561 1412 2215 1453; baseline -0.002 -9"><span class='ocrx_word' id='word_1_1271' title='bbox 1561 1414 1643 1444; x_wconf 79' lang='lat' dir='ltr'>Fama</span> <span class='ocrx_word' id='word_1_1272' title='bbox 1654 1414 1721 1445; x_wconf 84' lang='lat' dir='ltr'>levis</span> <span class='ocrx_word' id='word_1_1273' title='bbox 1732 1438 1740 1450; x_wconf 91' lang='lat'>,</span> <span class='ocrx_word' id='word_1_1274' title='bbox 1762 1417 1886 1453; x_wconf 88' lang='lat' dir='ltr'>tantique</span> <span class='ocrx_word' id='word_1_1275' title='bbox 1898 1415 2036 1445; x_wconf 82' lang='lat' dir='ltr'>abolescet</span> <span class='ocrx_word' id='word_1_1276' title='bbox 2048 1412 2132 1453; x_wconf 85' lang='lat' dir='ltr'>gratia</span> <span class='ocrx_word' id='word_1_1277' title='bbox 2142 1414 2215 1444; x_wconf 68' lang='lat' dir='ltr'>faeti.</span> 
     </span>
    </p>

    <p class='ocr_par' dir='ltr' id='par_1_47' title="bbox 1487 1452 2270 1491">
     <span class='ocr_line' id='line_1_135' title="bbox 1487 1452 2270 1491; baseline -0.003 -8"><span class='ocrx_word' id='word_1_1278' title='bbox 1487 1452 1648 1483; x_wconf 80' lang='lat' dir='ltr'>Abolescere</span> <span class='ocrx_word' id='word_1_1279' title='bbox 1658 1475 1665 1488; x_wconf 87' lang='lat'>,</span> <span class='ocrx_word' id='word_1_1280' title='bbox 1686 1464 1737 1491; x_wconf 91' lang='lat' dir='ltr'>pro</span> <span class='ocrx_word' id='word_1_1281' title='bbox 1747 1454 1903 1483; x_wconf 87' lang='lat' dir='ltr'>decrescere</span> <span class='ocrx_word' id='word_1_1282' title='bbox 1913 1477 1920 1489; x_wconf 96' lang='lat'>,</span> <span class='ocrx_word' id='word_1_1283' title='bbox 1942 1454 2049 1483; x_wconf 88' lang='lat' dir='ltr'>Lucret.</span> <span class='ocrx_word' id='word_1_1284' title='bbox 2066 1453 2114 1482; x_wconf 89' lang='lat' dir='ltr'>lib.</span> <span class='ocrx_word' id='word_1_1285' title='bbox 2128 1464 2150 1489; x_wconf 87' lang='lat'>5.</span> <span class='ocrx_word' id='word_1_1286' title='bbox 2167 1463 2192 1481; x_wconf 93' lang='lat' dir='ltr'>v.</span> <span class='ocrx_word' id='word_1_1287' title='bbox 2206 1460 2270 1488; x_wconf 80' lang='lat'>732.</span> 
     </span>
    </p>

    <p class='ocr_par' dir='ltr' id='par_1_48' title="bbox 1563 1484 2613 1529">
     <span class='ocr_line' id='line_1_136' title="bbox 1563 1484 2613 1529; baseline -0.001 -9"><span class='ocrx_word' id='word_1_1288' title='bbox 1563 1489 1651 1528; x_wconf 88' lang='lat' dir='ltr'>Inque</span> <span class='ocrx_word' id='word_1_1289' title='bbox 1662 1492 1720 1520; x_wconf 88' lang='lat' dir='ltr'>dies</span> <span class='ocrx_word' id='word_1_1290' title='bbox 1730 1492 1822 1529; x_wconf 87' lang='lat' dir='ltr'>privos</span> <span class='ocrx_word' id='word_1_1291' title='bbox 1834 1492 1988 1522; x_wconf 88' lang='lat' dir='ltr'>abolescere</span> <span class='ocrx_word' id='word_1_1292' title='bbox 1999 1501 2115 1529; x_wconf 76' lang='lat' dir='ltr'>quaeque</span> <span class='ocrx_word' id='word_1_1293' title='bbox 2127 1496 2225 1520; x_wconf 83' lang='lat' dir='ltr'>creata.</span> <span class='ocrx_word' id='word_1_1294' title='bbox 2265 1490 2312 1520; x_wconf 90' lang='lat' dir='ltr'>Sic</span> <span class='ocrx_word' id='word_1_1295' title='bbox 2326 1488 2485 1519; x_wconf 87' lang='lat' dir='ltr'>Lambinus.</span> <span class='ocrx_word' id='word_1_1296' title='bbox 2525 1484 2613 1519; x_wconf 67' lang='lat' dir='ltr'>Conf-</span> 
     </span>
    </p>

    <p class='ocr_par' dir='ltr' id='par_1_49' title="bbox 1489 1537 1645 1558">
     <span class='ocr_line' id='line_1_137' title="bbox 1489 1537 1645 1558; baseline 0.019 -3"><span class='ocrx_word' id='word_1_1297' title='bbox 1489 1537 1529 1555; x_wconf 78' lang='lat' dir='ltr'>AB</span> <span class='ocrx_word' id='word_1_1298' title='bbox 1538 1538 1554 1557; x_wconf 93' lang='lat' dir='ltr'>o</span> <span class='ocrx_word' id='word_1_1299' title='bbox 1563 1538 1578 1556; x_wconf 84' lang='lat' dir='ltr'>R</span> <span class='ocrx_word' id='word_1_1300' title='bbox 1588 1539 1595 1556; x_wconf 89' lang='grc'>1</span> <span class='ocrx_word' id='word_1_1301' title='bbox 1604 1539 1619 1557; x_wconf 75' lang='lat' dir='ltr'>a</span> <span class='ocrx_word' id='word_1_1302' title='bbox 1628 1539 1645 1558; x_wconf 88' lang='lat'>1.</span> 
     </span>
    </p>

    <p class='ocr_par' dir='ltr' id='par_1_50' title="bbox 1451 1564 2610 1680">
     <span class='ocr_line' id='line_1_138' title="bbox 1451 1564 2606 1606; baseline -0.001 -13"><span class='ocrx_word' id='word_1_1303' title='bbox 1451 1565 1472 1594; x_wconf 86' lang='lat' dir='ltr'>A</span> <span class='ocrx_word' id='word_1_1304' title='bbox 1481 1575 1496 1593; x_wconf 80' lang='lat' dir='ltr'>B</span> <span class='ocrx_word' id='word_1_1305' title='bbox 1505 1575 1521 1594; x_wconf 94' lang='lat'>0</span> <span class='ocrx_word' id='word_1_1306' title='bbox 1530 1577 1546 1593; x_wconf 83' lang='lat' dir='ltr'>L</span> <span class='ocrx_word' id='word_1_1307' title='bbox 1554 1576 1568 1594; x_wconf 76' lang='grc' dir='ltr'><em>Ε</em></span> <span class='ocrx_word' id='word_1_1308' title='bbox 1576 1576 1593 1595; x_wconf 92' lang='grc'>0</span> <span class='ocrx_word' id='word_1_1309' title='bbox 1602 1577 1618 1594; x_wconf 86' lang='lat' dir='ltr'>R</span> <span class='ocrx_word' id='word_1_1310' title='bbox 1628 1589 1636 1601; x_wconf 93' lang='lat'>,</span> <span class='ocrx_word' id='word_1_1311' title='bbox 1657 1566 1720 1604; x_wconf 86' lang='lat' dir='ltr'>pass.</span> <span class='ocrx_word' id='word_1_1312' title='bbox 1746 1567 1952 1604; x_wconf 65' lang='grc' dir='ltr'>[ἐξαλάφομαᾳ]</span> <span class='ocrx_word' id='word_1_1313' title='bbox 1971 1568 2085 1606; x_wconf 88' lang='lat' dir='ltr'>ponitur</span> <span class='ocrx_word' id='word_1_1314' title='bbox 2095 1576 2145 1604; x_wconf 86' lang='lat' dir='ltr'>pro</span> <span class='ocrx_word' id='word_1_1315' title='bbox 2157 1566 2236 1594; x_wconf 90' lang='lat' dir='ltr'>mori.</span> <span class='ocrx_word' id='word_1_1316' title='bbox 2259 1565 2328 1594; x_wconf 89' lang='lat' dir='ltr'>Plin.</span> <span class='ocrx_word' id='word_1_1317' title='bbox 2344 1564 2391 1594; x_wconf 89' lang='lat' dir='ltr'>lib.</span> <span class='ocrx_word' id='word_1_1318' title='bbox 2406 1573 2431 1601; x_wconf 92' lang='lat'>7.</span> <span class='ocrx_word' id='word_1_1319' title='bbox 2448 1564 2478 1593; x_wconf 92' lang='lat' dir='ltr'>in</span> <span class='ocrx_word' id='word_1_1320' title='bbox 2487 1573 2606 1601; x_wconf 80' lang='lat' dir='ltr'>prooem.</span> 
     </span>
     <span class='ocr_line' id='line_1_139' title="bbox 1487 1600 2610 1643; baseline -0.001 -12"><span class='ocrx_word' id='word_1_1321' title='bbox 1487 1602 1582 1640; x_wconf 82' lang='lat' dir='ltr'>Itaque</span> <span class='ocrx_word' id='word_1_1322' title='bbox 1591 1604 1672 1633; x_wconf 90' lang='lat' dir='ltr'>multi</span> <span class='ocrx_word' id='word_1_1323' title='bbox 1680 1605 1795 1634; x_wconf 84' lang='lat' dir='ltr'>extitere</span> <span class='ocrx_word' id='word_1_1324' title='bbox 1804 1628 1812 1642; x_wconf 83' lang='lat'><em>‚</em></span> <span class='ocrx_word' id='word_1_1325' title='bbox 1838 1606 1885 1643; x_wconf 90' lang='lat' dir='ltr'>qui</span> <span class='ocrx_word' id='word_1_1326' title='bbox 1900 1616 1957 1634; x_wconf 89' lang='lat' dir='ltr'>non</span> <span class='ocrx_word' id='word_1_1327' title='bbox 1971 1605 2044 1634; x_wconf 89' lang='lat' dir='ltr'>nasci</span> <span class='ocrx_word' id='word_1_1328' title='bbox 2055 1605 2193 1642; x_wconf 85' lang='lat' dir='ltr'>optimum</span> <span class='ocrx_word' id='word_1_1329' title='bbox 2202 1602 2346 1633; x_wconf 86' lang='lat' dir='ltr'>censerent</span> <span class='ocrx_word' id='word_1_1330' title='bbox 2354 1625 2362 1638; x_wconf 89' lang='lat'>,</span> <span class='ocrx_word' id='word_1_1331' title='bbox 2384 1609 2432 1632; x_wconf 86' lang='lat' dir='ltr'>aut</span> <span class='ocrx_word' id='word_1_1332' title='bbox 2441 1611 2523 1639; x_wconf 86' lang='lat' dir='ltr'>quam</span> <span class='ocrx_word' id='word_1_1333' title='bbox 2532 1600 2610 1640; x_wconf 72' lang='lat' dir='ltr'>ocyss</span> 
     </span>
     <span class='ocr_line' id='line_1_140' title="bbox 1487 1640 2062 1680; baseline 0.005 -11"><span class='ocrx_word' id='word_1_1334' title='bbox 1487 1640 1553 1670; x_wconf 84' lang='lat' dir='ltr'>sime</span> <span class='ocrx_word' id='word_1_1335' title='bbox 1564 1641 1675 1671; x_wconf 85' lang='lat' dir='ltr'>aboleri.</span> <span class='ocrx_word' id='word_1_1336' title='bbox 1704 1643 1797 1679; x_wconf 85' lang='lat' dir='ltr'>idest,</span> <span class='ocrx_word' id='word_1_1337' title='bbox 1817 1644 1904 1679; x_wconf 81' lang='lat' dir='ltr'>mori,</span> <span class='ocrx_word' id='word_1_1338' title='bbox 1926 1643 2062 1680; x_wconf 82' lang='lat' dir='ltr'>extingui.</span> 
     </span>
    </p>

    <p class='ocr_par' dir='ltr' id='par_1_51' title="bbox 1449 1677 2606 1861">
     <span class='ocr_line' id='line_1_141' title="bbox 1449 1677 2606 1717; baseline -0.001 -9"><span class='ocrx_word' id='word_1_1339' title='bbox 1449 1678 1471 1708; x_wconf 84' lang='lat' dir='ltr'>A</span> <span class='ocrx_word' id='word_1_1340' title='bbox 1480 1688 1518 1707; x_wconf 72' lang='lat' dir='ltr'>Bo</span> <span class='ocrx_word' id='word_1_1341' title='bbox 1528 1690 1543 1707; x_wconf 81' lang='lat' dir='ltr'>L</span> <span class='ocrx_word' id='word_1_1342' title='bbox 1552 1690 1560 1707; x_wconf 89' lang='lat'>1</span> <span class='ocrx_word' id='word_1_1343' title='bbox 1569 1689 1588 1708; x_wconf 62' lang='lat' dir='ltr'>*r</span> <span class='ocrx_word' id='word_1_1344' title='bbox 1598 1690 1634 1709; x_wconf 84' lang='lat' dir='ltr'>us</span> <span class='ocrx_word' id='word_1_1345' title='bbox 1646 1702 1654 1715; x_wconf 89' lang='lat'>,</span> <span class='ocrx_word' id='word_1_1346' title='bbox 1683 1681 1896 1717; x_wconf 58' lang='lat' dir='ltr'>[wamme&#39;v&amp;]</span> <span class='ocrx_word' id='word_1_1347' title='bbox 1924 1681 2020 1710; x_wconf 85' lang='lat' dir='ltr'>Partic.</span> <span class='ocrx_word' id='word_1_1348' title='bbox 2046 1686 2078 1709; x_wconf 92' lang='lat' dir='ltr'>ut</span> <span class='ocrx_word' id='word_1_1349' title='bbox 2087 1702 2095 1713; x_wconf 82' lang='lat'>,</span> <span class='ocrx_word' id='word_1_1350' title='bbox 2119 1679 2232 1709; x_wconf 88' lang='lat' dir='ltr'>Nomen</span> <span class='ocrx_word' id='word_1_1351' title='bbox 2243 1678 2388 1708; x_wconf 86' lang='lat' dir='ltr'>abolitum.</span> <span class='ocrx_word' id='word_1_1352' title='bbox 2415 1677 2483 1707; x_wconf 89' lang='lat' dir='ltr'>Plin.</span> <span class='ocrx_word' id='word_1_1353' title='bbox 2499 1677 2546 1706; x_wconf 85' lang='lat' dir='ltr'>lib.</span> <span class='ocrx_word' id='word_1_1354' title='bbox 2563 1687 2606 1713; x_wconf 84' lang='lat'>¹4·</span> 
     </span>
     <span class='ocr_line' id='line_1_142' title="bbox 1487 1714 2604 1754; baseline -0.001 -9"><span class='ocrx_word' id='word_1_1355' title='bbox 1487 1726 1547 1754; x_wconf 75' lang='lat' dir='ltr'>cap.</span> <span class='ocrx_word' id='word_1_1356' title='bbox 1560 1728 1586 1753; x_wconf 92' lang='lat'>4.</span> <span class='ocrx_word' id='word_1_1357' title='bbox 1616 1718 1662 1747; x_wconf 87' lang='lat' dir='ltr'>Sic</span> <span class='ocrx_word' id='word_1_1358' title='bbox 1674 1718 1742 1748; x_wconf 90' lang='lat' dir='ltr'>Plin.</span> <span class='ocrx_word' id='word_1_1359' title='bbox 1758 1718 1821 1754; x_wconf 86' lang='lat' dir='ltr'>Jun.</span> <span class='ocrx_word' id='word_1_1360' title='bbox 1859 1719 1932 1748; x_wconf 88' lang='lat' dir='ltr'>Libri</span> <span class='ocrx_word' id='word_1_1361' title='bbox 1947 1718 2059 1753; x_wconf 89' lang='lat' dir='ltr'>aboliti,</span> <span class='ocrx_word' id='word_1_1362' title='bbox 2081 1719 2107 1747; x_wconf 73' lang='lat' dir='ltr'>St</span> <span class='ocrx_word' id='word_1_1363' title='bbox 2121 1716 2230 1746; x_wconf 82' lang='lat' dir='ltr'>abolitae</span> <span class='ocrx_word' id='word_1_1364' title='bbox 2243 1716 2438 1745; x_wconf 85' lang='lat' dir='ltr'>accusationes.</span> <span class='ocrx_word' id='word_1_1365' title='bbox 2469 1714 2540 1745; x_wconf 81' lang='lat' dir='ltr'>Gen.</span> <span class='ocrx_word' id='word_1_1366' title='bbox 2555 1714 2604 1744; x_wconf 82' lang='lat' dir='ltr'>lib.</span> 
     </span>
     <span class='ocr_line' id='line_1_143' title="bbox 1491 1753 2417 1792; baseline -0.001 -9"><span class='ocrx_word' id='word_1_1367' title='bbox 1491 1764 1532 1783; x_wconf 87' lang='lat'>12.</span> <span class='ocrx_word' id='word_1_1368' title='bbox 1550 1764 1608 1792; x_wconf 87' lang='lat' dir='ltr'>cap.</span> <span class='ocrx_word' id='word_1_1369' title='bbox 1628 1766 1650 1785; x_wconf 94' lang='lat'>1.</span> <span class='ocrx_word' id='word_1_1370' title='bbox 1691 1756 1805 1786; x_wconf 87' lang='lat' dir='ltr'>Abolitis</span> <span class='ocrx_word' id='word_1_1371' title='bbox 1820 1759 1846 1786; x_wconf 83' lang='lat'>&amp;</span> <span class='ocrx_word' id='word_1_1372' title='bbox 1859 1757 2010 1786; x_wconf 80' lang='lat' dir='ltr'>obliteratis</span> <span class='ocrx_word' id='word_1_1373' title='bbox 2024 1762 2126 1784; x_wconf 79' lang='lat' dir='ltr'>naturae</span> <span class='ocrx_word' id='word_1_1374' title='bbox 2141 1755 2251 1792; x_wconf 86' lang='lat' dir='ltr'>pietatis</span> <span class='ocrx_word' id='word_1_1375' title='bbox 2264 1753 2417 1783; x_wconf 74' lang='lat' dir='ltr'>elementis</span> 
     </span>
     <span class='ocr_line' id='line_1_144' title="bbox 1486 1789 2603 1861; baseline -0.002 -40"><span class='ocrx_word' id='word_1_1376' title='bbox 1486 1792 1596 1822; x_wconf 83' lang='lat' dir='ltr'>Abolita</span> <span class='ocrx_word' id='word_1_1377' title='bbox 1604 1799 1685 1831; x_wconf 87' lang='lat' dir='ltr'>atque</span> <span class='ocrx_word' id='word_1_1378' title='bbox 1694 1793 1821 1861; x_wconf 49' lang='lat' dir='ltr'>abfiogata</span> <span class='ocrx_word' id='word_1_1379' title='bbox 1830 1796 1947 1824; x_wconf 89' lang='lat' dir='ltr'>retinere</span> <span class='ocrx_word' id='word_1_1380' title='bbox 1956 1817 1965 1830; x_wconf 92' lang='lat'>,</span> <span class='ocrx_word' id='word_1_1381' title='bbox 1988 1793 2140 1823; x_wconf 84' lang='lat' dir='ltr'>insolentiae</span> <span class='ocrx_word' id='word_1_1382' title='bbox 2150 1792 2294 1829; x_wconf 79' lang='lat' dir='ltr'>cujusdam</span> <span class='ocrx_word' id='word_1_1383' title='bbox 2305 1792 2350 1822; x_wconf 84' lang='lat' dir='ltr'>est.</span> <span class='ocrx_word' id='word_1_1384' title='bbox 2387 1790 2506 1828; x_wconf 81' lang='lat' dir='ltr'>Quintil.</span> <span class='ocrx_word' id='word_1_1385' title='bbox 2520 1789 2568 1820; x_wconf 88' lang='lat' dir='ltr'>lib.</span> <span class='ocrx_word' id='word_1_1386' title='bbox 2580 1800 2603 1820; x_wconf 89' lang='lat'>1.</span> 
     </span>
    </p>

    <p class='ocr_par' dir='ltr' id='par_1_52' title="bbox 1505 1835 1811 1862">
     <span class='ocr_line' id='line_1_145' title="bbox 1505 1835 1811 1862; baseline 0.007 -3"><span class='ocrx_word' id='word_1_1387' title='bbox 1505 1840 1537 1859; x_wconf 88' lang='lat' dir='ltr'>ca</span> <span class='ocrx_word' id='word_1_1388' title='bbox 1559 1854 1564 1860; x_wconf 96' lang='lat'>.</span> <span class='ocrx_word' id='word_1_1389' title='bbox 1578 1835 1602 1860; x_wconf 91' lang='lat'>6.</span> <span class='ocrx_word' id='word_1_1390' title='bbox 1641 1854 1646 1860; x_wconf 96' lang='lat'>.</span> <span class='ocrx_word' id='word_1_1391' title='bbox 1679 1835 1703 1861; x_wconf 85' lang='lat'>6.</span> <span class='ocrx_word' id='word_1_1392' title='bbox 1743 1842 1811 1862; x_wconf 90' lang='lat' dir='ltr'>urm.</span> 
     </span>
    </p>

    <p class='ocr_par' dir='ltr' id='par_1_53' title="bbox 1485 1840 2566 1907">
     <span class='ocr_line' id='line_1_146' title="bbox 1485 1840 2566 1907; baseline -0.003 -10"><span class='ocrx_word' id='word_1_1393' title='bbox 1485 1841 1601 1898; x_wconf 57' lang='lat' dir='ltr'>Aboflitae</span> <span class='ocrx_word' id='word_1_1394' title='bbox 1612 1840 1691 1898; x_wconf 53' lang='lat' dir='ltr'>3}de</span> <span class='ocrx_word' id='word_1_1395' title='bbox 1713 1869 1802 1900; x_wconf 88' lang='lat' dir='ltr'>Tacit.</span> <span class='ocrx_word' id='word_1_1396' title='bbox 1817 1870 1884 1900; x_wconf 84' lang='lat' dir='ltr'>Arm.</span> <span class='ocrx_word' id='word_1_1397' title='bbox 1899 1870 1947 1899; x_wconf 82' lang='lat' dir='ltr'>lib.</span> <span class='ocrx_word' id='word_1_1398' title='bbox 1959 1879 1984 1900; x_wconf 92' lang='lat'>2.</span> <span class='ocrx_word' id='word_1_1399' title='bbox 1997 1880 2040 1907; x_wconf 88' lang='lat'>49.</span> <span class='ocrx_word' id='word_1_1400' title='bbox 2062 1869 2134 1898; x_wconf 85' lang='lat' dir='ltr'>aedes</span> <span class='ocrx_word' id='word_1_1401' title='bbox 2145 1867 2277 1898; x_wconf 87' lang='lat' dir='ltr'>vetustate</span> <span class='ocrx_word' id='word_1_1402' title='bbox 2287 1889 2295 1902; x_wconf 90' lang='lat'>,</span> <span class='ocrx_word' id='word_1_1403' title='bbox 2315 1871 2364 1896; x_wconf 81' lang='lat' dir='ltr'>aut</span> <span class='ocrx_word' id='word_1_1404' title='bbox 2374 1867 2431 1903; x_wconf 86' lang='lat' dir='ltr'>igni</span> <span class='ocrx_word' id='word_1_1405' title='bbox 2442 1865 2566 1895; x_wconf 86' lang='lat' dir='ltr'>abolitas.</span> 
     </span>
    </p>

    <p class='ocr_par' dir='ltr' id='par_1_54' title="bbox 1484 1903 2608 1974">
     <span class='ocr_line' id='line_1_147' title="bbox 1484 1903 2608 1974; baseline -0.003 -37"><span class='ocrx_word' id='word_1_1406' title='bbox 1484 1906 1753 1974; x_wconf 48' lang='grc' dir='ltr'>Αῗοῌ1031ρέ0131110</span> <span class='ocrx_word' id='word_1_1407' title='bbox 1769 1909 1872 1946; x_wconf 89' lang='lat' dir='ltr'>patrios</span> <span class='ocrx_word' id='word_1_1408' title='bbox 1885 1918 1993 1944; x_wconf 83' lang='lat' dir='ltr'>mores,</span> <span class='ocrx_word' id='word_1_1409' title='bbox 2023 1907 2149 1937; x_wconf 88' lang='lat' dir='ltr'>funditus</span> <span class='ocrx_word' id='word_1_1410' title='bbox 2166 1906 2252 1936; x_wconf 86' lang='lat' dir='ltr'>everti</span> <span class='ocrx_word' id='word_1_1411' title='bbox 2262 1915 2312 1944; x_wconf 90' lang='lat' dir='ltr'>per</span> <span class='ocrx_word' id='word_1_1412' title='bbox 2325 1905 2441 1934; x_wconf 85' lang='lat' dir='ltr'>accitam</span> <span class='ocrx_word' id='word_1_1413' title='bbox 2455 1903 2608 1934; x_wconf 79' lang='lat' dir='ltr'>lasciviam.</span> 
     </span>
    </p>

    <p class='ocr_par' dir='ltr' id='par_1_55' title="bbox 1448 1952 2653 2058">
     <span class='ocr_line' id='line_1_148' title="bbox 1532 1952 1772 1981; baseline 0.008 -8"><span class='ocrx_word' id='word_1_1414' title='bbox 1532 1952 1593 1974; x_wconf 81' lang='lat' dir='ltr'>aeit.</span> <span class='ocrx_word' id='word_1_1415' title='bbox 1621 1956 1629 1974; x_wconf 91' lang='lat'>1</span> <span class='ocrx_word' id='word_1_1416' title='bbox 1650 1968 1656 1974; x_wconf 97' lang='lat'>.</span> <span class='ocrx_word' id='word_1_1417' title='bbox 1671 1956 1712 1981; x_wconf 92' lang='lat'>14.</span> <span class='ocrx_word' id='word_1_1418' title='bbox 1728 1956 1772 1975; x_wconf 92' lang='lat'>20.</span> 
     </span>
     <span class='ocr_line' id='line_1_149' title="bbox 1448 1979 2653 2050; baseline -0.002 -39"><span class='ocrx_word' id='word_1_1419' title='bbox 1448 1982 1469 2011; x_wconf 81' lang='lat' dir='ltr'>A</span> <span class='ocrx_word' id='word_1_1420' title='bbox 1479 1992 1506 2050; x_wconf 56' lang='lat' dir='ltr'>uA</span> <span class='ocrx_word' id='word_1_1421' title='bbox 1504 1992 1631 2049; x_wconf 46' lang='lat' dir='ltr'>cmg-10</span> <span class='ocrx_word' id='word_1_1422' title='bbox 1640 2005 1648 2019; x_wconf 82' lang='lat'>,</span> <span class='ocrx_word' id='word_1_1423' title='bbox 1676 1984 1745 2013; x_wconf 72' lang='lat' dir='ltr'>onis.</span> <span class='ocrx_word' id='word_1_1424' title='bbox 1775 1984 1961 2020; x_wconf 59' lang='grc' dir='ltr'>[ἀφανισμὶς]</span> <span class='ocrx_word' id='word_1_1425' title='bbox 1994 1982 2128 2013; x_wconf 86' lang='lat' dir='ltr'>Verbale:</span> <span class='ocrx_word' id='word_1_1426' title='bbox 2159 1987 2192 2011; x_wconf 87' lang='lat' dir='ltr'>ut</span> <span class='ocrx_word' id='word_1_1427' title='bbox 2203 1979 2325 2011; x_wconf 86' lang='lat' dir='ltr'>Abolitio</span> <span class='ocrx_word' id='word_1_1428' title='bbox 2338 1979 2416 2018; x_wconf 88' lang='lat' dir='ltr'>legis.</span> <span class='ocrx_word' id='word_1_1429' title='bbox 2445 1980 2560 2009; x_wconf 89' lang='lat' dir='ltr'>Sueton.</span> <span class='ocrx_word' id='word_1_1430' title='bbox 2574 1979 2609 2009; x_wconf 80' lang='grc' dir='ltr'>1η</span> <span class='ocrx_word' id='word_1_1431' title='bbox 2650 1995 2653 2002; x_wconf 67' lang='lat'>‚</span> 
     </span>
     <span class='ocr_line' id='line_1_150' title="bbox 1508 2030 1801 2058; baseline 0.01 -10"><span class='ocrx_word' id='word_1_1432' title='bbox 1508 2030 1562 2057; x_wconf 86' lang='lat' dir='ltr'>ugu</span> <span class='ocrx_word' id='word_1_1433' title='bbox 1586 2030 1620 2056; x_wconf 93' lang='lat' dir='ltr'>o,</span> <span class='ocrx_word' id='word_1_1434' title='bbox 1641 2030 1700 2058; x_wconf 85' lang='lat' dir='ltr'>cap.</span> <span class='ocrx_word' id='word_1_1435' title='bbox 1716 2031 1759 2058; x_wconf 85' lang='lat'>34.</span> <span class='ocrx_word' id='word_1_1436' title='bbox 1777 2031 1801 2058; x_wconf 88' lang='grc'>3.</span> 
     </span>
    </p>

    <p class='ocr_par' dir='ltr' id='par_1_56' title="bbox 1483 2054 2608 2175">
     <span class='ocr_line' id='line_1_151' title="bbox 1483 2054 2608 2095; baseline -0.003 -9"><span class='ocrx_word' id='word_1_1437' title='bbox 1483 2058 1605 2087; x_wconf 86' lang='lat' dir='ltr'>Abolitio</span> <span class='ocrx_word' id='word_1_1438' title='bbox 1625 2059 1747 2089; x_wconf 87' lang='lat' dir='ltr'>criminis</span> <span class='ocrx_word' id='word_1_1439' title='bbox 1758 2082 1765 2095; x_wconf 86' lang='lat'><em>‚</em></span> <span class='ocrx_word' id='word_1_1440' title='bbox 1797 2060 1897 2089; x_wconf 90' lang='lat' dir='ltr'>dicitur</span> <span class='ocrx_word' id='word_1_1441' title='bbox 1911 2069 1927 2089; x_wconf 89' lang='lat' dir='ltr'>a</span> <span class='ocrx_word' id='word_1_1442' title='bbox 1939 2057 2144 2095; x_wconf 85' lang='lat' dir='ltr'>Jurisconsultis</span> <span class='ocrx_word' id='word_1_1443' title='bbox 2162 2067 2227 2087; x_wconf 86' lang='lat' dir='ltr'>cum</span> <span class='ocrx_word' id='word_1_1444' title='bbox 2244 2055 2361 2086; x_wconf 83' lang='lat' dir='ltr'>accusati</span> <span class='ocrx_word' id='word_1_1445' title='bbox 2379 2065 2485 2085; x_wconf 89' lang='lat' dir='ltr'>nomen</span> <span class='ocrx_word' id='word_1_1446' title='bbox 2500 2055 2535 2084; x_wconf 91' lang='lat' dir='ltr'>de</span> <span class='ocrx_word' id='word_1_1447' title='bbox 2550 2054 2608 2084; x_wconf 76' lang='grc'>1613</span> 
     </span>
     <span class='ocr_line' id='line_1_152' title="bbox 1503 2094 2604 2132; baseline -0.003 -8"><span class='ocrx_word' id='word_1_1448' title='bbox 1503 2097 1649 2131; x_wconf 83' lang='lat' dir='ltr'>eximitur,</span> <span class='ocrx_word' id='word_1_1449' title='bbox 1672 2097 1725 2132; x_wconf 97' lang='grc'>116,</span> <span class='ocrx_word' id='word_1_1450' title='bbox 1746 2104 1779 2126; x_wconf 83' lang='grc'>111</span> <span class='ocrx_word' id='word_1_1451' title='bbox 1796 2097 1975 2127; x_wconf 85' lang='lat' dir='ltr'>accusationis</span> <span class='ocrx_word' id='word_1_1452' title='bbox 1992 2097 2120 2126; x_wconf 64' lang='lat' dir='ltr'>instituta*</span> <span class='ocrx_word' id='word_1_1453' title='bbox 2131 2096 2265 2125; x_wconf 88' lang='lat' dir='ltr'>memoria</span> <span class='ocrx_word' id='word_1_1454' title='bbox 2277 2095 2403 2124; x_wconf 88' lang='lat' dir='ltr'>funditus</span> <span class='ocrx_word' id='word_1_1455' title='bbox 2414 2094 2604 2131; x_wconf 71' lang='lat' dir='ltr'>extinguatur.</span> 
     </span>
     <span class='ocr_line' id='line_1_153' title="bbox 1501 2132 2602 2175; baseline -0.002 -13"><span class='ocrx_word' id='word_1_1456' title='bbox 1501 2133 1520 2163; x_wconf 91' lang='lat'>1.</span> <span class='ocrx_word' id='word_1_1457' title='bbox 1536 2134 1657 2163; x_wconf 79' lang='lat' dir='ltr'>abolitio.</span> <span class='ocrx_word' id='word_1_1458' title='bbox 1677 2141 1702 2169; x_wconf 84' lang='lat'>8.</span> <span class='ocrx_word' id='word_1_1459' title='bbox 1722 2135 1754 2164; x_wconf 92' lang='lat' dir='ltr'>D.</span> <span class='ocrx_word' id='word_1_1460' title='bbox 1774 2136 1853 2165; x_wconf 85' lang='lat' dir='ltr'>ad&#39;S.</span> <span class='ocrx_word' id='word_1_1461' title='bbox 1869 2135 1898 2165; x_wconf 92' lang='lat' dir='ltr'>C.</span> <span class='ocrx_word' id='word_1_1462' title='bbox 1918 2134 2027 2173; x_wconf 90' lang='lat' dir='ltr'>Turpil.</span> <span class='ocrx_word' id='word_1_1463' title='bbox 2066 2135 2100 2164; x_wconf 90' lang='lat' dir='ltr'>Et</span> <span class='ocrx_word' id='word_1_1464' title='bbox 2112 2134 2149 2163; x_wconf 81' lang='lat' dir='ltr'>est</span> <span class='ocrx_word' id='word_1_1465' title='bbox 2162 2133 2284 2171; x_wconf 76' lang='lat' dir='ltr'>duplex,</span> <span class='ocrx_word' id='word_1_1466' title='bbox 2311 2132 2423 2172; x_wconf 70' lang='lat' dir='ltr'>Publica</span> <span class='ocrx_word' id='word_1_1467' title='bbox 2437 2133 2463 2161; x_wconf 66' lang='lat' dir='ltr'>Se</span> <span class='ocrx_word' id='word_1_1468' title='bbox 2480 2132 2602 2175; x_wconf 85' lang='lat' dir='ltr'>privata:</span> 
     </span>
    </p>
   </div>
   <div class='ocr_carea' id='block_1_16' title="bbox 2350 1184 2611 1221">
    <p class='ocr_par' dir='ltr' id='par_1_57' title="bbox 2350 1184 2611 1221">
     <span class='ocr_line' id='line_1_154' title="bbox 2350 1184 2611 1221; baseline 0.004 -7"><span class='ocrx_word' id='word_1_1469' title='bbox 2350 1184 2459 1215; x_wconf 86' lang='lat' dir='ltr'>Servius</span> <span class='ocrx_word' id='word_1_1470' title='bbox 2468 1207 2477 1221; x_wconf 88' lang='lat'>,</span> <span class='ocrx_word' id='word_1_1471' title='bbox 2497 1184 2559 1215; x_wconf 88' lang='lat' dir='ltr'>Nee</span> <span class='ocrx_word' id='word_1_1472' title='bbox 2571 1185 2611 1215; x_wconf 87' lang='lat' dir='ltr'>la-</span> 
     </span>
    </p>
   </div>
   <div class='ocr_carea' id='block_1_17' title="bbox 1501 2171 2659 2211">
    <p class='ocr_par' dir='ltr' id='par_1_58' title="bbox 1501 2171 2659 2211">
     <span class='ocr_line' id='line_1_155' title="bbox 1501 2171 2659 2211; baseline -0.003 -11"><span class='ocrx_word' id='word_1_1473' title='bbox 1501 2171 1614 2201; x_wconf 88' lang='lat' dir='ltr'>Publica</span> <span class='ocrx_word' id='word_1_1474' title='bbox 1623 2182 1682 2209; x_wconf 76' lang='lat' dir='ltr'>quae</span> <span class='ocrx_word' id='word_1_1475' title='bbox 1694 2173 1841 2211; x_wconf 90' lang='lat' dir='ltr'>principis,</span> <span class='ocrx_word' id='word_1_1476' title='bbox 1861 2173 2003 2202; x_wconf 86' lang='lat' dir='ltr'>senatusve</span> <span class='ocrx_word' id='word_1_1477' title='bbox 2015 2172 2235 2202; x_wconf 77' lang='lat' dir='ltr'>authoritatefit:</span> <span class='ocrx_word' id='word_1_1478' title='bbox 2260 2171 2365 2200; x_wconf 85' lang='lat' dir='ltr'>Privata</span> <span class='ocrx_word' id='word_1_1479' title='bbox 2376 2179 2436 2208; x_wconf 83' lang='lat' dir='ltr'>quae</span> <span class='ocrx_word' id='word_1_1480' title='bbox 2447 2179 2501 2203; x_wconf 83' lang='lat' dir='ltr'>rei,</span> <span class='ocrx_word' id='word_1_1481' title='bbox 2524 2178 2606 2198; x_wconf 65' lang='grc'>116611-</span> <span class='ocrx_word' id='word_1_1482' title='bbox 2654 2190 2659 2192; x_wconf 85' lang='grc'>-</span> 
     </span>
    </p>
   </div>
   <div class='ocr_carea' id='block_1_18' title="bbox 1436 2207 2602 3122">
    <p class='ocr_par' dir='ltr' id='par_1_59' title="bbox 1436 2207 2602 3122">
     <span class='ocr_line' id='line_1_156' title="bbox 1501 2207 2600 2250; baseline -0.002 -12"><span class='ocrx_word' id='word_1_1483' title='bbox 1501 2209 1629 2239; x_wconf 87' lang='lat' dir='ltr'>satorisve</span> <span class='ocrx_word' id='word_1_1484' title='bbox 1639 2210 1776 2250; x_wconf 87' lang='lat' dir='ltr'>postulatu</span> <span class='ocrx_word' id='word_1_1485' title='bbox 1787 2212 1958 2241; x_wconf 88' lang='lat' dir='ltr'>conceditur.</span> <span class='ocrx_word' id='word_1_1486' title='bbox 1977 2211 1995 2241; x_wconf 94' lang='lat' dir='ltr'>l.</span> <span class='ocrx_word' id='word_1_1487' title='bbox 2006 2211 2025 2248; x_wconf 85' lang='lat' dir='ltr'>j.</span> <span class='ocrx_word' id='word_1_1488' title='bbox 2039 2210 2069 2241; x_wconf 91' lang='lat' dir='ltr'>C.</span> <span class='ocrx_word' id='word_1_1489' title='bbox 2087 2211 2122 2242; x_wconf 82' lang='lat' dir='ltr'>de</span> <span class='ocrx_word' id='word_1_1490' title='bbox 2134 2209 2252 2249; x_wconf 80' lang='lat' dir='ltr'>general.</span> <span class='ocrx_word' id='word_1_1491' title='bbox 2263 2208 2356 2240; x_wconf 79' lang='lat' dir='ltr'>abolit.</span> <span class='ocrx_word' id='word_1_1492' title='bbox 2372 2208 2390 2238; x_wconf 86' lang='lat' dir='ltr'>l.</span> <span class='ocrx_word' id='word_1_1493' title='bbox 2403 2213 2451 2238; x_wconf 84' lang='lat' dir='ltr'>aut</span> <span class='ocrx_word' id='word_1_1494' title='bbox 2460 2207 2600 2246; x_wconf 82' lang='lat' dir='ltr'>privatim.</span> 
     </span>
     <span class='ocr_line' id='line_1_157' title="bbox 1501 2246 1872 2287; baseline 0.008 -10"><span class='ocrx_word' id='word_1_1495' title='bbox 1501 2246 1535 2277; x_wconf 90' lang='lat' dir='ltr'>D.</span> <span class='ocrx_word' id='word_1_1496' title='bbox 1553 2249 1588 2277; x_wconf 85' lang='lat' dir='ltr'>ad</span> <span class='ocrx_word' id='word_1_1497' title='bbox 1601 2248 1708 2287; x_wconf 88' lang='lat' dir='ltr'>Turpil.</span> <span class='ocrx_word' id='word_1_1498' title='bbox 1723 2249 1872 2280; x_wconf 88' lang='lat' dir='ltr'>Hotoman.</span> 
     </span>
     <span class='ocr_line' id='line_1_158' title="bbox 1483 2285 2342 2324; baseline 0.001 -9"><span class='ocrx_word' id='word_1_1499' title='bbox 1483 2285 1603 2316; x_wconf 88' lang='lat' dir='ltr'>Abolitio</span> <span class='ocrx_word' id='word_1_1500' title='bbox 1615 2287 1763 2318; x_wconf 71' lang='lat' dir='ltr'>sententiae.</span> <span class='ocrx_word' id='word_1_1501' title='bbox 1793 2288 1882 2318; x_wconf 86' lang='lat' dir='ltr'>Tacit.</span> <span class='ocrx_word' id='word_1_1502' title='bbox 1896 2288 1943 2318; x_wconf 89' lang='lat' dir='ltr'>lib.</span> <span class='ocrx_word' id='word_1_1503' title='bbox 1959 2291 1983 2318; x_wconf 92' lang='lat'>6.</span> <span class='ocrx_word' id='word_1_1504' title='bbox 1996 2298 2040 2317; x_wconf 87' lang='lat'>22.</span> <span class='ocrx_word' id='word_1_1505' title='bbox 2064 2289 2090 2317; x_wconf 73' lang='lat' dir='ltr'>Sc</span> <span class='ocrx_word' id='word_1_1506' title='bbox 2104 2286 2150 2316; x_wconf 88' lang='lat' dir='ltr'>lib.</span> <span class='ocrx_word' id='word_1_1507' title='bbox 2167 2296 2208 2324; x_wconf 87' lang='lat'>13.</span> <span class='ocrx_word' id='word_1_1508' title='bbox 2228 2297 2279 2321; x_wconf 86' lang='lat'>50,</span> <span class='ocrx_word' id='word_1_1509' title='bbox 2298 2295 2342 2321; x_wconf 82' lang='lat'>51.</span> 
     </span>
     <span class='ocr_line' id='line_1_159' title="bbox 1444 2320 2602 2363; baseline -0.003 -10"><span class='ocrx_word' id='word_1_1510' title='bbox 1444 2323 1607 2360; x_wconf 74' lang='lat' dir='ltr'>ABOLLA‚</span> <span class='ocrx_word' id='word_1_1511' title='bbox 1629 2335 1658 2354; x_wconf 68' lang='grc' dir='ltr'>τε.</span> <span class='ocrx_word' id='word_1_1512' title='bbox 1688 2325 1755 2355; x_wconf 77' lang='lat' dir='ltr'>teste</span> <span class='ocrx_word' id='word_1_1513' title='bbox 1770 2326 1883 2362; x_wconf 73' lang='lat' dir='ltr'>Nonio,</span> <span class='ocrx_word' id='word_1_1514' title='bbox 1912 2338 1954 2363; x_wconf 89' lang='lat'>14.</span> <span class='ocrx_word' id='word_1_1515' title='bbox 1973 2338 1997 2362; x_wconf 85' lang='lat'>9.</span> <span class='ocrx_word' id='word_1_1516' title='bbox 2027 2326 2106 2354; x_wconf 83' lang='lat' dir='ltr'>vestis</span> <span class='ocrx_word' id='word_1_1517' title='bbox 2117 2331 2175 2354; x_wconf 82' lang='lat' dir='ltr'>erat</span> <span class='ocrx_word' id='word_1_1518' title='bbox 2188 2324 2312 2353; x_wconf 85' lang='lat' dir='ltr'>militaris</span> <span class='ocrx_word' id='word_1_1519' title='bbox 2339 2321 2491 2358; x_wconf 60' lang='grc' dir='ltr'>[χλκμῦτ]</span> <span class='ocrx_word' id='word_1_1520' title='bbox 2519 2320 2602 2351; x_wconf 73' lang='lat' dir='ltr'>Unde</span> 
     </span>
     <span class='ocr_line' id='line_1_160' title="bbox 1480 2358 2598 2430; baseline -0.003 -39"><span class='ocrx_word' id='word_1_1521' title='bbox 1480 2362 1560 2430; x_wconf 54' lang='lat' dir='ltr'>joclps</span> <span class='ocrx_word' id='word_1_1522' title='bbox 1573 2362 1705 2393; x_wconf 76' lang='lat' dir='ltr'>Martialis</span> <span class='ocrx_word' id='word_1_1523' title='bbox 1717 2358 1749 2393; x_wconf 87' lang='lat' dir='ltr'>in</span> <span class='ocrx_word' id='word_1_1524' title='bbox 1759 2363 1914 2402; x_wconf 88' lang='lat' dir='ltr'>Crispinum</span> <span class='ocrx_word' id='word_1_1525' title='bbox 1924 2387 1932 2401; x_wconf 83' lang='lat'>,</span> <span class='ocrx_word' id='word_1_1526' title='bbox 1959 2365 2006 2402; x_wconf 89' lang='lat' dir='ltr'>qui</span> <span class='ocrx_word' id='word_1_1527' title='bbox 2022 2363 2110 2402; x_wconf 83' lang='lat' dir='ltr'>polita</span> <span class='ocrx_word' id='word_1_1528' title='bbox 2122 2362 2213 2392; x_wconf 88' lang='lat' dir='ltr'>abolla</span> <span class='ocrx_word' id='word_1_1529' title='bbox 2224 2385 2232 2399; x_wconf 96' lang='lat'>,</span> <span class='ocrx_word' id='word_1_1530' title='bbox 2257 2369 2352 2399; x_wconf 84' lang='lat' dir='ltr'>togam</span> <span class='ocrx_word' id='word_1_1531' title='bbox 2363 2359 2528 2398; x_wconf 80' lang='lat' dir='ltr'>sumpserat,</span> <span class='ocrx_word' id='word_1_1532' title='bbox 2550 2358 2598 2389; x_wconf 82' lang='lat' dir='ltr'>lib.</span> 
     </span>
     <span class='ocr_line' id='line_1_161' title="bbox 1546 2411 2260 2478; baseline -0.003 -9"><span class='ocrx_word' id='word_1_1533' title='bbox 1546 2411 1652 2469; x_wconf 79' lang='lat' dir='ltr'>pNescit</span> <span class='ocrx_word' id='word_1_1534' title='bbox 1665 2440 1710 2469; x_wconf 86' lang='lat' dir='ltr'>cui</span> <span class='ocrx_word' id='word_1_1535' title='bbox 1723 2440 1836 2478; x_wconf 81' lang='lat' dir='ltr'>Tyriam</span> <span class='ocrx_word' id='word_1_1536' title='bbox 1849 2440 1957 2469; x_wconf 78' lang='lat' dir='ltr'>dederit</span> <span class='ocrx_word' id='word_1_1537' title='bbox 1970 2439 2110 2477; x_wconf 87' lang='lat' dir='ltr'>Crispinus</span> <span class='ocrx_word' id='word_1_1538' title='bbox 2124 2437 2260 2468; x_wconf 88' lang='lat' dir='ltr'>abollam:</span> 
     </span>
     <span class='ocr_line' id='line_1_162' title="bbox 1595 2477 2509 2515; baseline -0.003 -8"><span class='ocrx_word' id='word_1_1539' title='bbox 1595 2477 1669 2507; x_wconf 92' lang='lat' dir='ltr'>Dum</span> <span class='ocrx_word' id='word_1_1540' title='bbox 1680 2485 1769 2507; x_wconf 85' lang='lat' dir='ltr'>mutat</span> <span class='ocrx_word' id='word_1_1541' title='bbox 1782 2477 1872 2507; x_wconf 90' lang='lat' dir='ltr'>cultus</span> <span class='ocrx_word' id='word_1_1542' title='bbox 1881 2501 1888 2513; x_wconf 88' lang='lat'>,</span> <span class='ocrx_word' id='word_1_1543' title='bbox 1910 2478 2090 2514; x_wconf 88' lang='lat' dir='ltr'>induiturque</span> <span class='ocrx_word' id='word_1_1544' title='bbox 2102 2484 2204 2513; x_wconf 71' lang='lat' dir='ltr'>togam.</span> <span class='ocrx_word' id='word_1_1545' title='bbox 2503 2510 2509 2515; x_wconf 50' lang='grc'><strong>-</strong></span> 
     </span>
     <span class='ocr_line' id='line_1_163' title="bbox 1479 2509 2599 2554; baseline -0.005 -9"><span class='ocrx_word' id='word_1_1546' title='bbox 1479 2514 1589 2545; x_wconf 87' lang='lat' dir='ltr'>Servius</span> <span class='ocrx_word' id='word_1_1547' title='bbox 1600 2515 1628 2544; x_wconf 91' lang='lat' dir='ltr'>in</span> <span class='ocrx_word' id='word_1_1548' title='bbox 1643 2515 1713 2544; x_wconf 91' lang='lat' dir='ltr'>illud</span> <span class='ocrx_word' id='word_1_1549' title='bbox 1728 2516 1798 2554; x_wconf 86' lang='lat' dir='ltr'>Virg.</span> <span class='ocrx_word' id='word_1_1550' title='bbox 1815 2527 1836 2551; x_wconf 78' lang='grc' dir='ltr'>ς.</span> <span class='ocrx_word' id='word_1_1551' title='bbox 1853 2516 1914 2545; x_wconf 78' lang='lat' dir='ltr'>AEn.</span> <span class='ocrx_word' id='word_1_1552' title='bbox 1927 2526 1990 2551; x_wconf 89' lang='lat'>421.</span> <span class='ocrx_word' id='word_1_1553' title='bbox 2013 2514 2155 2552; x_wconf 87' lang='lat' dir='ltr'>duplicem</span> <span class='ocrx_word' id='word_1_1554' title='bbox 2167 2523 2202 2543; x_wconf 83' lang='lat' dir='ltr'>ex</span> <span class='ocrx_word' id='word_1_1555' title='bbox 2212 2513 2334 2542; x_wconf 88' lang='lat' dir='ltr'>humeris</span> <span class='ocrx_word' id='word_1_1556' title='bbox 2347 2511 2444 2548; x_wconf 75' lang='lat' dir='ltr'>rejecit</span> <span class='ocrx_word' id='word_1_1557' title='bbox 2456 2509 2599 2540; x_wconf 62' lang='lat' dir='ltr'>amioum.</span> 
     </span>
     <span class='ocr_line' id='line_1_164' title="bbox 1499 2547 2601 2591; baseline -0.006 -8"><span class='ocrx_word' id='word_1_1558' title='bbox 1499 2553 1532 2583; x_wconf 88' lang='lat' dir='ltr'>Id</span> <span class='ocrx_word' id='word_1_1559' title='bbox 1544 2553 1600 2588; x_wconf 85' lang='lat' dir='ltr'>est,</span> <span class='ocrx_word' id='word_1_1560' title='bbox 1621 2553 1728 2591; x_wconf 81' lang='lat' dir='ltr'>inquit,</span> <span class='ocrx_word' id='word_1_1561' title='bbox 1748 2553 1866 2583; x_wconf 83' lang='lat' dir='ltr'>abollarn</span> <span class='ocrx_word' id='word_1_1562' title='bbox 1877 2563 1936 2591; x_wconf 76' lang='lat' dir='ltr'>quae</span> <span class='ocrx_word' id='word_1_1563' title='bbox 1949 2553 2054 2591; x_wconf 78' lang='lat' dir='ltr'>duplex</span> <span class='ocrx_word' id='word_1_1564' title='bbox 2069 2553 2123 2586; x_wconf 75' lang='lat' dir='ltr'>est.</span> <span class='ocrx_word' id='word_1_1565' title='bbox 2149 2552 2217 2580; x_wconf 83' lang='lat' dir='ltr'>sicut</span> <span class='ocrx_word' id='word_1_1566' title='bbox 2230 2551 2361 2588; x_wconf 79' lang='lat' dir='ltr'>chlamys.</span> <span class='ocrx_word' id='word_1_1567' title='bbox 2390 2550 2457 2578; x_wconf 70' lang='lat' dir='ltr'>Hor.</span> <span class='ocrx_word' id='word_1_1568' title='bbox 2497 2547 2601 2577; x_wconf 84' lang='lat' dir='ltr'>Contra</span> 
     </span>
     <span class='ocr_line' id='line_1_165' title="bbox 1516 2586 2597 2630; baseline -0.006 -9"><span class='ocrx_word' id='word_1_1569' title='bbox 1516 2601 1582 2620; x_wconf 87' lang='lat' dir='ltr'>uem</span> <span class='ocrx_word' id='word_1_1570' title='bbox 1598 2591 1704 2630; x_wconf 89' lang='lat' dir='ltr'>duplici</span> <span class='ocrx_word' id='word_1_1571' title='bbox 1723 2602 1816 2630; x_wconf 89' lang='lat' dir='ltr'>panno</span> <span class='ocrx_word' id='word_1_1572' title='bbox 1839 2592 1971 2629; x_wconf 78' lang='lat' dir='ltr'>patientia</span> <span class='ocrx_word' id='word_1_1573' title='bbox 1987 2590 2067 2619; x_wconf 77' lang='lat' dir='ltr'>velat.</span> <span class='ocrx_word' id='word_1_1574' title='bbox 2107 2590 2173 2619; x_wconf 80' lang='lat' dir='ltr'>l-laec</span> <span class='ocrx_word' id='word_1_1575' title='bbox 2191 2588 2246 2618; x_wconf 89' lang='lat' dir='ltr'>ille.</span> <span class='ocrx_word' id='word_1_1576' title='bbox 2286 2587 2394 2618; x_wconf 76' lang='lat' dir='ltr'>Horatii</span> <span class='ocrx_word' id='word_1_1577' title='bbox 2416 2586 2495 2615; x_wconf 88' lang='lat' dir='ltr'>locus</span> <span class='ocrx_word' id='word_1_1578' title='bbox 2514 2586 2554 2615; x_wconf 87' lang='lat' dir='ltr'>est</span> <span class='ocrx_word' id='word_1_1579' title='bbox 2572 2595 2597 2615; x_wconf 78' lang='grc'>1.</span> 
     </span>
     <span class='ocr_line' id='line_1_166' title="bbox 1513 2627 2234 2668; baseline -0.003 -10"><span class='ocrx_word' id='word_1_1580' title='bbox 1513 2629 1578 2667; x_wconf 75' lang='lat' dir='ltr'>pist.</span> <span class='ocrx_word' id='word_1_1581' title='bbox 1595 2639 1636 2668; x_wconf 84' lang='lat'>17.</span> <span class='ocrx_word' id='word_1_1582' title='bbox 1653 2640 1677 2658; x_wconf 87' lang='lat' dir='ltr'>v.</span> <span class='ocrx_word' id='word_1_1583' title='bbox 1690 2640 1733 2665; x_wconf 84' lang='lat'>25.</span> <span class='ocrx_word' id='word_1_1584' title='bbox 1757 2630 1791 2658; x_wconf 91' lang='lat' dir='ltr'>de</span> <span class='ocrx_word' id='word_1_1585' title='bbox 1803 2629 1928 2666; x_wconf 80' lang='lat' dir='ltr'>Diogene</span> <span class='ocrx_word' id='word_1_1586' title='bbox 1942 2628 2108 2667; x_wconf 89' lang='lat' dir='ltr'>philosopho</span> <span class='ocrx_word' id='word_1_1587' title='bbox 2120 2627 2234 2664; x_wconf 82' lang='lat' dir='ltr'>Cynico.</span> 
     </span>
     <span class='ocr_line' id='line_1_167' title="bbox 1478 2660 2600 2704; baseline -0.006 -8"><span class='ocrx_word' id='word_1_1588' title='bbox 1478 2667 1592 2701; x_wconf 74' lang='lat' dir='ltr'>Abolla,</span> <span class='ocrx_word' id='word_1_1589' title='bbox 1617 2668 1726 2696; x_wconf 87' lang='lat' dir='ltr'>videtur</span> <span class='ocrx_word' id='word_1_1590' title='bbox 1738 2668 1821 2696; x_wconf 82' lang='lat' dir='ltr'>etiam</span> <span class='ocrx_word' id='word_1_1591' title='bbox 1839 2667 1916 2696; x_wconf 76' lang='lat' dir='ltr'>fuiise</span> <span class='ocrx_word' id='word_1_1592' title='bbox 1931 2667 2009 2696; x_wconf 83' lang='lat' dir='ltr'>vestis</span> <span class='ocrx_word' id='word_1_1593' title='bbox 2020 2665 2212 2703; x_wconf 84' lang='lat' dir='ltr'>philosophica</span> <span class='ocrx_word' id='word_1_1594' title='bbox 2222 2687 2230 2700; x_wconf 91' lang='lat'><strong>‚</strong></span> <span class='ocrx_word' id='word_1_1595' title='bbox 2256 2662 2493 2701; x_wconf 87' lang='lat' dir='ltr'>quemadmodum</span> <span class='ocrx_word' id='word_1_1596' title='bbox 2508 2671 2543 2690; x_wconf 84' lang='lat' dir='ltr'>ex</span> <span class='ocrx_word' id='word_1_1597' title='bbox 2557 2660 2600 2704; x_wconf 56' lang='lat' dir='ltr'>su:</span> 
     </span>
     <span class='ocr_line' id='line_1_168' title="bbox 1496 2698 2599 2772; baseline -0.006 -38"><span class='ocrx_word' id='word_1_1598' title='bbox 1496 2706 1605 2772; x_wconf 58' lang='lat' dir='ltr'>geriohrq</span> <span class='ocrx_word' id='word_1_1599' title='bbox 1618 2705 1683 2772; x_wconf 64' lang='lat' dir='ltr'>lpcq</span> <span class='ocrx_word' id='word_1_1600' title='bbox 1696 2705 1803 2748; x_wconf 74' lang='lat' dir='ltr'>l-loratii</span> <span class='ocrx_word' id='word_1_1601' title='bbox 1815 2704 1996 2742; x_wconf 84' lang='lat' dir='ltr'>intelligitur,</span> <span class='ocrx_word' id='word_1_1602' title='bbox 2021 2705 2046 2734; x_wconf 74' lang='grc' dir='ltr'>δι</span> <span class='ocrx_word' id='word_1_1603' title='bbox 2062 2703 2168 2732; x_wconf 83' lang='lat' dir='ltr'>indicat</span> <span class='ocrx_word' id='word_1_1604' title='bbox 2181 2703 2257 2731; x_wconf 86' lang='lat' dir='ltr'>idem</span> <span class='ocrx_word' id='word_1_1605' title='bbox 2274 2701 2336 2737; x_wconf 87' lang='lat' dir='ltr'>Juv.</span> <span class='ocrx_word' id='word_1_1606' title='bbox 2355 2701 2409 2730; x_wconf 86' lang='lat' dir='ltr'>Sat.</span> <span class='ocrx_word' id='word_1_1607' title='bbox 2427 2709 2451 2737; x_wconf 86' lang='lat'>3.</span> <span class='ocrx_word' id='word_1_1608' title='bbox 2468 2709 2527 2736; x_wconf 86' lang='lat'>1¹3·</span> <span class='ocrx_word' id='word_1_1609' title='bbox 2549 2698 2599 2728; x_wconf 77' lang='lat' dir='ltr'>ubi</span> 
     </span>
     <span class='ocr_line' id='line_1_169' title="bbox 1517 2752 1727 2778; baseline 0.005 -7"><span class='ocrx_word' id='word_1_1610' title='bbox 1517 2752 1532 2771; x_wconf 87' lang='lat' dir='ltr'>e</span> <span class='ocrx_word' id='word_1_1611' title='bbox 1586 2754 1594 2771; x_wconf 96' lang='grc'>1</span> <span class='ocrx_word' id='word_1_1612' title='bbox 1607 2753 1623 2772; x_wconf 90' lang='grc'>0</span> <span class='ocrx_word' id='word_1_1613' title='bbox 1636 2754 1652 2772; x_wconf 92' lang='grc'>0</span> <span class='ocrx_word' id='word_1_1614' title='bbox 1683 2753 1727 2778; x_wconf 86' lang='grc'>113,</span> 
     </span>
     <span class='ocr_line' id='line_1_170' title="bbox 1545 2753 2575 2819; baseline -0.005 -8"><span class='ocrx_word' id='word_1_1615' title='bbox 1545 2753 1563 2781; x_wconf 76' lang='lat' dir='ltr'>p</span> <span class='ocrx_word' id='word_1_1616' title='bbox 1588 2801 1634 2805; x_wconf 93' lang='grc'>--</span> <span class='ocrx_word' id='word_1_1617' title='bbox 1643 2753 1708 2810; x_wconf 55' lang='lat' dir='ltr'>aiDJdi</span> <span class='ocrx_word' id='word_1_1618' title='bbox 1722 2781 1827 2810; x_wconf 86' lang='lat' dir='ltr'>facinus</span> <span class='ocrx_word' id='word_1_1619' title='bbox 1840 2780 1950 2816; x_wconf 87' lang='lat' dir='ltr'>majoris</span> <span class='ocrx_word' id='word_1_1620' title='bbox 1964 2778 2070 2808; x_wconf 79' lang='lat' dir='ltr'>abollae.</span> <span class='ocrx_word' id='word_1_1621' title='bbox 2338 2814 2343 2819; x_wconf 41' lang='grc'><em>.</em></span> <span class='ocrx_word' id='word_1_1622' title='bbox 2380 2813 2385 2819; x_wconf 39' lang='grc'><strong>.</strong></span> <span class='ocrx_word' id='word_1_1623' title='bbox 2568 2811 2575 2817; x_wconf 45' lang='grc'><strong>.</strong></span> 
     </span>
     <span class='ocr_line' id='line_1_171' title="bbox 1556 2810 2600 2855; baseline -0.009 -7"><span class='ocrx_word' id='word_1_1624' title='bbox 1556 2818 1665 2848; x_wconf 80' lang='lat' dir='ltr'>Stoicus</span> <span class='ocrx_word' id='word_1_1625' title='bbox 1683 2819 1787 2848; x_wconf 80' lang='lat' dir='ltr'>occidit</span> <span class='ocrx_word' id='word_1_1626' title='bbox 1806 2818 1917 2847; x_wconf 85' lang='lat' dir='ltr'>Baream</span> <span class='ocrx_word' id='word_1_1627' title='bbox 1929 2840 1936 2852; x_wconf 92' lang='lat'>,</span> <span class='ocrx_word' id='word_1_1628' title='bbox 1964 2817 2070 2846; x_wconf 87' lang='lat' dir='ltr'>delator</span> <span class='ocrx_word' id='word_1_1629' title='bbox 2090 2816 2219 2846; x_wconf 85' lang='lat' dir='ltr'>amicum.</span> <span class='ocrx_word' id='word_1_1630' title='bbox 2287 2813 2400 2850; x_wconf 60' lang='lat' dir='ltr'>Maffons</span> <span class='ocrx_word' id='word_1_1631' title='bbox 2415 2811 2512 2842; x_wconf 83' lang='lat' dir='ltr'>abollae</span> <span class='ocrx_word' id='word_1_1632' title='bbox 2525 2833 2533 2846; x_wconf 89' lang='grc'>,</span> <span class='ocrx_word' id='word_1_1633' title='bbox 2566 2810 2600 2855; x_wconf 64' lang='lat' dir='ltr'>rr}</span> 
     </span>
     <span class='ocr_line' id='line_1_172' title="bbox 1494 2849 2597 2894; baseline -0.007 -9"><span class='ocrx_word' id='word_1_1634' title='bbox 1494 2856 1550 2890; x_wconf 80' lang='lat' dir='ltr'>est,</span> <span class='ocrx_word' id='word_1_1635' title='bbox 1571 2867 1628 2885; x_wconf 89' lang='lat' dir='ltr'>non</span> <span class='ocrx_word' id='word_1_1636' title='bbox 1643 2856 1766 2885; x_wconf 84' lang='lat' dir='ltr'>militaris</span> <span class='ocrx_word' id='word_1_1637' title='bbox 1779 2878 1786 2891; x_wconf 97' lang='lat'>,</span> <span class='ocrx_word' id='word_1_1638' title='bbox 1808 2855 1855 2885; x_wconf 85' lang='lat' dir='ltr'>sed</span> <span class='ocrx_word' id='word_1_1639' title='bbox 1867 2855 2073 2894; x_wconf 63' lang='lat' dir='ltr'>philosophicae.</span> <span class='ocrx_word' id='word_1_1640' title='bbox 2114 2854 2151 2883; x_wconf 89' lang='lat' dir='ltr'>Ut</span> <span class='ocrx_word' id='word_1_1641' title='bbox 2169 2854 2199 2882; x_wconf 82' lang='lat' dir='ltr'>lit</span> <span class='ocrx_word' id='word_1_1642' title='bbox 2213 2852 2321 2887; x_wconf 77' lang='lat' dir='ltr'>sensus,</span> <span class='ocrx_word' id='word_1_1643' title='bbox 2343 2851 2408 2880; x_wconf 84' lang='lat' dir='ltr'>audi</span> <span class='ocrx_word' id='word_1_1644' title='bbox 2426 2860 2486 2887; x_wconf 73' lang='lat' dir='ltr'>quze</span> <span class='ocrx_word' id='word_1_1645' title='bbox 2499 2849 2597 2878; x_wconf 82' lang='lat' dir='ltr'>secent</span> 
     </span>
     <span class='ocr_line' id='line_1_173' title="bbox 1494 2887 2598 2932; baseline -0.008 -8"><span class='ocrx_word' id='word_1_1646' title='bbox 1494 2894 1605 2923; x_wconf 59' lang='lat' dir='ltr'>Graecus</span> <span class='ocrx_word' id='word_1_1647' title='bbox 1620 2894 1800 2932; x_wconf 85' lang='lat' dir='ltr'>philosophus</span> <span class='ocrx_word' id='word_1_1648' title='bbox 1815 2895 1856 2923; x_wconf 88' lang='lat' dir='ltr'>vir</span> <span class='ocrx_word' id='word_1_1649' title='bbox 1870 2903 1974 2930; x_wconf 61' lang='lat' dir='ltr'>magnae</span> <span class='ocrx_word' id='word_1_1650' title='bbox 1991 2893 2170 2921; x_wconf 74' lang='lat' dir='ltr'>authoritatis.</span> <span class='ocrx_word' id='word_1_1651' title='bbox 2211 2892 2256 2920; x_wconf 79' lang='lat' dir='ltr'>Sic</span> <span class='ocrx_word' id='word_1_1652' title='bbox 2272 2889 2406 2920; x_wconf 68' lang='lat' dir='ltr'>Martialis</span> <span class='ocrx_word' id='word_1_1653' title='bbox 2423 2888 2458 2917; x_wconf 82' lang='lat' dir='ltr'>de</span> <span class='ocrx_word' id='word_1_1654' title='bbox 2474 2887 2598 2924; x_wconf 78' lang='lat' dir='ltr'>quodam</span> 
     </span>
     <span class='ocr_line' id='line_1_174' title="bbox 1493 2924 2573 2969; baseline -0.006 -9"><span class='ocrx_word' id='word_1_1655' title='bbox 1493 2931 1601 2969; x_wconf 87' lang='lat' dir='ltr'>Cynico</span> <span class='ocrx_word' id='word_1_1656' title='bbox 1613 2955 1621 2967; x_wconf 95' lang='lat'>,</span> <span class='ocrx_word' id='word_1_1657' title='bbox 1640 2932 1688 2961; x_wconf 76' lang='lat' dir='ltr'>lib.</span> <span class='ocrx_word' id='word_1_1658' title='bbox 1705 2943 1729 2968; x_wconf 94' lang='lat'>4.</span> <span class='ocrx_word' id='word_1_1659' title='bbox 1751 2941 1791 2967; x_wconf 81' lang='lat'>53.</span> <span class='ocrx_word' id='word_1_1660' title='bbox 1833 2931 1905 2969; x_wconf 76' lang='lat' dir='ltr'>Lege</span> <span class='ocrx_word' id='word_1_1661' title='bbox 1922 2933 2027 2967; x_wconf 84' lang='lat' dir='ltr'>integra</span> <span class='ocrx_word' id='word_1_1662' title='bbox 2043 2929 2183 2965; x_wconf 72' lang='lat' dir='ltr'>juvenalis</span> <span class='ocrx_word' id='word_1_1663' title='bbox 2195 2928 2279 2957; x_wconf 83' lang='lat' dir='ltr'>verba</span> <span class='ocrx_word' id='word_1_1664' title='bbox 2296 2937 2360 2956; x_wconf 89' lang='lat' dir='ltr'>cum</span> <span class='ocrx_word' id='word_1_1665' title='bbox 2378 2926 2444 2956; x_wconf 90' lang='lat' dir='ltr'>Not.</span> <span class='ocrx_word' id='word_1_1666' title='bbox 2460 2924 2573 2968; x_wconf 78' lang='lat' dir='ltr'>Farnab.</span> 
     </span>
     <span class='ocr_line' id='line_1_175' title="bbox 1475 2962 2591 3008; baseline -0.007 -9"><span class='ocrx_word' id='word_1_1667' title='bbox 1475 2969 1572 2999; x_wconf 85' lang='lat' dir='ltr'>Abolla</span> <span class='ocrx_word' id='word_1_1668' title='bbox 1582 2977 1713 3008; x_wconf 63' lang='lat' dir='ltr'>prieterea</span> <span class='ocrx_word' id='word_1_1669' title='bbox 1729 2970 1838 2999; x_wconf 86' lang='lat' dir='ltr'>videtur</span> <span class='ocrx_word' id='word_1_1670' title='bbox 1848 2969 1928 2998; x_wconf 72' lang='lat' dir='ltr'>‘fuiss&#39;e</span> <span class='ocrx_word' id='word_1_1671' title='bbox 1942 2969 2021 2998; x_wconf 83' lang='lat' dir='ltr'>vestis</span> <span class='ocrx_word' id='word_1_1672' title='bbox 2038 2968 2247 2997; x_wconf 50' lang='lat' dir='ltr'>honorariorum</span> <span class='ocrx_word' id='word_1_1673' title='bbox 2257 2988 2266 3001; x_wconf 88' lang='grc'>,</span> <span class='ocrx_word' id='word_1_1674' title='bbox 2287 2965 2362 3003; x_wconf 86' lang='lat' dir='ltr'>apud</span> <span class='ocrx_word' id='word_1_1675' title='bbox 2376 2965 2452 2994; x_wconf 85' lang='lat' dir='ltr'>Suet.</span> <span class='ocrx_word' id='word_1_1676' title='bbox 2464 2964 2495 2992; x_wconf 87' lang='lat' dir='ltr'>in</span> <span class='ocrx_word' id='word_1_1677' title='bbox 2505 2962 2591 3000; x_wconf 83' lang='lat' dir='ltr'>Cahg.</span> 
     </span>
     <span class='ocr_line' id='line_1_176' title="bbox 1436 3017 2595 3084; baseline -0.008 -9"><span class='ocrx_word' id='word_1_1678' title='bbox 1436 3045 1458 3075; x_wconf 81' lang='lat' dir='ltr'>A</span> <span class='ocrx_word' id='word_1_1679' title='bbox 1466 3017 1557 3074; x_wconf 56' lang='lat' dir='ltr'>agipu</span> <span class='ocrx_word' id='word_1_1680' title='bbox 1566 3017 1610 3079; x_wconf 53' lang='grc' dir='ltr'>ἐξ</span> <span class='ocrx_word' id='word_1_1681' title='bbox 1618 3018 1760 3082; x_wconf 44' lang='grc' dir='ltr'>[Ξὲέολζῷψ]</span> <span class='ocrx_word' id='word_1_1682' title='bbox 1781 3044 1874 3075; x_wconf 84' lang='grc' dir='ltr'>Ρ1111113</span> <span class='ocrx_word' id='word_1_1683' title='bbox 1885 3044 1932 3079; x_wconf 80' lang='lat' dir='ltr'>est,</span> <span class='ocrx_word' id='word_1_1684' title='bbox 1948 3045 1993 3082; x_wconf 90' lang='lat' dir='ltr'>qui</span> <span class='ocrx_word' id='word_1_1685' title='bbox 2006 3043 2133 3072; x_wconf 89' lang='lat' dir='ltr'>nondum</span> <span class='ocrx_word' id='word_1_1686' title='bbox 2143 3043 2243 3084; x_wconf 43' lang='lat' dir='ltr'>dentes·</span> <span class='ocrx_word' id='word_1_1687' title='bbox 2253 3041 2314 3070; x_wconf 88' lang='lat' dir='ltr'>illos</span> <span class='ocrx_word' id='word_1_1688' title='bbox 2326 3039 2423 3083; x_wconf 66' lang='lat' dir='ltr'>amisit,</span> <span class='ocrx_word' id='word_1_1689' title='bbox 2438 3048 2473 3084; x_wconf 79' lang='lat' dir='ltr'>ex</span> <span class='ocrx_word' id='word_1_1690' title='bbox 2482 3036 2595 3081; x_wconf 67' lang='lat' dir='ltr'>quibus⁸</span> 
     </span>
     <span class='ocr_line' id='line_1_177' title="bbox 1472 3076 2595 3122; baseline -0.008 -9"><span class='ocrx_word' id='word_1_1691' title='bbox 1472 3084 1503 3112; x_wconf 85' lang='lat' dir='ltr'>in</span> <span class='ocrx_word' id='word_1_1692' title='bbox 1518 3085 1595 3120; x_wconf 86' lang='lat' dir='ltr'>equis</span> <span class='ocrx_word' id='word_1_1693' title='bbox 1615 3084 1761 3122; x_wconf 78' lang='lat' dir='ltr'>praesertim</span> <span class='ocrx_word' id='word_1_1694' title='bbox 1772 3105 1779 3118; x_wconf 90' lang='lat'>,</span> <span class='ocrx_word' id='word_1_1695' title='bbox 1809 3090 1872 3112; x_wconf 68' lang='lat' dir='ltr'>zetas</span> <span class='ocrx_word' id='word_1_1696' title='bbox 1888 3082 2065 3119; x_wconf 82' lang='lat' dir='ltr'>dignoscitur.</span> <span class='ocrx_word' id='word_1_1697' title='bbox 2109 3081 2189 3110; x_wconf 86' lang='lat' dir='ltr'>Unde</span> <span class='ocrx_word' id='word_1_1698' title='bbox 2208 3087 2291 3109; x_wconf 84' lang='lat' dir='ltr'>etiam</span> <span class='ocrx_word' id='word_1_1699' title='bbox 2308 3079 2407 3108; x_wconf 87' lang='lat' dir='ltr'>dentes</span> <span class='ocrx_word' id='word_1_1700' title='bbox 2417 3077 2457 3106; x_wconf 79' lang='grc'>1111</span> <span class='ocrx_word' id='word_1_1701' title='bbox 2472 3076 2595 3106; x_wconf 57' lang='lat' dir='ltr'>axeno-</span> 
     </span>
    </p>
   </div>
   <div class='ocr_carea' id='block_1_19' title="bbox 1433 3116 2594 3195">
    <p class='ocr_par' dir='ltr' id='par_1_60' title="bbox 1433 3116 2594 3195">
     <span class='ocr_line' id='line_1_178' title="bbox 1470 3116 2579 3158; baseline -0.005 -9"><span class='ocrx_word' id='word_1_1702' title='bbox 1470 3121 1577 3158; x_wconf 81' lang='lat' dir='ltr'>phonte</span> <span class='ocrx_word' id='word_1_1703' title='bbox 1591 3124 1618 3151; x_wconf 54' lang='grc' dir='ltr'>ἃ</span> <span class='ocrx_word' id='word_1_1704' title='bbox 1633 3121 1773 3151; x_wconf 84' lang='lat' dir='ltr'>Aristotele</span> <span class='ocrx_word' id='word_1_1705' title='bbox 1787 3132 1903 3157; x_wconf 46' lang='lat' dir='ltr'>yvmamsc</span> <span class='ocrx_word' id='word_1_1706' title='bbox 1914 3116 2095 3158; x_wconf 77' lang='lat' dir='ltr'>appellantur.</span> <span class='ocrx_word' id='word_1_1707' title='bbox 2133 3118 2258 3147; x_wconf 71' lang='lat' dir='ltr'>Budaeus.</span> <span class='ocrx_word' id='word_1_1708' title='bbox 2573 3150 2579 3156; x_wconf 39' lang='grc' dir='ltr'>Ι</span> 
     </span>
     <span class='ocr_line' id='line_1_179' title="bbox 1433 3154 2594 3195; baseline -0.007 -7"><span class='ocrx_word' id='word_1_1709' title='bbox 1433 3159 1477 3188; x_wconf 74' lang='grc' dir='ltr'>ΑΒ</span> <span class='ocrx_word' id='word_1_1710' title='bbox 1497 3169 1622 3195; x_wconf 62' lang='lat' dir='ltr'>orons,</span> <span class='ocrx_word' id='word_1_1711' title='bbox 1654 3160 1721 3195; x_wconf 81' lang='lat' dir='ltr'>Pro,</span> <span class='ocrx_word' id='word_1_1712' title='bbox 1754 3158 1786 3188; x_wconf 87' lang='lat' dir='ltr'>ab</span> <span class='ocrx_word' id='word_1_1713' title='bbox 1804 3158 1858 3188; x_wconf 86' lang='lat' dir='ltr'>illis</span> <span class='ocrx_word' id='word_1_1714' title='bbox 1873 3158 2024 3187; x_wconf 80' lang='lat' dir='ltr'>dicebatur.</span> <span class='ocrx_word' id='word_1_1715' title='bbox 2072 3156 2184 3193; x_wconf 73' lang='lat' dir='ltr'>Antiqui</span> <span class='ocrx_word' id='word_1_1716' title='bbox 2208 3155 2283 3184; x_wconf 88' lang='lat' dir='ltr'>enim</span> <span class='ocrx_word' id='word_1_1717' title='bbox 2303 3154 2411 3184; x_wconf 80' lang='lat' dir='ltr'>literam</span> <span class='ocrx_word' id='word_1_1718' title='bbox 2429 3162 2488 3182; x_wconf 83' lang='lat' dir='ltr'>non</span> <span class='ocrx_word' id='word_1_1719' title='bbox 2507 3158 2594 3189; x_wconf 69' lang='lat' dir='ltr'>gemb</span> 
     </span>
    </p>
   </div>
   <div class='ocr_carea' id='block_1_20' title="bbox 1427 3196 2643 3910">
    <p class='ocr_par' dir='ltr' id='par_1_61' title="bbox 1432 3196 2643 3649">
     <span class='ocr_line' id='line_1_180' title="bbox 1471 3196 1582 3226; baseline 0 -1"><span class='ocrx_word' id='word_1_1720' title='bbox 1471 3196 1582 3226; x_wconf 76' lang='lat' dir='ltr'>flabant.</span> 
     </span>
     <span class='ocr_line' id='line_1_181' title="bbox 1432 3230 2419 3274; baseline -0.005 -10"><span class='ocrx_word' id='word_1_1721' title='bbox 1432 3234 1652 3270; x_wconf 61' lang='lat' dir='ltr'>Anonasuu,</span> <span class='ocrx_word' id='word_1_1722' title='bbox 1674 3232 1803 3271; x_wconf 57' lang='lat' dir='ltr'>[liuva-pov]</span> <span class='ocrx_word' id='word_1_1723' title='bbox 1822 3231 2009 3274; x_wconf 51' lang='grc' dir='ltr'>111011111111111.ἱ</span> <span class='ocrx_word' id='word_1_1724' title='bbox 2035 3232 2100 3262; x_wconf 86' lang='lat' dir='ltr'>Hor.</span> <span class='ocrx_word' id='word_1_1725' title='bbox 2119 3231 2165 3261; x_wconf 88' lang='lat' dir='ltr'>lib.</span> <span class='ocrx_word' id='word_1_1726' title='bbox 2182 3240 2204 3260; x_wconf 86' lang='lat'>1.</span> <span class='ocrx_word' id='word_1_1727' title='bbox 2221 3230 2303 3269; x_wconf 80' lang='lat' dir='ltr'>Epist.</span> <span class='ocrx_word' id='word_1_1728' title='bbox 2319 3240 2360 3266; x_wconf 81' lang='lat'>15.</span> <span class='ocrx_word' id='word_1_1729' title='bbox 2374 3238 2419 3267; x_wconf 83' lang='lat'>34.</span> 
     </span>
     <span class='ocr_line' id='line_1_182' title="bbox 1624 3271 2011 3310; baseline -0.008 -9"><span class='ocrx_word' id='word_1_1730' title='bbox 1624 3273 1774 3310; x_wconf 67' lang='lat' dir='ltr'>—patinas</span> <span class='ocrx_word' id='word_1_1731' title='bbox 1788 3271 1915 3300; x_wconf 74' lang='lat' dir='ltr'>coenabat</span> <span class='ocrx_word' id='word_1_1732' title='bbox 1929 3272 2011 3299; x_wconf 75' lang='lat' dir='ltr'>oruah</span> 
     </span>
     <span class='ocr_line' id='line_1_183' title="bbox 1547 3303 2588 3347; baseline -0.007 -9"><span class='ocrx_word' id='word_1_1733' title='bbox 1547 3310 1615 3339; x_wconf 71' lang='lat' dir='ltr'>Vilis</span> <span class='ocrx_word' id='word_1_1734' title='bbox 1633 3312 1659 3340; x_wconf 66' lang='grc' dir='ltr'>ἃ</span> <span class='ocrx_word' id='word_1_1735' title='bbox 1675 3310 1798 3347; x_wconf 73' lang='lat' dir='ltr'>agninae,</span> <span class='ocrx_word' id='word_1_1736' title='bbox 1828 3309 1913 3337; x_wconf 87' lang='lat' dir='ltr'>tribus</span> <span class='ocrx_word' id='word_1_1737' title='bbox 1931 3308 1995 3337; x_wconf 84' lang='lat' dir='ltr'>urlis</span> <span class='ocrx_word' id='word_1_1738' title='bbox 2017 3307 2092 3344; x_wconf 86' lang='lat' dir='ltr'>quod</span> <span class='ocrx_word' id='word_1_1739' title='bbox 2108 3307 2170 3335; x_wconf 73' lang='lat' dir='ltr'>sutis</span> <span class='ocrx_word' id='word_1_1740' title='bbox 2183 3305 2256 3335; x_wconf 78' lang='lat' dir='ltr'>esset.</span> <span class='ocrx_word' id='word_1_1741' title='bbox 2322 3304 2364 3334; x_wconf 84' lang='lat' dir='ltr'>Id.</span> <span class='ocrx_word' id='word_1_1742' title='bbox 2377 3313 2408 3347; x_wconf 35' lang='lat'>2..-</span> <span class='ocrx_word' id='word_1_1743' title='bbox 2427 3303 2481 3332; x_wconf 74' lang='lat' dir='ltr'>Sat.</span> <span class='ocrx_word' id='word_1_1744' title='bbox 2501 3313 2524 3346; x_wconf 78' lang='lat'>5.</span> <span class='ocrx_word' id='word_1_1745' title='bbox 2542 3311 2588 3337; x_wconf 69' lang='grc' dir='ltr'>4ο,</span> 
     </span>
     <span class='ocr_line' id='line_1_184' title="bbox 1471 3340 2590 3384; baseline -0.007 -8"><span class='ocrx_word' id='word_1_1746' title='bbox 1471 3346 1548 3384; x_wconf 87' lang='lat' dir='ltr'>Quid</span> <span class='ocrx_word' id='word_1_1747' title='bbox 1559 3347 1590 3376; x_wconf 77' lang='lat' dir='ltr'>sit</span> <span class='ocrx_word' id='word_1_1748' title='bbox 1600 3370 1607 3382; x_wconf 87' lang='grc'>,</span> <span class='ocrx_word' id='word_1_1749' title='bbox 1631 3348 1672 3377; x_wconf 88' lang='lat' dir='ltr'>his</span> <span class='ocrx_word' id='word_1_1750' title='bbox 1686 3347 1775 3376; x_wconf 86' lang='lat' dir='ltr'>verbis</span> <span class='ocrx_word' id='word_1_1751' title='bbox 1785 3347 1867 3376; x_wconf 81' lang='lat' dir='ltr'>docet</span> <span class='ocrx_word' id='word_1_1752' title='bbox 1879 3346 2041 3375; x_wconf 76' lang='lat' dir='ltr'>Hermolaus</span> <span class='ocrx_word' id='word_1_1753' title='bbox 2057 3345 2084 3373; x_wconf 90' lang='lat' dir='ltr'>in</span> <span class='ocrx_word' id='word_1_1754' title='bbox 2095 3354 2155 3381; x_wconf 67' lang='lat' dir='ltr'>cap.</span> <span class='ocrx_word' id='word_1_1755' title='bbox 2168 3356 2192 3380; x_wconf 82' lang='lat'>9.</span> <span class='ocrx_word' id='word_1_1756' title='bbox 2209 3344 2256 3372; x_wconf 89' lang='lat' dir='ltr'>lib.</span> <span class='ocrx_word' id='word_1_1757' title='bbox 2269 3349 2313 3376; x_wconf 82' lang='lat'>28.</span> <span class='ocrx_word' id='word_1_1758' title='bbox 2331 3341 2417 3384; x_wconf 64' lang='lat' dir='ltr'>Plinii.</span> <span class='ocrx_word' id='word_1_1759' title='bbox 2456 3340 2533 3377; x_wconf 78' lang='lat' dir='ltr'>Quid</span> <span class='ocrx_word' id='word_1_1760' title='bbox 2543 3349 2590 3368; x_wconf 84' lang='lat' dir='ltr'>au-</span> 
     </span>
     <span class='ocr_line' id='line_1_185' title="bbox 1468 3377 2643 3422; baseline -0.008 -8"><span class='ocrx_word' id='word_1_1761' title='bbox 1468 3391 1544 3420; x_wconf 80' lang='lat' dir='ltr'>tem,</span> <span class='ocrx_word' id='word_1_1762' title='bbox 1566 3386 1620 3419; x_wconf 83' lang='lat' dir='ltr'>ait,</span> <span class='ocrx_word' id='word_1_1763' title='bbox 1642 3385 1773 3422; x_wconf 72' lang='lat' dir='ltr'>significet</span> <span class='ocrx_word' id='word_1_1764' title='bbox 1788 3385 1859 3413; x_wconf 86' lang='grc'>111161</span> <span class='ocrx_word' id='word_1_1765' title='bbox 1873 3391 1981 3413; x_wconf 77' lang='lat' dir='ltr'>ventres</span> <span class='ocrx_word' id='word_1_1766' title='bbox 1997 3382 2178 3419; x_wconf 68' lang='lat' dir='ltr'>centipellio,</span> <span class='ocrx_word' id='word_1_1767' title='bbox 2207 3381 2324 3422; x_wconf 66' lang='lat' dir='ltr'>vulgaris</span> <span class='ocrx_word' id='word_1_1768' title='bbox 2337 3381 2363 3409; x_wconf 64' lang='lat' dir='ltr'>S&lt;</span> <span class='ocrx_word' id='word_1_1769' title='bbox 2378 3386 2440 3408; x_wconf 82' lang='lat' dir='ltr'>trita</span> <span class='ocrx_word' id='word_1_1770' title='bbox 2450 3377 2590 3407; x_wconf 85' lang='lat' dir='ltr'>laniorum</span> <span class='ocrx_word' id='word_1_1771' title='bbox 2641 3390 2643 3392; x_wconf 91' lang='lat'>·</span> 
     </span>
     <span class='ocr_line' id='line_1_186' title="bbox 1470 3414 2590 3459; baseline -0.008 -7"><span class='ocrx_word' id='word_1_1772' title='bbox 1470 3430 1527 3451; x_wconf 87' lang='lat' dir='ltr'>vox</span> <span class='ocrx_word' id='word_1_1773' title='bbox 1541 3423 1667 3452; x_wconf 82' lang='lat' dir='ltr'>ostendit.</span> <span class='ocrx_word' id='word_1_1774' title='bbox 1710 3423 1845 3459; x_wconf 84' lang='lat' dir='ltr'>Quartum</span> <span class='ocrx_word' id='word_1_1775' title='bbox 1860 3429 1984 3451; x_wconf 86' lang='lat' dir='ltr'>ventrem</span> <span class='ocrx_word' id='word_1_1776' title='bbox 1998 3422 2192 3455; x_wconf 72' lang='lat' dir='ltr'>interpretamr</span> <span class='ocrx_word' id='word_1_1777' title='bbox 2209 3420 2282 3448; x_wconf 80' lang='lat' dir='ltr'>Gaza</span> <span class='ocrx_word' id='word_1_1778' title='bbox 2296 3421 2379 3453; x_wconf 52' lang='lat' dir='ltr'>»nvem</span> <span class='ocrx_word' id='word_1_1779' title='bbox 2390 3439 2398 3450; x_wconf 82' lang='grc'>,</span> <span class='ocrx_word' id='word_1_1780' title='bbox 2424 3426 2508 3453; x_wconf 87' lang='lat' dir='ltr'>quem</span> <span class='ocrx_word' id='word_1_1781' title='bbox 2525 3414 2590 3444; x_wconf 77' lang='lat' dir='ltr'>abo-</span> 
     </span>
     <span class='ocr_line' id='line_1_187' title="bbox 1469 3452 2588 3527; baseline -0.007 -39"><span class='ocrx_word' id='word_1_1782' title='bbox 1469 3460 1574 3489; x_wconf 78' lang='lat' dir='ltr'>masum</span> <span class='ocrx_word' id='word_1_1783' title='bbox 1585 3461 1701 3490; x_wconf 83' lang='lat' dir='ltr'>vocavit.</span> <span class='ocrx_word' id='word_1_1784' title='bbox 1743 3460 1827 3527; x_wconf 39' lang='lat' dir='ltr'>qnod</span> <span class='ocrx_word' id='word_1_1785' title='bbox 1842 3469 1927 3497; x_wconf 79' lang='lat' dir='ltr'>genus</span> <span class='ocrx_word' id='word_1_1786' title='bbox 1939 3458 2024 3488; x_wconf 87' lang='lat' dir='ltr'>edulii</span> <span class='ocrx_word' id='word_1_1787' title='bbox 2034 3457 2122 3492; x_wconf 82' lang='lat' dir='ltr'>Julius</span> <span class='ocrx_word' id='word_1_1788' title='bbox 2133 3457 2245 3492; x_wconf 78' lang='lat' dir='ltr'>Pollux,</span> <span class='ocrx_word' id='word_1_1789' title='bbox 2264 3463 2376 3485; x_wconf 81' lang='lat' dir='ltr'>taconas</span> <span class='ocrx_word' id='word_1_1790' title='bbox 2390 3465 2404 3483; x_wconf 77' lang='lat' dir='ltr'>a</span> <span class='ocrx_word' id='word_1_1791' title='bbox 2417 3454 2526 3497; x_wconf 81' lang='lat' dir='ltr'>Cratete</span> <span class='ocrx_word' id='word_1_1792' title='bbox 2535 3452 2588 3481; x_wconf 89' lang='lat' dir='ltr'>Co-</span> 
     </span>
     <span class='ocr_line' id='line_1_188' title="bbox 1468 3490 2589 3536; baseline -0.007 -10"><span class='ocrx_word' id='word_1_1793' title='bbox 1468 3498 1543 3526; x_wconf 78' lang='lat' dir='ltr'>mico</span> <span class='ocrx_word' id='word_1_1794' title='bbox 1559 3499 1666 3535; x_wconf 68' lang='lat' dir='ltr'>putavit</span> <span class='ocrx_word' id='word_1_1795' title='bbox 1681 3498 1762 3536; x_wconf 78' lang='lat' dir='ltr'>appel</span> <span class='ocrx_word' id='word_1_1796' title='bbox 1775 3506 1848 3527; x_wconf 85' lang='lat' dir='ltr'>atum</span> <span class='ocrx_word' id='word_1_1797' title='bbox 1859 3520 1866 3532; x_wconf 90' lang='grc'>,</span> <span class='ocrx_word' id='word_1_1798' title='bbox 1895 3497 1997 3526; x_wconf 79' lang='lat' dir='ltr'>etiamli</span> <span class='ocrx_word' id='word_1_1799' title='bbox 2010 3496 2087 3525; x_wconf 61' lang='lat' dir='ltr'>aliter</span> <span class='ocrx_word' id='word_1_1800' title='bbox 2101 3496 2129 3524; x_wconf 92' lang='lat' dir='ltr'>in</span> <span class='ocrx_word' id='word_1_1801' title='bbox 2144 3506 2176 3524; x_wconf 81' lang='lat' dir='ltr'>ea</span> <span class='ocrx_word' id='word_1_1802' title='bbox 2191 3504 2259 3524; x_wconf 87' lang='lat' dir='ltr'>voce</span> <span class='ocrx_word' id='word_1_1803' title='bbox 2276 3492 2355 3522; x_wconf 86' lang='grc'>11111111</span> <span class='ocrx_word' id='word_1_1804' title='bbox 2368 3492 2492 3521; x_wconf 83' lang='lat' dir='ltr'>sentiant.</span> <span class='ocrx_word' id='word_1_1805' title='bbox 2533 3490 2589 3519; x_wconf 78' lang='lat' dir='ltr'>Co-</span> 
     </span>
     <span class='ocr_line' id='line_1_189' title="bbox 1469 3530 2587 3572; baseline -0.007 -9"><span class='ocrx_word' id='word_1_1806' title='bbox 1469 3535 1540 3563; x_wconf 88' lang='lat' dir='ltr'>rium</span> <span class='ocrx_word' id='word_1_1807' title='bbox 1552 3543 1625 3565; x_wconf 88' lang='lat' dir='ltr'>certe</span> <span class='ocrx_word' id='word_1_1808' title='bbox 1639 3542 1717 3565; x_wconf 89' lang='lat' dir='ltr'>vetus</span> <span class='ocrx_word' id='word_1_1809' title='bbox 1737 3536 1820 3564; x_wconf 87' lang='lat' dir='ltr'>hodie</span> <span class='ocrx_word' id='word_1_1810' title='bbox 1831 3544 1941 3572; x_wconf 87' lang='lat' dir='ltr'>quoquc</span> <span class='ocrx_word' id='word_1_1811' title='bbox 1952 3534 2050 3571; x_wconf 74' lang='lat' dir='ltr'>vulgus</span> <span class='ocrx_word' id='word_1_1812' title='bbox 2065 3541 2177 3562; x_wconf 76' lang='lat' dir='ltr'>tuconus</span> <span class='ocrx_word' id='word_1_1813' title='bbox 2194 3539 2290 3561; x_wconf 78' lang='lat' dir='ltr'>vocat:</span> <span class='ocrx_word' id='word_1_1814' title='bbox 2343 3537 2467 3567; x_wconf 80' lang='lat' dir='ltr'>ropterea</span> <span class='ocrx_word' id='word_1_1815' title='bbox 2482 3530 2507 3558; x_wconf 70' lang='lat' dir='ltr'>Sc</span> <span class='ocrx_word' id='word_1_1816' title='bbox 2522 3537 2587 3556; x_wconf 85' lang='lat' dir='ltr'>cen-</span> 
     </span>
     <span class='ocr_line' id='line_1_190' title="bbox 1467 3565 2586 3610; baseline -0.007 -9"><span class='ocrx_word' id='word_1_1817' title='bbox 1467 3572 1627 3610; x_wconf 85' lang='lat' dir='ltr'>tipelliones</span> <span class='ocrx_word' id='word_1_1818' title='bbox 1641 3573 1749 3602; x_wconf 62' lang='grc' dir='ltr'>101161ἶέ</span> <span class='ocrx_word' id='word_1_1819' title='bbox 1765 3572 1907 3602; x_wconf 78' lang='lat' dir='ltr'>nominati.</span> <span class='ocrx_word' id='word_1_1820' title='bbox 1948 3572 2088 3601; x_wconf 69' lang='lat' dir='ltr'>Hactenus</span> <span class='ocrx_word' id='word_1_1821' title='bbox 2104 3569 2274 3600; x_wconf 77' lang='lat' dir='ltr'>Hermolaus.</span> <span class='ocrx_word' id='word_1_1822' title='bbox 2331 3568 2449 3610; x_wconf 75' lang='lat' dir='ltr'>,uystron</span> <span class='ocrx_word' id='word_1_1823' title='bbox 2462 3566 2507 3595; x_wconf 87' lang='lat' dir='ltr'>seu</span> <span class='ocrx_word' id='word_1_1824' title='bbox 2522 3565 2586 3594; x_wconf 77' lang='lat' dir='ltr'>ubo-</span> 
     </span>
     <span class='ocr_line' id='line_1_191' title="bbox 1467 3608 2585 3649; baseline -0.005 -11"><span class='ocrx_word' id='word_1_1825' title='bbox 1467 3610 1572 3638; x_wconf 79' lang='lat' dir='ltr'>masum</span> <span class='ocrx_word' id='word_1_1826' title='bbox 1585 3611 1617 3639; x_wconf 84' lang='lat' dir='ltr'>ub</span> <span class='ocrx_word' id='word_1_1827' title='bbox 1632 3611 1690 3640; x_wconf 77' lang='lat' dir='ltr'>aliis</span> <span class='ocrx_word' id='word_1_1828' title='bbox 1704 3612 1868 3649; x_wconf 76' lang='lat' dir='ltr'>exponitur,</span> <span class='ocrx_word' id='word_1_1829' title='bbox 1894 3609 1966 3638; x_wconf 78' lang='lat' dir='ltr'>linus</span> <span class='ocrx_word' id='word_1_1830' title='bbox 1981 3610 2027 3638; x_wconf 87' lang='lat' dir='ltr'>seu</span> <span class='ocrx_word' id='word_1_1831' title='bbox 2038 3617 2134 3638; x_wconf 81' lang='lat' dir='ltr'>venter</span> <span class='ocrx_word' id='word_1_1832' title='bbox 2152 3608 2199 3645; x_wconf 82' lang='lat' dir='ltr'>qui</span> <span class='ocrx_word' id='word_1_1833' title='bbox 2217 3608 2339 3644; x_wconf 78' lang='lat' dir='ltr'>jungitur</span> <span class='ocrx_word' id='word_1_1834' title='bbox 2352 3608 2424 3643; x_wconf 79' lang='lat' dir='ltr'>quali</span> <span class='ocrx_word' id='word_1_1835' title='bbox 2440 3614 2469 3633; x_wconf 83' lang='lat' dir='ltr'>in</span> <span class='ocrx_word' id='word_1_1836' title='bbox 2489 3609 2585 3633; x_wconf 86' lang='lat' dir='ltr'>ventre</span> 
     </span>
    </p>

    <p class='ocr_par' dir='ltr' id='par_1_62' title="bbox 1467 3648 1695 3684">
     <span class='ocr_line' id='line_1_192' title="bbox 1467 3648 1695 3684; baseline 0.013 -9"><span class='ocrx_word' id='word_1_1837' title='bbox 1467 3648 1527 3684; x_wconf 86' lang='lat' dir='ltr'>post</span> <span class='ocrx_word' id='word_1_1838' title='bbox 1541 3648 1695 3678; x_wconf 77' lang='lat' dir='ltr'>reticulum.</span> 
     </span>
    </p>

    <p class='ocr_par' dir='ltr' id='par_1_63' title="bbox 1427 3679 2584 3834">
     <span class='ocr_line' id='line_1_193' title="bbox 1427 3679 2584 3722; baseline -0.008 -7"><span class='ocrx_word' id='word_1_1839' title='bbox 1427 3684 1449 3715; x_wconf 70' lang='lat' dir='ltr'>A</span> <span class='ocrx_word' id='word_1_1840' title='bbox 1458 3695 1472 3713; x_wconf 75' lang='lat' dir='ltr'>a</span> <span class='ocrx_word' id='word_1_1841' title='bbox 1481 3696 1498 3713; x_wconf 89' lang='lat'>0</span> <span class='ocrx_word' id='word_1_1842' title='bbox 1508 3696 1526 3713; x_wconf 65' lang='lat' dir='ltr'>u</span> <span class='ocrx_word' id='word_1_1843' title='bbox 1536 3686 1574 3713; x_wconf 82' lang='grc' dir='ltr'>ῑΝ</span> <span class='ocrx_word' id='word_1_1844' title='bbox 1584 3695 1600 3714; x_wconf 94' lang='grc'>0</span> <span class='ocrx_word' id='word_1_1845' title='bbox 1610 3696 1624 3713; x_wconf 75' lang='lat' dir='ltr'>a</span> <span class='ocrx_word' id='word_1_1846' title='bbox 1635 3708 1643 3721; x_wconf 89' lang='lat'>,</span> <span class='ocrx_word' id='word_1_1847' title='bbox 1671 3686 1718 3715; x_wconf 78' lang='lat' dir='ltr'>ari.</span> <span class='ocrx_word' id='word_1_1848' title='bbox 1744 3681 1947 3722; x_wconf 60' lang='grc' dir='ltr'>[βδϊλόπῗομοω]</span> <span class='ocrx_word' id='word_1_1849' title='bbox 1975 3683 2018 3713; x_wconf 82' lang='lat' dir='ltr'>Est</span> <span class='ocrx_word' id='word_1_1850' title='bbox 2036 3693 2094 3713; x_wconf 87' lang='lat' dir='ltr'>rem</span> <span class='ocrx_word' id='word_1_1851' title='bbox 2113 3682 2232 3720; x_wconf 83' lang='lat' dir='ltr'>aliquam</span> <span class='ocrx_word' id='word_1_1852' title='bbox 2244 3704 2251 3715; x_wconf 74' lang='lat'>.</span> <span class='ocrx_word' id='word_1_1853' title='bbox 2281 3681 2367 3710; x_wconf 87' lang='lat' dir='ltr'>veluti</span> <span class='ocrx_word' id='word_1_1854' title='bbox 2381 3679 2485 3709; x_wconf 82' lang='lat' dir='ltr'>malum</span> <span class='ocrx_word' id='word_1_1855' title='bbox 2499 3687 2584 3707; x_wconf 90' lang='lat' dir='ltr'>omen</span> 
     </span>
     <span class='ocr_line' id='line_1_194' title="bbox 1467 3716 2584 3760; baseline -0.006 -9"><span class='ocrx_word' id='word_1_1856' title='bbox 1467 3722 1591 3751; x_wconf 77' lang='lat' dir='ltr'>detestari</span> <span class='ocrx_word' id='word_1_1857' title='bbox 1602 3745 1609 3757; x_wconf 84' lang='lat'>,</span> <span class='ocrx_word' id='word_1_1858' title='bbox 1631 3724 1821 3760; x_wconf 76' lang='lat' dir='ltr'>execrarique,</span> <span class='ocrx_word' id='word_1_1859' title='bbox 1845 3724 1871 3751; x_wconf 57' lang='grc' dir='ltr'>ἃ</span> <span class='ocrx_word' id='word_1_1860' title='bbox 1885 3732 1900 3751; x_wconf 78' lang='lat' dir='ltr'>a</span> <span class='ocrx_word' id='word_1_1861' title='bbox 1911 3721 1991 3750; x_wconf 88' lang='lat' dir='ltr'>nobis</span> <span class='ocrx_word' id='word_1_1862' title='bbox 2002 3721 2117 3750; x_wconf 86' lang='lat' dir='ltr'>amoliri.</span> <span class='ocrx_word' id='word_1_1863' title='bbox 2144 3720 2211 3749; x_wconf 81' lang='lat' dir='ltr'>l&#39;lin.</span> <span class='ocrx_word' id='word_1_1864' title='bbox 2225 3719 2271 3748; x_wconf 91' lang='lat' dir='ltr'>lib.</span> <span class='ocrx_word' id='word_1_1865' title='bbox 2284 3725 2328 3752; x_wconf 92' lang='lat'>28.</span> <span class='ocrx_word' id='word_1_1866' title='bbox 2345 3728 2404 3755; x_wconf 83' lang='lat' dir='ltr'>cap.</span> <span class='ocrx_word' id='word_1_1867' title='bbox 2418 3727 2442 3746; x_wconf 94' lang='lat'>2.</span> <span class='ocrx_word' id='word_1_1868' title='bbox 2460 3725 2501 3751; x_wconf 75' lang='lat'>15.</span> <span class='ocrx_word' id='word_1_1869' title='bbox 2540 3716 2584 3745; x_wconf 74' lang='lat' dir='ltr'>ln-</span> 
     </span>
     <span class='ocr_line' id='line_1_195' title="bbox 1465 3755 2567 3798; baseline -0.005 -10"><span class='ocrx_word' id='word_1_1870' title='bbox 1465 3760 1564 3788; x_wconf 85' lang='lat' dir='ltr'>ccndia</span> <span class='ocrx_word' id='word_1_1871' title='bbox 1575 3761 1647 3789; x_wconf 85' lang='lat' dir='ltr'>inter</span> <span class='ocrx_word' id='word_1_1872' title='bbox 1657 3761 1752 3798; x_wconf 77' lang='lat' dir='ltr'>epulas</span> <span class='ocrx_word' id='word_1_1873' title='bbox 1764 3761 1921 3794; x_wconf 78' lang='lat' dir='ltr'>nominata,</span> <span class='ocrx_word' id='word_1_1874' title='bbox 1942 3760 2019 3796; x_wconf 83' lang='lat' dir='ltr'>aquis</span> <span class='ocrx_word' id='word_1_1875' title='bbox 2030 3759 2077 3787; x_wconf 91' lang='lat' dir='ltr'>sub</span> <span class='ocrx_word' id='word_1_1876' title='bbox 2091 3758 2195 3787; x_wconf 77' lang='lat' dir='ltr'>mensas</span> <span class='ocrx_word' id='word_1_1877' title='bbox 2207 3756 2321 3794; x_wconf 72' lang='lat' dir='ltr'>profusis</span> <span class='ocrx_word' id='word_1_1878' title='bbox 2331 3779 2339 3789; x_wconf 85' lang='lat'>,</span> <span class='ocrx_word' id='word_1_1879' title='bbox 2359 3755 2567 3796; x_wconf 44' lang='lat' dir='ltr'>abominamur..</span> 
     </span>
     <span class='ocr_line' id='line_1_196' title="bbox 1464 3793 2584 3834; baseline -0.005 -9"><span class='ocrx_word' id='word_1_1880' title='bbox 1464 3797 1622 3825; x_wconf 66' lang='lat' dir='ltr'>›Abominari</span> <span class='ocrx_word' id='word_1_1881' title='bbox 1637 3799 1719 3827; x_wconf 78' lang='lat' dir='ltr'>etiam</span> <span class='ocrx_word' id='word_1_1882' title='bbox 1734 3799 1851 3827; x_wconf 83' lang='lat' dir='ltr'>dicimus</span> <span class='ocrx_word' id='word_1_1883' title='bbox 1865 3819 1872 3831; x_wconf 81' lang='grc'>,</span> <span class='ocrx_word' id='word_1_1884' title='bbox 1901 3807 1968 3826; x_wconf 83' lang='grc'>611111</span> <span class='ocrx_word' id='word_1_1885' title='bbox 1986 3797 2098 3833; x_wconf 74' lang='lat' dir='ltr'>aliquod</span> <span class='ocrx_word' id='word_1_1886' title='bbox 2119 3795 2232 3824; x_wconf 79' lang='lat' dir='ltr'>verbum</span> <span class='ocrx_word' id='word_1_1887' title='bbox 2257 3794 2342 3823; x_wconf 87' lang='lat' dir='ltr'>veluti</span> <span class='ocrx_word' id='word_1_1888' title='bbox 2365 3793 2458 3822; x_wconf 78' lang='lat' dir='ltr'>finistri</span> <span class='ocrx_word' id='word_1_1889' title='bbox 2480 3800 2584 3834; x_wconf 75' lang='grc'>01111013</span> 
     </span>
    </p>

    <p class='ocr_par' dir='ltr' id='par_1_64' title="bbox 1483 3829 2583 3910">
     <span class='ocr_line' id='line_1_197' title="bbox 1484 3829 2583 3874; baseline -0.005 -11"><span class='ocrx_word' id='word_1_1890' title='bbox 1484 3834 1635 3863; x_wconf 70' lang='lat' dir='ltr'>aversamur</span> <span class='ocrx_word' id='word_1_1891' title='bbox 1645 3858 1652 3870; x_wconf 90' lang='lat'>‚</span> <span class='ocrx_word' id='word_1_1892' title='bbox 1683 3836 1933 3874; x_wconf 66' lang='lat' dir='ltr'>(lqprecmnurquez</span> <span class='ocrx_word' id='word_1_1893' title='bbox 1971 3841 2001 3862; x_wconf 80' lang='lat' dir='ltr'>ut</span> <span class='ocrx_word' id='word_1_1894' title='bbox 2017 3844 2085 3862; x_wconf 66' lang='grc'>»611111</span> <span class='ocrx_word' id='word_1_1895' title='bbox 2099 3834 2218 3862; x_wconf 70' lang='lat' dir='ltr'>dicimus</span> <span class='ocrx_word' id='word_1_1896' title='bbox 2228 3855 2235 3867; x_wconf 82' lang='lat'>,</span> <span class='ocrx_word' id='word_1_1897' title='bbox 2265 3832 2291 3861; x_wconf 84' lang='lat' dir='ltr'>Si</span> <span class='ocrx_word' id='word_1_1898' title='bbox 2308 3832 2374 3868; x_wconf 86' lang='lat' dir='ltr'>quid</span> <span class='ocrx_word' id='word_1_1899' title='bbox 2388 3831 2437 3861; x_wconf 83' lang='lat' dir='ltr'>tibi</span> <span class='ocrx_word' id='word_1_1900' title='bbox 2451 3829 2583 3871; x_wconf 73' lang='lat' dir='ltr'>acciderit</span> 
     </span>
     <span class='ocr_line' id='line_1_198' title="bbox 1483 3868 2583 3910; baseline -0.005 -10"><span class='ocrx_word' id='word_1_1901' title='bbox 1483 3872 1660 3907; x_wconf 71' lang='lat' dir='ltr'>humanitus,</span> <span class='ocrx_word' id='word_1_1902' title='bbox 1690 3874 1765 3910; x_wconf 74' lang='lat' dir='ltr'>quod</span> <span class='ocrx_word' id='word_1_1903' title='bbox 1779 3873 1853 3901; x_wconf 77' lang='lat' dir='ltr'>Deus</span> <span class='ocrx_word' id='word_1_1904' title='bbox 1865 3872 2019 3910; x_wconf 76' lang='lat' dir='ltr'>prohibeat.</span> <span class='ocrx_word' id='word_1_1905' title='bbox 2062 3871 2142 3900; x_wconf 72' lang='lat' dir='ltr'>Unde</span> <span class='ocrx_word' id='word_1_1906' title='bbox 2158 3870 2327 3899; x_wconf 78' lang='lat' dir='ltr'>abominatio</span> <span class='ocrx_word' id='word_1_1907' title='bbox 2343 3869 2444 3898; x_wconf 86' lang='lat' dir='ltr'>dicitur</span> <span class='ocrx_word' id='word_1_1908' title='bbox 2462 3877 2494 3896; x_wconf 85' lang='lat' dir='ltr'>ea</span> <span class='ocrx_word' id='word_1_1909' title='bbox 2514 3868 2583 3903; x_wconf 69' lang='lat' dir='ltr'>ngu-</span> 
     </span>
    </p>
   </div>
   <div class='ocr_carea' id='block_1_21' title="bbox 1480 3905 2582 3971">
    <p class='ocr_par' dir='ltr' id='par_1_65' title="bbox 1480 3905 2582 3971">
     <span class='ocr_line' id='line_1_199' title="bbox 1480 3905 2582 3971; baseline -0.008 -31"><span class='ocrx_word' id='word_1_1910' title='bbox 1480 3919 1518 3940; x_wconf 71' lang='lat' dir='ltr'>m.</span> <span class='ocrx_word' id='word_1_1911' title='bbox 1556 3910 1630 3940; x_wconf 78' lang='lat' dir='ltr'>Curt.</span> <span class='ocrx_word' id='word_1_1912' title='bbox 1653 3910 1700 3941; x_wconf 87' lang='lat' dir='ltr'>lib.</span> <span class='ocrx_word' id='word_1_1913' title='bbox 1717 3920 1743 3948; x_wconf 90' lang='lat'>7.</span> <span class='ocrx_word' id='word_1_1914' title='bbox 1760 3922 1786 3948; x_wconf 84' lang='lat'>4</span> <span class='ocrx_word' id='word_1_1915' title='bbox 1806 3920 1847 3940; x_wconf 83' lang='lat'>12.</span> <span class='ocrx_word' id='word_1_1916' title='bbox 1895 3910 1958 3941; x_wconf 83' lang='lat' dir='ltr'>Hoc</span> <span class='ocrx_word' id='word_1_1917' title='bbox 1976 3919 2074 3947; x_wconf 84' lang='lat' dir='ltr'>regum</span> <span class='ocrx_word' id='word_1_1918' title='bbox 2093 3908 2195 3945; x_wconf 74' lang='lat' dir='ltr'>inligne</span> <span class='ocrx_word' id='word_1_1919' title='bbox 2216 3914 2263 3937; x_wconf 81' lang='lat' dir='ltr'>aut</span> <span class='ocrx_word' id='word_1_1920' title='bbox 2281 3907 2423 3936; x_wconf 73' lang='lat' dir='ltr'>moderate</span> <span class='ocrx_word' id='word_1_1921' title='bbox 2442 3905 2582 3971; x_wconf 47' lang='lat' dir='ltr'>perfegen-</span> 
     </span>
     <span class='ocr_line' id='line_1_200' title="bbox 2535 3950 2581 3970; baseline 0 0"><span class='ocrx_word' id='word_1_1922' title='bbox 2535 3950 2581 3970; x_wconf 77' lang='lat' dir='ltr'>Um</span> 
     </span>
    </p>
   </div>
  </div>
 </body>
</html>
