2600 4177
2 420 5 425 .
26 391 28 424 l

471 172 498 206 A
594 171 623 206 R
718 171 748 206 R

69 252 192 290 reptitius
207 252 314 281 dicitur.
354 252 464 281 Veteres
482 251 659 290 Arreptitium
674 252 806 282 dicebant
822 252 965 283 Lai-vatum
982 277 991 290 ,
1023 256 1094 293 quali
1110 267 1124 286 a
1135 255 1185 287 lar·

73 291 113 318 vis
127 296 273 326 arreptum.
314 290 446 319 Perottus.

37 328 105 357 ΑΜ(
116 337 135 355 H
145 337 179 362 A,
196 325 309 362 [Ἄρῥκ]
330 326 473 363 Oppidum
485 326 587 355 Arabia:
597 325 685 355 felicis
700 349 708 362 ,
729 327 804 364 apud
817 327 1004 359 Ptolemaeum.

39 367 180 398 Asai-ra,
202 373 231 392 ae.
256 364 397 399 Γνῖῥραἒιένν]
418 364 455 392 est
470 386 477 399 ,
499 364 583 400 Quod
605 365 685 401 pretii
702 366 866 394 numerandi
889 367 959 403 quasi
975 369 1074 405 pignus
1093 368 1181 398 datur.

70 402 159 431 Arrhae
169 401 397 430 auteminstituta:
417 401 544 430 videntur
563 402 590 430 in
611 402 804 436 auctionibus,
824 412 886 432 cum
900 405 958 433 a‘ris
980 405 1181 440 aliquantulum

26 441 28 471 j
71 439 195 471 daretur,
217 438 290 474 quod
305 438 422 475 plaustra
431 439 516 475 gravis
537 439 595 467 aeris
610 449 643 467 co
655 440 716 469 vehi
736 440 948 470 incommodum
970 441 1069 471 fuiffet.
1110 443 1181 472 Nam

26 491 29 515 ι
68 476 142 513 quod
153 475 240 504 Arrhre
255 476 367 504 nomine
377 476 456 504 datur
464 498 473 511 ,
496 483 688 513 argumentum
698 477 735 505 est
743 478 893 514 emptionis
906 481 931 507 ὁὶ
941 480 1107 508 venditionis
1116 489 1183 508 con-

27 541 28 547 ,
69 514 161 542 trat‘tae
172 535 180 547 ,
203 513 240 541 ait
255 512 323 550 [mp.
338 514 378 541 tit.
393 512 432 542 De
444 521 529 551 einpt.
547 514 664 543 &vend
692 515 730 544 Ex
742 514 854 543 Hotom.
871 516 937 544 Pliii.
952 516 998 545 lib.
1019 526 1059 552 ³3-
1079 527 1139 554 cap.
1156 527 1178 546 1.

26 558 29 584 ι
66 552 102 581 At
112 549 268 587 sponfiones
284 551 435 579 etiamnum
449 551 553 580 annulo
566 550 697 581 exiliente
710 573 718 585 .
751 552 785 580 ab
803 561 836 580 eo
851 559 976 590 tempore
988 564 1042 591 quo
1054 554 1181 584 nondum

1 615 29 661 Ὢ

0 1312 9 1333 ,4

0 1350 3 1368 l

0 1447 27 1486 l}

0 1486 354 1532 i-LAiiRnssnoeowon.

27 598 29 620 ;
70 594 127 617 erat
136 587 212 616 arilia
223 587 359 616 velocior:
382 595 411 616 ut
425 588 508 626 plane
518 589 650 618 affirmare
660 589 792 626 possimus
803 611 810 623 ,
832 599 960 620 nummos
974 599 1036 621 ante
1044 592 1118 630 apud
1129 601 1181 620 nos

70 624 199 661 coepisse,
219 634 282 653 mox
300 625 425 654 annulos.

70 662 151 692 Arrha
169 663 194 691 St
213 662 331 691 Arrhabo
350 663 491 700 quomodo
505 661 656 699 differunt,
677 663 760 693 tradit
773 663 889 693 Isidorus
904 675 928 699 ς.
941 674 985 700 25.
1008 665 1077 696 Gell.
1097 676 1138 703 17.
1150 675 1176 695 2.

90 699 119 729 V.
135 709 202 728 niox
227 710 411 729 ARRHARO.

38 738 167 768 Auiti
177 746 188 765 s
198 759 206 771 ‚
227 746 251 766 e.
272 738 312 766 Ad
324 747 410 767 arram
424 738 574 776 pertinens
597 737 713 767 Dioclet.
729 737 775 774 l.3.
788 738 819 767 C.
833 739 868 768 de
880 740 936 769 Act.
950 740 1040 779 Empt.
1054 743 1080 771 ἃ
1090 740 1178 770 Vend.

39 775 270 808 Anartr‘i'ros,
288 776 349 804 oris.
374 785 410 804 m.

285 813 290 817 ¹
433 776 488 818 Qui
503 776 634 812 quiddam
647 799 655 809 ,
682 776 744 819 data
761 776 856 811 arrha,
880 779 955 807 emit.
978 778 1009 807 V.
1031 779 1128 816 Scalig.
1145 778 1180 808 ad

71 811 183 842 Festum.
221 812 324 842 Gellius
333 822 367 841 ex
383 812 512 847 Laberio,
539 817 580 842 16.
597 825 622 849 7.
639 813 734 843 scribit
743 813 876 842 Aruiator.

38 850 81 880 Aa
89 858 105 877 R
114 858 133 877 ir
141 851 180 877 ᾹΒ
190 859 207 878 0
215 871 223 884 ,
242 851 311 879 onis
326 860 362 879 m.
384 851 461 880 Idem
472 851 546 887 quod
559 852 649 880 Arrha.
689 851 810 880 Verbum
817 852 856 880 est
866 852 991 882 Graecum
1001 853 1112 888 οὶῤῥκέὼν,
1125 863 1178 890 quo

71 888 196 923 tanquam
208 886 306 916 Latino
319 887 404 917 Plaut.
416 888 512 918 &Ten
525 895 647 920 utuntur.
687 888 772 918 Plaut.
785 888 856 918 Rud.
875 890 944 927 prol.
959 895 1003 923 46·
1039 891 1123 919 Minis
1134 891 1181 919 tri-

89 923 198 952 intasibi
209 924 329 961 puellam
339 926 455 955 destinat
467 947 477 963 2
497 926 599 963 datque
617 926 798 955 arrhabonem
809 948 817 961 ,
840 928 866 956 S.-
883 928 1061 962 jureiurando
1075 929 1179 965 alligat.

101 962 181 990 emin
198 962 258 991 Mil.
273 973 300 998 4.
317 973 338 992 1.
356 973 398 992 11.
433 963 514 992 Hunc
529 963 710 993 arrhabonem
720 965 821 993 amoris
833 974 848 993 a
864 974 909 993 me
919 967 1024 1003 accipe.
1064 966 1129 996 Haec
1140 966 1181 994 di-

71 999 237 1028 diovidetur
244 1001 336 1037 potius
346 1001 399 1030 esse
410 1000 522 1030 Hebraea
531 1023 538 1036 ,
555 1012 636 1038 quam
648 1001 750 1030 Graeca.
792 1001 901 1031 Hebraei
912 1004 987 1031 enim
999 1006 1096 1046 lffl'W
1110 1007 1178 1031 ΛΜ.

27 1055 29 1062 .
69 1035 122 1068 bon.
134 1036 230 1066 dicunt
245 1038 359 1080 Pignus,
380 1039 490 1068 averbo
505 1042 573 1081 :l'iy
594 1039 673 1068 Arab.
696 1040 713 1069 i.
726 1049 750 1069 e.
774 1039 986 1077 Oppigneravit.

26 1076 29 1103 l
71 1073 205 1109 Arrhabo,
225 1085 276 1113 pro
292 1075 450 1107 Oblidibus.
473 1075 542 1106 Geli.
556 1076 605 1106 lib.
620 1086 660 1114 17.
678 1087 738 1114 cap.
751 1087 776 1106 2.
790 1077 830 1106 Μ.
844 1078 912 1107 Cato
931 1079 959 1106 in
978 1077 1005 1106 L.
1019 1076 1178 1113 Veturium,

87 1111 180 1148 Quum
191 1118 281 1142 tantus
301 1114 311 1148 (
323 1114 435 1150 inquit)
455 1114 569 1144 arrhabo
582 1124 667 1151 penes
676 1115 811 1144 Samnites
823 1125 878 1153 pop
902 1115 1018 1144 Romani
1029 1114 1112 1144 ellet:
1134 1117 1181 1144 Ar-

85 1149 234 1179 rhabonem
244 1151 330 1186 dixit,
350 1161 397 1180 Dc
417 1151 541 1181 obfides:
563 1152 628 1181 &id
640 1152 738 1181 maluit
756 1162 836 1189 quam
859 1154 958 1190 pignus
976 1154 1084 1186 dicere.
1111 1163 1179 1190 quo·

88 1186 160 1216 niam
170 1189 210 1217 vis
219 1188 298 1224 hujus
309 1189 436 1218 vocabuli
446 1190 474 1218 iri
486 1199 518 1218 ea
528 1189 663 1219 sententia
678 1191 785 1228 gravior
797 1191 940 1227 acriorque
949 1191 994 1220 est.
1037 1190 1092 1219 Sed
1104 1200 1180 1220 nunc

87 1224 207 1254 Arrhabo
217 1226 243 1254 in
258 1226 372 1256 sordidis
382 1226 471 1256 verbis
483 1226 576 1257 haberi
585 1236 712 1265 coeptus:
734 1238 766 1257 ac
783 1228 871 1257 multo
888 1229 987 1258 rectius
1006 1229 1114 1258 videtur
1132 1229 1178 1258 Ar-

87 1261 151 1292 rha:
172 1273 325 1301 quanquam
338 1264 449 1294 Arrham
463 1274 572 1302 quoque
584 1273 688 1295 veteres
699 1265 768 1303 saepe
783 1266 914 1295 dixerint.

70 1299 203 1330 arrhabo,
225 1311 275 1338 pro
290 1302 411 1339 Pignore.
451 1302 516 1332 Ter.
527 1302 627 1332 Heaut.
641 1312 664 1340 3.
677 1313 701 1340 3.
719 1313 765 1340 42·
806 1303 840 1333 Et
848 1304 943 1333 telit‘ta
954 1303 1019 1333 huic
1033 1303 1180 1334 arrhaboni

89 1337 125 1367 est
135 1348 185 1377 pro
197 1338 246 1368 illo
254 1347 375 1377 argento.

38 1375 299 1411 Assnuenicun,
330 1377 383 1407 five
404 1378 642 1413 Anaunion,
672 1376 829 1414 [οἱρῥενικὶν]
858 1378 943 1408 Vocat
963 1379 1058 1409 Galen.
1078 1377 1125 1407 lib.
1143 1378 1180 1408 de

0 1428 9 1442 .-
26 1414 27 1418 ’
55 1426 58 1429 ·
71 1413 164 1450 Simpl.
179 1414 282 1444 Medic.
295 1415 398 1445 Facult.
411 1415 486 1453 quod
496 1416 555 1446 aliis
565 1416 732 1447 Arsenicuni.
754 1417 835 1447 Sic&
844 1415 913 1446 Plin.
932 1423 977 1452 28.
994 1428 1005 1446 1
1014 1429 1036 1453 ς.
1067 1417 1102 1446 At
1112 1415 1179 1453 l.34.

73 1457 138 1480 extr.
150 1451 305 1482 Arsenicum
316 1476 324 1489 ,
349 1464 373 1490 q.
390 1454 420 1483 V.

375 1491 403 1521 V.
427 1493 624 1521 ARssN'oco
635 1501 720 1521 NON.

0 1527 2 1558 [
39 1528 104 1556 ΛΜ.
112 1536 130 1555 ir
139 1530 155 1556 ἓ
165 1538 208 1556 το
218 1538 230 1557 s
249 1529 321 1559 AEon
335 1529 536 1559 haereticorum.
550 1529 667 1559 Tertull.

0 1565 16 1585 l·
26 1583 27 1586 ,
39 1565 104 1595 Ana
112 1573 131 1593 n
139 1575 157 1594 0
165 1575 177 1594 s
186 1575 205 1594 T
213 1569 229 1595 ἴε
240 1577 259 1594 M
270 1577 286 1595 A
295 1588 303 1602 ,
325 1568 384 1597 atis.
407 1578 433 1596 n.
463 1567 608 1603 [ἁῤῥώςκμφ
620 1568 635 1602 ]
656 1567 753 1597 Latine
761 1568 875 1597 vertitur
885 1578 900 1597 a
913 1568 1048 1598 Cicerone
1059 1568 1180 1605 ffigrota-

25 1614 27 1640 ⁴]
73 1601 111 1631 tio
122 1624 130 1637 ,
153 1614 179 1638 4.
190 1604 272 1633 Tusc.
285 1614 328 1641 23.
368 1605 476 1634 Deinde
487 1605 678 1642 aegrotationes
686 1627 694 1640 ,
716 1615 775 1642 quae
786 1606 960 1643 appellantur
970 1617 986 1636 a
999 1607 1100 1636 Stoicis
1111 1607 1180 1642 ἐιρῥυ·

0 1649 28 1679 ,ᾳ
72 1642 171 1673 finiat-m
180 1663 188 1675 .
209 1642 303 1679 hisque
314 1643 381 1672 item
391 1643 523 1681 oppositae
533 1643 676 1673 contrariae
685 1642 860 1673 offensiones.

0 1677 159 1723 phania.
182 1678 211 1708 V.
233 1690 380 1710 ARRIUS.
738 1685 741 1688 '

0 1726 1 1746 1
26 1715 105 1765 ΞΛΜ.
114 1726 124 1743 ι
133 1726 153 1745 Α
161 1726 180 1745 Ν
188 1727 206 1745 i:
215 1726 227 1746 s
236 1739 244 1751 ,
266 1718 427 1753 [Ἂρρίκνὸς]
447 1718 530 1748 Poe‘ta
541 1740 550 1754 ,
567 1719 645 1754 cujus
659 1719 758 1748 Suidas
776 1725 977 1749 commemorat
993 1719 1180 1758 Metaphrasin

0 1790 28 1823 ti

0 1812 28 1861 il

0 1873 28 1904 ΙΝ

0 1915 28 1951 30:

0 1972 28 2010 :i

0 2015 28 2050 „l

0 2054 29 2086 2!

11 2108 29 2130 Η

27 2163 29 2178 l

0 2110 4 2119 i

28 2899 30 2910 ν
77 2890 141 2922 tur)
159 2890 268 2925 arrisor,
289 2892 315 2920 ἃ

15 3009 20 3021 4

26 2700 32 2726 i

23 2728 33 2828 i

0 3947 19 3993 5¹⁷}
0 3908 11 3938 *u
0 3677 15 3891 ἢἮῊΓἝὟῚΨ
0 3563 12 3668 ww

28 2595 31 2612 t
76 2587 189 2617 Atrideri
200 2590 226 2617 &
237 2589 359 2617 Derideni
371 2611 379 2622 ,
399 2590 542 2619 contraria.
564 2589 622 2619 Cic.
639 2590 674 2618 de
691 2590 758 2627 Opt.
774 2590 844 2619 Gen.
860 2588 939 2618 Orat.
959 2598 1002 2618 11.

66 1752 270 1791 *Georgicorum
286 1755 390 1793 Virgilii
403 1756 640 1786 &Alexandriada
651 1778 659 1791 ,
683 1766 784 1795 poema
800 1757 931 1787 videlicet
951 1758 987 1787 de
1004 1758 1086 1787 rebus
1103 1758 1182 1795 gestis

71 1790 217 1824 Alexandri
226 1793 392 1823 Macedonis
403 1816 411 1827 ,
425 1793 501 1823 libris
511 1804 557 1829 24.
574 1796 599 1824 ἃ
614 1794 665 1823 alia
679 1794 765 1824 multa
779 1804 872 1837 opera.

71 1829 195 1860 Arrianus
205 1830 272 1860 alius
282 1831 501 1861 Nicomediensis
510 1854 518 1867 ,
542 1832 694 1862 Historicus
703 1835 729 1862 St
740 1832 920 1869 Philosophus
928 1833 1130 1876 Xenophontis
1149 1843 1182 1862 ae-

90 1867 181 1897 mulus
194 1870 219 1898 ἃ
234 1876 378 1907 propterea
388 1869 550 1907 Xenophon
562 1870 656 1905 junior
674 1871 894 1907 cognominatus.
932 1872 1010 1900 Sicut
1020 1871 1067 1900 ille
1086 1872 1121 1900 de
1134 1871 1183 1900 So-

91 1910 165 1934 crate
180 1908 283 1944 quippe
294 1929 301 1941 ,
322 1907 359 1935 ita
374 1907 420 1936 hic
439 1907 474 1936 de
493 1907 619 1945 Epicteto
637 1907 804 1946 philosopho
816 1909 931 1944 ejusque
949 1908 1183 1938 dissertationibus

85 1952 160 2009 'opus
175 1944 278 1988 edidit,
300 1944 455 1989 &sicutille
468 1945 662 1989 Cyriuo'woe'issxw
672 1956 704 1975 vr
714 1956 735 1976 1.
749 1945 841 1980 libris,
866 1946 913 1989 hic
924 1956 1034 1989 quoque
1044 1947 1184 1990 historiam

50 2002 55 2011 “
89 1982 1184 2065 ἓξέἲέῗῖἶ)ἓξᾗῖῗέξὲζάἳᾞὲὲῖἓἛξῖῗῗὲῐὲζὲἓὲρέεῐωὲρῗῗρῖῗῖῗᾞὲἧῖιῗὲῖἒὲῑ

91 2066 154 2086 cum
170 2056 254 2100 Mpfis
271 2059 436 2094 conjunxit..
477 2059 598 2088 Emicuit
615 2059 708 2089 Romae
723 2059 771 2089 sub
794 2059 912 2102 Adriano
934 2063 960 2089 &
980 2060 1020 2089 M.
1040 2061 1183 2089 Antonino

96 2095 266 2138 principibus
278 2118 286 2130 ,
308 2106 323 2125 a
338 2096 437 2133 quibus
447 2096 483 2125 ob
492 2097 677 2126 eruditionem
689 2107 745 2126 non
755 2097 842 2126 solum
854 2098 965 2126 civitate
974 2099 1092 2141 donatus
1105 2120 1113 2131 ,
1136 2097 1184 2126 sed

92 2131 275 2162 &honoribus
285 2144 371 2171 usque
381 2134 415 2163 ad
428 2134 599 2164 consulatum
608 2137 727 2164 eveClus.
735 2135 815 2165 Plura
824 2135 933 2173 V.apud
944 2135 1048 2165 Fabric.
1057 2135 1181 2165 Bibl.Gr.

91 2168 151 2199 Vol.
166 2179 189 2207 3.
199 2181 226 2208 p.
237 2175 299 2207 269.
309 2172 393 2202 ubi&
403 2173 507 2202 Arriani
519 2172 563 2201 alii
573 2173 758 2203 recensentur.

0 2190 10 2248 ς·
27 2188 128 2238 i-ARRT
136 2217 152 2236 o
161 2218 174 2236 e
182 2218 199 2237 ο
209 2231 215 2243 ,
234 2208 264 2237 isi
275 2231 283 2243 ,
301 2209 371 2238 isum
380 2232 388 2245 ,
410 2211 596 2246 [wesheim]
617 2214 670 2240 ete.
682 2221 716 2240 ex
725 2212 765 2240 Ad
774 2234 782 2246 ,
797 2212 823 2241 &
831 2210 920 2240 Rideo
930 2221 938 2248 3
960 2210 1092 2249 significat
1100 2210 1183 2240 alicui

27 2246 29 2274 !
73 2244 194 2276 laetitiam
205 2247 290 2276 animi
309 2247 426 2277 ridendo
437 2249 587 2278 ostendere.
611 2249 695 2278 Ovid.

745 2249 793 2278 ubi
806 2249 845 2284 ‘.’]

128 2284 214 2313 Arrisit
223 2285 310 2322 paries
324 2285 555 2316 advenientedea.
594 2286 658 2316 Ter.
669 2251 738 2316 Euri.
752 2297 777 2316 2.
789 2296 816 2317 2.
833 2297 874 2322 19.
916 2284 997 2315 Hisce
1005 2296 1056 2324 ego
1069 2295 1126 2315 non
1135 2296 1187 2324 pa-

75 2330 105 2351 ro
115 2331 159 2351 me
169 2328 198 2351 ut
210 2323 333 2357 rideant,
350 2323 396 2352 sed
406 2324 438 2353 iis
449 2324 522 2353 ultro
534 2325 649 2354 arrideo.
691 2324 742 2353 Ubi
758 2325 897 2359 Donatus,
920 2324 997 2360 Quid
1010 2325 1047 2353 est
1064 2345 1071 2358 ,
1093 2324 1126 2353 iis
1145 2334 1185 2354 ar-

75 2359 172 2389 rideo?
192 2361 334 2390 Autveluti
345 2371 445 2399 pareo,
466 2362 496 2391 id
511 2362 566 2397 est,
588 2362 721 2399 obsequor
733 2385 742 2398 ,
765 2368 813 2392 aut
824 2362 908 2391 veluti
921 2362 1000 2391 dietis
1016 2361 1148 2391 delector.

74 2397 195 2428 Atridere
203 2399 365 2428 ridentibus.
386 2400 402 2428 i.
413 2409 437 2429 e.
459 2400 547 2430 Simul
556 2401 653 2429 ridere.
676 2400 743 2430 Hor.
753 2401 784 2431 in
799 2402 862 2430 Arte
871 2400 947 2429 Poet.
961 2409 1022 2429 101.
1125 2406 1126 2412 ¹

42 2468 47 2475 ·
75 2433 183 2465 Leniter
193 2437 318 2466 arridere.
359 2437 416 2466 Cic.
429 2438 464 2467 de
473 2438 568 2467 Somn.
579 2439 652 2475 Scip.
665 2447 691 2467 2.
711 2444 780 2468 extr.
819 2437 932 2468 Leniter
944 2437 1068 2467 arridens
1077 2436 1182 2476 Scipio,

94 2472 191 2510 Quaeso
211 2475 337 2511 (inquit)
358 2485 393 2504 ne
402 2485 447 2505 me
455 2486 471 2505 e
479 2475 574 2505 somno
584 2477 720 2505 excitetis.

73 2510 197 2542 Arridere
207 2522 249 2542 res
258 2514 358 2542 dicitur
368 2535 376 2547 ,
398 2513 468 2550 Quae
475 2514 576 2551 placet.
595 2514 652 2543 Cic.
664 2523 706 2551 13.
718 2514 770 2543 Att.
782 2523 828 2543 21.
866 2512 998 2543 Inhibere
1008 2512 1078 2542 illud
1092 2519 1182 2548 tuum,

94 2550 170 2586 quod
179 2550 257 2579 valde
267 2551 335 2579 mihi
343 2551 464 2580 arriserat
474 2573 481 2586 ,
503 2552 681 2581 veliementer
693 2552 831 2590 displicet.
1043 2588 1078 2626 Q
1132 2588 1137 2594 ¹

1073 2597 1186 2618 uoniam

94 2625 290 2655 nonnullorum
300 2626 449 2662 sermojam
457 2627 597 2656 increbuit
607 2650 615 2662 ,
636 2628 734 2665 partim
741 2627 841 2665 seipsos
852 2628 940 2656 Attice
950 2627 1042 2656 dicere
1051 2649 1059 2662 ,
1084 2627 1185 2664 partim

93 2664 234 2693 neminem
243 2664 363 2694 nostrum
373 2665 480 2694 dicere:
502 2665 601 2694 alteros
612 2665 781 2703 negligamus
792 2687 800 2700 ,
815 2664 877 2693 satis
887 2665 963 2693 enini
975 2665 1017 2694 his
1029 2664 1135 2703 resipsa
1145 2674 1187 2693 re-

99 2699 225 2738 spondet,
241 2712 327 2738 quum
337 2708 384 2731 aut
392 2712 449 2731 non
459 2702 643 2732 adhibeantur
651 2703 686 2732 ad
694 2703 796 2738 causas,
810 2708 857 2733 aut
865 2703 981 2732 adhibiti
989 2703 1166 2732 derideantur
1177 2712 1184 2732 :

95 2748 159 2768 nam
169 2739 186 2768 fi
197 2740 381 2774 arrideantur,
402 2740 469 2769 esset
479 2741 508 2770 id
521 2740 609 2779 ipsum
624 2742 786 2770 Atticorum.

45 2775 212 2812 Annisio,
233 2778 303 2807 onis.
325 2779 343 2807 f.
365 2778 470 2807 Author
482 2779 517 2807 ad
527 2779 647 2808 Herenn.
663 2789 686 2808 1.
724 2777 913 2816 interpellatio
932 2779 959 2807 &
973 2778 1072 2807 arrisio.

20 2837 23 2841 ,
44 2813 218 2850 Amison,
238 2816 300 2845 oris.
317 2825 355 2845 m.

378 2816 435 2852 Qui
446 2816 527 2845 alicui
537 2816 674 2852 subridet,
689 2825 736 2846 aut
743 2817 852 2846 arridet.
862 2817 926 2846 Seii.
939 2816 1021 2853 Epist.
1035 2825 1080 2853 27.
1120 2815 1187 2845 Sua-

79 2851 111 2880 sit
120 2851 158 2881 illi
168 2852 293 2882 Satellius
313 2853 488 2890 Quadratus,
509 2854 651 2884 stultorum
667 2855 788 2884 divitum
801 2854 920 2889 arrosor,
942 2856 967 2883 δι
988 2854 1083 2891 (quod
1099 2853 1187 2891 sequi-

335 2892 433 2929 (quod
454 2892 562 2921 duobus
576 2892 617 2921 his
634 2893 795 2928 adjunt‘tum
814 2892 873 2928 est)
895 2892 1016 2926 derisor,
1038 2898 1069 2921 ut
1092 2892 1187 2922 Gram-

79 2928 191 2958 maticos
199 2928 464 2959 haberetanaleetas.
503 2930 568 2966 [De
579 2930 658 2965 hujus
669 2930 763 2959 farinae
781 2929 906 2959 Graeculo
914 2929 1038 2965 Juvenal.
1051 2930 1106 2959 Sat.
1120 2939 1144 2967 3.
1160 2939 1187 2959 v.

82 2974 140 2994 100.
232 2982 270 2988 ·—-
289 2966 396 2996 Rides‘?
415 2968 519 3003 majore
529 2967 667 2997 cachinno
759 2968 936 2998 Concutitur.

47 3001 204 3039 Amico,
224 3006 288 3039 exi,
310 3006 421 3040 ed'turn,
454 3004 565 3041 [ἴε-κμι,
581 3003 669 3040 iffa]
695 3007 749 3035 ere.
771 3016 806 3035 ex
827 3006 887 3040 Ad,
911 3007 938 3034 St
955 3004 1033 3042 Rego
1052 3005 1186 3044 composi-

79 3045 156 3077 tum,
177 3041 307 3079 significat
321 3042 364 3072 Eri
384 3053 438 3072 ere.
462 3042 532 3080 Virg.
548 3053 590 3072 10.
601 3043 658 3073 AEn.
671 3048 734 3080 726.
774 3060 810 3064 -
824 3044 970 3080 comasque
983 3044 1094 3073 arrexit.

78 3078 197 3116 Arrigere
205 3079 324 3116 aliquem
336 3102 343 3115 ,
375 3090 417 3110 ive
429 3080 544 3114 alicuius
553 3082 677 3110 animum
690 3103 698 3116 ,
719 3092 770 3119 per
778 3082 977 3118 metaphoram.
1005 3080 1110 3109 Sallust.
1132 3080 1186 3110 Eos

97 3126 154 3147 non
165 3117 278 3155 paulum
295 3118 419 3148 oratione
432 3118 478 3147 sua
488 3118 593 3148 Marius
603 3127 746 3149 arrexerat.
768 3120 787 3148 i.
799 3129 822 3148 e.
844 3119 973 3148 Erexerat
982 3140 990 3151 ,
1011 3119 1186 3147 excitaverat.

7 3164 16 3198 2⁴
32 3155 35 3202 l
79 3154 197 3192 Arrigere
207 3165 293 3185 aures.
331 3156 397 3185 Ter.
408 3156 479 3189 And.
497 3167 558 3191 ς.4.
573 3166 616 3193 31.
654 3158 754 3195 Aurige
771 3166 849 3186 aures
869 3156 1019 3194 Pamphile.
1060 3156 1114 3184 Ubi
1131 3155 1188 3184 Do-

94 3198 188 3228 natus,
207 3193 299 3231 Arrige
312 3203 390 3223 aures
400 3215 409 3229 ,
424 3194 567 3223 translatio
576 3204 591 3224 a
602 3195 757 3232 pecudibus
770 3217 779 3231 ,
798 3194 900 3232 'quibus
910 3194 998 3224 verbis
1010 3193 1132 3223 intendit
1144 3202 1187 3222 ac-

97 3229 254 3266 cipiendam
265 3231 318 3260 esse
331 3241 437 3261 vocem.

9 3261 36 3309 ⁴¹l
80 3266 197 3305 Arrigere
208 3278 284 3298 aures
293 3268 373 3298 alicui
383 3269 509 3299 sermone
521 3269 622 3308 aliquo.
640 3269 729 3300 Plaut.
739 3269 813 3300 Rud.
827 3281 851 3307 5.
865 3279 890 3300 2.
901 3271 926 3299 6.

34 3302 217 3335 iARRzeTU
227 3316 240 3335 s
252 3328 260 3341 ‚
281 3306 376 3336 Partic.
399 3304 569 3343 [ὸῂυε-ειτέε]
590 3315 621 3337 ut

82 3342 247 3381 Arrectaeque
255 3344 367 3373 horrore
375 3354 470 3374 comae.
491 3345 565 3383 Virg.
579 3357 604 3382 4.
626 3345 687 3376 AEn.
700 3350 766 3379 280.

79 3379 241 3418 Arreffisque
251 3383 358 3411 auribus
367 3383 481 3412 adstant.
502 3383 575 3421 Virg.
594 3393 617 3412 r.
641 3383 703 3413 AEn.
716 3391 780 3420 152.

33 3422 34 3449 ἶ
79 3417 185 3448 Arreeta
194 3419 274 3448 hasta.
297 3419 370 3456 Virg.
384 3431 410 3455 4-
431 3420 569 3456 AEn.465.

79 3455 218 3486 Arrectum
225 3458 328 3494 peetus.
356 3458 424 3495 Virg.
438 3468 449 3486 1
459 3468 479 3487 1.
501 3458 564 3488 AEn.
575 3461 638 3496 ⁶39-

11 3507 13 3517 ι
34 3495 35 3498 ’
80 3490 113 3522 In
122 3493 219 3530 digitos
228 3496 345 3524 arreous
355 3502 477 3533 uterque.
500 3495 570 3534 Virg.
586 3507 609 3532 5.
629 3495 691 3526 AEn.
702 3498 769 3532 426.

81 3527 195 3561 Lumina
204 3534 313 3562 arrecta.
334 3532 406 3570 Virg.
417 3543 442 3562 2.
466 3533 529 3563 AEn.
547 3543 607 3571 173.

81 3567 192 3599 Arreetae
200 3579 306 3600 mentes
316 3592 324 3606 ,
344 3570 547 3609 stupefactaque
558 3571 649 3601 corda.
676 3570 747 3608 Virg.
763 3581 788 3607 5.
800 3570 862 3601 AEn.
875 3572 938 3607 643.

80 3601 311 3637 Laudumarreoa
320 3609 433 3646 cupido.
454 3609 524 3646 Virg.
543 3620 565 3645 ς.
588 3610 722 3643 ffin.138.

81 3644 180 3673 Arreeti
188 3645 309 3674 animum
323 3646 412 3676 dictis.
434 3646 506 3685 Virg.
522 3656 546 3676 1.
567 3647 629 3677 AEn.
646 3652 707 3683 583.

82 3680 192 3711 Animus
205 3683 239 3711 ad
248 3683 417 3713 bellandum.
439 3684 495 3713 Liv.
509 3690 535 3718 8.

81 3716 205 3756 Compar.
217 3720 272 3750 Liv.
288 3731 332 3750 21.
344 3731 386 3757 35.
407 3731 476 3751 extr.
499 3722 535 3751 Ut
547 3721 676 3759 pleraque
687 3720 797 3759 Alpium
807 3719 930 3749 abitalia
939 3741 947 3754 ,
968 3719 1037 3749 ficut
1049 3719 1186 3756 breviora,

97 3755 136 3784 ita
143 3759 286 3788 arrectiora
299 3758 368 3788 sunt.
409 3760 473 3795 [Al.
487 3761 614 3789 Ardtiora.
649 3759 704 3788 Sed
715 3759 828 3788 alteram
845 3758 994 3787 lectionem
1010 3767 1066 3786 non
1078 3758 1184 3796 spreve-

97 3793 156 3823 rim.
195 3795 336 3833 Sequitur:
358 3796 459 3826 Omnis
468 3798 543 3826 enim
555 3799 599 3826 via
611 3806 749 3835 praeceps,
778 3796 905 3833 angusta,
925 3795 1031 3824 lubrica
1046 3803 1110 3825 erat.
1143 3798 1185 3826 An

98 3831 233 3869 Asperiora
242 3835 256 3863 ‘3
274 3840 306 3863 ut
314 3834 368 3863 hoc
378 3834 480 3863 deinde
491 3834 642 3873 paraphrasi
657 3834 788 3872 explicet.

40 3862 115 3896 {Am
123 3878 137 3897 Β
146 3878 162 3898 c
170 3879 190 3898 T
200 3880 219 3899 A
227 3881 261 3899 ιιι
271 3881 289 3900 υ
298 3882 310 3901 s
322 3894 330 3907 ,
351 3873 411 3907 Adj.
432 3882 447 3901 a
458 3872 553 3902 Partic.
576 3873 700 3902 Arrectus
709 3894 717 3906 ,
738 3868 928 3907 [beffiqvimQQ
957 3870 1043 3907 Quod
1062 3871 1101 3900 est
1115 3881 1186 3902 arre-

82 3905 161 3935 stum.
184 3914 233 3943 ut,
257 3909 492 3939 Afferarrectarius
511 3911 539 3938 in
555 3910 662 3939 cratitio
678 3910 800 3947 pariete,
823 3908 879 3944 Qui
897 3910 1015 3938 arrectus
1038 3909 1096 3938 est:
1118 3909 1186 3940 sicut

69 3941 305 3985 Transversarius,
326 3947 383 3983 Qui
393 3948 422 3976 in
431 3947 610 3977 transversum
621 3948 741 3985 ponitur.
763 3946 864 3974 VitruV.
878 3944 960 3975 lib-2.
977 3956 1036 3983 cap.
1044 3949 1070 3977 8.
1095 3946 1186 3976 Etiam

82 3981 126 4016 qui
134 3981 229 4012 suntin
237 3985 358 4014 tec‘toriis
366 3985 513 4023 operibus,
528 3986 610 4014 rimas
621 3986 649 4013 in
666 3985 700 4013 iis
709 3985 816 4014 faciunt
833 3984 1039 4015 arrectariorum
1056 3985 1082 4015 δι
1102 3984 1185 4015 trans-

79 4018 252 4051 versariorum
259 4021 444 4060 dispositione.
473 4023 504 4053 V.
532 4023 661 4054 Cratitius
674 4022 703 4052 in
721 4030 876 4052 celires.

1241 3763 1451 3798 Amtmoff

1681 180 1707 214 A
1805 181 1835 215 R
1931 182 1962 216 R
2323 193 2390 225 261

1241 256 1402 286 Animo
1415 280 1423 293 ,
1454 259 1499 293 ui,
1526 265 1639 296 eptum,
1653 260 1889 296 ’[σ-τϋστισπιέζω]
1911 263 1965 291 ὅτε.
1995 272 2030 292 ex
2055 265 2092 293 Ad
2111 266 2139 294 &
2163 265 2251 303 Rapio
2270 268 2394 304 compos.

1278 294 1465 332 Cumimpetu
1478 298 1633 332 quodam&
1645 297 1776 327 violentia
1789 301 1923 336 accipere.
1964 300 2022 329 Cic.
2043 302 2072 329 in
2088 302 2173 331 Pison.
2185 309 2229 339 84.
2268 304 2395 334 Familias

1280 333 1452 369 arripuerunt
1468 354 1475 367 ,
1497 343 1581 370 pecus
1595 334 1750 370 abegerunt.

1278 367 1338 404 μιν.
1354 370 1423 397 intro
1434 371 1577 407 arripicre.
1597 379 1677 407 atque
1689 373 1726 401 ibi
1739 373 1822 408 usque
1833 374 1866 402 ad
1880 376 2120 411 neceni‘operiere
2136 376 2210 406 loris.
2232 377 2296 407 Ter.
2315 379 2392 408 Adel.

1298 415 1323 434 2.
1342 417 1363 448 i..
1380 417 1424 441 27.
1462 408 1506 450 Sic
1522 408 1630 450 Steph3
1657 410 1710 438 Sed
1728 412 1827 447 optimi
1839 412 1950 441 codices
1962 411 2101 449 Abripicre
2112 413 2253 444 exhibent.

1279 441 1317 471 Ex
1330 444 1433 486 circulo
1447 444 1565 486 aliquem
1581 455 1706 486 arripere.
1748 448 1806 476 Cic.
1823 460 1843 476 1.
1860 450 1894 477 de
1908 449 1982 478 Orat.
2001 460 2060 484 159.
2101 452 2128 479 Si
2140 462 2333 488 quemcunque
2346 463 2392 490 pa-

1297 481 1484 522 treniiiimilias
1495 483 1670 519 arripuiiletis
1680 506 1687 519 ,
1710 494 1744 513 ex
1758 486 1850 522 aliquo
1860 486 1981 522 circulo,
2009 488 2106 517 eadem
2118 488 2197 517 vobis
2208 492 2396 526 percontanti-

1298 516 1349 545 bus
1362 519 1547 554 relpondillct.

1277 554 1381 596 Arripit
1394 555 1481 583 dolor.
1523 557 1580 585 Cic.
1593 566 1617 585 2.
1633 557 1667 585 de
1683 557 1740 588 Pin.
1758 568 1801 595 93.
1842 559 1898 589 Nisi
1919 560 1991 590 forte
2008 571 2073 591 eum
2091 561 2218 592 dolorem
2234 564 2306 594 dicis
2319 587 2326 600 ,
2348 566 2396 602 qui

1299 592 1468 633 simulatque
1479 594 1591 630 arripuit
1606 616 1614 629 ,
1635 595 1780 626 interfecit.

1276 628 1380 665 Arripit
1394 630 1509 658 animus.
1546 630 1609 673 Cic.
1627 642 1646 660 i.
1666 633 1701 661 de
1715 634 1805 662 Divin.
1818 638 1861 664 26.
1902 635 1964 664 Duo
1977 646 2076 673 genera
2091 638 2234 667 divinandi
2249 637 2302 667 effe
2320 639 2395 669 dice-

1299 666 1363 708 bas:
1398 675 1485 695 unum
1503 668 1695 710 artiticiosum,
1723 672 1838 700 aiterum
1856 674 1989 702 naturale.
2028 675 2173 711 Naturale,
2195 677 2270 713 quod
2287 678 2394 706 animus

1297 710 1443 740 arriperet,
1460 713 1507 732 aut
1516 713 1655 741 exciperet
1667 716 1701 735 ex
1717 709 1870 738 divinitate.

1279 741 1404 777 Arripere
1413 741 1447 769 ad
1459 741 1502 769 vel
1511 741 1538 769 in
1549 743 1732 777 quaestionem.
1758 746 1808 775 Cic
1831 758 1880 784 pro
1890 747 1988 777 Milon.
2011 749 2109 779 Subito
2121 752 2220 788 arrepti
2232 752 2260 779 in
2271 752 2394 788 quaestio-

1297 788 1363 807 nem
1374 800 1388 821 ³.
1403 785 1495 806 tamen
1504 777 1668 815 separantur.
1709 782 1786 812 ldem
1806 793 1856 820 pro
1877 785 1985 815 Cluent.
2004 793 2048 822 89.
2089 788 2128 817 Eo
2147 796 2272 826 tempore
2290 789 2346 827 ipse
2359 789 2395 818 ad

1298 815 1475 851 quaestionem
1489 824 1610 853 arreptus
1623 819 1669 845 est.

1279 853 1406 890 Arripere
1416 860 1514 881 terram
1526 853 1593 882 velis
1604 876 1611 887 ,
1634 854 1775 884 invadere.
1798 857 1871 894 Virg.
1885 868 1909 892 ³·
1923 859 1984 889 AEn.
1997 871 2060 898 477.
2081 862 2200 892 Servius.

1279 891 1404 928 Arripere
1415 913 1423 925 ,
1446 890 1566 928 Raptum
1576 898 1678 920 tenere.
1714 893 1783 930 Virg.
1798 905 1838 923 ii.
1861 895 1922 925 AEn.
1938 907 1998 933 531.

1278 929 1405 965 illrripere
1418 927 1522 965 aliquid
1533 929 1567 957 ad
1576 929 1845 966 reprehendendum.
1868 934 1924 961 Cic.
1946 944 1970 963 2.
1994 935 2028 963 dc
2050 936 2111 965 Nat.
2125 937 2205 967 Deor.
2224 943 2282 968 162.
2323 937 2394 969 Illud

1298 975 1363 995 vero
1380 966 1455 1002 quod
1469 973 1583 1003 uterque
1596 966 1710 995 vestrum
1725 968 1833 997 fortall‘e
1845 971 1957 1007 arripiet
1966 973 1998 1000 ad
2010 975 2276 1010 reprehendendum.

1298 1003 1413 1032 Causam
1423 1003 1596 1032 adincendia
1606 1026 1613 1037 ,
1634 1005 1722 1034 caedes
1732 1027 1739 1040 ,
1753 1008 1803 1034 διε.
1826 1006 1881 1035 Cic.
1902 1018 1950 1044 pro
1963 1009 2052 1038 Domo
2063 1011 2108 1040 sua
2120 1034 2127 1044 .
2153 1023 2191 1041 i..
2226 1014 2393 1044 l‘luiicistum

1298 1042 1348 1069 otii
1359 1042 1384 1070 ὃς
1395 1042 1468 1078 pacis
1481 1041 1585 1070 hostem
1593 1042 1698 1070 causam
1708 1051 1877 1080 arrepturum
1889 1045 1966 1074 fuiu'e
1978 1048 2011 1075 ad
2022 1049 2150 1078 incendia
2165 1072 2172 1085 ,
2196 1052 2284 1080 caedes
2296 1073 2303 1085 ,
2324 1053 2395 1089 rapi-

1297 1088 1347 1107 nas
1358 1100 1365 1113 ,
1380 1078 1447 1107 nolo
1461 1079 1605 1108 Pontifices
1618 1101 1626 1113 ,
1645 1079 1817 1117 suspicemini
1831 1103 1838 1116 ,
1861 1082 1909 1110 nisi
1921 1084 2050 1113 videritis

1276 1115 1394 1146 Causam
1404 1117 1429 1145 ἃ
1440 1122 1559 1153 tenipus.
1579 1117 1638 1146 Cic.
1652 1129 1675 1151 ς.
1699 1118 1771 1147 Fam.
1787 1128 1827 1147 12.
1868 1120 1921 1148 Sed
1935 1121 1969 1148 ad
1980 1124 2200 1158 properationem
2214 1135 2303 1155 meam
2316 1127 2394 1162 quid-

1298 1154 1363 1183 dam
1370 1154 1480 1183 interest
1493 1160 1585 1183 nonte
1596 1156 1741 1192 expectare
1755 1157 1823 1185 dum
1832 1156 1866 1185 ad
1878 1156 1971 1186 locum
1983 1168 2075 1189 venius
2090 1170 2096 1189 :
2119 1171 2149 1190 ac
2166 1163 2255 1193 statim
2276 1164 2394 1195 caulium

1297 1191 1374 1220 illam
1385 1197 1472 1220 totam
1484 1193 1509 1221 δι
1523 1199 1633 1230 tempus
1646 1194 1772 1230 arripere.

1279 1228 1470 1258 Occasionem.
1493 1230 1550 1259 Liv.
1563 1241 1585 1265 ς.
1609 1230 1675 1260 Bell.
1691 1231 1804 1261 Maced.

1277 1267 1372 1304 Opem
1382 1267 1483 1296 adrem
1493 1267 1622 1304 aliquam.
1645 1268 1729 1299 I’laut.
1744 1270 1804 1299 Mil.
1823 1278 1849 1299 2.
1863 1280 1888 1300 2.
1902 1274 1947 1307 65.

1277 1303 1449 1335 Facultatem
1460 1305 1589 1334 laedendi.
1630 1305 1687 1335 Cic.
1699 1317 1749 1344 pro
1765 1307 1850 1337 Flacc.
1866 1319 1907 1344 i9.
1947 1309 2109 1340 Mirandum
2127 1321 2191 1341 vero
2207 1313 2245 1342 est
2265 1314 2392 1346 homines

1299 1352 1346 1371 eos
1362 1342 1479 1372 libenter
1491 1343 1610 1381 arripere
1623 1343 1782 1373 facultatem
1790 1345 1909 1375 laedendi
1921 1369 1928 1379 ,
1952 1357 2123 1385 quaecunque
2134 1349 2221 1379 detur.

1279 1379 1444 1417 Cognomen
1455 1380 1502 1409 sibi
1512 1382 1629 1419 arripere
1639 1391 1673 1411 ex
1684 1382 1800 1412 aliorum
1821 1384 1995 1420 imaginibus.
2037 1386 2094 1414 Cic.
2114 1396 2163 1422 pro
2183 1394 2255 1416 Sext.
2268 1392 2311 1423 69.
2353 1390 2394 1420 Ex

1298 1427 1399 1447 novem
1407 1419 1554 1454 Tribunis,
1595 1429 1644 1448 uos
1658 1427 1724 1450 tunc
1744 1421 1891 1449 habueram
1904 1443 1911 1456 ,
1934 1432 2004 1451 unus
2015 1433 2059 1452 me
2078 1423 2187 1453 absente
2202 1426 2325 1461 defluxit,
2345 1429 2393 1464 qui

1295 1465 1455 1492 cognomen
1467 1456 1558 1486 sibiex
1570 1429 1686 1487 :iliorum
1699 1458 1865 1496 imaginibus
1876 1460 2006 1497 arripuit,
2027 1470 2082 1498 quo
2100 1463 2186 1499 inagis
2200 1464 2320 1493 nationis
2335 1466 2394 1501 ejus

1300 1494 1354 1523 esse
1363 1516 1370 1529 ‚
1392 1504 1472 1531 quam
1481 1495 1588 1532 generis
1599 1496 1745 1526 videretur.

1278 1530 1465 1562 Maledictum
1477 1541 1512 1561 ex
1519 1533 1608 1562 trivio.
1650 1533 1708 1562 Cic.
1724 1544 1773 1572 pro
1786 1535 1895 1565 Muren.
1910 1544 1951 1569 ιι.
1993 1535 2086 1572 Quare
2095 1547 2181 1574 quum
2193 1538 2240 1567 ista
2256 1538 2288 1567 sis
2298 1540 2396 1569 autho..

1293 1570 1378 1599 ritate
1389 1592 1396 1605 ,
1418 1580 1475 1599 non
1488 1570 1585 1604 debes,
1601 1570 1641 1600 M.
1654 1571 1722 1600 Cato
1732 1594 1740 1606 ,
1753 1574 1871 1610 arripere
1881 1572 2057 1602 maledictum
2068 1584 2102 1603 ex
2113 1576 2194 1603 trivio
2205 1597 2213 1610 ,
2225 1583 2271 1604 aut
2282 1586 2315 1605 ex
2325 1577 2395 1606 scur-

1297 1618 1389 1637 rarum
1397 1607 1489 1645 aliquo
1499 1608 1626 1637 convicio
1637 1630 1644 1644 ,
1670 1618 1760 1646 neque
1774 1620 1877 1640 temere
1895 1610 2041 1640 Consulem
2055 1622 2120 1649 pop.
2135 1612 2215 1642 Rom.
2236 1613 2392 1645 saltatorem

1297 1654 1405 1675 vocare.
1427 1646 1445 1675 i.
1456 1655 1480 1676 e.
1502 1646 1548 1675 Uti
1557 1646 1646 1675 verbis
1655 1647 1798 1677 maledicis
1808 1658 1867 1684 quae
1877 1649 1959 1686 vulgo
1969 1650 1997 1677 in
2009 1650 2092 1679 triviis
2107 1650 2244 1679 dicuntur.

1278 1681 1368 1712 Verba
1379 1684 1414 1712 de
1425 1683 1494 1713 foro.
1518 1683 1578 1713 Cic.
1591 1693 1614 1720 3.
1628 1684 1662 1713 de
1675 1685 1732 1714 Fin.
1746 1697 1772 1720 4.
1811 1688 1857 1715 Ars
1872 1686 1910 1715 est
1926 1687 2001 1715 enim
2012 1687 2187 1725 philosophia
2199 1690 2273 1718 vitae:
2294 1690 2329 1718 de
2340 1700 2393 1727 qua

1297 1721 1428 1750 disserens
1439 1744 1445 1756 ‚
1466 1722 1585 1759 arripere
1595 1722 1676 1751 verba
1689 1723 1723 1752 de
1731 1723 1791 1752 foro
1801 1733 1858 1753 nori
1870 1725 1966 1762 potest.
2007 1725 2024 1753 i.
2042 1735 2066 1754 e.
2098 1725 2142 1754 Uti
2158 1726 2246 1756 verbis
2255 1728 2353 1764 quibus
2364 1729 2393 1757 in

1299 1759 1360 1788 foro
1377 1759 1563 1789 contenditur.

1280 1796 1499 1826 Similitudinem
1517 1798 1633 1832 alicuius
1644 1820 1651 1831 ,
1673 1808 1723 1836 pro
1734 1798 1850 1828 Studere
1868 1799 1907 1828 illi
1919 1799 2031 1829 similem
2043 1800 2105 1829 effe.
2129 1800 2185 1830 Cic.
2203 1811 2224 1831 1.
2236 1801 2317 1831 Tusc.
2330 1813 2390 1832 110.

1300 1835 1336 1864 de
1348 1835 1477 1864 Fabriciis
1489 1856 1497 1870 ,
1508 1835 1686 1873 Scipionibus
1696 1858 1703 1870 ,
1715 1838 1740 1866 St
1753 1836 1883 1866 liniilibus
1894 1837 2008 1874 loquens
2018 1860 2026 1873 ,
2048 1838 2175 1874 Quorum
2187 1839 2394 1870 similitudinem

1300 1872 1421 1910 aliquam
1437 1873 1483 1910 qui
1491 1874 1637 1910 arripuerit
1646 1895 1655 1908 ,
1674 1884 1730 1903 non
1741 1884 1800 1903 earn
1812 1876 1883 1904 fama
1895 1875 2040 1912 populari,
2062 1876 2109 1905 sed
2119 1886 2180 1905 vera
2192 1877 2328 1907 bonorum
2338 1878 2396 1908 lau-

1302 1911 1338 1939 de
1352 1912 1468 1940 metiens
1478 1932 1486 1945 ,
1507 1910 1604 1940 fidenti
1615 1911 1708 1940 animo
1729 1912 1768 1947 (li
1781 1913 1818 1941 ita
1831 1922 1873 1941 res
1887 1914 1958 1947 sert)
1979 1914 2118 1949 gradietur
2133 1915 2166 1943 ad
2177 1923 2303 1945 mortem.

1280 1947 1453 1987 Sermonem.
1474 1949 1531 1978 Cic.
1551 1959 1574 1985 7.
1597 1952 1649 1978 Att.
1667 1958 1706 1984 13.
1747 1949 1777 1979 V.
1802 1960 1871 1978 Λευ
1884 1961 1959 1982 ror..

1281 1987 1407 2024 Arripere
1419 1986 1494 2023 quod
1512 1987 1579 2015 alter
1589 1986 1755 2016 submonuit.
1785 1987 1849 2017 Ter.
1862 1987 1931 2017 Eun.
1949 1998 1972 2026 3.
1987 1999 2009 2025 5.
2022 1995 2067 2018 22.
2102 1989 2271 2020 Submonuit
2283 2001 2327 2020 me
2337 1991 2397 2022 Par-

1300 2034 1384 2053 mens)
1396 2024 1433 2053 ibi
1449 2023 1556 2054 servus:
1586 2026 1660 2061 quod
1672 2035 1722 2062 ego
1733 2026 1842 2073 arripui.

1282 2062 1393 2099 Aliquid
1403 2070 1438 2091 ex
1448 2061 1622 2099 responsione
1637 2062 1757 2092 alterius.
1780 2064 1854 2098 cies
1862 2064 1905 2093 .de
1916 2064 1975 2094 Fin.
1983 2075 2025 2101 14.
2040 2065 2157 2101 Aliquid,
2168 2071 2199 2094 ut
2208 2075 2258 2102 ego
2268 2065 2397 2104 suspicor,

1302 2109 1337 2129 ex
1347 2110 1409 2129 mea
1422 2099 1496 2129 brevi
1506 2100 1679 2138 responsione
1693 2101 1811 2139 arripere
1824 2103 1950 2139 cupienti
1968 2112 2027 2132 non
2043 2102 2218 2141 respondebo
2237 2104 2271 2133 ad
2282 2104 2393 2142 singula.

1281 2138 1345 2167 Sese
1355 2138 1434 2167 foras.
1458 2138 1541 2167 Plaut.
1553 2138 1633 2167 Cure.
1647 2150 1670 2173 ς.
1690 2149 1712 2168 1.
1728 2148 1754 2175 7.

1283 2175 1414 2206 Medium
1427 2176 1546 2213 arripere
1557 2175 1685 2213 aliquem.
1712 2177 1741 2206 V.
1763 2188 1784 2205 M
1794 2187 1808 2205 iz
1818 2188 1835 2205 n
1846 2188 1855 2206 1
1864 2188 1881 2206 u
1891 2188 1912 2207 s.

1281 2214 1407 2251 Atripere
1421 2213 1547 2243 celeriter
1557 2235 1565 2248 ,
1588 2216 1613 2242 &a
1626 2214 1716 2243 Tarde
1729 2216 1872 2253 percipere
1886 2236 1892 2248 ‚
1912 2217 2056 2246 contraria.
2079 2217 2138 2247 Cic.
2154 2226 2204 2254 pro
2215 2217 2294 2246 Rosc.
2317 2217 2395 2249 Corn.

1303 2260 1347 2289 31.
1388 2251 1448 2287 Jam
1460 2261 1514 2288 quo
1525 2251 1637 2289 quisque
1645 2253 1682 2281 est
1690 2252 1812 2281 solertior
1830 2254 1856 2282 &
1869 2254 2052 2290 ingeniosior,
2074 2255 2128 2283 hoc
2142 2256 2225 2284 docet
2240 2256 2398 2286 iracundius

1302 2291 1330 2319 8<
1340 2289 1508 2318 laboriosius.
1530 2291 1604 2326 quod
1613 2291 1688 2319 enini
1698 2290 1754 2328 ipse
1772 2290 1897 2320 celeriter
1907 2293 2038 2330 arripuit,
2059 2293 2088 2321 id
2103 2303 2188 2330 quum
2201 2293 2278 2322 tarde
2290 2295 2396 2332 percipi

1302 2327 1396 2362 videt,
1416 2327 1601 2356 discruciatur.

1282 2364 1324 2395 Ex
1334 2372 1430 2394 natura
1437 2364 1539 2402 aliquid
1549 2366 1675 2403 arripere.
1697 2365 1756 2395 Cic.
1773 2366 1802 2394 in
1813 2366 1889 2395 Orat.
1909 2370 1969 2402 165.
2009 2367 2053 2397 Est
2068 2368 2126 2397 haec
2143 2378 2200 2397 non
2211 2368 2309 2406 scripta
2322 2391 2330 2404 ,
2351 2369 2398 2399 sed

1301 2405 1366 2432 nata
1372 2403 1436 2432 lex:
1457 2413 1540 2440 quam
1549 2413 1606 2432 non
1614 2404 1763 2433 didicimus
1774 2426 1781 2439 ,
1793 2405 1953 2442 accepimus
1964 2427 1971 2441 ,
1991 2405 2125 2443 legimus:
2147 2415 2241 2435 verum
2257 2416 2292 2435 ex
2303 2414 2398 2437 natura

1302 2441 1360 2479 ipsa
1368 2441 1532 2478 arripuimus
1543 2464 1551 2476 ,
1565 2441 1703 2471 hausimus
1714 2464 1722 2475 ,
1742 2442 1929 2479 exprelsimus.

1283 2479 1371 2509 Avide
1381 2480 1500 2516 arripere
1516 2479 1615 2509 literas.
1641 2480 1698 2508 Cic.
1714 2480 1749 2508 de
1764 2480 1928 2514 semermis.
1971 2480 2076 2510 Graecas
2096 2480 2187 2510 literas
2203 2482 2284 2511 senex
2302 2482 2396 2512 didici.

1304 2527 1371 2554 quas
1380 2517 1494 2554 quidem
1503 2516 1539 2546 sic
1553 2518 1633 2547 avide
1645 2518 1765 2555 arripui,
1787 2518 1860 2555 quali
1870 2518 2026 2547 diuturnam
2037 2519 2106 2548 sitim
2118 2519 2229 2557 explere
2237 2520 2362 2557 cupiens.

1247 2555 1432 2589 ARRiSOR,
1456 2554 1486 2582 V.
1507 2565 1683 2584 Akaioao.

1245 2594 1401 2627 Aesius,
1421 2592 1504 2622 Nom.
1519 2600 1592 2629 gerit.
1604 2592 1685 2622 Rom.
1708 2599 1739 2621 ut
1759 2592 1906 2631 suspicatur
1925 2593 2002 2622 Fulv.
2015 2593 2100 2622 Ursin.
2119 2593 2245 2631 Plebejae.
2286 2595 2327 2625 Ex
2348 2606 2400 2632 qua

1285 2631 1419 2660 oriundus
1440 2630 1476 2666 Q-
1499 2631 1597 2659 Arrius.
1635 2630 1784 2660 Familiaris
1805 2631 1947 2660 Ciceronis
1958 2653 1965 2666 ,
1987 2631 2065 2667 cujus
2087 2632 2201 2669 epulum
2223 2632 2401 2663 lautillimuin

1284 2674 1488 2698 commemorat
1499 2667 1557 2697 Cic.
1575 2667 1632 2706 ipse
1643 2669 1670 2697 in
1681 2668 1771 2697 Vatin.
1783 2678 1825 2704 30.
1841 2669 1932 2698 Horat.
1944 2679 2054 2706 quoque
2069 2678 2094 2698 2.
2105 2671 2191 2700 Serm.
2205 2680 2227 2703 ι.
2241 2675 2284 2704 86.

1286 2723 1323 2728 --
1333 2713 1415 2743 atque
1432 2705 1547 2744 epulum
1567 2705 1649 2742 (ait)
1670 2706 1782 2735 arbitrio
1794 2707 1856 2736 Arri.
1976 2707 2017 2736 De
2027 2707 2108 2736 Atriis
2129 2708 2189 2738 aliis
2204 2708 2350 2738 illustribus
2366 2709 2395 2739 V.

1284 2743 1362 2774 Fulv.
1383 2743 1467 2773 Ursin.
1481 2745 1507 2773 δε
1518 2744 1603 2774 Patin.
1624 2744 1659 2773 ad
1674 2744 1805 2773 Denarios
1818 2744 1899 2780 hujus
1917 2745 2014 2781 gentis.

1282 2779 1349 2812 Fuit
1360 2783 1385 2811 ὃς
1403 2782 1494 2811 Arrius
1513 2782 1650 2818 [ὁέρριζῷν]
1672 2782 1852 2820 philosophus
1867 2783 2083 2817 Alexandrinus,
2104 2783 2151 2819 qui
2163 2784 2278 2820 Augusto
2288 2785 2401 2813 venien-

1304 2820 1327 2848 ti
1339 2819 1531 2849 Alexandriam
1543 2839 1550 2851 ,
1566 2819 1625 2857 post
1635 2820 1778 2849 vi&oriam
1791 2821 1924 2849 Actiacam
1937 2820 1963 2849 se
1973 2820 2089 2850 obtulit:
2110 2828 2242 2858 tantoque
2253 2823 2279 2850 in
2293 2823 2398 2850 honore

1303 2858 1358 2886 suit
1370 2857 1444 2894 apud
1453 2867 1518 2886 eum
1528 2879 1536 2891 ,
1556 2864 1586 2886 ut
1598 2858 1729 2894 Augustus
1741 2857 1798 2896 ipse
1809 2858 1899 2896 palam
1915 2858 1945 2886 sit
1955 2858 2034 2887 salsus
2053 2858 2251 2888 Alexandrinos
2264 2859 2347 2888 tribus
2361 2860 2397 2888 de

1304 2895 1390 2924 causis
1399 2897 1432 2924 ab
1442 2895 1468 2924 se
1478 2894 1651 2924 conservatos
1661 2895 1713 2924 effe
1727 2905 1734 2924 :
1756 2895 1793 2924 ob
1813 2895 1955 2925 Alexandri
1966 2897 2085 2933 primum
2096 2897 2255 2925 memoriani
2266 2918 2273 2931 ‚
2295 2897 2397 2925 deinde

1303 2932 1340 2961 ob
1352 2932 1426 2962 urbis
1438 2932 1690 2971 pulchritudinem:
1712 2934 1850 2971 postremo
1864 2941 1977 2972 propter
1989 2934 2095 2963 Arrium
2106 2934 2308 2972 philosophum.
2345 2936 2396 2964 Au-

1303 2971 1367 2999 thor
1377 2971 1535 3000 Plutarchus
1547 2972 1575 2999 in
1584 2972 1713 3000 Antonio.

1287 3009 1376 3038 Arrius
1387 3009 1454 3037 item
1466 3009 1580 3037 Arrianae
1592 3008 1668 3038 seetae
1677 3009 1783 3038 author.
1806 3009 1835 3039 V.
1858 3020 1876 3038 A
1887 3020 1901 3038 R
1913 3021 1922 3038 1
1933 3020 1980 3039 us.

1247 3046 1270 3076 A
1280 3056 1293 3075 a
1304 3056 1319 3074 R
1328 3057 1337 3074 1
1348 3057 1366 3075 A
1376 3068 1384 3081 ,
1405 3046 1530 3076 Romana
1540 3047 1591 3075 suit
1603 3047 1717 3083 mulier,
1740 3047 1805 3076 licet
1815 3047 1859 3076 alii
1874 3048 2027 3077 Patavinam
2048 3047 2150 3076 faciant
2159 3069 2167 3082 ,
2190 3057 2249 3083 quae
2264 3046 2394 3075 damnato

1286 3084 1395 3113 Caecina
1405 3084 1476 3113 l'aeto
1488 3085 1587 3113 marito
1597 3084 1645 3113 suo
1655 3107 1662 3120 ,
1680 3095 1780 3123 corpus
1792 3085 1882 3122 gladio
1892 3086 1964 3114 fodit
1974 3107 1981 3119 .,
2003 3095 2083 3121 quem
2091 3086 2202 3114 vulnere
2210 3085 2341 3120 educens,
2353 3085 2397 3122 ip-

1285 3122 1306 3151 si
1317 3121 1388 3151 Paeto
1400 3123 1531 3159 quaerenti
1541 3123 1620 3151 dedit
1630 3144 1637 3156 ,
1659 3123 1772 3152 utidem
1783 3124 1892 3152 faceret.
1917 3123 2033 3152 Martini.
2048 3122 2094 3151 lib.
2107 3133 2130 3153 ι.
2145 3132 2187 3157 14.

1376 3159 1453 3188 Casta
1463 3159 1509 3189 suo
1520 3160 1642 3197 gladium
1652 3170 1714 3189 curn
1727 3161 1848 3190 traderet
1865 3162 1936 3189 Arria
1953 3161 2037 3195 Paeto,

1422 3197 1515 3234 Quem
1526 3199 1560 3226 de
1571 3198 1716 3228 visceribus
1730 3207 1846 3227 traxerat
1864 3199 1918 3236 ipsa
1931 3198 1982 3227 suis
1995 3209 2002 3233 3
2084 3234 2089 3240 ι

1361 3234 1454 3272 Siqua
1466 3235 1550 3271 fides,
1572 3236 1672 3265 vulnus
1683 3236 1815 3273 quodseci
1828 3247 1883 3265 non
1903 3236 1993 3269 dolet,
2015 3236 2124 3270 inquit,

1420 3273 1474 3302 Sed
1483 3274 1556 3310 quod
1570 3281 1600 3303 tu
1610 3274 1692 3303 facies
1708 3274 1760 3303 hoc
1771 3275 1836 3302 mihi
1851 3297 1858 3308 ,
1878 3274 1945 3302 Prete
1959 3295 1965 3306 ,
1985 3272 2068 3301 dolet.

1231 3312 1233 3315 ”
1280 3309 1326 3341 De
1337 3309 1417 3345 liujus
1431 3311 1541 3340 feminee
1552 3312 1709 3341 incredibili
1723 3313 1885 3340 fortitudine
1896 3311 1973 3348 plura
1994 3310 2060 3338 Ηίη.
2076 3308 2094 3337 l.
2113 3318 2137 3345 3.
2153 3307 2201 3346 Ep.
2223 3312 2264 3338 16.
2286 3309 2327 3339 Ex
2338 3320 2393 3347 quo

1306 3348 1453 3377 otiffimum
1466 3350 1491 3378 &
1499 3358 1533 3378 ex
1544 3349 1644 3380 Tacito
1655 3350 1788 3386 decerpiit
1798 3360 1857 3386 quae
1867 3349 1947 3378 habet
1958 3346 2391 3391 LipliusCent.3.adsselg.Ep.83.

1281 3358 1372 3421 {luins
1383 3386 1438 3415 filia
1454 3387 1526 3416 Arria
1537 3409 1544 3422 ‚
1567 3388 1639 3416 Paeto
1652 3387 1776 3416 Thraseae
1794 3394 1878 3423 nupta
1889 3409 1896 3415 .
1918 3395 1986 3419 aegre
1999 3392 2086 3426 mariti
2100 3406 2107 3417 ,
2130 3394 2144 3412 a
2169 3385 2278 3414 Nerone
2293 3394 2395 3422 pariter

1286 3428 1287 3431 ’
1301 3424 1336 3452 ad
1350 3432 1467 3453 mortem
1478 3425 1599 3454 damnati
1611 3447 1618 3459 ,
1641 3426 1767 3462 precibus
1779 3423 1926 3455 concellit,
1949 3433 1983 3450 ne
1996 3429 2089 3450 matris
2109 3421 2270 3459 exemplum
2285 3424 2314 3452 in
2327 3433 2394 3453 con-

1300 3461 1496 3491 sciscendaiibi
1510 3472 1577 3492 nece
1589 3463 1761 3499 sequeretur,
1783 3462 1847 3490 teste
1860 3461 1955 3489 Tacito
1972 3461 2040 3488 Arm.
2052 3459 2068 3487 l.
2092 3464 2131 3488 16.
2149 3469 2172 3488 c.
2189 3469 2230 3495 34.

1245 3499 1292 3529 Aa
1302 3503 1343 3529 af]
1354 3509 1394 3528 oo
1405 3521 1412 3533 ,
1436 3500 1452 3528 si
1463 3522 1470 3534 ,
1488 3499 1546 3529 sum
1556 3522 1563 3534 ,
1586 3500 1790 3536 [επνέιὲράσκω]
1811 3501 1864 3527 ere.
1905 3498 1981 3526 idem
1995 3497 2070 3534 quod
2078 3496 2201 3532 Rodere,
2217 3497 2394 3529 velCircum.

1282 3538 1380 3566 rodere
1393 3537 1532 3574 significat.
1988 3572 1993 3577 ,

1281 3575 1414 3604 Arrodere
1426 3574 1637 3613 Rempublicam
1648 3596 1656 3608 ,
1678 3584 1726 3611 per
1733 3572 1949 3602 translationem.
1963 3572 2021 3600 Cic.
2037 3582 2085 3609 pro
2095 3572 2170 3614 Sext.
2184 3582 2228 3608 72.
2251 3573 2393 3609 Quoniam

1299 3613 1328 3641 id
1348 3613 1430 3642 etiam
1449 3613 1535 3642 satum
1553 3613 1670 3641 civitatis
1689 3613 1759 3646 fuit,
1793 3617 1822 3639 ut
1842 3610 1888 3639 illa
1906 3619 1941 3638 ex
1960 3610 2113 3647 vepreculis
2135 3612 2255 3640 extracta
2268 3611 2393 3640 nitedula

1297 3649 1398 3688 Remp.
1408 3658 1554 3679 conaretur
1563 3651 1696 3678 arrodere.

1241 3688 1360 3717 stauos
1372 3697 1427 3723 us,
1451 3688 1546 3717 Partic.
1569 3695 1615 3720 ut,
1637 3687 1746 3715 Semina
1756 3684 1842 3714 arrosa
1854 3685 1980 3714 condunt
1990 3685 2124 3714 formicae.
2145 3685 2214 3715 Plin.
2232 3695 2271 3714 11.
2286 3695 2329 3722 30.

1242 3726 1415 3755 Amosoiz
1430 3747 1438 3759 ‚
1458 3726 1520 3754 oris.
1542 3734 1578 3753 m.
1604 3724 1630 3750 V.
1644 3724 1671 3752 in
1690 3731 1864 3752 ARRISOR.

1461 3758 1571 3788 λ’γηῶἶῖω
1583 3782 1591 3795 ‚
1618 3760 1722 3793 >binim-1
1734 3782 1741 3794 ‚
1769 3767 1819 3785 abac
1833 3760 1964 3796 ’σπάσμιυ]
1985 3763 2038 3789 fise.
2062 3770 2095 3789 ex
2106 3761 2144 3789 sid
2153 3762 2177 3790 ἃ
2187 3760 2265 3799 Rogo
2277 3771 2392 3799 compo<

1278 3801 1374 3835 situm3
1397 3799 1526 3836 significat
1541 3798 1649 3835 Aliquid
1669 3805 1772 3826 temere
1795 3798 1841 3826 sibi
1859 3799 1986 3827 tribuere.
2028 3798 2083 3827 Cic.
2107 3799 2142 3827 de
2155 3799 2222 3827 Clar.
2237 3802 2303 3829 orat
2328 3810 2389 3831 201.

1278 3837 1563 3868 Estenim&minime
1581 3836 1666 3872 inepti
1687 3835 1807 3864 hominis
1820 3857 1827 3867 .
1852 3838 1878 3864 &
1892 3836 2017 3868 eiusdem
2035 3837 2118 3864 etiam
2135 3836 2217 3865 faceti
2231 3859 2238 3870 ,
2260 3847 2344 3873 quum
2356 3838 2391 3866 de

1277 3876 1409 3913 sapientia
1420 3873 1596 3910 disceptetur,
1610 3873 1682 3902 hanc
1694 3873 1739 3901 libi
1755 3872 1843 3910 ipsum
1853 3874 1996 3902 detrahere
2007 3895 2016 3908 ,
2037 3874 2077 3902 eis
2085 3875 2204 3902 tribuere
2213 3875 2390 3909 illudentem,

1278 3914 1326 3950 qui
1343 3922 1403 3941 eam
1415 3911 1461 3939 sibi
1475 3918 1608 3947 arrogant.

1276 3952 1405 3986 Arrogare
1421 3950 1446 3977 ἃ
1462 3948 1608 3985 Derogare.
1630 3949 1772 3977 contraria.
1796 3948 1852 3978 Cic.
1865 3959 1914 3985 pro
1927 3949 2008 3978 Rosc.
2027 3951 2114 3978 Amet.
2126 3955 2170 3985 89.

1276 3990 1405 4026 Axrogare
1416 3984 1836 4017 sibinomeninsolentilsimum.
1859 3987 1978 4024 Quintil.
1992 3988 2022 4017 in
2035 3996 2154 4025 prooem.
2171 3986 2221 4018 lib.
2235 3997 2259 4018 1.

1794 4024 1847 4057 Kk
1868 4034 1882 4062 3
2279 4024 2392 4054 Sumere
