2604 4222
143 92 212 124 590
575 78 604 114 C
702 76 737 112 Ο
833 74 872 111 Μ

203 164 308 201 semper
324 164 463 199 aliquem,
484 162 563 198 cujus
573 162 601 190 in
611 161 726 194 hortos,
747 159 882 190 domum,
901 153 979 184 Baias
995 174 1004 188 ,
1026 152 1086 188 jure
1105 150 1153 179 suo
1167 147 1301 177 libidines

205 203 331 231 oninium
346 207 544 230 commearent.
937 229 942 233 ¹
986 228 991 233 ο
1015 227 1020 232 Ι

187 241 336 270 Sermones
347 244 514 268 commeant.
552 235 641 266 Tacit.
653 243 677 263 2.
692 234 760 262 Ann.
770 236 815 264 28.
837 229 921 259 Caesar
935 228 1071 270 judicium
1090 223 1165 267 haud
1175 223 1301 260 asperna-

209 285 253 307 tus
265 299 272 311 ,
294 276 448 313 congressus
459 276 562 305 abnuit.
583 272 658 311 poil'e
669 272 744 300 enim
756 269 856 298 eodem
868 267 965 296 Flacco
977 268 1147 293 internuntio
1159 262 1301 291 sermones

227 323 376 344 onimeare.
1090 339 1095 344 .

193 325 372 385 Ccommeare.
393 349 535 383 absolute,
556 345 679 377 Scaevola
692 344 721 373 in
738 342 756 372 l.
773 343 850 372 Seiae.
872 342 893 379 §.
917 340 994 370 Idem
1007 338 1117 375 quaesnt.
1139 336 1173 366 D.
1195 336 1230 365 de
1241 336 1302 365 fun-

212 391 249 418 do
262 390 381 418 instruct.
396 390 421 418 8(
433 388 554 417 instrum.
570 386 669 421 legato,
691 380 844 418 Respondit
854 388 911 407 non
925 378 1101 419 legatosncos.
1117 384 1163 412 qui
1175 374 1246 403 forte
1258 383 1303 416 νεῖ

212 427 261 456 luti
275 432 462 455 commeantes
473 422 633 453 transissent.
672 420 714 449 De
727 418 808 448 servis
828 416 950 453 loquitur
961 437 968 450 ‚
992 424 1038 451 qui
1058 422 1152 442 animo
1165 411 1302 441 redeundi

211 464 370 494 transilient.
696 495 701 500 ¹

193 503 318 533 intentus
328 503 352 531 81,
363 508 520 530 commeans
532 497 647 526 animus.
671 494 727 523 Cic.
742 502 763 521 1.
777 492 812 520 de
822 491 885 533 Nat.
904 489 982 518 Deor.
1003 497 1046 523 27.
1262 523 1266 529 Ι

195 539 360 570 Cornrrwari.
398 537 508 574 Ulpian.
525 536 552 563 {n
564 535 581 563 l.
594 544 615 562 1.
630 532 665 562 D.
680 531 766 560 dehis
777 530 822 565 qui
833 529 921 563 deiec.
941 527 984 556 vel
999 525 1090 569 effati..
1107 526 1128 563 §.
1144 533 1168 554 x.
1189 522 1303 554 Publice

215 578 290 606 enim
302 575 369 605 utile
380 576 431 609 est,
453 574 508 602 sine
518 581 592 601 metu
605 572 628 600 ἂ
641 568 763 607 periculo
778 577 824 604 per
835 567 933 594 itinera
942 573 1101 594 commeari.
1143 601 1148 607 ¹

158 613 181 643 C
192 625 208 643 ο
219 627 236 643 Μ
249 627 264 641 Μ
278 624 290 642 ε
300 618 313 641 Ᾰ
324 624 342 641 'r
355 623 371 641 u
381 623 392 640 s
403 634 410 645 7
430 612 471 641 us.
494 621 530 639 m.
554 606 677 644 [rimi-2]
697 606 734 634 est
754 603 865 640 (inquit
880 603 1007 632 Donatus
1022 603 1033 637 )
1057 601 1094 630 Ex
1114 600 1205 644 ali-qua
1219 608 1303 643 'com-

196 648 519 686 muiaiticnetemporaliss
531 644 669 674 abscessus.
710 643 785 672 Valla
801 648 912 674 autem.
934 640 1111 683 Cornnie..tus
1134 638 1250 681 (inquit)
1274 646 1302 680 in

196 689 319 719 finculari
331 694 438 716 1111111111
451 695 498 715 uro
516 683 653 713 Facilitate
663 682 697 710 ad
711 689 819 717 tenipus
831 690 845 708 a
862 678 974 708 militia.
997 677 1030 706 :ib
1045 676 1134 705 aliove
1148 676 1301 719 ‘ministerio

195 715 363 759 recedendi,
385 719 466 759 quam
477 722 579 759 praebet
589 720 669 749 militi
682 720 848 760 imperator.
871 714 1213 757 prrepositusveinfcriori.
1235 721 1303 741 eun-

196 767 278 799 cimino
296 773 350 799 quo
371 762 437 790 velit
449 762 483 789 ad
504 758 688 795 pra-scriptum
699 757 773 784 diem
791 754 938 796 reversuro:
981 752 1055 795 Licet
1067 751 1122 780 Liv.
1134 751 1182 781 lib.
1196 759 1239 784 23.
1258 755 1299 782 18.

196 812 263 830 etur.
284 801 339 834 tiit,
362 800 461 835 Mag-*iti
473 807 533 835 pars
551 797 605 825 sinc
614 793 813 824 commeatibus
825 791 859 820 ab
872 791 951 828 signis
971 789 1172 819 dilabebantur.
1204 788 1302 818 Haere-

194 848 246 868 niis
257 837 331 866 Vella
345 859 352 869 ,
374 836 420 865 lib.
435 845 457 869 3.
472 845 533 872 cap.
551 844 590 861 10.
614 832 703 861 Festus
716 853 723 866 ‚
746 830 924 860 commeatus
937 827 994 857 dari
1011 828 1122 862 dicitur,
1144 827 1161 856 i.
1175 836 1198 856 e.
1219 825 1301 856 Tem-

194 886 245 913 pus
258 884 312 911 quo
328 875 365 903 ire
381 876 404 902 St
417 873 506 901 redire
518 872 575 908 qui>
589 868 677 907 possit.
1058 901 1065 908 ⁸

193 914 326 947 xofcidvror,
349 909 459 942 ὲξειῖτκσιν
479 907 606 944 λαμέοὲιων
620 904 644 935 {¹3⁹
657 904 782 940 dspsfflinu.
804 904 838 933 Η.
853 904 892 933 St.
923 901 1011 932 Verba
1019 901 1109 932 Suidae
1119 901 1189 932 sunt·

194 950 365 983 Argenta-iius
376 956 556 976 commeatus.
594 945 623 974 ln
646 954 664 972 A
676 954 689 972 r.
700 954 716 971 o
729 953 742 970 a
752 953 770 971 N
779 952 800 985 r
809 952 826 970 u
842 952 870 970 Μ.

193 988 272 1016 liber
284 994 469 1020 commeatus,
492 984 522 1013 V.
544 992 608 1012 mox
621 982 770 1019 impetrare
782 978 829 1008 lib.
843 987 946 1008 comm.

193 1026 324 1061 ficc³peie
335 1031 529 1052 commeatum.
563 1020 590 1050 [n
612 1030 630 1048 A
639 1030 656 1048 c
666 1030 682 1047 e
693 1030 701 1046 1
709 1028 723 1046 Ρ
734 1028 741 1046 1
753 1027 780 1046 o.
1046 1052 1053 1057 .

193 1062 263 1091 Dare
278 1062 359 1090 ..licui
382 1067 575 1089 commeritum,
599 1056 772 1095 Marcianin
788 1053 807 1083 l.
827 1065 853 1088 4.
875 1051 909 1083 D.
922 1051 958 1081 dc
975 1060 1083 1090 poenis,
1102 1051 1196 1095 Nemo
1210 1049 1299 1088 potest

210 1108 396 1128 commeatum
410 1104 595 1126 reni-earumve
607 1095 670 1124 dare
681 1094 755 1123 exuli
768 1114 775 1125 ,
798 1092 844 1120 nisi
862 1093 1011 1127 irriperutor
1026 1099 1061 1118 ex
1072 1088 1273 1132 aliquacaussa.

191 1136 468 1167 Imiieri.;iel=1beiuni
478 1140 671 1163 commeatum·
709 1128 811 1167 Ulp.in
824 1128 841 1157 l.
857 1127 943 1157 filum.
965 1126 999 1156 D.
1019 1127 1053 1156 ad
1068 1126 1230 1164 muniCipal.
1252 1127 1297 1155 Se-

210 1166 336 1203 natores.
358 1167 464 1207 inquit,
486 1173 530 1208 qui
556 1171 673 1199 liberum
696 1174 897 1199 commeatum,
924 1165 954 1193 id
973 1165 1011 1193 est
1031 1165 1192 1201 ubicunque
1210 1165 1297 1193 velint

210 1211 336 1240 morandi
352 1210 494 1239 arbitrium
505 1231 512 1243 ‚
533 1209 760 1246 impetraverunt,
783 1203 957 1232 domicilium
974 1202 1000 1231 iu
1010 1203 1076 1231 urbe
1086 1203 1216 1231 retinent.

191 1248 285 1278 Peter-2
302 1256 496 1277 commeatum.
522 1245 588 1274 Plin.
601 1254 640 1273 ιο.
660 1243 739 1279 Epist.
756 1252 781 1277 9.
893 1277 897 1282 ι

191 1286 291 1315 Venire
303 1286 335 1314 ad
347 1287 418 1314 diem
431 1291 608 1313 commeatus.
631 1282 705 1310 Auct.
718 1279 753 1308 ad
764 1278 863 1308 neren.
880 1276 928 1307 lib.
944 1287 966 1306 1.
979 1286 1024 1311 ²4.
1122 1313 1128 1320 ι
1175 1313 1181 1319 ⁴

190 1323 289 1361 Neque
306 1324 338 1352 ad
351 1322 483 1352 Militiam
494 1321 578 1349 (oium
588 1319 706 1356 pertinet
717 1316 895 1345 commeatus
905 1335 913 1349 ‚
934 1313 980 1343 scd
995 1315 1020 1343 δι
1032 1313 1142 1357 Quaevis
1152 1311 1298 1356 disceden-

208 1363 237 1390 di
252 1362 330 1389 venia
341 1367 452 1389 vocatur
467 1358 651 1386 Coriiineatus.
691 1353 785 1383 Vellei.
802 1363 827 1381 2.
843 1362 887 1396 oq.
903 1351 944 1395 'de
964 1351 1102 1394 Tiberio,
1124 1350 1295 1380 Disliinulata

208 1398 286 1427 caiisa
299 1397 404 1426 consilii
416 1397 452 1425 sui
462 1418 469 1430 7
491 1400 675 1425 commeatum
692 1402 706 1420 a
719 1391 812 1419 socero
823 1396 930 1427 petiwt.
968 1389 1007 1418 lta
1019 1391 1043 1418 &
1056 1388 1114 1418 Cic.
1128 1397 1168 1422 ιι.
1187 1390 1290 1424 Att.41.

208 1436 264 1464 nisi
277 1437 343 1472 quid
353 1446 367 1464 a
378 1442 405 1463 te
418 1439 595 1462 commeatus.
618 1432 636 1459 i.
649 1440 672 1458 e.
696 1429 751 1458 Nisi
765 1435 849 1465 perte
863 1425 931 1456 mihi
945 1426 1010 1456 licet
1024 1426 1126 1455 diutius
1137 1425 1235 1456 abesse.

188 1472 364 1502 commeatus
375 1472 412 1501 est
422 1472 521 1505 etiam,
544 1469 662 1498 l’lurium
672 1467 784 1495 naviuin
795 1464 932 1502 appulsus.
946 1502 951 1508 ,
973 1464 1038 1507 C.aes·
1052 1474 1074 1498 ς.
1087 1460 1153 1507 ΒρῙῙ.
1165 1463 1233 1493 Gall.
1246 1472 1291 1498 23.

205 1511 320 1540 Duobus
329 1508 528 1539 commeatibus
541 1506 692 1536 exercitum
712 1510 848 1541 reportare
866 1502 1015 1531 constltuit.
1038 1503 1063 1530 ἂ
1076 1501 1145 1530 Hirt.
1158 1500 1224 1530 Bell.
1239 1501 1292 1530 Asr.

206 1558 265 1584 cap.
278 1556 303 1581 8.
325 1548 467 1577 Rabirium
481 1544 655 1574 Posshumum
666 1542 694 1570 in
703 1540 823 1570 Siciliam
833 1540 868 1569 ad
885 1539 1037 1569 secundum
1050 1545 1236 1567 commeatum
1254 1548 1294 1567 ar-

206 1586 363 1614 cess'cndum
376 1584 467 1613 mittit.
510 1581 697 1611 Suet.Ncion.
710 1588 769 1616 cap.
782 1587 826 1607 2ο.
849 1577 952 1615 Captus
963 1575 1114 1605 modulatis
1133 1575 1293 1605 Alexandri-

206 1620 532 1653 norunil·iu(lut{onibus,
554 1619 600 1655 qui
612 1618 646 1646 de
658 1626 729 1646 novo
749 1620 908 1645 commeatu
930 1614 1077 1651 Neapolim
1090 1614 1291 1643 confluxerant.

205 1660 254 1689 Pio
267 1669 299 1688 eo
311 1660 466 1689 Graecanica
473 1667 539 1686 voce
549 1655 678 1692 Ctitaplus
692 1655 725 1683 usi
738 1654 800 1683 sum
813 1651 955 1685 Martialis,
968 1652 1097 1694 Sidonius
1109 1653 1133 1680 St
1147 1650 1289 1695 llusonius.

185 1698 362 1727 Conimeatus
378 1718 385 1731 ,
408 1697 435 1725 in
458 1700 571 1730 utroque
590 1702 705 1721 numero
733 1690 850 1727 [τξοφὴ]
871 1700 922 1727 pro
943 1690 1059 1718 cibariis
1074 1689 1108 1718 ad
1129 1688 1292 1717 alimoniam

207 1736 285 1771 Reip.
298 1742 343 1762 aut
353 1734 488 1762 exercitus
499 1753 507 1766 ‚
528 1738 575 1760 aut
586 1730 699 1764 alicujus
710 1728 896 1758 multitudinis
909 1727 1028 1756 sumitur.
1050 1726 1194 1756 interdum
1206 1727 1291 1756 etiam

224 1773 301 1801 rivati
314 1772 442 1800 hominis.
483 1769 540 1799 Cic.
555 1778 604 1806 pro
616 1768 651 1796 Le
672 1777 686 1795 e
699 1765 793 1796 [llanil.
806 1775 816 1799 ς
827 1776 848 1794 1.
872 1764 1035 1794 Commeatu
1047 1766 1071 1793 81
1086 1765 1191 1801 privato
1204 1764 1228 1793 &
1241 1774 1291 1807 pu.

202 1783 276 1839 {lico
289 1809 508 1846 prohibebamur.
531 1806 594 1835 Haee
608 1805 653 1834 Val
667 1804 738 1834 alib.
749 1812 770 1839 3.
788 1811 848 1839 cap.
863 1811 903 1831 10.
926 1802 983 1830 Cic.
994 1811 1018 1837 7.
1035 1800 1109 1831 Verr.
1123 1805 1166 1830 61.
1189 1801 1231 1844 Te
1242 1811 1292 1838 igi-

203 1854 247 1877 tur
263 1848 371 1876 anetore
385 1848 408 1876 ἃ
419 1846 567 1882 interprete
578 1865 585 1876 .
605 1851 640 1871 ne
650 1841 709 1871 foro
721 1840 832 1879 quidem
845 1841 870 1869 ἂ
879 1845 1036 1869 commeatu
1047 1840 1207 1870 Mamertini
1219 1849 1287 1877 pop.

202 1884 359 1914 Romanum
369 1885 457 1915 iuvare
468 1881 632 1911 debuerunt.
743 1915 748 1921 .
771 1914 776 1920 .

182 1922 328 1951 Abundare
343 1927 505 1950 commeatu.
529 1917 592 1947 k'aes.
605 1927 628 1951 3.
640 1915 705 1946 Bell.
719 1914 797 1958 Civss.
811 1924 870 1951 cap.
887 1923 928 1948 ςο.

183 1959 368 1989 Intercluderc
380 1958 466 1986 hostes
476 1955 683 1986 commeatibus.
704 1952 769 1982 (aes.
784 1962 807 1987 3.
826 1950 892 1981 Bell.
912 1951 981 1982 Gall.
993 1959 1038 1988 23.

184 1997 228 2026 Ob
242 1996 400 2025 interclusos
412 1999 589 2023 commeatus.
611 1992 684 2020 Suet.
700 1990 805 2027 August.
824 1994 867 2019 16.

183 2033 282 2063 Locare
295 2040 486 2063 commeatum.
507 2030 609 2060 Sallust.
625 2030 651 2057 in
662 2027 789 2070 jugurth.

182 2072 294 2100 Mittere
307 2077 500 2100 commeatum.
523 2069 590 2097 liirt.
604 2066 669 2096 Bell.
685 2068 737 2094 Ait.
756 2071 782 2099 8.

182 2108 478 2138 Paraieconnneiiiuin
501 2105 604 2135 Sallust.
620 2105 648 2133 in
658 2102 784 2141 jugurth.
798 2112 857 2140 cap.
869 2104 914 2138 46.
945 2101 984 2131 Al.
1007 2101 1126 2132 Portare.

182 2146 284 2175 Patere.
306 2145 407 2175 Sallust.
422 2155 449 2173 in
460 2144 537 2173 Catil.
551 2153 610 2180 cap.
626 2148 667 2177 5¹25.
690 2143 865 2170 Commeatus
876 2139 1122 2175 abunde‚coloniae
1133 2144 1215 2176 atque
1224 2146 1285 2168 mu-

202 2185 303 2220 nitipni
314 2183 454 2220 patebunt.
494 2181 573 2218 [Nisi
588 2179 747 2209 subauditur
763 2178 834 2211 Erit,
856 2178 881 2206 ἅ
902 2178 1015 2207 verbum
1027 2178 1061 2207 ad
1072 2177 1144 2214 sequ.
1158 2177 1283 2206 refertur.

181 2220 289 2250 Portare
303 2226 497 2249 commeatum.
520 2218 623 2247 Sallust.
639 2218 665 2245 in
674 2215 876 2258 Jiigurthssap.
889 2217 935 2250 46.

181 2258 315 2295 Recipere
329 2264 522 2286 commeatum.
545 2255 608 2284 Caes.
624 2265 646 2283 1.
659 2255 692 2282 de
705 2252 767 2282 dell.
782 2252 862 2281 Civit.
878 2261 920 2286 19.
1065 2288 1071 2294 .
1094 2288 1100 2294 .

179 2295 324 2326 Reiervare
336 2294 547 2324 commeatusud
560 2292 730 2321 obsidionem
741 2290 823 2319 urbis.
845 2289 909 2318 Caes.
923 2298 947 2318 1.
959 2288 1027 2319 Bell.
1041 2287 1121 2319 Clvil.
1135 2291 1180 2325 36.

178 2333 388 2362 Subniiniilrzire
408 2339 578 2359 commeatus
591 2330 708 2366 copiam.
736 2329 804 2357 mit.
817 2326 884 2356 Bell.
898 2325 974 2356 AleX.
993 2336 1035 2363 35.

180 2370 336 2399 Suo-vehere
346 2376 538 2398 commeritum.
561 2367 615 2396 Liv.
628 2366 675 2395 lib.
688 2375 710 2400 3.
723 2375 767 2401 23.

141 2409 188 2439 Co
199 2419 216 2436 Μ
230 2419 247 2435 Μ
261 2411 299 2436 RK
316 2416 400 2438 ror..
429 2405 490 2435 oris.
512 2415 548 2434 ni.
580 2403 656 2441 Apul.
676 2402 743 2432 Met.
759 2411 799 2432 11.
824 2411 885 2439 pag.
902 2405 965 2431 262.
996 2400 1044 2431 ille
1065 2401 1192 2438 superum
1206 2411 1283 2432 com.

177 2447 316 2475 niet-tor&
328 2444 462 2478 inferum,
485 2443 645 2472 Mercurius.
674 2439 704 2470 V.
728 2439 823 2469 Claud.
838 2440 873 2467 de
891 2439 968 2476 Rapt.
988 2438 1106 2476 Proserp.
1122 2450 1142 2467 1.
1155 2445 1199 2473 89.

140 2482 162 2512 C
171 2493 188 2512 o
198 2494 217 2512 Μ
228 2493 244 2509 ,xi
258 2492 270 2510 11
280 2491 296 2510 Α
307 2492 321 2509 a
332 2492 340 2509 1
351 2492 366 2509 L
375 2492 383 2509 ι
392 2491 404 2509 s
415 2503 423 2515 ‚
444 2490 467 2508 e.
490 2480 623 2509 Arnobius
635 2478 681 2506 lib.
692 2486 717 2506 2.
737 2477 817 2506 Venae
827 2475 948 2505 fiitulatae
959 2477 984 2505 ἃ
994 2476 1201 2506 commeabiles.

138 2520 162 2550 C
170 2530 187 2548 o
197 2532 216 2549 Μ
228 2531 246 2547 Μ
258 2530 270 2547 a
280 2529 298 2547 A
307 2528 326 2546 τ
334 2522 350 2547 Ᾰ
361 2530 375 2546 1,
386 2529 394 2546 1
404 2527 417 2546 s
427 2539 435 2551 ‚
457 2527 479 2547 e.
506 2515 698 2546 Commciitalis
709 2514 786 2543 miles
797 2515 909 2548 dicitur,
931 2513 986 2550 Qui
998 2514 1027 2542 in
1038 2514 1165 2550 stipendii
1173 2520 1280 2550 partem

176 2557 278 2593 accipit
295 2557 424 2585 alimenta
445 2564 478 2584 ex
496 2563 651 2584 commeatu
665 2573 673 2587 ,
694 2552 723 2581 id
740 2552 777 2580 est
799 2561 833 2580 ex
849 2550 983 2580 alimento
1002 2550 1125 2588 publico.
1165 2552 1229 2588 Just.
1243 2552 1280 2581 dc

176 2599 249 2632 piaei.
263 2601 336 2630 praet.
353 2593 432 2622 Afric.
447 2592 462 2620 l.
486 2600 551 2627 quas
564 2591 638 2624 Deo,
660 2590 773 2619 Nullum
785 2589 1007 2622 :indemni-uem,
1025 2587 1192 2623 veltribuni,
1203 2598 1278 2618 com-

175 2631 321 2660 meatalem
332 2630 437 2667 deipsis
447 2630 584 2658 dimittere
596 2650 604 2663 .,
627 2637 662 2656 ne
676 2627 741 2656 dum
752 2626 799 2655 sibi
809 2626 914 2655 lucrum
926 2626 1037 2655 student
1059 2626 1196 2655 conticere
1207 2648 1215 2661 ,
1236 2627 1279 2655 in-

175 2668 434 2699 ciissoditasnoitras
449 2667 605 2703 relinquant
618 2665 781 2701 provincias.
819 2663 852 2693 Et
870 2664 939 2692 infra
952 2684 960 2697 ‚
982 2663 1046 2692 Non
1065 2664 1100 2693 de
1117 2664 1278 2693 commeati.

175 2707 225 2735 bus
237 2706 356 2735 militum
368 2727 375 2737 ,
396 2710 441 2733 aut
452 2704 486 2732 de
495 2713 589 2732 eorum
602 2701 742 2738 stipendiis
752 2702 858 2730 lucrum
872 2702 970 2730 facere.

137 2743 159 2774 C
171 2754 213 2774 1111
225 2756 242 2772 Μ
254 2746 341 2776 Ero,
362 2746 415 2771 are.
441 2741 557 2770 Verbum
571 2739 742 2773 obsoletum,
763 2748 811 2776 pro
829 2738 999 2768 Coinmeare.
1025 2737 1132 2767 Novius
1151 2738 1276 2768 Bubulco

173 2782 309 2813 cerdone.
332 2780 426 2815 Quum
439 2779 473 2807 ad
494 2778 586 2815 lupam
601 2777 716 2805 nostram
736 2783 790 2804 tam
812 2775 890 2804 inulti
906 2775 1003 2805 crebro
1021 2783 1192 2805 commetant
1205 2776 1275 2813 lupi.

175 2819 298 2848 Afranius
309 2816 495 2852 VirgineQm
508 2822 536 2844 tu
548 2814 717 2844 commetas?
729 2813 774 2842 ubi
786 2811 910 2842 confixus
921 2813 1026 2842 desides
1036 2813 1050 2842 ἵ)
1060 2812 1169 2842 Nonius
1181 2819 1274 2848 a.i⁶3.

172 2855 243 2885 Nam
255 2864 331 2884 meus
342 2854 495 2890 scruposam
511 2853 597 2881 victus
608 2857 757 2881 commetat
766 2852 846 2879 viam.
886 2849 971 2879 Plaut.
992 2851 1071 2888 Capt.
1090 2861 1112 2879 1.
1129 2861 1153 2879 2.
1164 2855 1208 2885 8²-
1231 2851 1276 2880 Sic

190 2893 259 2927 legit
270 2893 447 2921 Bentleiusex
458 2890 563 2919 Codice
573 2888 755 2918 vetustissimo.
791 2888 937 2917 Commeto
949 2889 1025 2917 enim
1036 2888 1074 2917 est
1083 2897 1138 2917 vox
1149 2888 1278 2926 frequen.

193 2931 278 2959 tativa
294 2951 302 2963 ‚
322 2930 502 2962 aCommeo;
525 2927 659 2962 utjactito
673 2927 779 2961 ajacto.
818 2926 856 2954 [il.
879 2925 1032 2954 Commeat.

137 2967 158 2996 C
167 2977 183 2996 ο
195 2980 211 2997 ii
222 2979 239 2996 Μ
252 2977 263 2994 r
275 2978 288 2995 R
299 2977 315 2995 c
324 2978 340 2993 o
352 2976 365 2994 ιι
378 2988 385 2999 ,
407 2963 596 3000 [ἑμππςαῦομαι
608 2964 621 2999 ]
641 2966 694 2992 are.
718 2962 796 2992 Idem
807 2962 881 3000 quod
895 2962 1029 2999 Mercari,
1049 2961 1094 2992 vel
1111 2961 1213 2993 Multas
1233 2972 1276 2994 rea

172 3004 247 3033 simul
260 3003 378 3032 mercari.
405 3003 487 3031 Plaut.
506 3002 582 3038 Capt.
594 3001 663 3038 prol.
677 3010 721 3035 27.

262 3040 484 3077 Coepitcaptivos
498 3039 678 3068 commercari
690 3038 736 3067 liic
746 3036 822 3066 alios.
902 3034 934 3066 V.
954 3036 1021 3066 ibid.
1037 3046 1061 3066 1.
1077 3046 1100 3066 r.
1117 3045 1161 3072 32.

136 3078 182 3108 Co
193 3090 211 3107 M
222 3090 239 3107 Μ
251 3089 262 3106 i»
274 3089 289 3106 a
300 3088 317 3107 c.
326 3089 342 3106 A
353 3088 371 3106 T
381 3088 395 3106 υ
406 3087 418 3106 s
429 3099 437 3110 .
459 3076 552 3106 Partic.
566 3075 631 3114 pais.
654 3076 742 3105 Afran.
767 3073 841 3112 apud
861 3073 936 3104 Non.
950 3084 974 3104 1.
987 3083 1046 3111 117.
1072 3073 1275 3106 Conimercatis

172 3116 319 3152 conquifite
335 3114 469 3144 edulibus.

137 3152 183 3181 Co
194 3164 212 3181 Μ
223 3164 240 3181 Μ
253 3163 265 3181 a
274 3163 287 3181 11
299 3156 366 3181 εῖτ
375 3162 392 3181 o
402 3161 417 3180 a
431 3173 438 3186 ,
459 3150 522 3180 otis.
543 3160 579 3180 m.
602 3149 799 3186 [euripo-nne&ss
819 3147 901 3177 Gloff.
917 3147 962 3177 Gr.
974 3147 1032 3178 Lat.

138 3189 213 3218 Com
225 3201 242 3217 Μ
255 3199 361 3219 11116111
375 3197 477 3222 iiius,
497 3188 515 3217 i.
536 3196 573 3217 m.
595 3187 758 3223 [munim]
779 3185 861 3215 Gloss.
873 3185 918 3214 Gr.
931 3185 988 3215 Lat.

136 3225 158 3254 C
168 3237 212 3255 οΜ
221 3237 238 3255 Μ
253 3236 287 3254 aa
296 3236 313 3255 c
324 3236 331 3254 1
342 3237 358 3254 υ
369 3237 387 3254 Μ
399 3248 407 3260 ‚
428 3226 443 3253 i.
467 3235 494 3254 11.
522 3226 709 3260 [συνάλλαγμα
719 3244 726 3256 ,
749 3220 862 3258 datust]
889 3222 1072 3252 commeandi
1093 3224 1120 3253 &
1138 3232 1274 3254 commer-

173 3264 252 3292 candi
263 3263 384 3293 facultas.
423 3262 489 3291 Plin.
501 3262 596 3299 Paneg.
610 3271 653 3297 ²9·
678 3260 851 3298 Diversasque
867 3266 963 3296 gentes
978 3261 1016 3289 ita
1033 3263 1203 3290 commercio
1223 3263 1274 3292 mi.

173 3299 258 3334 scuit,
279 3307 326 3335 ut,
346 3302 396 3329 ἂς.
418 3299 525 3336 Ulpian.
542 3299 625 3329 instit.
640 3299 681 3328 tit.
695 3308 737 3335 19.
759 3297 966 3327 Commercium
978 3319 986 3333 ‚
1007 3298 1106 3335 inquit,
1126 3298 1164 3327 est
1174 3299 1272 3329 Emen.

173 3337 199 3364 di
211 3337 402 3372 vendendique
414 3338 533 3366 invicem
544 3338 594 3370 jus.

174 3372 341 3403 Commercia
354 3373 426 3402 belli.
452 3373 521 3410 Virg.
536 3383 577 3403 10.
589 3373 649 3403 ffin.
665 3380 726 3407 ς32.
816 3386 852 3391 -
862 3370 929 3400 belli
939 3371 1105 3401 commercia
1114 3371 1226 3402 Turnus

250 3410 413 3439 Sustulitista
423 3411 504 3446 prior.
586 3410 603 3438 i.
616 3419 641 3439 e.
664 3408 866 3438 Viciffitudincs
877 3430 886 3444 ‚
907 3408 997 3445 inquit
1007 3408 1124 3438 Servius.
1145 3409 1234 3440 Tacit.
1244 3419 1268 3448 3.

192 3446 257 3475 Hist.
271 3453 313 3478 81.
335 3448 427 3476 Sabini
438 3448 513 3476 caede
526 3468 535 3479 .,
556 3446 690 3484 dirempta
699 3446 763 3475 belli
774 3446 952 3485 commercia.

173 3482 314 3512 Honorum
326 3485 495 3513 commercia.
520 3483 614 3512 Claud.
631 3493 655 3512 2.
669 3484 696 3512 in
710 3494 730 3512 1.
744 3483 823 3512 Cons.
836 3482 892 3512 Stil.
911 3492 971 3517 115.

173 3519 346 3550 Comniercio
356 3521 484 3550 sermonis
494 3522 562 3550 seras
572 3520 677 3557 linguas
687 3520 849 3550 contrahere
868 3518 903 3549 ad
918 3518 1066 3555 colloquia.
1089 3518 1158 3550 Ptin.
1179 3520 1226 3551 lib.
1242 3529 1268 3557 3.

190 3565 220 3585 ca
243 3579 248 3585 .
267 3567 290 3590 ς.

189 3567 357 3622 Coinmercia
368 3593 475 3630 linguae.
487 3595 515 3622 in
524 3593 595 3630 seqq.
617 3592 651 3622 H.
663 3593 702 3623 St.

171 3628 260 3658 Terrae
271 3631 382 3665 geminae
393 3632 566 3660 commercia.
600 3631 618 3659 i.
631 3640 656 3660 e.
678 3631 855 3660 concertatio
866 3630 983 3660 duarum
997 3631 1067 3661 inter
1075 3631 1102 3662 se
1113 3632 1266 3669 regionum.

190 3666 254 3695 Stat.
271 3676 290 3694 1.
304 3666 396 3694 ncliiil.
408 3677 470 3701 404.

209 3739 214 3745 .
249 3703 324 3768 Elige}
332 3702 420 3731 sindus
435 3703 594 3740 Phrygium,
614 3703 672 3733 haec
680 3704 794 3742 geminae
804 3704 970 3735 commercia
977 3711 1063 3736 terrae.
1121 3706 1141 3736 i.
1153 3715 1178 3735 e.
1195 3705 1266 3735 Grae-

191 3749 239 3768 ciae
321 3749 360 3768 iae.

171 3776 271 3806 Facere
282 3775 453 3805 commercia.
475 3776 569 3805 Claud.
585 3785 608 3805 1.
621 3776 656 3805 de
667 3776 756 3813 Raptu
766 3777 884 3814 Proserp.
895 3787 940 3813 9ο.

434 3826 469 3831 -
481 3815 524 3848 qui
539 3814 576 3841 siis
585 3823 632 3849 per
642 3814 725 3842 limen
739 3821 883 3851 utrumque

261 3848 340 3878 Solus
348 3848 430 3877 habes
442 3869 450 3884 ,
470 3850 632 3885 geminoque
643 3850 709 3879 facis
718 3852 884 3880 commercia
894 3851 1009 3880 mundo.
1105 3852 1136 3883 h.
1149 3861 1174 3884 e.
1202 3850 1268 3883 Mu-

1796 61 1827 97 C
1920 61 1956 98 O
2046 64 2087 98 M

1409 151 1484 174 tuam
1507 142 1746 175 consuetudinem.
1787 143 1831 172 Est
1852 148 1945 172 autern
1960 142 2166 173 Commercium
2181 166 2189 177 .
2213 140 2311 174 Libera
2332 145 2506 177 commeandi

1409 182 1647 218 contrahendique
1658 181 1773 210 facultas
1784 203 1792 214 ,
1814 181 1847 210 zib
1861 182 1893 210 iis
1904 182 1951 218 qui
1963 191 2069 211 merces
2086 180 2158 210 ultro
2179 182 2305 219 citroque
2325 183 2485 212 convehunt
2495 205 2506 221 ‚

1409 219 1555 257 appellata.
1579 218 1719 248 Hactenus
1736 218 1893 248 Parrhasius.

1391 257 1502 287 Habere
1513 258 1550 286 rei
1564 256 1763 284 commercium
1776 256 1842 289 quid
1857 255 1888 284 sit
1898 277 1907 290 ,
1927 260 2042 293 apparet
2065 264 2100 284 ex
2114 255 2206 286 verbis
2219 255 2284 294 Ulp.
2309 256 2339 285 in
2355 255 2374 286 1.
2388 256 2505 288 multum

1411 295 1531 323 interest.
1558 293 1588 322 D.
1612 292 1646 321 de
1657 293 1731 322 verb.
1746 292 1828 329 oblig.

1393 332 1499 362 Locum
1510 332 1563 361 esse
1572 331 1750 359 commercio.
1775 330 1831 359 Cic.
1848 331 1882 359 ad
1895 330 1969 359 Brut.
1983 333 2026 359 16.

1392 370 1423 399 ln
1435 378 1499 408 agro
1509 368 1656 405 Segestano
1666 367 1864 396 Panormittiriis
1874 368 2076 397 commercium
2089 365 2134 396 est.
2158 365 2215 396 Cic.
2233 375 2257 403 ς.
2270 366 2346 397 Verr.
2360 375 2404 406 93.

1394 407 1480 436 Alicui
1493 417 1529 435 ne
1540 406 1741 435 commercium
1753 405 1865 440 quidem
1877 405 1930 435 esse
1941 412 2061 442 oportet.
2083 404 2142 434 Cic.
2155 414 2181 439 4.
2198 404 2272 435 Verr.
2286 414 2348 441 124.

1394 445 1508 474 Miscere
1520 443 1689 473 commercio
1705 441 1823 471 diversas
1834 443 1970 472 nationes.
2010 441 2043 472 V.
2064 452 2084 470 M
2095 451 2124 471 is
2134 452 2151 471 c
2161 451 2176 470 13
2185 451 2211 471 o.

1393 482 1615 515 Commemium,
1637 478 1739 509 Rerum
1764 481 1940 517 permutatio
1982 480 2049 508 Plin.
2070 479 2118 508 lib.
2134 488 2176 514 33.
2198 488 2259 517 cap.
2281 489 2304 508 1.
2338 477 2506 518 Utinamque

1411 519 1501 557 poffet
1519 529 1533 546 e
1555 519 1609 546 vita
1631 520 1657 546 in
1670 524 1761 545 totum
1779 518 1901 547 abdicari
1921 526 2037 552 aurum,
2059 517 2110 546 &c.
2131 523 2266 553 quantum
2282 516 2407 546 feliciore
2429 527 2504 555 aevo,

1410 567 1495 593 quum
1509 565 1550 584 res
1563 555 1625 591 ipsit
1641 554 1868 592 permutabantur
1883 555 1954 586 inter
1965 554 1991 583 se
2001 576 2010 589 .,
2032 554 2100 583 sicut
2110 555 2135 583 ἃ
2145 553 2276 589 Troianis
2286 555 2458 592 temporibus
2467 556 2506 586 fa.

1411 596 1538 623 curetum
1558 593 1680 622 Homero
1699 593 1775 621 credi
1791 594 1931 622 convenit.
1971 591 2011 621 Ita
2029 592 2126 626 enim,
2146 596 2178 620 ut
2197 592 2297 630 opinor
2309 614 2316 626 ,
2337 594 2505 624 commercia
2553 601 2556 603 ’

1410 633 1500 661 victus
1515 631 1601 667 gratia
1613 630 1733 659 inventa.
1755 629 1824 660 alios
1835 630 1916 660 coriis
1929 629 2014 658 boum
2026 651 2035 665 ‚
2054 628 2122 658 alios
2143 628 2215 658 Ferro
2234 629 2402 668 captivisque
2421 630 2504 661 rebus

1410 668 1566 706 emptitasse
1576 667 1657 697 tradit
1670 690 1677 700 .
1701 668 1753 696 διο.

1391 706 1594 738 Commerciuni
1606 728 1614 740 ,
1634 704 1702 734 Usus
1720 706 1746 734 &
1762 703 1952 739 consuetudo,
1971 703 2016 733 vel
2031 703 2169 733 Societas:
2190 704 2217 733 δι
2238 708 2306 733 tunc
2319 704 2504 742 praepofitioni

1409 748 1480 773 Cum
1494 744 1624 779 jungitur.
1665 743 1722 772 Cic.
1736 743 1772 771 de
1781 742 1891 772 Senet‘t.
1906 751 1950 777 42.
1973 741 2034 771 Nec
2043 740 2127 770 habet
2138 740 2225 771 ullum
2241 750 2306 771 cum
2319 741 2419 772 virtute
2429 752 2505 772 com.

1407 783 1553 812 mercium.
1592 781 1668 810 Idem
1683 791 1706 815 5·
1726 780 1807 810 Tusc.
1822 783 1867 809 66.
1889 780 1946 817 Qui
1956 779 2042 808 modo
2053 788 2117 808 cum
2129 779 2226 814 musis,
2247 779 2274 808 id
2285 780 2323 809 est
2333 789 2397 810 cum
2407 780 2503 810 huma·
2515 821 2526 827 .

1409 821 1496 848 nitate
1508 841 1515 851 .
1538 820 1562 848 ἃ
1575 827 1637 847 cum
1653 818 1777 846 doctrina
1788 817 1888 847 habeat
1903 816 2017 853 aliquod
2027 817 2236 846 commercium.

1390 857 1454 887 Non
1467 856 1550 885 habet
1558 855 1757 884 commercium
1771 865 1835 884 cum
1846 856 1947 884 virtute
1961 853 2098 891 voluptas.
2120 854 2179 883 Cic.
2192 854 2227 884 de
2238 853 2347 885 Sene&
2363 862 2410 892 42.

1389 895 1524 924 Exercere
1535 892 1701 922 commercia
1712 892 1821 930 linguae.
1843 892 1927 922 Ovid.
1942 903 1964 926 ς.
1975 891 2057 921 Trist.
2073 900 2083 920 1
2093 901 2115 920 1.
2127 895 2172 922 61.

1388 930 1506 962 Perdere
1515 931 1615 967 linguae
1626 931 1795 960 commercia
1805 952 1813 965 ‚
1835 930 1852 959 i.
1863 940 1888 960 e.
1909 929 2004 960 Usum.
2026 928 2110 959 Ovid.
2124 940 2148 965 ς.
2162 928 2241 959 Trist.
2254 934 2279 963 8.
2291 938 2318 964 9.

1389 969 1594 1000 Commercium
1605 967 1730 997 libidinis
1738 967 1840 998 habere
1852 977 1916 998 cum
1924 967 2023 1005 aliqua.
2048 965 2138 997 Valet.
2151 966 2228 997 Max.
2240 966 2290 997 lib.
2301 972 2328 1003 8.
2343 975 2404 1006 cap.
2414 975 2441 998 2.
2459 967 2502 999 De
2542 999 2544 1002 ,

1388 1007 1440 1075 ΡΞ
1453 1006 1583 1077 gii-323.
1603 1041 1648 1071 vel
1665 1042 1829 1073 Commeatu
1840 1042 1902 1073 usus
1912 1042 1951 1072 est
1961 1041 2031 1072 Plin.
2044 1044 2089 1071 26.
2100 1051 2127 1078 4.
2148 1041 2269 1072 Romani
2283 1041 2368 1072 duces
2381 1041 2500 1080 primam

1406 1082 1552 1120 semperin
1565 1080 1645 1110 bellis
1656 1081 1886 1111 commerciorum
1900 1080 2021 1110 habuere
2032 1089 2133 1109 curam.
2177 1080 2208 1109 Et
2223 1079 2276 1116 Jul.
2299 1079 2449 1110 Frontinus
2465 1081 2501 1111 de

1406 1120 1568 1156 Stratagem.
1581 1127 1607 1148 2.
1621 1128 1645 1154 5.
1667 1118 1774 1148 Certior
1783 1118 1871 1149 fastus
1884 1118 1990 1148 hostem
2003 1118 2117 1155 inopem
2128 1117 2298 1147 commercio
2307 1117 2441 1148 laborare.

1350 1157 1574 1196 Commisso,
1594 1154 1795 1192 ι11,[ο“ιξιὲμαα,
1815 1150 2027 1192 alatoreoiaiopcaa]
2048 1157 2103 1184 Ere.
2125 1162 2200 1184 neut.
2217 1157 2242 1185 &
2259 1155 2500 1193 Corruit-8013,

1388 1196 1503 1225 meritus
1512 1194 1569 1224 sum
1581 1216 1589 1229 ‚
1611 1194 1658 1222 eri.
1682 1194 1786 1231 depon.
1807 1194 1886 1224 Idem
1897 1193 2028 1231 fignificat
2038 1193 2113 1230 quod
2125 1193 2236 1222 Meteri.
2260 1193 2318 1222 Cic.
2336 1202 2358 1222 1.
2371 1193 2407 1222 de
2418 1193 2500 1224 Orat.

1384 1243 1462 1300 ἔξω
1472 1232 1692 1300 ἱῖτέἑῑίἓξζέξῇωῐ
1705 1241 1767 1261 reus
1776 1253 1784 1268 ‚
1805 1241 1888 1269 quam
1899 1231 1972 1269 quasi
1982 1230 2193 1261 aestimationem
2208 1230 2399 1262 commeruisse
2408 1230 2434 1261 se
2444 1240 2502 1262 ma-

1385 1307 1544 1338 Commerui
1554 1315 1591 1337 ut.
1614 1305 1677 1336 Ter.
1688 1305 1758 1337 Hec.
1770 1317 1797 1344 4.
1808 1315 1834 1336 2.
1844 1316 1871 1343 4.

1476 1344 1513 1375 Ut
1524 1353 1665 1382 nunquam
1678 1343 1765 1374 sciens
1773 1343 1927 1375 commerui
1939 1343 2039 1374 merito
2052 1349 2084 1374 ut
2095 1348 2209 1382 caperet
2218 1343 2294 1373 illam
2304 1342 2401 1372 odium
2412 1343 2477 1374 mei.

1384 1383 1577 1417 Commerere,
1597 1382 1707 1419 Aliquid
1717 1382 1790 1413 male
1800 1392 1881 1420 agere
1892 1403 1901 1418 ,
1922 1381 2103 1419 delinquere,
2123 1391 2254 1420 peccare,
2275 1387 2308 1411 ut
2322 1381 2361 1411 ait
2376 1381 2494 1412 Servius.
2541 1401 2547 1410 ,

1384 1421 1590 1451 Commereri&
1601 1429 1727 1457 peceare.
1748 1419 1813 1450 Ter.
1827 1420 1896 1450 And.
1917 1429 1939 1449 1.
1959 1429 1982 1449 1.
1997 1429 2057 1449 112.

1464 1457 1624 1495 Quidfeci‘?
1646 1457 1713 1495 quid
1723 1458 1894 1493 commerui,
1914 1463 1962 1486 aut
1972 1457 2083 1495 peccavi
2093 1456 2198 1495 pater?
2278 1455 2332 1486 Ubi
2353 1454 2496 1494 Donatus,

1400 1495 1464 1526 Feci
1476 1495 1548 1533 quasi
1560 1495 1676 1525 Facinus
1683 1495 1755 1525 dixit
1766 1517 1775 1532 ,
1797 1495 1957 1525 Commerui
1967 1495 2084 1525 minoris
2094 1494 2184 1533 culpae
2194 1493 2232 1524 est
2249 1503 2256 1525 :
2278 1493 2408 1531 Peccavi,
2427 1494 2498 1526 mul.

1400 1539 1430 1562 to
1440 1533 1554 1563 minoris
1567 1532 1610 1562 vel
1626 1532 1748 1563 levioris.
2275 1547 2290 1563 f-

1381 1571 1489 1609 Aliquid
1502 1570 1686 1608 ergaalterum
1696 1569 1869 1600 commereri.
1889 1569 1953 1600 Ter.
1967 1570 2036 1600 Hec.
2053 1578 2077 1606 3.
2093 1580 2117 1606 ς.
2133 1573 2177 1608 36.

1461 1609 1531 1645 Quae
1540 1617 1682 1645 nunquam
1693 1609 1840 1645 quicquam
1850 1617 1913 1646 erga
1922 1618 1967 1637 me
1978 1609 2140 1637 commerita
2150 1608 2189 1638 est
2200 1629 2208 1644 ‚
2230 1613 2316 1646 pater.

1380 1645 1499 1684 Culpam
1518 1653 1565 1675 aut
1587 1646 1701 1675 noxiam
1724 1646 1896 1676 commereri.
1937 1645 2003 1676 Ter.
2024 1645 2132 1675 Phorm.
2157 1656 2180 1675 1.
2195 1656 2221 1682 4.
2237 1655 2281 1681 29.
2315 1644 2492 1676 Arbitrabitur

1397 1683 1589 1752 {ommeruiffe
1596 1683 1719 1722 culpam.
1741 1683 1794 1714 Ubi
1803 1683 1926 1714 Donatus
1938 1694 1947 1721 ;
1969 1683 2180 1720 Commeruisse,
2201 1683 2379 1715 commisisse.
2400 1683 2488 1714 Plaut.

1424 1730 1476 1751 rin.
1496 1732 1520 1752 1.
1534 1731 1558 1751 1.
1569 1731 1595 1757 4.

1571 1774 1608 1779 -
1616 1758 1689 1788 Nam
1701 1767 1754 1796 ego
1764 1757 1885 1789 amicum
1895 1757 1980 1789 hodie
1991 1768 2086 1790 meum

1472 1796 1670 1834 Concastigabo
1681 1806 1732 1834 pro
1742 1798 1905 1827 commerita
1922 1797 2017 1827 noxia.

1379 1833 1499 1872 Culpam
1510 1835 1538 1863 in
1551 1834 1576 1864 se
1588 1843 1764 1864 commerere.
1784 1834 1869 1864 Plaut.
1883 1835 1971 1865 Merc.
1986 1846 2013 1872 4.
2028 1838 2054 1865 6.
2069 1842 2112 1865 12.

1460 1872 1495 1901 Ut
1506 1871 1558 1901 illae
1575 1872 1723 1909 exiguntur
1734 1893 1742 1906 ,
1762 1880 1822 1909 quae
1834 1872 1863 1901 in
1871 1872 1898 1902 se
1908 1873 2021 1911 culpam
2035 1877 2221 1903 commorent.

1380 1908 1496 1947 Culpam
1506 1910 1540 1939 de
1552 1910 1643 1947 aliqua
1653 1919 1681 1939 re
1693 1919 1873 1940 commerere.
1893 1910 1956 1940 Ter.
1975 1911 2044 1940 Hec.
2056 1921 2083 1947 4.
2094 1921 2120 1947 4.
2133 1920 2160 1946 9.

1459 1947 1569 1977 Nullam
1583 1948 1616 1977 de
1625 1947 1668 1977 his
1680 1948 1761 1977 rebus
1776 1947 1887 1986 culpam
1898 1948 2066 1979 commeruit
2077 1955 2133 1979 tua.

1378 1984 1492 2015 Poenam
1502 1984 1702 2014 commeruiffe.
1725 1985 1809 2015 Ovid.
1823 1996 1848 2015 2.
1862 1985 1941 2015 Trist.
1956 1989 2001 2022 63.

1459 2023 1498 2051 An
1515 2023 1598 2052 semel
1608 2023 1646 2052 est
1656 2032 1770 2060 poenam
1785 2023 1977 2054 commeruiffe
1985 2033 2082 2061 parum
2090 2024 2105 2051 ⁸?

1340 2059 1363 2090 C
1373 2070 1390 2089 o
1400 2070 1419 2089 Μ
1431 2071 1451 2088 Μ
1462 2070 1475 2089 e
1485 2062 1546 2089 rt‘i‘r
1555 2070 1573 2089 u
1583 2070 1595 2089 s
1605 2081 1613 2095 ,
1635 2070 1651 2089 a
1661 2081 1669 2095 ‚
1690 2070 1746 2090 um.
1770 2060 1855 2090 Plaut.
1867 2061 1945 2091 Trin.
1961 2071 1982 2090 r.
1996 2071 2019 2091 1.
2032 2072 2059 2096 4.
2095 2060 2127 2090 V.
2148 2059 2177 2090 in
2188 2058 2246 2098 ipso
2255 2059 2350 2091 verbo.

1339 2098 1387 2128 Co
1397 2109 1417 2126 M
1428 2109 1447 2126 Μ
1456 2101 1472 2126 1‘3
1482 2107 1500 2126 *r
1510 2109 1519 2126 1
1531 2108 1547 2126 o
1558 2108 1572 2127 a
1582 2120 1590 2133 ‚
1600 2097 1709 2128 mensus
1719 2098 1778 2128 sum
1788 2121 1795 2134 ‚
1809 2099 1943 2135 [μεσςέω]
1961 2099 2006 2129 ni.
2028 2098 2105 2129 Idem
2116 2098 2190 2136 quod
2203 2098 2306 2128 Metiri.
2318 2097 2488 2130 PlautMost.

1379 2145 1402 2172 3.
1418 2144 1440 2170 3.
1453 2141 1477 2169 8.
1500 2136 1607 2165 Omnes
1616 2137 1739 2172 porticus
1748 2136 1897 2166 commensi
1908 2136 2009 2166 sumus.
2031 2135 2169 2166 Columel.
2181 2135 2229 2165 lib.
2246 2145 2372 2174 5.cap.1.
2393 2136 2488 2174 Quum

1375 2174 1411 2202 de
1421 2173 1633 2203 commetiendis
1645 2174 1714 2210 agris
1725 2174 1860 2204 rationem
1872 2174 1910 2204 M.
1922 2174 2079 2205 Trebellius
2089 2174 2178 2203 noster
2191 2184 2206 2204 a
2217 2183 2264 2203 me
2274 2173 2432 2211 requireret.

1375 2211 1541 2241 Commetiri
1558 2220 1684 2240 numeru.
1725 2211 1784 2241 Cic.
1805 2212 1841 2242 de
1854 2212 1976 2242 Univers.
1990 2220 2035 2248 29.
2066 2212 2228 2242 Ceterorum
2250 2217 2343 2241 autem
2371 2211 2487 2242 siderum

1393 2248 1511 2278 ambitus
1527 2249 1684 2286 ignorantes
1695 2249 1823 2279 homines
1842 2257 1941 2288 praeter
1961 2249 2114 2280 admodum
2131 2259 2253 2288 paucos,
2272 2258 2363 2287 neque
2384 2258 2487 2279 nomen

1393 2286 1535 2323 appellant
1544 2308 1551 2320 .
1572 2296 1662 2323 neque
1671 2288 1744 2316 inter
1754 2286 1780 2317 se
1793 2297 1910 2317 numero
1918 2288 2116 2317 conietiuntur.

1373 2323 1536 2353 Commetiri
1551 2334 1614 2353 cum
1626 2330 1752 2362 tempore
1771 2326 1926 2363 negotium.
1963 2324 2021 2354 Cic.
2035 2334 2059 2354 1.
2080 2323 2115 2354 de
2130 2324 2236 2354 Invent.
2251 2331 2295 2361 39.
2324 2324 2397 2354 Nam
2415 2324 2487 2363 saepe

1391 2369 1502 2398 oportet
1513 2362 1671 2390 commetiri
1687 2371 1752 2391 cum
1772 2368 1897 2400 tempore
1911 2363 2052 2399 negotium
2065 2384 2073 2397 ,
2099 2363 2124 2392 &
2148 2362 2242 2391 videre
2261 2363 2419 2400 potueritne
2439 2367 2487 2392 aut

1392 2399 1555 2436 magnitudo
1571 2399 1674 2436 negotii
1686 2421 1693 2435 ‚
1714 2406 1761 2429 aut
1770 2401 1921 2430 multitudo
1933 2410 2024 2430 rerum
2034 2400 2063 2429 in
2075 2409 2109 2429 eo
2117 2399 2226 2435 transigi
2237 2405 2372 2438 tempore.

1334 2434 1357 2465 C
1365 2445 1381 2464 0
1390 2447 1409 2464 Μ
1420 2447 1440 2464 Μ
1452 2446 1465 2465 s
1475 2446 1494 2464 N
1504 2446 1516 2465 s
1526 2447 1542 2465 u
1551 2447 1562 2466 s
1573 2459 1581 2471 ‚
1604 2439 1644 2466 iis.
1667 2447 1704 2466 m.
1727 2437 1910 2474 [auresue-51¹2]
1932 2438 2124 2475 Symmetriam
2141 2436 2281 2474 fignificat.
2315 2437 2417 2467 Vitruv.
2435 2436 2484 2469 lib.

1373 2482 1396 2508 3.
1412 2483 1472 2511 cap.
1487 2483 1509 2503 1.
1532 2474 1649 2511 Reliqua
1662 2484 1773 2511 quoque
1784 2476 1908 2505 membra
1920 2475 1982 2505 suos
1994 2475 2095 2505 habent
2104 2474 2279 2504 commensus
2289 2475 2486 2512 proportionis,

1370 2511 1468 2548 quibus
1478 2512 1561 2541 etiam
1571 2513 1676 2549 antiqui
1689 2513 1807 2549 pictores
1823 2515 1848 2543 &
1860 2513 1979 2542 statuarii
1991 2512 2100 2543 nobiles
2121 2512 2158 2542 usi
2168 2535 2175 2547 ‚
2196 2521 2310 2549 magnas
2327 2514 2353 2543 ἃ
2366 2512 2485 2542 infinitas

1370 2548 1467 2578 laudes
1481 2548 1542 2578 sunt
1553 2549 1702 2586 assequuti:
1727 2550 1849 2579 similiter
1859 2560 1924 2580 vero
1936 2549 2070 2580 sacrarum
2083 2551 2186 2579 aedium
2198 2550 2342 2586 membra,
2368 2550 2403 2579 ad
2424 2550 2485 2580 uni-

1368 2585 1470 2615 versam
1482 2587 1567 2616 totius
1583 2587 1783 2624 magnitudinis
1793 2588 1926 2618 summam
1945 2597 1979 2618 ex
1991 2588 2113 2626 partibus
2134 2588 2244 2626 singulis
2263 2588 2485 2619 convenientiffi-

1369 2632 1446 2653 mum
1457 2624 1560 2653 debent
1569 2624 1669 2654 habere
1677 2626 1887 2655 commensuum
1894 2624 2063 2665 responsum.

1367 2661 1503 2691 Membris
1516 2662 1669 2691 admirabili
1681 2664 1863 2701 proportione
1873 2686 1881 2699 ‚
1902 2665 1927 2694 δι
1938 2664 2064 2701 aequabili
2073 2661 2232 2693 commensu
2244 2661 2375 2700 figuratis.
2388 2661 2480 2694 Lamb.

1385 2699 1414 2727 in
1424 2699 1542 2728 Probum
1555 2706 1691 2743 pag-368.
1705 2702 1733 2729 in
1751 2700 1817 2730 loci.
1831 2700 1969 2732 Plutarchi
1981 2702 2219 2742 interpretatione.
2240 2701 2276 2732 H.
2288 2702 2327 2732 St.

1331 2734 1534 2769 ΟοΜΜιζτο,
1570 2737 1597 2766 V.
1619 2747 1648 2766 111
1670 2748 1834 2768 cor-msc.

1330 2773 1536 2803 COMMiNGO
1549 2796 1558 2808 ,
1579 2776 1633 2804 ete.
1656 2775 1722 2805 Hor.
1737 2786 1757 2805 1.
1770 2776 1855 2805 Serm.
1870 2785 1894 2813 3.
1907 2785 1953 2813 90.

1459 2812 1634 2841 Comminxit
1645 2812 1748 2842 loetum
1762 2820 1853 2851 potus.

1330 2848 1615 2886 Commrncrus,
1637 2851 1663 2879 Sc
1682 2850 1929 2885 Comnicrus.
1951 2849 2046 2880 Partic.
2069 2849 2169 2881 Catuli,
2185 2858 2246 2880 100.
2268 2859 2313 2881 ro.

1459 2886 1604 2923 Tanquam
1622 2888 1798 2918 comminc‘tae
1810 2888 1906 2927 spurca
1915 2888 1995 2918 saliva
2005 2888 2087 2926 lupae.
2168 2888 2203 2918 al.
2224 2887 2271 2917 hic
2285 2887 2337 2926 leg.
2360 2886 2480 2918 Commi-

1366 2922 1459 2953 mistae.
1494 2924 1577 2953 Plaut.
1593 2925 1659 2955 Pers.
1674 2934 1697 2961 ³-
1711 2934 1772 2962 3.3.
1796 2925 1917 2957 Coenum
1926 2926 2124 2962 committum3
2146 2926 2164 2956 i.
2177 2935 2202 2956 e.
2223 2925 2477 2956 Contemnendum.

1368 2960 1534 2990 Convicium
1547 2962 1584 2991 est
1599 2962 1752 2992 lenonium.

1329 2996 1376 3028 Co
1386 3009 1432 3026 ΜΜ
1442 3010 1449 3026 1
1461 3008 1505 3027 οτ
1515 3010 1522 3027 1
1533 3010 1548 3027 L
1559 3009 1603 3035 is,
1624 3010 1648 3029 e.
1671 2999 1911 3030 Contemnendus.
1951 3000 2124 3038 Pomponius
2133 3001 2263 3031 Praecone
2276 3000 2434 3038 posteriore,
2450 2999 2479 3031 Si

1342 3036 1449 3066 eseiam
1461 3037 1526 3073 quid
1536 3037 1604 3067 velis
1615 3059 1623 3072 ‚
1645 3038 1719 3075 quasi
1729 3038 1795 3068 servi
1810 3037 1911 3068 comici
1922 3039 2108 3068 conimic‘tilis.
2132 3039 2241 3067 Nonius
2251 3047 2277 3068 2.
2295 3047 2354 3074 ¹09·

1328 3073 1350 3103 C
1361 3083 1377 3102 o
1386 3084 1406 3101 M
1417 3084 1435 3101 Μ
1445 3074 1481 3102 ic
1491 3083 1506 3102 R
1515 3084 1531 3102 o
1546 3095 1555 3110 ‚
1576 3075 1725 3112 [μετοικίζει
1735 3097 1743 3111 ,
1771 3075 1938 3110 nimaina]
1966 3079 2022 3106 are.
2056 3076 2134 3106 idem
2152 3075 2227 3113 quod
2249 3075 2378 3113 Migrare.
2413 3074 2476 3105 Ter.

1366 3111 1445 3139 Adel.
1460 3121 1484 3145 4.
1503 3121 1526 3145 ς.
1541 3122 1583 3146 ις.
1608 3112 1704 3150 Neque
1713 3114 1787 3142 enim
1797 3114 1844 3143 diu
1856 3114 1910 3142 huc
1921 3114 2147 3151 commigrarunt.
2169 3113 2239 3143 Plin.
2253 3113 2300 3143 lib.
2316 3121 2475 3151 35.cap.11.

1364 3148 1508 3185 Captoque
1521 3159 1582 3186 rege
1591 3149 1683 3179 Perseo
1698 3151 1815 3181 Athenas
1825 3151 2024 3187 commigravit.

1364 3184 1734 3229 commigravithabitatum.
1773 3189 1859 3218 Plaut.
1875 3188 1954 3218 Trin.
1967 3197 2029 3225 4.3.
2041 3196 2086 3225 77.
2111 3186 2137 3217 Is
2155 3187 2309 3218 habitatum
2332 3188 2387 3218 huc
2404 3195 2478 3217 com-

1385 3232 1520 3258 mrgravrt.

1363 3259 1552 3297 Commigrare
1566 3262 1594 3289 in
1609 3261 1725 3291 domum
1744 3261 1828 3292 suam.
1870 3261 1929 3292 Cic.
1942 3271 1968 3292 2.
1983 3262 2020 3299 Q.
2033 3261 2092 3291 frat.
2105 3270 2130 3296 3.
2166 3261 2220 3292 Sed
2236 3266 2268 3292 ut
2286 3261 2366 3301 spero
2384 3260 2478 3300 paucis

1381 3298 1518 3327 mensibus
1533 3298 1592 3335 post
1603 3299 1717 3328 Calend.
1737 3299 1876 3336 Quintiles
1886 3301 1915 3328 in
1924 3305 2001 3329 tuam
2011 3299 2216 3337 commigrabis.

1364 3334 1481 3364 Romam
1491 3336 1690 3374 commigravit.
1715 3336 1770 3366 Liv.
1786 3347 1807 3367 1.
1822 3347 1865 3373 34.

1326 3371 1624 3408 Commerui-10.
1644 3375 1713 3403 onis.
1734 3374 1752 3404 f.
1782 3374 1844 3404 Sen.
1868 3373 1977 3404 Consol.
1997 3374 2032 3403 ad
2049 3372 2129 3403 Helv.
2151 3381 2212 3411 cap.
2225 3375 2252 3403 6.
2281 3371 2400 3403 Aliunde
2421 3371 2474 3402 alio

1363 3411 1557 3447 commigratio
1567 3411 1623 3447 est3
1648 3411 1771 3448 loquitur
1781 3413 1815 3441 de
1829 3418 1905 3441 motu
1917 3410 2073 3440 Stellarum.

1325 3446 1534 3481 Conuiuas.
1555 3449 1611 3478 itis.
1634 3458 1671 3477 m.
1692 3448 1889 3484 [wrpaemi’mr]
1910 3448 2081 3477 Commilito.
2122 3447 2186 3478 Caes
2198 3457 2223 3477 2.
2241 3446 2309 3477 Bell.
2327 3446 2407 3476 Civil.
2427 3455 2473 3481 29.

1362 3484 1588 3520 Comniilitesque
1600 3486 1728 3514 nonnulli
1741 3487 1876 3523 graviores
1891 3485 2031 3515 sermones
2048 3485 2169 3515 militurn
2191 3484 2273 3522 vulgo
2292 3484 2386 3514 durius
2404 3484 2473 3513 aeci·

1359 3521 1482 3559 picbant.
1522 3522 1557 3551 al.
1580 3522 1802 3553 Commilitones.
1843 3523 1910 3552 Plin.
1931 3522 1979 3552 lib.
1993 3532 2035 3560 37.
2057 3533 2116 3560 cap.
2132 3532 2158 3553 2.
2187 3521 2358 3559 Reipublicae
2376 3522 2471 3551 datum

1361 3559 1438 3588 mille
1453 3559 1604 3590 talentum:
1627 3560 1733 3597 Legatis
1750 3563 1774 3590 ἃ
1798 3560 2001 3597 Qiaestoribus,
2022 3561 2069 3598 qui
2088 3569 2148 3590 oras
2168 3560 2249 3589 maris
2268 3559 2467 3592 defendissent,

1360 3605 1420 3638 119λ
1439 3596 1502 3625 bina
1513 3597 1615 3626 millia:
1637 3598 1837 3627 commilitibus
1848 3598 1958 3635 lingulis
1970 3598 2176 3635 quinquaginta.
2217 3596 2272 3626 Sed
2295 3597 2342 3627 hic
2363 3603 2471 3634 quoque

1359 3633 1421 3662 liiii,
1447 3634 1743 3669 militibusexhibent‚
1763 3635 1993 3664 testeHurduino.

1359 3670 1550 3700 Conimilitum
1563 3681 1663 3701 munus
1677 3672 1812 3710 indulges.
1833 3673 1862 3702 in
1874 3673 2003 3710 Panegyr.
2022 3669 2112 3700 Pacati
2125 3692 2133 3705 ,
2156 3678 2217 3707 127.
2229 3680 2299 3700 meae
2310 3670 2376 3699 edit.
2390 3669 2466 3700 ἣδε,

1380 3708 1435 3736 Sed
1446 3708 1491 3738 liic
1506 3718 1616 3746 quoque
1628 3709 1760 3738 Cellarius
1774 3720 1834 3746 cap.
1847 3719 1889 3745 3²·
1912 3710 1931 3746 §.
1948 3719 1970 3743 ³·
2003 3708 2236 3737 Commilitonum
2254 3707 2389 3738 exhibuit.
2429 3708 2469 3736 An

1379 3744 1461 3781 igitur
1471 3745 1596 3774 dicemus
1606 3768 1613 3780 ,
1634 3746 1756 3782 spurium
1768 3748 1820 3776 effe
1833 3747 1887 3776 hoc
1907 3745 2073 3776 vocabulum
2085 3767 2093 3780 ‚
2119 3747 2145 3775 ἃ
2164 3755 2199 3775 ex
2211 3754 2301 3774 errore
2317 3743 2468 3774 describen-

1378 3787 1448 3810 tium
1458 3785 1573 3812 natum‘?
1597 3784 1625 3812 ln
1639 3784 1721 3813 Gloss'.
1734 3784 1778 3814 Gr.
1795 3785 1850 3815 Lat.
1863 3792 1956 3813 tumen
1968 3805 1975 3817 ‚
1997 3783 2162 3816 Sv'vssffl'v‘
2183 3782 2343 3812 00mn¹iles·

1322 3817 1562 3855 ΟοΜΜιιῖτο,
1585 3822 1654 3849 onis.
1678 3831 1713 3850 ni.
1737 3821 1931 3858 [orepavor-m]
1952 3821 2007 3857 Qui
2017 3820 2220 3853 fimulmiliiat.
2241 3820 2268 3849 h.
2283 3828 2308 3849 e.
2329 3819 2423 3849 Socius
2437 3817 2466 3847 iu

1358 3855 1441 3885 bello.
1482 3856 1546 3886 Dux
1555 3865 1649 3889 autem
1660 3858 1688 3887 in
1699 3858 1773 3887 bello
1784 3880 1793 3894 ‚
1815 3868 1872 3888 non
1883 3857 2090 3888 commilitones
2102 3879 2110 3892 ,
2130 3857 2177 3887 sed
2188 3858 2290 3887 milites
2305 3855 2366 3886 suos
2375 3855 2476 3920 aprffi?

2402 3903 2413 3921 ’11
2457 3913 2462 3920 ³
