2604 4222
166 178 234 209 ειη
590 165 617 199 A
713 163 743 197 R
842 160 871 194 C

208 248 370 278 dumlocos.
409 247 589 277 Matthiolum
605 254 715 282 quoque
733 245 758 273 ὃς
769 244 895 272 Amatum
905 238 1063 269 Lufitanum
1075 237 1104 266 in
1124 232 1328 264 Dioscoridem.

212 286 348 316 Columel.
362 286 409 315 lib.
425 296 448 319 ς.
465 295 524 323 cap.
539 291 563 318 8.
585 284 657 320 Virg.
672 292 698 318 7.
715 281 772 311 Ecl.
786 285 832 316 46.

291 324 324 353 Et
342 334 401 361 quae
419 333 468 352 voa
482 333 539 352 rara
560 322 654 351 viridis
669 320 739 356 tegit
751 319 862 348 arbutus
881 314 987 345 umbra.

291 362 366 391 Dant
384 362 479 390 arbuta
497 360 586 398 sylvae.

212 400 331 430 Horrida
350 399 471 429 arbutus.
494 398 567 434 Virg.
580 407 606 426 2.
618 395 716 432 Georg.
731 396 776 427 69.
1054 425 1059 431 ¹

176 439 196 468 A
207 449 223 468 a
233 449 248 467 Β
259 449 276 468 υ
286 448 305 467 T
315 447 329 466 r,
341 448 358 466 u
368 447 379 466 s
391 459 399 472 ,
420 436 479 471 Adj.
502 438 516 472 [
531 434 666 467 ιωωιφινὸς
681 433 696 467 ]
720 430 759 460 Ex
778 429 877 458 arbuto
892 426 1005 455 factum.
1028 424 1100 463 Virg.
1114 434 1138 453 1.
1157 422 1257 462 Georg.
1270 424 1332 451 166.

292 475 418 505 Arbuteae
436 483 539 507 crates,
562 474 588 501 δέ
607 470 720 507 mystica
735 474 843 496 vannus
861 464 960 494 Iacchi.

216 513 350 544 Arbuteos
369 514 452 542 l'oetus
469 511 569 548 legere.
599 508 681 538 Ovid.
698 517 722 536 1.
743 505 814 535 Met.
828 513 890 538 104.

631 584 659 617 A
754 580 784 615 R
881 578 911 612 C

180 664 201 692 A
210 673 226 691 a
236 672 252 691 c
262 672 280 690 A
290 684 299 697 ,
319 660 403 697 Syriae
412 658 504 688 Coeles
516 658 589 691 urbs,
600 655 745 691 antiquum
755 653 848 683 adhuc
859 652 983 681 retinens
998 658 1104 679 nomen
1116 649 1188 678 inter
1196 647 1337 678 Barbaros.

215 700 279 734 Eius
293 698 423 728 meminit
440 695 550 733 Joseph.
565 706 588 729 ς.
601 694 691 729 Antiq.
1321 722 1326 727 ι

180 739 200 767 Α
210 748 251 766 Re
260 748 278 765 A
288 759 295 771 ,
317 746 347 764 ae.
371 732 495 770 [κιέωπές
509 755 516 767 ,
537 732 629 766 λάρναξ
644 731 659 765 ]
688 730 718 759 ln
727 740 779 767 qua
792 727 975 761 includuntur
989 735 1050 762 qua:
1062 724 1183 754 celata&
1194 722 1340 752 abscondi-

218 783 244 804 ta
256 774 391 803 volumus.
430 772 510 800 Dicta
530 768 682 806 (utinquit
702 768 785 797 Varro
801 767 849 796 lib.
863 778 888 799 4.
909 765 945 793 de
956 763 985 793 L.
999 763 1027 793 L.
1042 764 1054 799 )
1070 763 1147 800 quod
1157 763 1190 790 ab
1203 770 1235 790 ea
1248 760 1341 789 clausa

217 818 360 841 arceantur
368 811 450 839 fures.
468 808 528 839 Cic.
540 808 569 836 in
580 806 703 836 Parme.
726 807 839 835 Animus
851 803 972 833 hominis
983 802 1061 831 dives
1071 823 1078 836 ,
1098 810 1155 829 non
1165 807 1236 834 arca,
1246 797 1341 836 appel-

244 848 349 878 risolet.

215 850 315 916 Ῑίῗῑοτπη
327 885 426 914 'nabere
435 883 578 914 dicebatur
595 881 735 912 veteribus
746 903 753 917 ,
776 880 833 917 Qui
851 879 923 909 bene
940 884 1100 907 nummatus
1113 881 1170 905 erat
1187 884 1193 903 τ
1216 874 1262 904 cui
1275 882 1342 902 vero

238 924 307 953 nihil
318 932 497 953 nummorum
506 928 564 951 erat
575 943 583 955 ,
603 921 626 950 is
635 926 725 949 arcam
736 928 792 948 non
802 917 904 948 habere
913 914 1059 945 dicebatur
1076 924 1081 943 ε
1105 913 1151 943 sed
1163 912 1252 942 multo
1261 912 1283 941 is
1292 920 1340 949 pe-

238 960 392 996 cuniosior,
409 962 455 989 cui
468 969 537 989 arcae
548 955 650 998 plures.
670 956 825 988 Catuli-21.
842 966 864 985 1.
889 955 924 984 de
942 961 1073 991 paupere,
1301 988 1306 993 ¹

298 1015 335 1020 —
354 999 401 1028 cui
411 1008 501 1035 neque
511 996 632 1026 servulus
644 1018 652 1031 ,
671 1005 761 1033 neque
776 1004 847 1024 arca.
933 992 965 1021 Et
975 991 1033 1020 Cic.
1050 1002 1071 1020 1.
1086 992 1138 1032 Att.
1150 999 1174 1023 7.
1198 986 1339 1030 Confidito

237 1047 305 1067 arcae
319 1037 424 1066 nostrae.
463 1036 537 1065 Hinc
547 1034 624 1073 quod
633 1034 709 1072 apud
721 1035 843 1063 eundem
854 1053 862 1067 ,
884 1041 909 1065 9.
930 1030 1004 1059 Fam.
1020 1039 1063 1057 20.
1077 1028 1188 1071 legitur.
1208 1026 1266 1056 Nos
1283 1036 1340 1061 jani

237 1085 272 1105 ex
286 1076 355 1104 areis
366 1081 472 1103 tanturn
492 1074 625 1102 habemus
638 1094 646 1107 ,
667 1078 698 1101 ut
710 1071 848 1103 Verrium,
880 1070 932 1099 ἃς.
956 1066 1105 1096 Turnebus
1116 1066 1192 1095 Areia
1202 1074 1341 1103 reponem

237 1114 306 1142 dum
316 1112 369 1142 effe
381 1112 529 1141 contendit
541 1133 548 1146 ,
568 1110 623 1140 levi
634 1108 838 1142 mutatiuncula
851 1109 877 1136 Sc
889 1105 1012 1135 ferenda.
1133 1141 1140 1146 ι
1299 1139 1320 1145 ,Δ

218 1152 285 1181 Arca
294 1173 302 1186 ,
322 1161 372 1189 pro
384 1148 623 1179 Monunientovel
632 1147 727 1177 loculo
737 1148 766 1175 in
779 1155 834 1183 quo
847 1144 952 1174 mortui
965 1142 1161 1172 condunturin
1172 1145 1250 1170 terra.
1268 1139 1338 1170 Pliri.

237 1189 286 1218 lib.
307 1198 346 1222 13.
361 1198 421 1226 cap.
437 1197 477 1223 13.
501 1187 621 1216 Hemina
632 1184 823 1215 vetustissimus
834 1182 934 1213 author
944 1181 1086 1210 annalium
1102 1178 1228 1217 prodidit
1236 1178 1342 1208 Teren-

236 1228 307 1257 tium
318 1226 434 1256 scribam
453 1235 548 1262 agrum
563 1224 643 1253 suum
654 1224 683 1252 in
693 1221 821 1259 Janiculo
833 1220 1046 1258 repastinantem
1057 1240 1065 1253 ,
1086 1216 1232 1246 offendisse
1248 1222 1340 1246 arcam

236 1266 267 1294 in
278 1274 330 1303 qua
347 1264 439 1293 Numa
449 1264 495 1300 qui
506 1262 602 1292 Romae
613 1262 756 1299 regnavit,
778 1260 841 1288 situs
851 1257 950 1287 fuisset.
1291 1292 1296 1297 ι
1311 1291 1318 1297 Α

219 1303 289 1333 Arca
299 1325 307 1336 ,
331 1302 421 1331 Locus
431 1302 468 1330 est
478 1301 577 1330 aretior
586 1301 614 1329 in
623 1308 739 1328 carcere.
773 1298 830 1327 Cic.
844 1306 893 1334 pro
907 1294 1006 1338 Milon.
1017 1296 1060 1323 61.
1091 1293 1189 1337 Subito
1197 1298 1298 1330 arrepti
1310 1297 1341 1320 in

238 1341 415 1378 quaestionem
429 1361 437 1374 ,
457 1345 551 1368 tamen
564 1338 746 1375 separantura
756 1335 861 1365 caeteris
871 1354 879 1369 ,
900 1334 926 1363 &
939 1342 968 1361 in
978 1341 1052 1362 arcas
1064 1332 1270 1368 conjiciuntur:
1293 1339 1341 1358 ne=

238 1377 299 1416 quis
314 1388 377 1409 curn
396 1378 429 1406 iis
441 1376 562 1414 colloqui
573 1375 662 1413 possit.
1008 1408 1014 1413 Π

218 1419 301 1447 Arcas
312 1415 435 1453 appellat
445 1414 582 1444 Vitruvius
589 1412 790 1442 Tabulationes
799 1410 870 1440 intra
877 1418 977 1447 aquam
989 1406 1174 1438 circundatas.
1194 1405 1229 1435 ab
1240 1405 1342 1436 Arcen-.-

237 1455 280 1484 dis
290 1455 365 1491 aquis
376 1453 409 1482 ab
425 1463 518 1491 opere.
556 1452 609 1481 Alii
621 1452 639 1480 A
661 1451 736 1480 uaria
750 1450 825 1487 septa
838 1453 949 1477 vocant.

217 1493 307 1524 AErata
315 1491 456 1521 multusin
470 1500 532 1520 arca.
539 1489 627 1519 fiscus.
642 1461 747 1524 c,iuvem
762 1497 804 1523 14.
825 1486 880 1516 Sat.
896 1494 959 1522 259.

216 1530 326 1561 Ferrata
344 1540 414 1559 arca.
446 1529 531 1558 Idem.
551 1537 593 1556 11.
611 1527 666 1556 Sat.
678 1530 722 1556 26.

216 1568 345 1606 Lapidea.
368 1567 434 1597 Plin.
454 1567 489 1595 de
504 1566 575 1594 Viris
588 1564 684 1595 illustr.

216 1606 319 1636 Patula.
347 1605 444 1641 Juven.
462 1613 502 1640 13.
526 1604 579 1633 Sat
594 1612 639 1640 74.

221 1644 349 1674 vestiaria
357 1666 365 1679 ,
385 1643 417 1673 [n
426 1652 479 1680 qua
489 1651 516 1671 re
539 1646 662 1670 oriuntur
669 1640 766 1669 vestes.
1308 1660 1319 1668 ..

181 1682 204 1712 A
212 1693 228 1711 R
238 1692 255 1711 c
266 1692 285 1711 A
295 1692 311 1711 a
319 1691 329 1710 1
340 1692 358 1711 υ
368 1691 380 1710 s
399 1682 497 1711 Servus
507 1652 609 1708 dicitur
619 1701 626 1714 ‚
649 1678 701 1708 Cui
712 1687 791 1711 arcae,
811 1674 841 1704 in
852 1683 905 1712 qua
916 1673 1037 1712 pecunia
1049 1672 1157 1702 domini
1166 1671 1281 1702 condita
1291 1668 1338 1707 estc,

240 1719 377 1749 rocuratio
394 1717 536 1748 commissa
544 1717 591 1746 est.
621 1716 699 1746 [dem
718 1716 765 1753 qui
781 1715 862 1743 Astor
879 1720 927 1742 aut
941 1711 1135 1750 Dispensator,
1157 1711 1339 1746 [οὶυιόμθ]

218 1730 343 1788 ἕοῑενοΙε
356 1757 374 1786 l.
387 1767 432 1791 41.
460 1755 494 1785 D.
513 1756 548 1784 de
559 1754 698 1784 fideicom.
720 1753 810 1783 libert.
839 1751 949 1780 Stichus
961 1750 1080 1779 arcarius
1099 1748 1235 1786 probante
1247 1748 1341 1778 domi..

217 1806 256 1825 no
265 1797 378 1825 nomina
385 1795 461 1830 fecit,
483 1793 636 1824 &rationes
645 1802 661 1822 a
669 1792 786 1821 domino
799 1789 912 1827 scriptas
921 1788 1046 1823 exhibet,
1067 1796 1121 1817 nec
1132 1787 1226 1825 postea
1233 1795 1339 1816 nomen

179 1873 200 1902 A
209 1834 308 1901 ἒέἓῗ
315 1834 405 1905 Reiz,
423 1870 442 1899 f,
463 1870 562 1899 dimin.
583 1870 597 1905 [
611 1866 738 1903 menium
753 1866 768 1901 ]
790 1864 873 1894 Parva
884 1873 957 1894 arca.
980 1862 1038 1893 Cic.
1049 1873 1074 1893 2.
1084 1861 1139 1892 Off
1151 1871 1195 1897 25.
1218 1861 1339 1891 Praemiiz

206 1908 345 1947 ‘tebatque
363 1908 398 1937 de
409 1906 584 1945 stipatorIbus
602 1905 672 1940 suis,
695 1904 742 1942 qui
753 1903 989 1942 perscrutarentur
1007 1901 1113 1931 arculas
1123 1900 1289 1936 muliebres,
1311 1902 1338 1930 St

215 1957 252 1977 ne
262 1947 338 1984 quod
346 1947 375 1975 in
385 1945 555 1976 vestimentis
570 1944 659 1973 telum
670 1941 857 1972 occultaretur
870 1962 878 1975 ,
899 1941 1084 1977 exquirerent.

215 1985 322 2015 Arculae
340 1984 456 2022 fagineae
475 1982 517 2012 vel
531 1982 657 2012 tiliaceae.
687 1979 826 2010 Columel.
838 1978 886 2007 lib.
903 1987 944 2007 12.
962 1987 1022 2015 cap.
1036 1988 1081 2012 45.
1120 1976 1217 2014 Itaque
1226 1975 1338 2015 possunt

233 2023 287 2052 alia
299 2032 400 2059 genera
412 2021 548 2051 malorum
560 2043 568 2056 ,
591 2020 659 2049 sicut
678 2016 850 2050 orbiculata,
868 2016 998 2051 sestiana‚
1020 2014 1176 2049 melimela,
1198 2015 1336 2050 mariana,

234 2061 290 2091 hoc
299 2061 407 2098 liquore
419 2059 550 2088 custodiri
562 2068 569 2088 :
591 2057 638 2087 sed
647 2057 710 2094 quia
719 2056 849 2085 videntur
858 2055 887 2083 in
898 2053 981 2083 melle
992 2053 1117 2094 dulciora
1124 2052 1182 2082 fieri
1195 2053 1231 2082 sic
1240 2053 1338 2082 condi-

232 2105 262 2128 ta
271 2121 279 2134 ,
299 2108 351 2128 nec
359 2098 502 2137 proprium
510 2096 634 2135 saporem
645 2095 748 2124 servare
762 2115 770 2128 ,
790 2092 889 2122 arculae
902 2092 1034 2130 fagineae,
1056 2091 1101 2121 vel
1114 2091 1198 2120 etiam
1209 2090 1336 2126 tiliaceae,

234 2136 329 2175 quales
340 2136 401 2165 sunt
415 2136 444 2164 in
452 2135 551 2172 quibus
560 2134 723 2163 vestimenta
733 2131 848 2161 forensia
862 2131 1023 2160 conduntur
1031 2152 1040 2165 ,
1061 2129 1127 2159 huic
1133 2129 1173 2158 rei
1185 2129 1269 2167 paulo
1280 2138 1337 2158 arn-

232 2174 336 2213 pliores
347 2174 491 2212 praeparari
503 2172 616 2201 debent.

213 2212 320 2243 Arculae
337 2211 463 2241 loculatae
478 2212 636 2249 pictorum,
657 2207 706 2238 ubi
723 2207 818 2237 diversi
834 2206 896 2236 sunt
911 2206 1029 2235 colores.
1052 2204 1126 2234 Varr.
1151 2213 1175 2240 3.
1199 2202 1235 2233 de
1255 2203 1288 2233 R.
1301 2203 1334 2234 R.

234 2260 295 2288 cap.
316 2259 357 2287 17.
382 2249 415 2279 Et
425 2249 516 2278 caeteri
527 2249 646 2286 pictores
655 2246 780 2282 ejusdem
792 2246 899 2283 generis
911 2244 1046 2274 loculatas
1060 2252 1173 2280 magnas
1182 2242 1287 2272 habent
1296 2251 1337 2271 ar-

233 2290 325 2323 culas,
344 2288 391 2316 ubi
404 2286 500 2316 diversi
514 2286 616 2315 coloris
628 2284 679 2314 sint
688 2293 766 2313 cerae.
807 2284 822 2320 [
834 2284 878 2313 Sic
888 2282 1039 2320 legendum
1054 2281 1171 2310 videtur.

214 2326 323 2361 Arcula,
339 2326 406 2354 item
419 2324 564 2354 dicebatur
573 2323 645 2357 Avis,
658 2332 718 2360 quae
730 2322 759 2350 in
775 2321 903 2359 auspiciis
913 2320 1024 2350 vetabat
1031 2318 1136 2356 aliquid
1148 2318 1216 2348 fieri.
1228 2317 1331 2348 Festus.

235 2364 311 2394 Fulv.
331 2363 416 2393 Urlin.
427 2373 462 2392 ex
472 2362 550 2392 MSS.
567 2363 659 2390 Arciva
671 2382 678 2395 ,
700 2359 883 2398 probantibus
895 2357 993 2395 Scalig.
1004 2359 1030 2387 ἃ
1039 2357 1135 2387 Dacer.

175 2403 199 2442 A
208 2413 224 2432 a
233 2411 250 2431 c
260 2412 278 2432 υ
289 2412 305 2430 L
315 2412 333 2430 υ
343 2411 355 2430 s
366 2422 374 2434 ,
395 2402 414 2430 i.
437 2411 475 2430 m.
497 2399 643 2429 Putabatur
650 2398 725 2428 Deus
737 2419 744 2432 ,
767 2398 814 2434 qui
826 2397 942 2427 tutelam
958 2402 1063 2433 gereret
1076 2403 1209 2424 arcarum.
1231 2393 1334 2425 Festus,

179 2442 200 2471 A
211 2451 227 2469 R
237 2450 254 2469 c
264 2450 307 2469 nt
345 2449 362 2468 R
372 2450 381 2467 1
391 2449 410 2468 u
421 2448 432 2467 s
448 2461 456 2473 ,
477 2439 494 2467 i.
516 2447 552 2466 ni.
579 2437 635 2474 Qui
646 2435 752 2466 arculas
763 2435 876 2464 conficit
892 2436 919 2465 Sc
929 2433 1034 2464 vendit.
1059 2433 1147 2462 Plaut.
1165 2431 1256 2462 Aulul.
1270 2441 1294 2470 3.
1309 2443 1333 2468 ς.

216 2489 260 2514 4ς.
285 2478 293 2485 ⁷
319 2483 422 2506 rxtores
434 2499 441 2511 ,
462 2475 610 2505 limbolarii
621 2497 629 2511 ,
650 2473 776 2503 arcularii
794 2473 943 2502 ducuntur.

177 2511 198 2546 A
207 2526 224 2545 R
233 2526 250 2545 c
259 2526 271 2545 ε
279 2527 295 2544 L
303 2527 319 2545 L
328 2525 347 2544 A
358 2537 366 2551 ,
388 2525 419 2544 ae.
440 2514 516 2544 aliud
527 2514 625 2542 dimin.
647 2512 660 2548 [
675 2508 828 2545 λαενοικιόιον
840 2512 855 2546 ]
876 2510 943 2540 teste
957 2509 1043 2539 Festo.
1083 2507 1177 2538 Videri
1192 2508 1282 2547 potest
1293 2504 1338 2537 di.

215 2554 386 2583 minutivum
396 2553 429 2581 ab
438 2554 535 2582 Arcera
547 2551 655 2588 plaustri
681 2558 777 2579 eriere:
802 2549 877 2578 unde
889 2547 994 2578 Arcella
1002 2546 1066 2577 vitis
1075 2569 1083 2582 ,
1106 2556 1166 2584 quae
1178 2548 1206 2576 in
1218 2546 1336 2576 formam

215 2601 315 2621 arcerae
332 2590 461 2628 disposita
475 2591 521 2619 est.
544 2589 662 2618 Colume
676 2611 681 2617 .
693 2587 740 2617 lib.
756 2596 780 2622 3.
799 2596 859 2625 cap.
872 2596 917 2616 21.
940 2586 974 2615 de
990 2585 1125 2614 distineris
1137 2584 1284 2622 generibus
1295 2584 1336 2613 vi.

214 2631 286 2658 tium
298 2629 415 2660 loouens
423 2650 430 2662 ,
450 2628 522 2657 Hinc
532 2636 609 2665 pares
617 2626 659 2655 his
668 2624 787 2655 heluolae
796 2625 983 2663 respondent,
1005 2622 1083 2652 illinc
1094 2622 1202 2652 arcellae
1214 2644 1222 2659 ‚
1243 2622 1335 2652 rursus

215 2667 295 2696 illinc
307 2666 420 2705 spioniae
430 2688 437 2701 ,
457 2666 606 2694 basilicaeve
615 2664 794 2694 conveniunt.

213 2705 366 2735 Arcelatam
376 2704 462 2733 vitem
482 2704 597 2740 legimus
610 2701 684 2739 apud
700 2701 823 2731 eundem
839 2699 856 2729 l.
873 2709 898 2737 3.
909 2709 933 2728 c.
951 2708 976 2728 2.
1002 2698 1046 2728 liis
1058 2698 1168 2733 verbis,
1191 2697 1280 2727 Unam
1296 2703 1336 2727 et-

230 2744 288 2772 iam
306 2751 459 2781 praecocem
473 2742 558 2770 vitem
574 2740 656 2769 nobis
669 2745 733 2768 ante
743 2739 798 2768 hoe
816 2746 926 2776 tenipus
936 2736 1109 2773 incognitam
1119 2736 1213 2765 Graeca
1221 2735 1335 2766 consuev-

231 2781 330 2811 tudine
338 2779 504 2810 dracontion
513 2779 627 2808 vocitari
639 2777 827 2815 comperimus
838 2798 846 2811 ,
867 2785 927 2813 quae
939 2774 1133 2808 foecunditate,
1146 2774 1336 2810 jucunditate.

231 2828 265 2848 ve
274 2818 398 2848 arcelatae
406 2840 414 2852 ,
434 2816 606 2853 basilicaeque
626 2816 652 2845 ἃ
661 2815 784 2844 bituricae
793 2813 947 2850 comparari
958 2812 1041 2850 possit
1051 2834 1057 2846 ,
1078 2811 1258 2849 generositate
1267 2821 1334 2841 vero

230 2857 355 2886 amineae.
393 2854 510 2885 Fortasse
523 2854 557 2883 ab
570 2856 653 2883 Arcus
662 2851 842 2882 similitudine
852 2850 1007 2881 Arculatam
1017 2851 1100 2879 vitem
1110 2850 1192 2879 dixit.
1231 2849 1334 2887 Lapsus

231 2895 307 2924 enim
318 2891 407 2923 facilis
417 2893 470 2922 fuit
480 2893 565 2922 literae
577 2901 595 2921 u
612 2891 640 2920 in
654 2900 676 2920 s.
718 2892 769 2919 Aut
780 2888 918 2919 Arcellatae
927 2888 1076 2925 legendum
1087 2894 1118 2916 ut
1127 2888 1161 2917 ab
1175 2887 1281 2917 Arcella
1290 2897 1335 2917 ve-

231 2933 297 2962 niat.
338 2931 421 2961 Paulo
431 2938 496 2960 ante
511 2930 570 2959 haec
581 2925 743 2958 Columella:
761 2927 845 2956 verba
857 2949 864 2960 ,
885 2926 1014 2956 Arcelaca
1034 2927 1121 2962 major
1137 2925 1238 2963 legitur·
1252 2935 1259 2954 :
1281 2935 1333 2963 pro

233 2980 289 3007 quo
298 2968 431 2999 Arcellata
443 2969 529 3003 major
540 2975 588 2997 aut
597 2966 722 2996 Arculata
732 2965 883 3003 legendum
894 2963 1001 2993 fortasse
1013 2963 1060 2992 est.

174 3009 220 3039 AR
229 3018 246 3037 c
258 3019 276 3036 Α
286 3018 303 3036 D
313 3019 321 3036 1
333 3017 361 3041 Α,
383 3008 398 3043 [“
417 3003 527 3043 Α’ξυιδῖσι
541 3006 555 3040 ]
578 3003 758 3042 Peloponnesi
770 3004 846 3040 regio
858 3004 884 3032 ἅ
901 3001 1009 3031 Achaiae
1021 3009 1091 3039 pars,
1103 3011 1118 3029 a
1129 3001 1195 3030 mari
1206 3001 1332 3038 undique

209 3054 315 3075 remota
327 3055 333 3075 ς
356 3045 390 3074 ab
405 3045 507 3074 Arcade
517 3043 592 3079 ,Iovis
601 3042 658 3071 silio
671 3051 705 3070 ex
716 3040 853 3070 Calistone
866 3039 1000 3077 Lycaonis
1013 3039 1133 3068 Arcadiae
1145 3039 1215 3077 regis
1230 3039 1285 3068 filia
1296 3039 1332 3069 sic

210 3084 354 3121 appellata.
368 3083 434 3112 Haec
448 3084 493 3113 (ut
503 3080 656 3111 Eustatliius
666 3079 763 3113 docet)
774 3077 924 3114 aliquando
935 3077 1008 3106 dista
1015 3077 1053 3106 est
1067 3077 1213 3114 Pelasgia-a
1222 3077 1332 3114 Pelasgo

210 3132 273 3158 rege
283 3131 384 3159 magno
396 3122 421 3150 Sc
430 3119 554 3159 sapiente
566 3118 635 3152 viro,
656 3117 704 3155 qui
717 3117 779 3146 vitae
788 3116 912 3145 cultioris
919 3114 1018 3144 author
1028 3116 1066 3144 eis
1076 3115 1137 3149 fuit,
1148 3117 1173 3144 Sc
1183 3116 1286 3144 victum
1296 3125 1331 3144 ex

209 3159 337 3197 stirpibus
347 3159 503 3193 herbarum,
513 3157 695 3192 arborumque
705 3154 850 3184 frondibus
859 3152 995 3182 transtulit
1004 3152 1037 3181 ad
1047 3152 1187 3189 glandem,
1198 3153 1333 3182 maxime«

210 3207 263 3233 que
273 3197 307 3226 ad
317 3198 464 3234 fagineam.
505 3194 660 3232 Aliquando
671 3193 753 3222 etiam
762 3192 909 3229 Lycaonia,
919 3190 1068 3227 aliquando
1078 3190 1235 3227 Gigantida,
1246 3193 1270 3221 ἃ
1283 3190 1333 3220 ali-

210 3235 321 3272 quando
334 3234 467 3264 Parrhasia
484 3242 581 3263 vocata
588 3232 649 3262 fuir.
684 3232 765 3260 Arcas
781 3234 874 3259 autem
882 3238 969 3266 quum
981 3228 1105 3265 Pelasgos
1116 3229 1145 3256 in
1155 3228 1331 3258 deditionem

209 3271 371 3309 redegisset,
393 3282 488 3301 eorum
506 3271 648 3309 regionem
665 3268 808 3298 Arcadiam
825 3266 988 3296 nominavit.
1029 3264 1131 3294 Scribit·
1142 3265 1245 3296 Plinius
1257 3267 1331 3296 hanc.

208 3316 297 3338 totam
307 3310 460 3339 montosam
471 3332 479 3344 ‚
499 3310 528 3339 in
540 3318 593 3347 qua
604 3307 667 3337 sunt
681 3306 746 3336 asini
757 3306 862 3335 caeteris
873 3305 990 3340 majores
1006 3313 1038 3332 ac
1049 3303 1256 3340 praestantiores.
1299 3304 1330 3333 In

208 3356 240 3376 ea
250 3346 432 3384 Erymanthus
440 3347 541 3377 fluvius
553 3369 562 3383 ,
583 3345 688 3376 Lernea
699 3343 777 3383 palus
790 3365 797 3378 ,
819 3344 846 3373 δι
856 3342 925 3380 lapis
935 3341 1054 3370 asbestos
1065 3363 1073 3376 ,
1093 3346 1125 3370 ut
1141 3341 1179 3370 uit
1195 3340 1265 3371 Plin.
1277 3340 1328 3371 lib.

211 3392 253 3419 13.
265 3394 297 3413 ca
320 3407 325 3412 .
348 3395 388 3413 10.
602 3392 607 3396 ·

207 3394 350 3451 Arcadidm
367 3431 412 3450 me
422 3421 551 3460 postulas.
591 3421 679 3451 Notat
693 3420 749 3449 hoc
767 3417 944 3458 proverbium
962 3415 1021 3445 Cic.
1047 3426 1088 3445 ro.
1111 3416 1163 3445 Att.
1177 3425 1201 3451 5.
1242 3415 1329 3453 Quod

227 3459 293 3487 mihi
306 3459 419 3488 mandas
430 3460 465 3488 de
479 3459 601 3497 quodam
613 3453 896 3497 regendo‚A3›fflA‘aa:
918 3462 1011 3483 tamen
1027 3452 1097 3482 nihil
1110 3454 1326 3491 praetermittam.

221 3495 412 3539 Diogenianus
431 3497 512 3532 hujus
523 3497 611 3534 adagii'
625 3495 769 3534 duplicem
779 3493 901 3523 ostendit
916 3492 1001 3522 usum.
1025 3491 1176 3521 convenire
1195 3492 1271 3520 enim
1283 3492 1328 3522 vel

225 3544 253 3562 in
267 3533 420 3569 magna,vel
431 3534 537 3562 inutilia
547 3541 697 3571 petentem.
723 3532 804 3562 Unde
815 3532 846 3561 sit
856 3537 963 3565 natum,
975 3538 1032 3558 non
1046 3529 1157 3558 indicat.
1182 3529 1213 3557 V.
1226 3529 1324 3559 Erasin.

225 3571 257 3600 ld
268 3578 359 3599 ortum
370 3571 408 3600 est
418 3580 452 3600 ex
463 3581 497 3600 eo
511 3572 586 3608 quod
604 3570 904 3607 Lacedaemonii,quum
914 3566 1145 3606 praestantillimos
1155 3566 1181 3596 se
1191 3566 1327 3604 Pelopon.

224 3607 360 3637 nesiorum
375 3609 568 3638 arbitrarentur
583 3609 731 3646 effeJeque
741 3609 811 3638 adeo
826 3606 925 3644 dignos
936 3605 1093 3641 judicarent
1103 3605 1150 3641 qui
1165 3605 1195 3632 in
1212 3609 1326 3634 caeteros

223 3646 373 3683 imperium
381 3645 513 3674 haberent
523 3667 531 3680 ‚
553 3647 710 3684 Apollinem
721 3646 847 3683 Pythium
859 3642 1068 3677 consuluerunt,
1086 3651 1120 3671 an
1131 3648 1190 3670 tota
1200 3641 1325 3677 Arcadia,

222 3692 283 3719 quae
296 3688 354 3712 erat
371 3684 508 3720 praecipua
531 3683 710 3720 Peloponnesi
729 3693 790 3721 pars
802 3705 809 3718 ,
833 3682 850 3711 si
863 3691 925 3711 eam
947 3680 1021 3710 bello
1036 3685 1219 3718 appeterent,
1241 3679 1325 3716 potiri

201 3725 205 3730 '
221 3719 338 3758 possent.
378 3720 488 3756 Quibus
500 3719 642 3759 respondit
656 3721 754 3758 Apollo
766 3720 837 3749 illud
852 3718 996 3749 oraculum
1009 3719 1086 3755 quod
1096 3723 1172 3746 extat
1184 3717 1258 3754 apud
1271 3717 1326 3746 He-

220 3758 351 3788 rodotum
364 3757 410 3785 lib.
426 3767 448 3786 ι,
483 3756 607 3793 Α’μοιὸἳιω
620 3760 648 3792 μ’
664 3761 757 3793 ouras,
778 3760 831 3787 dcc.
860 3766 916 3793 quo
927 3757 1040 3793 negavit
1057 3755 1084 3785 se
1096 3754 1172 3793 polse
1184 3754 1246 3792 ipsis
1258 3764 1325 3783 con-

221 3795 320 3824 cedere
343 3794 492 3823 Arcadiam.

165 3835 185 3864 Α
194 3843 210 3862 R
221 3842 238 3861 e
250 3842 268 3860 A
278 3843 296 3875 ⁰.
305 3835 316 3860 ῑ
324 3841 339 3860 c
350 3841 396 3873 us.
419 3832 477 3874 Adi.
502 3827 687 3867 [A'gmffiqsse]
709 3832 795 3868 Quod
809 3831 847 3861 est
855 3841 891 3861 ex
901 3831 1024 3866 Arcadia,
1042 3838 1073 3860 ut
1083 3829 1210 3860 Arcadici
1218 3838 1319 3859 mores.

201 3870 347 3900 Arcadicus
363 3878 478 3904 viuvenis.
501 3869 600 3903 Juven.
612 3877 635 3903 7.
648 3868 703 3898 Sat.
720 3874 781 3898 160.
886 3886 923 3890 —
942 3869 1025 3906 culpa
1036 3868 1164 3898 docentis

277 3907 390 3936 Scilicet
409 3907 545 3943 arguitur,
566 3906 640 3941 quod
656 3905 724 3935 laeva
749 3907 777 3934 in
792 3912 869 3944 parte
887 3906 1015 3935 mamillae

277 3944 323 3974 Nil
341 3943 401 3973 salit
424 3944 558 3972 Arcadico
577 3943 681 3977 juveni.
800 3945 817 3972 i.
833 3954 856 3973 e.
889 3943 996 3973 Obtuso
1007 3965 1015 3978 ,
1036 3944 1115 3973 tardo
1126 3965 1134 3977 ,
1156 3944 1182 3973 Sc
1204 3942 1319 3972 asinino.

195 3982 358 4020 Apollonius
367 3980 643 4018 apudPhilostratum
657 3979 706 4008 lib.
720 3988 743 4015 ζ.
774 3980 868 4009 Rudes
880 3981 941 4010 sunt
954 3982 1083 4016 Arcades,
1104 3980 1231 4010 &suibus
1239 3980 1321 4009 simil-

1071 310 1105 340 Et
1118 319 1144 340 2.
1162 309 1329 347 Georg.148.

1849 153 1875 186 A
1971 152 2002 185 R
2094 150 2121 185 C

1424 232 1483 262 limi
1497 256 1505 269 ,
1529 242 1594 263 cuni
1605 232 1642 262 ob
1654 232 1707 262 alia
1717 232 1803 263 multa
1817 255 1825 267 ,
1847 238 1907 263 tum
1918 233 1995 269 quod
2007 233 2137 261 arborum
2151 232 2286 262 frut‘libus
2305 232 2488 270 utplurimum
2496 236 2551 265 tur.

1426 277 1501 308 gent.
1542 271 1703 308 Fulgentius
1713 271 1761 300 lib.
1776 282 1797 300 ι.
1822 271 2035 308 Mythologicon
2046 271 2075 299 in
2089 270 2144 298 fine
2154 270 2236 306 Epist.
2249 269 2341 299 sensus
2354 271 2500 301 Arcadicos
2511 273 2549 302 di.

1425 311 1486 346 xit,
1508 319 1558 346 pro
1569 308 1736 345 pinguibus,
1758 309 1892 344 rudibus,
1914 308 2150 338 &subrusticanis.
2174 307 2249 336 Varr.
2259 307 2307 336 lib.
2320 317 2344 336 2.
2362 317 2424 345 cap.
2440 319 2461 338 1.
2483 310 2559 340 Asini

1427 348 1553 377 Arcadici
1573 347 1602 375 in
1612 347 1717 375 Graecia
1727 346 1875 375 nobilitati.
1914 346 1992 376 Idem
2003 346 2086 375 tradit
2099 345 2165 374 Plin.
2176 345 2215 374 lib
2237 351 2259 377 8.
2285 355 2346 383 cap.
2360 354 2403 381 43.
2443 345 2551 377 Insum.

1427 395 1472 414 ma
1486 407 1494 419 ,
1517 384 1632 414 Arcades
1648 384 1716 412 olim
1727 384 1799 414 male
1810 384 1957 413 audierunt
1968 391 2082 422 propter·
2100 384 2238 421 stuporem
2250 383 2366 420 ingenii.
2407 382 2470 420 Qua
2482 384 2551 415 dere

1427 423 1495 490 Pids
1505 422 1645 490 Eraguum
1658 422 1687 450 in
1698 421 1796 459 adagio
1807 444 1816 457 ,
1837 422 2001 451 Arcadicum
2019 430 2141 459 germen.
2186 420 2318 451 Praeterea
2328 426 2428 450 notum
2440 419 2552 452 estillud

1450 471 1478 490 er
1493 484 1499 490 .
1515 470 1539 497 3.
1580 465 1615 489 at.
1626 469 1651 494 9.

1584 513 1621 519 —
1642 495 1764 526 Arcadi&
1782 497 1912 534 pecuaria
1930 496 2030 525 rudere
2044 495 2148 525 credas.
2263 493 2291 525 h.
2310 505 2333 525 e.
2358 495 2463 525 Asinos.

1391 536 1414 567 A
1423 545 1439 565 R
1450 545 1467 565 c
1477 545 1496 564 A
1505 544 1516 564 s
1529 557 1535 569 ‚
1555 533 1624 564 adis.
1646 544 1673 563 n.
1693 544 1786 573 propr.
1808 535 1821 571 [
1836 533 1916 569 A‘ezas
1931 535 1945 569 J
1967 534 2052 564 Filius
2062 533 2141 569 Jovis
2150 535 2177 564 &
2185 533 2340 567 Calistonis,
2350 543 2366 563 a
2376 543 2431 570 quo
2439 534 2569 566 Arcades·

1432 573 1607 603 denominati
1621 571 1700 601 sunt:
1721 581 1809 609 quos,
1829 572 1893 609 quia
1902 571 2080 601 vetustissima
2098 580 2164 607 gens
2183 572 2237 606 est,
2258 571 2416 601 fabulantur
2427 574 2490 601 ante
2507 572 2554 602 So.
2581 599 2583 601 .

1435 611 1490 640 leni
1502 610 1644 640 &Lunam
1659 619 1694 639 ex
1704 610 1847 639 arboribus
1860 609 1914 639 esse
1926 616 2014 638 natos.
2037 608 2121 638 Ovid.
2139 620 2160 638 1.
2174 610 2244 639 Met.
2253 613 2318 645 468.

1394 650 1535 683 ARCAS,
1557 648 1617 677 {dis
1630 669 1637 682 ,
1667 647 1713 677 vel
1726 648 1794 678 {dos
1826 658 1853 677 n.
1872 655 1941 685 ‘gent
1983 648 1996 682 s
2015 645 2095 678 Ᾰέκως
2110 647 2124 681 ]
2149 647 2233 677 Ovid.
2249 658 2273 684 5.
2289 647 2356 677 Fast.
2373 651 2438 684 643.

1524 686 1638 716 Arcadis
1655 686 1773 715 Evandri
1794 696 1898 715 nomen
1914 672 1965 714 tibi
1985 684 2055 722 saepe
2076 685 2200 714 refertur.

1433 724 1556 759 Arcada,
1576 723 1747 753 aecusativus
1766 724 1885 754 Graeeus.
1908 724 1975 753 Stat.
1990 727 2015 751 6.
2033 722 2123 752 Theb.
2140 727 2201 757 561.

1434 764 1498 793 Arte
1515 762 1647 792 cantandi
1663 761 1776 791 fuerunt
1793 760 1925 791 celebrati
1945 771 1961 790 a
1977 759 2051 797 Virg.
2077 770 2118 790 10.
2142 760 2196 790 Ecl.
2211 770 2254 797 30.

1591 815 1628 820 ——
1646 798 1696 828 soli
1714 806 1825 829 cantare
1840 800 1922 837 periti
2028 798 2156 828 Arcades.

1396 837 1591 880 AsshcAnius
1604 859 1611 872 ‚
1633 838 1709 867 aliud
1720 838 1779 871 Adj.
1800 839 1815 874 [
1830 834 1963 873 Α’ςιωίὸιῶυ
1979 836 1995 872 ]
2015 842 2065 871 ut,
2088 836 2220 866 Arcadius
2245 836 2315 866 deus
2326 859 2334 872 ,
2354 835 2420 866 Pan.
2437 835 2553 876 Propert.
2603 836 2604 842 ’

1433 875 1481 904 lib.
1498 884 1520 904 r.
1537 880 1578 908 18·
1590 885 1634 905 20.
1664 875 1698 904 Et
1707 875 1851 905 Arcadium
1860 875 1949 910 sidus,
1973 873 2037 904 Ursa
2053 873 2098 903 vel
2119 875 2223 904 Arctos.
2252 875 2316 905 Sen.
2329 874 2475 913 OEdip.5.
2504 876 2556 907 Ne.

1434 922 1520 942 moi-a.
1543 913 1608 943 Sen.
1627 913 1708 943 Herc.
1723 912 1775 942 fur.
1787 925 1813 949 4.
1920 922 1923 925 ·
2601 905 2604 952 i

1396 950 1443 981 AR
1453 960 1470 979 c
1480 961 1524 980 AD
1536 962 1543 978 1
1553 961 1571 980 υ
1581 961 1592 980 s
1603 973 1611 986 ‚
1643 953 1659 987 [
1673 948 1805 987 Α’ςιφέὲιῶι
1818 951 1834 986 ]
1854 960 1882 979 n.
1898 960 1991 989 propr.
2008 949 2243 980 Theodofiifilius
2262 949 2454 980 Romanorum
2473 950 2555 991 impes
2600 966 2603 983 ι

1434 996 1508 1032 rator
1522 988 1575 1018 fuit
1591 998 1655 1018 cum
1667 988 1793 1018 Honorio
1806 988 1903 1024 fratre,
1925 998 1981 1025 quo
1996 995 2123 1025 tempore
2134 988 2220 1017 Gothi
2231 987 2350 1017 Romam
2362 996 2504 1026 ceperunt.

1434 1026 1498 1057 Fuit
1510 1033 1642 1064 praeterea
1651 1027 1707 1056 hoe
1722 1027 1837 1056 nomine
1849 1026 2052 1056 Grammaticus
2066 1026 2256 1055 Antiochenus
2268 1048 2275 1062 ,
2297 1026 2345 1063 qui
2354 1025 2456 1056 librum
2465 1027 2500 1057 de
2507 1028 2571 1059 Or..
2599 1018 2602 1056 i

1402 1096 1406 1097 ⁷
1455 1064 1620 1103 thographia
1632 1087 1641 1101 ,
1661 1066 1688 1094 ἂ
1699 1063 1816 1094 alterum
1830 1064 1865 1094 de
1875 1065 1991 1101 Syntaxi
2005 1063 2173 1102 conscripsit.
2212 1064 2320 1093 Suidas.

1398 1101 1420 1133 A
1429 1112 1445 1132 a
1456 1112 1472 1131 c
1483 1113 1501 1131 A
1513 1112 1533 1132 Ν
1543 1113 1560 1133 u
1571 1114 1591 1132 M
1602 1125 1611 1138 ,
1640 1103 1658 1132 i.
1681 1112 1709 1132 n.
1738 1101 1882 1139 [z'm'p'inwv
1898 1103 1912 1138 ]
1935 1102 2061 1136 Nonius,
2093 1103 2232 1131 Arcanum
2250 1102 2352 1135 dicitur
2363 1101 2505 1133 Secretum
2514 1097 2556 1136 vel
2598 1120 2600 1128 ν

1436 1140 1637 1170 Absconditum
1648 1151 1655 1170 :
1678 1141 1753 1178 quod
1764 1150 1825 1177 quae
1835 1141 1864 1169 in
1873 1141 1943 1170 arcis
1954 1139 2017 1169 sunt
2028 1162 2036 1174 ‚
2057 1138 2146 1169 celata
2154 1139 2218 1169 sunt
2229 1141 2255 1169 δι
2264 1139 2434 1169 abscondita.
2458 1140 2478 1170 F
2479 1141 2555 1179 estus,

1435 1179 1534 1208 Arcani
1542 1179 1674 1208 sermonis
1690 1177 1850 1215 significatio
1860 1179 1978 1208 trahitur
1989 1178 2042 1207 sive
2053 1177 2087 1206 ab
2099 1187 2161 1207 arce
2171 1200 2180 1213 ,
2201 1187 2262 1215 quae
2271 1176 2402 1207 tutissima
2417 1187 2477 1216 pars
2487 1180 2556 1212 urbis
2597 1182 2599 1219 i

1431 1216 1489 1246 est:
1513 1217 1565 1246 sive
1574 1227 1590 1246 a
1601 1226 1702 1254 genere
1713 1216 1853 1251 sacrificii,
1874 1216 1950 1254 quod
1963 1216 1992 1244 in
2002 1221 2064 1245 arce
2072 1215 2103 1245 fit
2114 1216 2148 1245 ab
2158 1215 2307 1254 auguribus
2315 1237 2324 1251 ,
2337 1216 2407 1245 adeo
2422 1224 2556 1249 remotum
2595 1224 2604 1250 A.

1436 1264 1451 1283 a
1462 1255 1561 1284 notitia
1571 1255 1676 1292 vul-gari
1685 1276 1694 1290 ,
1715 1261 1747 1284 ut
1756 1264 1791 1283 ne
1802 1254 1889 1284 literis
1899 1253 2014 1292 quidem
2026 1254 2181 1287 mandetur.
2208 1254 2254 1283 sed
2265 1263 2314 1290 per
2330 1254 2494 1284 memoriam
2503 1255 2556 1286 suc·
2595 1271 2598 1288 2

1432 1291 1737 1335 'cessorunrcelebretur
1749 1302 1755 1322 :
1779 1292 1832 1321 sive
1844 1292 1878 1322 ab
1887 1302 1959 1327 arca,
1980 1292 2010 1321 in
2023 1302 2077 1330 qua
2085 1302 2145 1330 quae
2156 1291 2247 1322 clausa
2255 1292 2319 1321 sunt
2329 1312 2338 1328 ,
2357 1298 2417 1321 tuta
2425 1297 2556 1325 manent:
2596 1301 2598 1312 ¹

1433 1336 1517 1366 'cuius
1530 1332 1614 1369 ipsius
1624 1332 1702 1368 origo
1711 1331 1745 1360 ab
1753 1330 1874 1360 arcendo
1885 1331 2001 1368 pendet.

1436 1369 1540 1399 Arcana
1551 1370 1578 1399 &
1596 1369 1716 1399 occulta.
1738 1368 1797 1398 Cic.
1809 1379 1835 1397 2.
1851 1369 1886 1397 de
1899 1368 1959 1398 Fin.
1971 1374 2016 1404 85.

1436 1408 1573 1436 Arcanum
1591 1407 1717 1445 prodere.
1740 1406 1839 1442 Juven.
1857 1416 1882 1442 9.
1905 1407 1961 1435 Sat.
1978 1416 2039 1442 [ις.

1436 1445 1607 1474 arcanorum
1617 1444 1791 1474 celantissimi
1800 1444 1890 1474 Persae.
1914 1444 1991 1474 Curt.
2008 1455 2035 1479 4.
2047 1447 2073 1473 6.
2085 1453 2111 1479 ς.

1435 1483 1541 1512 Arcana
1557 1483 1677 1512 fatorum
1692 1482 1812 1512 volvere.
1844 1482 1917 1520 Virg.
1934 1492 1957 1511 1.
1977 1482 2040 1513 AEn.
2054 1485 2118 1511 262.

1436 1521 1573 1550 Arcanum
1591 1520 1703 1550 alterius
1713 1520 1833 1550 scrutari.
1856 1520 1922 1550 Hor.
1936 1530 1959 1550 1.
1980 1520 2062 1558 Epist.
2080 1525 2122 1554 18.
2137 1528 2180 1557 37.

1398 1548 1421 1588 A
1431 1568 1446 1586 r<
1457 1568 1474 1587 c
1485 1568 1503 1587 A
1513 1568 1533 1588 N
1544 1569 1560 1587 u
1571 1569 1593 1588 M
1604 1581 1612 1594 ,
1633 1568 1739 1588 nomen
1747 1558 1819 1588 villae
1829 1557 2021 1597 QuintiFratr.
2043 1557 2101 1587 Cic.
2115 1568 2141 1594 7.
2155 1560 2208 1587 Att.
2223 1567 2246 1593 ς.
2270 1559 2298 1588 &
2318 1567 2359 1588 ιο.
2375 1567 2402 1588 2;
2594 1576 2595 1579 =

1399 1597 1447 1626 Aa
1458 1606 1475 1625 c
1485 1606 1504 1625 A
1514 1607 1533 1626 N
1543 1606 1591 1631 us,
1603 1607 1628 1631 a,
1643 1606 1700 1626 um.
1720 1598 1736 1632 [
1750 1593 1885 1631 ὶὶτῖῥρκτῶ
1900 1597 1916 1632 ]
1938 1597 2000 1633 Adj.
2022 1602 2063 1633 ut,
2077 1597 2183 1626 Arcana
2193 1596 2309 1634 popina.
2334 1595 2561 1636 Martia1.1.5.85.“
2592 1619 2599 1626 ,ι

1437 1635 1544 1664 Arcana
1564 1635 1676 1664 cubilia.
1697 1633 1766 1664 Plin.
1778 1635 1809 1663 in
1820 1634 1976 1672 Paneg.49.

1436 1673 1512 1702 Nox.
1534 1673 1618 1702 Ovid.
1633 1684 1658 1708 9.
1679 1672 1762 1710 Epist.
1777 1682 1823 1708 40.

1436 1708 1584 1748 Praecepta.
1608 1711 1675 1740 Plin.
1686 1710 1735 1740 lib.
1752 1720 1797 1746 29.
1817 1720 1878 1749 cap.
1895 1720 1919 1740 1.

1437 1749 1558 1778 arcanus
1571 1771 1579 1785 ,
1611 1749 1669 1786 Qui
1690 1758 1751 1787 quae
1769 1749 1864 1784 audit,
1890 1753 1966 1778 tacet
1987 1749 2014 1778 δι
2032 1747 2160 1778 continet
2177 1747 2294 1786 optime.
2323 1746 2411 1778 Plaut.
2436 1746 2554 1782 Trinqs.

1456 1797 1483 1822 4·
1499 1797 1559 1822 ¹54-

1436 1825 1549 1855 Arcanae
1558 1824 1656 1854 salivae.
1678 1824 1800 1863 Propert.
1812 1835 1836 1860 4.
1850 1833 1875 1862 7.
1906 1833 1931 1861 7.

1517 1864 1571 1893 Aut
1593 1863 1697 1892 Nomas
1715 1872 1827 1892 arcanas
1844 1869 1874 1892 to
1898 1870 1925 1892 at
1942 1860 2050 1891 versuta
2072 1859 2188 1896 salivas,
2587 1875 2604 1896 1—

1559 1901 1643 1931 Dicet
1653 1902 1796 1930 damnatas
1808 1901 1890 1938 ignea
1901 1900 1967 1930 testa
1984 1909 2092 1929 manus.
2175 1897 2276 1928 Sensus
2291 1897 2349 1934 est,
2370 1898 2558 1937 Quaestionem
2582 1904 2589 1930 ‚l

1454 1937 1528 1969 habe
1538 1940 1574 1969 de
1589 1939 1628 1977 Ly
1649 1939 1741 1973 damo,
1753 1945 1799 1968 aut
1810 1939 1845 1968 de
1856 1939 1995 1972 Nomade,
2008 1947 2067 1980 quse
2074 1944 2102 1967 te
2114 1938 2248 1966 amatorio
2259 1937 2395 1968 veneficio
2405 1948 2480 1968 nunc
2492 1937 2556 1969 deli.
2585 1957 2590 1980 l

1453 1978 1534 2007 nivit.
1576 1977 1614 2008 Ea
1634 1987 1764 2007 iarcanas
1774 1976 1832 2007 suas
1850 1977 2000 2006 removerit
2009 1975 2120 2011 salivas,
2143 1984 2208 2013 quas
2224 1974 2296 2004 clam
2313 1976 2349 2004 ad
2364 1977 2554 2007 incantandam
2580 1982 2604 2004 1¹⁴2

1453 2023 1579 2045 mentem
1591 2015 1656 2045 cibo
1667 2015 1807 2045 immixtas
1824 2015 1873 2044 tuo
1882 2014 2007 2049 adhibet,
2022 2015 2048 2043 &
2059 2014 2139 2051 ignea
2147 2013 2213 2042 testa
2225 2021 2319 2042 uratur
2328 2036 2335 2046 ,
2357 2016 2392 2043 de
2406 2014 2503 2044 scelere
2512 2024 2555 2045 ve·
2584 2039 2587 2049 ,
2600 2038 2604 2042 .

1454 2054 1549 2083 neficii
1559 2054 1709 2092 perpetrati
1718 2052 1904 2082 confitebitur.
1944 2050 2152 2089 [Exegefisipso
2165 2058 2299 2080 contextu
2315 2051 2464 2082 obscurior.
2475 2057 2554 2080 Ducat
2579 2068 2586 2087 Ὗ

1454 2092 1545 2121 edidit
1559 2093 1660 2122 rectius
1672 2090 1813 2121 Broelihus.
1832 2091 1995 2128 Legendum
2006 2096 2076 2128 puto
2088 2090 2123 2119 Ut
2134 2099 2184 2126 pro
2197 2093 2256 2118 Aut.
2298 2089 2413 2128 Quippe
2424 2091 2459 2120 de
2469 2089 2553 2120 Ancil·
2582 2092 2600 2128 l.

1454 2129 1480 2158 la
1498 2130 1576 2168 loqui
1594 2130 1720 2165 videtur,
1748 2139 1809 2167 quae
1830 2138 1929 2158 necem
1947 2129 2069 2157 dominae
2090 2128 2205 2165 indigne
2224 2127 2331 2163 ferens,
2362 2129 2468 2158 screatu
2485 2128 2553 2159 vasta
2581 2136 2597 2156 ι’

1454 2177 1534 2197 novae
1546 2168 1667 2197 dominae
1678 2167 1796 2203 subinde
1804 2173 1874 2196 artes
1888 2167 2040 2205 prodebat,
2062 2167 2087 2196 ἃ
2098 2172 2245 2204 propterea
2254 2166 2335 2196 variis
2346 2167 2511 2196 cruciatibus
2521 2165 2553 2196 ab
2580 2168 2583 2187 ¹.
2598 2182 2600 2186 ·

1453 2206 1552 2235 eadem
1561 2206 1665 2235 frivolis
1678 2206 1713 2235 de
1723 2205 1808 2235 causis
1818 2212 1890 2234 torta
1906 2205 1967 2234 suit.

1434 2241 1536 2273 Sensus
1548 2266 1555 2279 ,
1577 2244 1705 2274 Secretus
1726 2246 1752 2273 ok
1764 2243 1949 2273 absconditus.
1976 2242 2046 2279 Virg.
2059 2252 2085 2277 4.
2099 2241 2159 2272 ffin.
2172 2250 2237 2276 422.

1434 2280 1573 2316 Tabellae,
1597 2282 1707 2319 Quibus
1718 2281 1821 2311 secreta
1832 2282 1922 2310 nostra
1939 2280 2150 2309 committimus.
2172 2278 2257 2309 Ovid.
2271 2288 2296 2308 2.
2309 2280 2400 2309 Amor.
2420 2287 2462 2316 ις.
2476 2289 2518 2317 ῐς.

1397 2318 1441 2348 tii<
1452 2329 1525 2349 CAN
1538 2330 1569 2354 a,
1600 2321 1617 2356 [
1633 2318 1787 2355 Χπιρῥητωε]
1810 2320 1877 2348 Adv.
1898 2318 2023 2348 arcanius
2034 2340 2042 2351 ,
2064 2317 2242 2346 arcanissime.
2264 2317 2282 2346 i.
2298 2327 2321 2347 e.
2344 2318 2463 2349 Secrete.

1435 2358 1566 2387 Arcanius
1584 2358 1689 2394 aliquid
1706 2358 1840 2394 judicare.
1873 2355 2010 2386 Columel.
2022 2355 2070 2384 lib.
2086 2364 2109 2392 3.
2123 2365 2183 2393 cap.
2193 2365 2219 2384 2.
2337 2382 2341 2385 .
2592 2384 2594 2386 ,

1395 2391 1553 2425 ARCAno
1566 2418 1573 2430 ,
1596 2396 1664 2425 Adv.
1687 2395 1839 2432 [λ’πυῤῥηνηως
1856 2395 1871 2430 ]
1892 2395 1909 2424 i.
1927 2404 1951 2423 e.
1971 2394 2101 2424 Secrete,
2122 2392 2250 2423 seorsum.
2274 2392 2340 2422 Caes.
2358 2403 2381 2422 1.
2394 2391 2461 2423 Bell.
2475 2391 2550 2423 Civil.
2577 2392 2599 2428 i‘

1435 2443 1477 2469 19.
1500 2434 1559 2471 Ipse
1578 2443 1678 2463 arcano
1688 2443 1751 2462 cum
1767 2433 1861 2471 paucis
1873 2432 2052 2462 familiaribus
2062 2430 2115 2461 suis
2128 2431 2304 2468 colloquitur.

1433 2471 1492 2501 Cic.
1504 2472 1539 2501 ad
1553 2471 1630 2501 Attio.
1643 2471 1661 2501 l.
1680 2476 1721 2501 16.
1732 2471 1812 2510 Ep.3.
1834 2471 1906 2508 Lege
1916 2479 2016 2499 arcano
2027 2470 2153 2507 convivis
2163 2470 2235 2499 tuis:
2257 2469 2312 2498 Sed
2322 2467 2340 2497 fi
2352 2478 2399 2499 me
2406 2478 2480 2499 amas
2489 2467 2554 2499 hila·
2575 2468 2604 2517 pii

1451 2510 1523 2539 ris&
1535 2510 1606 2540 bene
1617 2510 1745 2548 acceptis.
1769 2509 1801 2539 Η.
1817 2509 1854 2538 St.
1896 2508 1927 2537 V.
1948 2507 2042 2537 Lamb.
2066 2508 2093 2537 ἃ
2111 2507 2209 2546 Popm.
2230 2506 2266 2536 ad
2277 2506 2332 2536 loc.
2576 2527 2577 2530 η

1394 2544 1613 2584 ARCAaius,
1652 2547 1682 2577 V.
1703 2557 1814 2576 ARCA.

1396 2585 1593 2621 ARCATus,
1632 2585 1665 2614 V.
1691 2595 1818 2614 Aucus.
2223 2611 2235 2615 -

1393 2623 1414 2652 A
1423 2633 1439 2651 R
1449 2633 1466 2652 c
1475 2633 1488 2651 a
1499 2634 1513 2651 a
1524 2634 1533 2652 1
1543 2631 1560 2653 o
1569 2633 1589 2652 N
1600 2646 1609 2660 ‚
1630 2623 1723 2653 Herba
1742 2632 1824 2660 quarn
1833 2619 1879 2652 alii
1888 2621 2055 2656 Enchusam,
2074 2620 2122 2650 alii
2134 2619 2213 2649 aliter
2225 2630 2232 2650 :
2253 2628 2339 2658 parvo
2349 2620 2449 2650 frutice
2460 2642 2468 2655 ,
2486 2620 2549 2649 flore
2574 2642 2575 2648 .
2587 2622 2604 2651 ά

1431 2671 1590 2699 purpureo,
1611 2659 1712 2699 asperis
1722 2661 1795 2690 foliis
1808 2662 1834 2690 Sc
1846 2661 1928 2689 ramis
1938 2681 1945 2694 ,
1963 2660 2057 2688 radice
2066 2658 2197 2688 messibus
2207 2658 2356 2695 sanguinea
2367 2680 2375 2691 .,
2396 2663 2494 2688 caetero
2511 2656 2552 2687 ni·
2573 2676 2575 2683 ·
2591 2657 2604 2680 ⁹·

1431 2709 1487 2736 gra,
1505 2699 1534 2728 in
1543 2699 1672 2728 sabulosis
1681 2699 1805 2734 nascens,
1820 2698 1916 2727 efficax
1928 2703 2025 2726 conti-a
2032 2697 2184 2734 serpentes,
2203 2696 2382 2733 maximeque
2391 2697 2505 2734 viperas,
2524 2695 2548 2726 ἃ
2590 2705 2604 2733 «τ

1430 2737 1533 2773 radice,
1545 2736 1662 2773 &foliis,
1673 2747 1750 2774 aeque
1757 2737 1820 2766 cibo
1835 2745 1866 2765 ac
1876 2742 1955 2773 potu.
1979 2735 2066 2764 Verba
2075 2734 2138 2764 sunt
2148 2733 2218 2763 Plin.
2228 2733 2277 2763 lib.
2292 2743 2337 2763 22.
2355 2743 2416 2773 cap.
2429 2743 2472 2763 21.
2572 2743 2573 2746 ¹
2602 2732 2604 2734 ’

1393 2772 1585 2811 Ancum,
1630 2775 1662 2804 V.
1684 2785 1794 2804 ARCA.
2543 2800 2546 2801 .

1395 2812 1414 2841 A
1423 2822 1438 2841 R
1447 2823 1464 2842 c
1472 2823 1486 2841 a
1495 2823 1522 2848 o,
1537 2814 1576 2849 ui,
1587 2815 1643 2848 Ere,
1650 2812 1709 2851 sup.
1720 2817 1802 2842 cai-et.
1816 2811 1981 2849 [ἀπερύκειν]
1994 2810 2105 2848 proprie
2120 2809 2291 2847 Abigere‚vel
2300 2811 2319 2839 A
2329 2809 2394 2839 loco
2404 2807 2545 2846 expellere.
2570 2823 2571 2833 i
2583 2808 2604 2846 a}

1431 2852 1546 2887 Arcere,
1566 2858 1596 2880 ut
1606 2851 1644 2881 ait
1661 2850 1736 2880 Valla
1751 2850 1799 2880 lib.
1817 2854 1842 2880 6.
1874 2849 1972 2878 Vetare
1987 2858 2023 2877 ne
2037 2848 2173 2877 accedant
2192 2849 2211 2877 ii
2222 2849 2269 2885 qui
2287 2848 2410 2877 veniunt.
2444 2847 2510 2888 Virg.
2523 2854 2545 2875 ι.
2570 2851 2571 2874 l
2585 2850 2603 2886 24

1449 2890 1511 2918 AEn.
1525 2894 1568 2924 31.
1599 2889 1715 2918 Arcebat
1733 2888 1816 2926 longe
1834 2888 1920 2917 Latio.
1943 2887 1978 2916 de
1988 2886 2109 2922 junone.
2570 2890 2571 2896 ¹
2601 2886 2602 2911 l

1429 2923 1566 2964 Recipere
1586 2928 1611 2957 ἃ
1628 2928 1725 2956 Arcere
1739 2949 1746 2962 ,
1777 2926 1923 2955 contraria.
1949 2925 2007 2954 Cic.
2029 2935 2052 2959 5.
2076 2923 2194 2962 Philipp.
2208 2932 2250 2961 37.
2271 2923 2305 2953 D.
2329 2922 2427 2953 Brutus
2446 2931 2502 2952 non
2517 2925 2546 2953 ut
2568 2927 2601 2954 ¹61

1450 2964 1599 2994 Consulem
1622 2965 1742 3002 recepit,
1763 2963 1809 2993 sed
1825 2970 1853 2993 ut
1865 2963 1970 2992 hostem
1987 2962 2083 2991 arcuit.
2599 2983 2601 2986 .

1429 3002 1451 3031 A
1462 3001 1559 3031 limine
1569 3002 1700 3040 aliquem.
1720 3002 1804 3031 Ovid.
1814 3006 1840 3031 6.
1870 3001 1938 3030 fast.
1952 3006 2014 3035 482.
2568 2994 2569 3027 ἶ
2599 3013 2601 3033 .¹

1430 3041 1450 3069 A
1461 3041 1540 3070 tectis
1552 3050 1583 3070 ac
1599 3040 1741 3070 moenibus
1750 3037 1823 3069 urbis
1834 3038 1939 3068 arcebis
1949 3037 2105 3067 Catilinam.
2127 3036 2187 3066 Cic.
2202 3046 2224 3066 1.
2237 3036 2266 3065 in
2278 3035 2358 3065 Catil.
2376 3044 2417 3072 33.
2567 3031 2569 3070 l
2588 3038 2601 3072 ‚¹

1429 3079 1449 3107 A
1463 3078 1610 3115 progressu.
1634 3078 1692 3108 Cic..
1710 3088 1752 3107 11.
1765 3077 1918 3114 Philipp.4.
1939 3075 2038 3105 Brutus
2049 3075 2235 3104 Antoniumin
2244 3073 2361 3104 Galliam
2372 3071 2542 3103 invadentem
2583 3073 2600 3126 'i

1447 3116 1610 3154 aprogressu
1629 3116 1733 3150 arcuit,
1755 3125 1770 3144 a
1786 3115 1877 3144 reditu
1895 3114 2058 3147 refrenavit,
2081 3114 2131 3142 &c
2453 3128 2455 3131 -
2571 3118 2576 3128 ·

1428 3154 1520 3183 Aditu.
1543 3153 1600 3183 Liv.
1615 3164 1637 3183 1.
1649 3153 1716 3183 Bell.
1727 3152 1837 3182 Maced.
1860 3152 1926 3181 Non
1936 3160 2007 3180 terra
2017 3151 2104 3180 modo
2119 3150 2252 3180 adeuntes
2262 3149 2339 3178 aditu
2354 3147 2490 3183 arcebant,
2500 3143 2543 3177 sed
2564 3159 2574 3168 ’ν
2596 3154 2599 3174 t

1446 3192 1559 3221 navium
1577 3201 1688 3229 quoque
1698 3191 1844 3220 stationem
1854 3190 1979 3219 infestam
1996 3189 2065 3218 hosti
2082 3187 2228 3217 faciebant.
2564 3211 2566 3220 ⁴

1427 3230 1534 3267 Aquam
1545 3239 1645 3259 arcere.
1674 3228 1700 3257 h.
1719 3238 1742 3257 e.
1772 3228 1873 3257 Curare
1890 3237 1925 3257 ne
1937 3227 2044 3257 influat.
2068 3226 2165 3256 Paulus
2178 3225 2235 3255 inl.
2247 3235 2273 3255 2.
2293 3223 2342 3254 sub
2351 3224 2442 3253 finem.
2466 3221 2499 3252 D.
2511 3220 2543 3251 de
2563 3237 2565 3254 i

1447 3277 1516 3304 aqua
1533 3267 1609 3305 pluv.
1629 3267 1740 3296 amend.
2564 3261 2565 3264 ’

1426 3305 1515 3341 Aquas
1530 3304 1646 3342 pluvias.
1681 3304 1740 3333 Cic.
1758 3313 1809 3341 pro
1822 3303 1932 3333 Muren.
1947 3311 1992 3332 22.
2562 3330 2563 3334 ,

1426 3342 1557 3372 Furorem
1571 3352 1673 3372 arcere.
1697 3341 1799 3371 Lucan.
1820 3341 1868 3370 lib.
1886 3350 1911 3370 2.
2562 3355 2563 3360 =

1424 3380 1536 3417 Frigora
1552 3380 1682 3418 pellibus.
1704 3380 1791 3409 Ovid.
1804 3388 1828 3414 ³.
1842 3377 1922 3408 Tirst.
1940 3387 1981 3407 ω.
1996 3387 2038 3412 19.
2424 3386 2426 3390 >
2562 3363 2563 3403 1

1425 3417 1540 3447 Finibus
1556 3418 1609 3447 suis
1623 3421 1761 3447 externos.
1783 3416 1864 3446 Ovid.
1877 3427 1904 3451 4.
1925 3415 1994 3445 Met.
2005 3419 2069 3450 647.
2560 3438 2562 3444 ,

1424 3453 1507 3522 Flerro
1520 3455 1735 3522 {qontumeliam
1765 3454 1823 3484 Liv.
1841 3464 1864 3483 1.
1883 3453 1918 3483 ab
1929 3453 2017 3489 Urbe,
2037 3453 2118 3482 Ferro
2128 3451 2211 3490 igitur
2228 3459 2289 3481 earn
2299 3459 2391 3481 arcere
2402 3453 2535 3479 contume·
2560 3452 2562 3483 Ι
2591 3457 2594 3463 ¹

1455 3503 1508 3522 iam
1544 3499 1650 3523 atuunt.
1851 3500 1852 3503 ’
2560 3495 2562 3504 '

1422 3530 1538 3560 Finibus
1549 3532 1598 3560 otii
1617 3540 1708 3560 arcere
1718 3528 1804 3559 scelus
1815 3528 1937 3566 aliquod.
1961 3527 2020 3558 Cic.
2041 3528 2075 3557 de
2087 3527 2180 3566 Arusp.
2194 3526 2276 3564 Resp.
2287 3537 2314 3562 4.

1423 3568 1561 3598 Homines
1571 3569 1604 3597 ab
1616 3569 1723 3604 injuria.
1747 3568 1805 3596 Cic.
1823 3577 1844 3596 1.
1859 3567 1894 3595 de
1906 3565 1997 3603 Legib.
2008 3576 2054 3600 40.

1422 3605 1534 3671 Rediitu.
1558 3606 1615 3636 Cic.
1626 3616 1652 3635 2.
1665 3605 1778 3636 Tuscul.
1791 3610 1836 3640 89.
1857 3605 1959 3634 Arcens
1970 3613 2035 3633 eum
2044 3602 2135 3633 reditu
2145 3606 2312 3638 tyrannum,
2335 3609 2418 3638 quem
2427 3598 2481 3638 ipse
2493 3604 2535 3627 ex·
2558 3636 2559 3640 Ἰ

1441 3654 1479 3680 pu
1493 3649 1558 3673 erat.
2512 3658 2518 3666 .
2558 3649 2559 3659 i

1419 3680 1516 3710 Sacris.
1540 3680 1607 3710 Plin.
1624 3680 1672 3711 lib.
1683 3690 1707 3718 7.
1727 3689 1787 3718 cap.
1801 3683 1845 3712 28.

1418 3718 1521 3748 Solem.
1562 3718 1629 3748 Plin.
1648 3719 1696 3748 li'b.
1712 3727 1753 3748 12.
1768 3727 1827 3755 cap.
1849 3725 1870 3745 r.
1913 3716 2129 3746 Commendatio
2140 3714 2245 3753 platani
2262 3723 2321 3743 non
2335 3712 2388 3742 alia
2396 3712 2480 3748 major
2488 3707 2530 3744 est,
2556 3728 2557 3742 l
2602 3736 2604 3744 ,

1438 3766 1521 3792 quani
1536 3756 1620 3785 solem
1632 3757 1721 3786 aestate
1738 3764 1829 3785 arcere
1841 3776 1849 3788 ,
1869 3754 1971 3791 hyeme
1988 3753 2142 3783 admittere.
2603 3754 2604 3757 ’

1419 3792 1540 3822 Veterno
1558 3794 1688 3830 aliquem.
1722 3793 1788 3822 Hor.
1809 3802 1829 3821 r.
1852 3790 1931 3829 Epist.
1946 3797 1970 3825 8.
1987 3801 2028 3820 10.
2555 3810 2556 3820 1

1418 3831 1515 3860 Arcere
1530 3832 1691 3861 transfertur
1704 3828 1740 3862 ad
1762 3831 1923 3866 incorporea
1934 3851 1941 3863 ,
1963 3831 1989 3859 ὃς
2008 3829 2128 3858 dicimus
2145 3828 2242 3856 Arcere
2257 3825 2384 3855 homines
2398 3819 2528 3855 asaelem,
2555 3830 2556 3838 ¹
2587 3828 2589 3835 ¹

1437 3869 1463 3896 ἃ
1483 3870 1578 3897 Arcere
1601 3869 1698 3899 scelus.
1729 3868 1787 3898 Cic.
1807 3868 1837 3896 in
1851 3867 1940 3896 Parad.
1981 3867 2051 3903 Quae
2066 3866 2106 3895 vi's
2125 3866 2201 3895 enim
2223 3864 2260 3893 est
2272 3873 2332 3901 quae
2346 3863 2430 3899 magis
2448 3862 2530 3889 arceat
2554 3870 2555 3875 ¹
2587 3867 2589 3883 i

1436 3905 1566 3934 homines
1579 3906 1613 3935 ab
1628 3906 1805 3945 improbitate
1815 3926 1824 3940 ‚
1846 3914 1927 3941 quani
1938 3903 1956 3932 si
1967 3904 2099 3934 senserint
2110 3902 2218 3932 nullum
2227 3903 2257 3931 in
2266 3901 2375 3931 delit‘tis
2384 3899 2435 3930 ess'e
2445 3895 2530 3927 discri·
2554 3916 2555 3922 .
2585 3893 2589 3920 l

1436 3952 1502 3972 men
1516 3943 1529 3971 ἶ)
1554 3942 1622 3987 Virg.
1635 3950 1660 3978 8.
1680 3944 1742 3974 AEn.
1755 3950 1799 3980 73.
2553 3953 2554 3956 ¹

1496 3979 1620 4018 Accipite
1638 3981 1763 4017 AEnean,
1795 3980 1821 4009 &
1836 3978 1951 4008 tandem
1971 3985 2061 4008 arcete
2079 3977 2205 4016 periclis,
2429 4010 2448 4040 A
2479 4015 2518 4039 ete

2451 4019 2477 4040 rc
2518 4026 2526 4042 ‚
