2641 4187
457 132 922 184 EPISTOLA
973 132 1134 184 Pan..
1189 136 1460 193 Tincam
1509 141 1633 196 Edit.
1667 143 1811 219 lugd.
1861 163 2033 219 1573,

573 323 913 394 Clarissimo
950 327 1020 398 ὅ(
1053 326 1471 399 Celeberrimo
1509 339 1938 424 Jurisconsulto

62 477 871 616 PETRO
987 485 2447 648 D‘AUSSERRE

228 666 522 745 lugdunensi
533 672 585 723 in
606 669 806 721 civitate
834 663 1108 731 C073filiari0
1138 670 1201 726 (ἔς
1228 665 1477 721 Advocato
1502 675 1669 746 Regio,

845 750 976 786 matris
1003 743 1219 786 Ltbellorum
1242 747 1449 803 Jispplicum
1471 749 1686 807 Mag1stro,

1695 678 2081 758 stremffimaeque
2108 690 2290 765 Reginae

20 831 730 946 ΡΗΙωΡΡυε
799 870 1471 950 TINGHYus
1538 838 2465 971 FLoRENTrNus

710 1031 713 1037 ,
1125 997 1372 1051 8.Ρ.[).

969 1136 1138 1205 (Edit.
1174 1136 1320 1214 Lugd
1363 1154 1385 1193 1
1400 1150 1477 1209 57
1489 1143 1568 1210 3.)

37 1388 40 1396 ,
277 1349 391 1390 ANA
416 1345 644 1398 quorundam
663 1345 856 1384 hominum
876 1344 986 1385 studia
1009 1348 1132 1387 animo
1159 1346 1247 1397 saepe

303 1399 573 1446 contemplans,
612 1396 952 1445 jurisconsultorum
993 1397 1101 1436 decus
1144 1397 1247 1437 Petre

301 1447 513 1489 d'Aulserre‚
541 1446 695 1484 multum
723 1446 856 1495 diuque
875 1449 1000 1484 tacitus
1020 1460 1164 1485 mecum
1184 1448 1249 1484 'du-

301 1499 411 1536 bitavi
421 1525 431 1540 ,
459 1499 602 1534 cuinam
619 1494 840 1543 potissimum
851 1493 983 1533 Latinae
993 1496 1141 1546 Linguae
1151 1497 1249 1534 The—

302 1548 460 1585 saurum:
487 1546 524 1583 id
535 1546 605 1587 est,
631 1552 670 1582 ut
690 1557 759 1593 ego
775 1547 1012 1593 interpretor,
1037 1545 1250 1594 praeclarissi-

75 1596 131 1636 mi
150 1596 392 1646 utiliffimique
409 1596 510 1634 Libri
531 1595 822 1643 inscriptionem,
848 1597 948 1640 cujus
964 1608 982 1632 a
1008 1609 1067 1633 me
1087 1598 1158 1644 jam
1179 1598 1251 1644 pri—

76 1647 165 1690 dem
191 1646 334 1696 sumptu
363 1658 420 1684 ma
448 1657 498 1683 no
530 1644 643 1682 editio
669 1645 874 1692 parabatur,
912 1645 1078 1683 dicarem.
1147 1644 1251 1684 Licet

77 1698 178 1734 enirn
198 1706 309 1734 nemo
329 1703 402 1733 tam
434 1702 461 1732 1t
474 1694 530 1732 vel
545 1694 671 1732 hebes,
696 1692 752 1730 vel
771 1694 1006 1731 humanarum
1021 1707 1138 1733 rerum
1153 1696 1252 1742 igna-

81 1758 158 1788 rus,
185 1746 271 1783 velit
291 1746 408 1783 modo
429 1751 562 1782 naturae
587 1743 652 1780 suae
674 1754 751 1779 non
769 1743 905 1791 spurius
928 1744 1068 1787 haberi,
1093 1746 1181 1793 quin
1200 1744 1253 1780 di-

77 1797 174 1834 vitiis
189 1797 344 1833 externis
360 1806 459 1832 veras
477 1805 566 1842 opes
582 1794 692 1830 animi
708 1791 774 1829 else
795 1793 1036 1830 anteferendas
1063 1794 1249 1831 existimet.

79 1847 140 1884 Sic
159 1853 280 1882 tamen
298 1843 503 1892 corruptela
518 1854 665 1880 morum
686 1842 722 1878 &
742 1840 864 1879 sinistri
883 1843 1028 1879 aviditas
1047 1843 1136 1880 lucri
1156 1855 1252 1880 mor-

79 1896 207 1933 talium
222 1895 296 1932 fere
317 1895 484 1932 omnium
505 1893 646 1929 animos
674 1893 886 1940 occupavit,
912 1900 951 1929 ut
975 1893 1166 1929 honestatis
1185 1894 1256 1928 vir-

80 1952 272 1994 tutumque
298 1943 449 1993 igniculi
475 1943 512 1979 &
539 1941 716 1990 sapientiae
746 1941 879 1990 inclyta
909 1940 967 1978 illa
992 1942 1141 1984 semina,
1178 1953 1255 1990 quae

81 1996 238 2033 summus
258 1993 319 2031 ille
335 2005 454 2031 rerum
473 1992 597 2040 opifex
615 1990 717 2029 Deus
737 1991 941 2038 pectoribus
962 1992 1088 2029 nostris
1104 1990 1253 2033 inclufit,

80 2053 187 2094 atque
209 2044 389 2081 mentibus
411 2042 651 2090 ingeneravit,
676 2042 776 2077 tenui
802 2042 863 2078 vix
889 2043 926 2078 in
950 2042 1055 2078 nobis
1079 2048 1180 2089 parte
1211 2052 1257 2077 ex

81 2096 200 2143 aliqua
216 2099 427 2142 appareant:
463 2090 654 2139 enectaque
675 2090 799 2127 misere
825 2092 967 2139 potius,
997 2090 1055 2127 vel
1070 2090 1168 2128 foede
1190 2089 1258 2127 esse

83 2143 216 2192 sepulta
238 2144 368 2179 merito
387 2140 582 2178 videantur.
634 2139 779 2186 Qlotus
808 2142 906 2176 enim
933 2140 1078 2189 quisque
1100 2141 1167 2182 est,
1196 2140 1258 2188 qui

85 2194 281 2240 sapientum
297 2203 400 2229 more
420 2197 582 2227 veterum
610 2191 661 2226 rei
686 2189 878 2232 familiaris,
914 2192 1139 2238 propriaeque
1167 2189 1258 2226 adeo

62 2274 64 2276 ,
86 2244 200 2280 salutis
224 2253 307 2279 cura
324 2240 500 2289 neglecta:
527 2240 706 2276 bonarum
738 2241 867 2276 artium
900 2239 1164 2288 diiciplinaeque
1193 2239 1260 2275 ho-

87 2293 189 2331 nestae
219 2291 456 2328 inflammatus
476 2288 609 2330 studio,
635 2300 690 2324 res
713 2287 789 2324 illas
818 2300 945 2325 omnes
973 2288 1128 2325 elatione
1150 2289 1261 2325 animi

87 2341 252 2391 praeclara
269 2339 542 2387 contempserit,
568 2337 612 2374 ad
627 2349 712 2386 quas
731 2338 854 2374 vitiosa
873 2338 1189 2385 animicupiditate
1209 2338 1261 2373 in-

89 2390 254 2430 stimulati
270 2388 477 2426 mortalium
498 2386 668 2435 plaerique
695 2387 904 2434 rapiuntur?
927 2386 1064 2425 Pessum
1084 2389 1158 2424 iere
1181 2388 1261 2422 vitae

90 2442 220 2490 pretia,
247 2439 283 2476 &
303 2450 322 2475 a
341 2439 502 2474 maximo
525 2436 627 2472 bono
642 2464 652 2477 ,
679 2443 718 2472 ut
739 2436 830 2473 redte
847 2436 982 2474 Plinius
1004 2438 1071 2478 ait,
1095 2436 1260 2473 liberales

89 2489 188 2528 dictae
212 2497 301 2526 artes
318 2488 356 2523 in
380 2488 601 2524 contrarium
619 2485 791 2522 cecidere.
842 2485 1024 2522 Nimirum
1044 2485 1103 2522 alii
1125 2486 1261 2522 subiere

89 2541 195 2580 ritus,
224 2540 388 2585 circaque
401 2536 470 2572 alia
487 2534 680 2571 hominum
694 2541 831 2571 mentes
852 2535 1075 2572 detinentur:
1103 2535 1264 2572 &avari-

90 2591 146 2627 tiae
163 2595 301 2625 tantum
320 2592 409 2622 artes
434 2584 614 2622 coluntur.
664 2583 755 2629 Quae
780 2596 849 2620 una
877 2596 931 2621 res
952 2583 1196 2632 proculdubio
1219 2583 1263 2620 il-

21 2644 28 2651 '
91 2638 153 2676 lud
175 2637 311 2678 effecit,
337 2643 377 2672 ut
393 2633 537 2682 insignis
560 2632 620 2669 illa
638 2635 748 2669 animi
770 2634 877 2671 elatio
901 2645 977 2682 quae
998 2635 1036 2670 in
1053 2635 1184 2681 optimi
1201 2644 1263 2669 cu-

91 2688 210 2737 jusque
232 2692 353 2723 mente
381 2684 521 2721 elucere
552 2682 736 2730 quondam
760 2682 912 2724 solebat,
940 2685 1122 2719 contrario
1146 2681 1263 2719 studio

93 2737 275 2775 refrixerit.
324 2733 399 2771 Ubi
430 2744 527 2769 nunc
556 2732 784 2783 Megaricum
811 2733 969 2768 invenias
989 2731 1262 2780 Stilphontem?

95 2788 154 2824 cui
184 2797 254 2833 prae
283 2796 353 2821 una
376 2783 561 2830 sapientia,
589 2777 752 2818 mortalia
786 2781 909 2817 cuneta
936 2781 1134 2818 sordebant.
1187 2780 1265 2826 QJi

93 2836 205 2884 patria
223 2846 242 2870 a
256 2833 448 2871 Demetrio
471 2837 691 2878 expugnata,
718 2838 864 2878 rogatus
881 2842 899 2866 a
916 2829 1108 2878 Tyranno,
1135 2842 1180 2867 an
1191 2830 1265 2866 sua-

95 2896 175 2922 rum
189 2895 306 2920 rerum
318 2881 451 2930 aliquid
467 2879 644 2916 amififfet:
672 2880 780 2921 nihil,
807 2881 940 2928 inquit,
967 2881 1150 2916 neminem
1166 2880 1266 2916 enim

96 2936 292 2982 rapientem
312 2943 391 2968 mea
411 2929 506 2966 vidi:
533 2940 617 2965 nam
644 2929 734 2965 mihi
762 2929 909 2978 quidem
935 2929 1088 2966 eruditio
1105 2957 1116 2971 ‚
1142 2929 1266 2965 virtus-

96 2996 166 3032 que
183 2983 293 3019 animi
311 2981 400 3017 salva
417 2979 513 3016 sunt:
541 2985 664 3015 caetera
688 2991 765 3014 non
784 2990 883 3020 mea,
909 2977 965 3014 sed
984 2978 1078 3014 casus
1099 2978 1266 3015 fortunae-

96 3043 166 3082 que
184 3032 299 3072 suere,
325 3031 422 3076 cujus
442 3028 579 3069 subito,
607 3034 648 3064 ut
665 3027 782 3070 vides,
811 3029 952 3064 turbine
970 3027 1187 3069 labefactari,
1215 3034 1266 3063 at-

96 3094 166 3130 que
179 3082 268 3128 eripi
287 3079 411 3116 solent.
461 3076 563 3123 Quid
582 3088 652 3124 ego
672 3087 770 3113 nunc
790 3076 1012 3113 Socraticum
1035 3077 1265 3124 Aristippum,

97 3131 302 3170 Biantemve
319 3129 513 3176 sapientem
532 3127 734 3174 proferam?
773 3126 883 3172 Cujus
902 3138 983 3162 cum
1002 3127 1150 3173 patriam
1171 3125 1267 3163 Prie.

96 3192 168 3218 nen
186 3177 331 3226 cepisset
346 3177 472 3213 hostis:
499 3177 687 3223 caeterique
719 3176 765 3211 ita
804 3176 987 3223 fugerent,
1014 3182 1054 3211 ut
1083 3174 1194 3211 multa
1221 3174 1266 3211 de

23 3244 31 3256 ¹
96 3231 163 3267 suis
187 3229 291 3265 rebus
324 3227 441 3263 secum
470 3224 706 3265 asportarent:
733 3224 937 3261 admonitus
964 3236 983 3260 a
1005 3223 1184 3272 quodam,
1222 3230 1263 3260 ut

95 3279 192 3317 idem
215 3276 286 3325 ipse
305 3276 444 3313 faceret.
494 3272 574 3319 Ego
597 3284 685 3310 vero
699 3301 708 3315 ,
736 3274 871 3323 inquit,
897 3274 1007 3310 facio:
1036 3285 1118 3309 nam
1139 3275 1264 3310 omnia

96 3340 176 3365 mea
198 3338 342 3363 mecum
359 3331 481 3373 porto.
523 3314 623 3364 Ubi,
661 3322 797 3372 quaeso,
832 3321 1096 3371 prudentiffime
1126 3323 1180 3358 vir
1204 3321 1265 3358 illa

98 3378 175 3414 sunt
192 3377 307 3413 bona:
334 3386 413 3424 quae
432 3373 519 3410 dum
538 3383 632 3408 taces
649 3399 659 3414 ,
687 3372 844 3421 dumque
866 3372 910 3408 ad
926 3372 1022 3409 hunc
1045 3370 1197 3408 modum
1215 3370 1265 3407 le-

96 3428 151 3463 'vis
169 3424 424 3473 expeditusque
444 3421 620 3471 gradens,
647 3428 681 3458 te
699 3422 789 3458 ferre
815 3422 912 3458 nulla
935 3420 1067 3457 video?
1094 3419 1200 3458 Rette
1219 3419 1267 3456 sa-

99 3488 156 3512 ne.
204 3474 351 3512 Pectore
367 3475 538 3509 nimirum
552 3499 561 3512 ,
586 3478 626 3508 ut
642 3470 805 3508 Valerius
820 3469 969 3518 scripfit,
995 3469 1055 3506 illa
1073 3469 1264 3517 gestabant,

78 3531 176 3562 “non
194 3523 352 3561 humeris
365 3550 376 3564 ‚
402 3533 480 3558 nou
499 3519 614 3557 oculis
633 3520 793 3562 visenda,
818 3520 877 3556 sed
896 3518 1096 3556 aestimanda
1121 3519 1263 3555 animo:

99 3586 177 3622 quae
203 3571 393 3610 domicilio
425 3571 556 3607 mentis
580 3568 730 3611 inclusa,
757 3568 956 3617 nulliusque
977 3567 1112 3604 idcirco
1132 3568 1266 3614 injuriae

100 3623 278 3660 obnoxia:
305 3622 423 3658 secura
444 3627 637 3667 pacataque
659 3620 696 3655 in
715 3619 874 3655 hominis
896 3623 1037 3653 mente,
1064 3615 1190 3653 mollia
1211 3618 1266 3652 in-

98 3681 154 3709 tus
174 3673 254 3708 ocia
273 3670 501 3719 peragebant.
554 3667 656 3714 Quid
673 3666 890 3715 Aristippus?
916 3666 1097 3702 minorine
1113 3664 1264 3702 subsidio

98 3722 227 3758 mentis
248 3720 374 3760 fultus,
408 3717 718 3765 contemplatione
736 3716 876 3753 illarum
906 3726 1045 3756 rerum,
1080 3725 1165 3762 quas
1192 3713 1268 3751 vul-

96 3783 162 3820 gus
183 3771 329 3806 miratur
348 3769 508 3815 stupenS‚
534 3767 652 3803 secum
671 3765 741 3813 ipse
762 3767 887 3802 tacitus
912 3762 1180 3811 ingemiscebat:
1208 3769 1268 3799 aut

97 3822 236 3858 ratione
259 3819 375 3867 aliqua
394 3820 490 3863 turpi
509 3827 527 3852 a
546 3816 740 3852 constantia
760 3816 869 3850 anim'i
889 3813 988 3850 solita
1010 3812 1182 3860 effugium
1197 3812 1267 3848 vile

98 3867 299 3918 quaerebat?
337 3866 471 3912 Accipe
491 3872 620 3912 quanta
638 3864 874 3900 humanarum
895 3873 1015 3898 rerum
1037 3863 1266 3909 contemptio

96 3922 136 3956 in
167 3917 341 3964 Sapientis
372 3914 546 3951 foecundo
589 3913 754 3960 pedore,
795 3910 1078 3960 generofitasque
1115 3911 1267 3957 vigebat.

96 3966 332 4014 Naufragium
348 3992 357 4007 ,
382 3963 525 4001 intoelix
542 3962 734 4012 miserque,
762 3962 909 4002 fecerat,
940 3959 1155 4006 ejuscemodi
1172 3960 1269 3996 enim

1300 1362 1409 1390 voces
1425 1350 1594 1391 homines
1610 1364 1735 1402 parum
1759 1350 1876 1395 docti,
1901 1365 1986 1393 cum
2010 1356 2150 1396 alterius
2167 1360 2283 1398 vicem
2300 1362 2419 1401 dolere
2430 1364 2463 1402 se

1300 1402 1453 1449 dicunt,
1476 1403 1639 1451 usurpare
1661 1403 1819 1439 maxime
1844 1402 1967 1442 solent.
2018 1406 2065 1444 At
2088 1406 2148 1444 ille
2171 1410 2329 1457 praesenti
2357 1415 2465 1450 insor-

1301 1453 1405 1489 tunio
1440 1463 1566 1500 parum
1593 1453 1715 1488 animo
1743 1452 2010 1497 consternatus,
2045 1467 2129 1494 cum
2157 1470 2176 1494 e
2203 1462 2283 1496 navi
2311 1463 2468 1508 primum

1302 1503 1437 1538 exiret:
1466 1501 1738 1540 Mathematicas
1759 1503 1998 1540 commodum
2012 1502 2139 1553 figuras
2157 1518 2268 1545 arenae
2282 1508 2467 1557 insculptas

1304 1551 1511 1598 inspiciens,
1539 1551 1584 1588 ad
1612 1550 1728 1587 socios
1755 1551 1963 1595 conversus,
1996 1553 2110 1591 subito
2137 1555 2258 1593 alacris
2280 1560 2347 1594 ait:
2376 1558 2468 1597 Salvi

1304 1599 1421 1637 sumus
1439 1599 1463 1637 ὀ
1479 1600 1586 1638 socii:
1614 1600 1757 1648 vestigia
1772 1599 1833 1636 hic
1848 1612 1918 1648 ego
1936 1602 2140 1645 hominum,
2162 1604 2256 1643 haud
2277 1607 2383 1644 dubie
2397 1620 2468 1645 ma-

1305 1661 1376 1696 gna
1396 1649 1591 1698 conspicio.
1642 1649 1745 1695 Quid
1775 1650 1926 1698 quaeris?
1963 1652 2160 1700 ingreditur
2183 1657 2377 1692 civitatem:
2405 1657 2471 1694 do-

1307 1699 1381 1735 etos
1402 1701 1497 1736 viros
1521 1699 1734 1746 alloquitur:
1759 1698 1957 1737 nuditatem
1979 1701 2177 1739 sublevant:
2204 1704 2386 1742 honorant
2410 1717 2471 1743 co-

1306 1749 1467 1835 {smum
1495 1747 1673 1785 discedere
1696 1750 1880 1795 cupientes
1902 1749 2017 1787 socios
2037 1752 2167 1788 viatico
2195 1753 2471 1802 prosequuntur:

1346 1809 1402 1833 am
1421 1797 1630 1845 philosophi
1653 1797 1895 1840 manfionem,
1921 1798 2042 1836 {altem
2066 1799 2110 1836 ad
2138 1800 2212 1838 dies
2229 1802 2387 1852 aliquot,
2414 1805 2474 1841 be-

1308 1845 1443 1883 neficiis
1467 1848 1713 1895 impetrarunt.
1763 1846 1852 1892 Quo
1883 1847 1958 1884 haec
1981 1848 2124 1886 historia
2149 1854 2320 1898 pertinet,
2347 1852 2474 1890 dices?

1307 1896 1474 1944 Aristippi
1484 1896 1600 1933 socios
1610 1897 1729 1943 jubeas
1747 1897 1842 1932 abire
1857 1923 1866 1938 ,
1894 1897 2047 1935 adrutum
2066 1897 2166 1936 facile
2181 1901 2368 1950 intelliges.
2395 1902 2473 1939 Ari-

1307 1946 1421 1993 stippe
1444 1946 1547 1982 foelix
1576 1945 1786 1982 conservent
1810 1952 1845 1982 te
1870 1944 1934 1983 Dii
1954 1960 1962 1984 z
2012 1947 2185 1995 Aristippe
2212 1951 2328 1992 bone,
2364 1949 2473 1988 salve:

1308 1994 1484 2043 Aristippe
1502 1994 1625 2037 done,
1651 1996 1689 2031 in
1710 1996 1821 2041 patria
1843 1993 1888 2032 de
1907 2003 1941 2031 te
1956 1996 2084 2044 ecquid
2104 1997 2262 2036 dicamus
2277 2000 2400 2045 jubes?
2422 2011 2476 2037 re-

1309 2046 1493 2086 nunciate,
1516 2045 1582 2085 ait,
1610 2044 1746 2081 civibus
1771 2046 1880 2087 men,
1902 2051 1943 2081 ut
1963 2045 2134 2093 ejusmodi
2151 2046 2213 2084 fibi
2231 2059 2319 2096 opes
2332 2057 2474 2096 parent,

1310 2105 1388 2142 quae
1409 2094 1512 2130 sraela
1530 2095 1611 2130 navi
1636 2104 1705 2130 una
1725 2105 1808 2129 cum
1831 2092 1986 2131 domino
2013 2102 2166 2133 enatent.
2220 2096 2256 2136 O
2275 2099 2476 2145 praeclaram

1309 2142 1552 2191 opulentiam!
1581 2142 1619 2182 O
1634 2143 1800 2190 quaestum
1814 2144 1944 2179 mentis
1964 2144 2131 2180 uberem!
2156 2145 2192 2184 O
2211 2146 2314 2183 foelix
2328 2147 2475 2184 lucrum!

1310 2190 1595 2241 conditioneque
1617 2191 1734 2228 nostra
1754 2193 1941 2235 omnium,
1979 2201 2173 2243 naturaque
2197 2207 2279 2232 vere
2304 2196 2473 2244 dignum!

1309 2243 1348 2279 &
1368 2243 1406 2278 in
1427 2254 1501 2289 quo
1527 2240 1793 2290 persequendo,
1821 2241 1924 2278 nullo
1948 2254 2015 2279 nos
2041 2251 2208 2290 oporteat
2233 2257 2348 2293 neque
2364 2246 2477 2282 obsta-

1311 2291 1395 2328 culo
1413 2292 1600 2339 impediri,
1626 2302 1694 2327 nec
1713 2289 1908 2327 labefat'tari
1921 2291 2132 2334 formidine,
2157 2305 2224 2331 nec
2243 2295 2402 2342 periculo
2417 2294 2478 2332 de-

1310 2342 1443 2377 terreri.
1493 2339 1599 2382 Haec,
1626 2340 1701 2376 haec
1729 2340 1929 2387 (inquam)
1957 2341 2015 2376 illa
2035 2342 2144 2379 animi
2160 2354 2241 2380 vera
2264 2344 2342 2380 sunt
2360 2345 2475 2386 bona,

1311 2389 1413 2427 Petre
1433 2389 1631 2431 d'Auserre,
1658 2400 1734 2437 quae
1752 2400 1867 2437 neque
1887 2390 2006 2437 fugam
2026 2390 2169 2433 moliri,
2196 2404 2312 2441 neque
2330 2395 2476 2430 concin-

1311 2450 1396 2475 nare
1425 2438 1552 2480 dolos,
1588 2449 1706 2486 neque
1733 2436 1870 2474 infidias
1901 2438 2029 2475 struere
2061 2439 2212 2478 alumnis
2241 2443 2304 2478 suis
2334 2454 2476 2479 novere.

1311 2488 1366 2527 Ab
1387 2489 1427 2524 iis
1441 2488 1553 2524 aliena
1568 2499 1645 2535 quae
1659 2487 1753 2528 sunt,
1780 2487 1915 2535 fragilia
1934 2487 2029 2528 sunt,
2056 2488 2187 2525 caduca
2205 2497 2309 2539 atque
2323 2492 2476 2539 fugacia:

1311 2536 1629 2585 poffefforibusque
1642 2535 1707 2572 suis
1723 2536 1817 2572 haud
1836 2547 1914 2572 raro
1935 2537 2147 2584 perniciosa:
2162 2536 2264 2586 'quos
2284 2540 2371 2576 locis
2390 2541 2478 2577 mul·

1313 2588 1358 2623 tis
1378 2586 1533 2634 prodere
1563 2593 1668 2633 atque
1690 2585 1810 2622 fallere
1833 2586 2101 2623 consueverunt.
2152 2587 2239 2633 Quo
2262 2588 2386 2625 fastum
2413 2590 2476 2632 est,

1314 2643 1354 2673 ut
1375 2635 1421 2672 ad
1448 2635 1568 2672 divina
1599 2634 1658 2671 iila
1680 2633 1824 2671 subfidia
1849 2635 2045 2683 praestantes
2071 2638 2218 2683 ingenio
2256 2640 2339 2679 viri,
2374 2638 2477 2676 alacri

1314 2686 1451 2733 semper
1467 2686 1589 2721 animo
1612 2684 1894 2720 convolaverint.
1945 2684 2156 2722 Universum
2181 2687 2253 2723 fere
2281 2688 2404 2723 orbem
2432 2687 2478 2722 sa-

1315 2735 1459 2783 pientiae
1483 2733 1673 2771 dulcedine
1688 2740 1810 2781 captus
1833 2732 1969 2770 Samius
1993 2734 2176 2782 quondam
2199 2735 2389 2784 peragrasse
2413 2736 2478 2784 Py-

1315 2783 1490 2832 thogoras
1505 2783 1633 2820 fertur:
1660 2784 1781 2831 reique
1801 2782 1902 2827 hujus
1923 2782 2058 2830 inclyto
2076 2784 2219 2821 tandem
2245 2792 2384 2832 reperto
2405 2786 2479 2832 pal-

1315 2834 1450 2883 matio,
1477 2832 1724 2880 praestantioris
1751 2830 1926 2878 cujusdam
1951 2831 2117 2868 doctrinae
2142 2833 2297 2870 mirificis
2318 2834 2478 2871 institutis

1315 2882 1422 2920 Italiae
1444 2881 1544 2918 illam
1560 2893 1664 2918 oram
1683 2881 1815 2917 affatim
1839 2881 2040 2926 exorna11e3
2068 2893 2143 2929 quae
2165 2883 2214 2918 ob
2237 2882 2388 2919 dostoris
2403 2891 2479 2920 tan-

1315 2932 1344 2967 ti
1368 2932 1539 2967 eximiam
1556 2930 1789 2978 dignitatem,
1815 2941 1943 2977 magna
1964 2930 2012 2966 est
2034 2942 2051 2966 a
2075 2930 2193 2978 priscis
2226 2930 2358 2968 Graecia
2388 2944 2479 2969 nun-

1317 2987 1454 3028 cupata.
1504 2979 1615 3026 'Cujus
1631 2977 1859 3016 laudatiilima
1882 2980 1919 3014 in
1947 2990 1982 3014 re
2003 2978 2103 3015 Plato
2132 2980 2292 3026 exempla
2320 2980 2476 3024 secutus,

1316 3028 1402 3067 Afiae
1419 3028 1626 3066 solitudines
1648 3029 1775 3069 vastaS,
1803 3027 2069 3075 inexplicabiles
2090 3027 2303 3076 sinuosalque
2327 3028 2401 3066 Nili
2434 3033 2481 3067 ri..

1316 3088 1378 3127 pas
1392 3106 1400 3120 ,
1428 3085 1467 3116 ut
1480 3078 1671 3127 AEgyptios
1683 3077 1878 3114 sacerdotes
1891 3077 2025 3113 videret
2035 3105 2044 3118 ,
2070 3076 2316 3125 scientiamque
2334 3078 2480 3118 illorum

1318 3128 1494 3170 hauriret,
1521 3139 1598 3164 non
1610 3125 1681 3163 sine
1696 3138 1829 3173 magno
1840 3126 1962 3162 labore
1977 3126 2105 3162 dicitur
2125 3133 2341 3174 pervagatus.
2370 3128 2478 3172 Quo,

1318 3176 1422 3214 fimili
1448 3184 1568 3224 raptos
1601 3187 1724 3213 amore
1754 3175 1976 3216 Homerum,
2004 3173 2245 3222 Melampum,
2272 3174 2481 3220 Daedalum‚

1320 3226 1496 3264 Musaeum
1516 3233 1621 3274 atque
1642 3225 1837 3265 Solonem,
1863 3223 2124 3271 Tyanaeumque
2150 3223 2385 3270 Apollonium
2404 3238 2482 3273 per.

1321 3276 1448 3312 hibent
1466 3273 1678 3312 convolasse.
1704 3273 1935 3320 Quapropter
1954 3274 2068 3308 minus
2084 3273 2148 3307 erit
2163 3272 2361 3309 mirandum
2375 3274 2482 3311 Athe-

1321 3325 1480 3361 niensem
1499 3323 1611 3372 ipsum
1630 3322 1834 3363 Platonem,
1863 3328 1901 3357 ut
1913 3322 1953 3357 ab
1964 3320 2105 3358 archita
2116 3320 2261 3357 Tarenti
2274 3349 2283 3363 ,
2312 3335 2330 3358 a
2343 3322 2482 3360 Timaeo

1324 3375 1361 3410 δε
1381 3373 1515 3410 Arione
1533 3372 1657 3410 Locris
1678 3371 1886 3418 Pythagorae
1909 3376 2083 3417 praecepta
2105 3371 2328 3418 institutaque
2346 3374 2482 3420 accipe-

1322 3429 1395 3463 ret,
1423 3424 1460 3458 in
1479 3422 1616 3458 ltaliam
1638 3422 1743 3457 ctiam
1762 3419 1827 3455 eise
1854 3417 2103 3464 transgressum.
2153 3417 2241 3455 Non
2264 3422 2358 3456 enim
2383 3430 2481 3458 aetate

1323 3471 1402 3512 illa,
1429 3472 1505 3506 auri
1528 3470 1619 3507 sacra
1638 3469 1765 3505 fames:
1804 3479 1879 3504 non
1906 3467 2011 3502 fucati
2037 3466 2186 3504 honoris
2207 3467 2380 3505 ambitio:
2424 3470 2481 3506 sed

1323 3519 1521 3568 prudentiae
1539 3531 1579 3555 ac
1594 3519 1780 3566 probitatis
1807 3518 1961 3551 summus
1992 3526 2112 3556 amor,
2136 3516 2306 3565 famaeque
2324 3520 2480 3554 nominis

1324 3567 1610 3616 ardorinfignis,
1639 3575 1775 3603 mentes
1803 3565 1992 3600 hominum
2021 3567 2241 3613 perurgebat.
2297 3565 2481 3604 Abderites

1324 3617 1385 3654 ille
1402 3617 1634 3654 Democritus
1660 3628 1704 3651 ex
1724 3615 1921 3660 longinqua
1943 3613 2147 3662 diutinaque
2175 3617 2480 3661 peregrinatione,

1325 3679 1432 3715 quam
1450 3666 1635 3712 Sapientiae
1657 3664 1753 3699 causa
1766 3661 1974 3708 susceperat,
2004 3664 2039 3697 in
2054 3664 2203 3708 patriam
2220 3662 2410 3711 aliquando
2429 3678 2483 3701 re-

1325 3715 1458 3752 versus:
1487 3726 1569 3750 curn
1586 3711 1808 3759 possesliones
1831 3709 1904 3746 suas
1931 3710 2076 3746 desertas
2095 3739 2104 3752 ,
2131 3711 2332 3759 incultaque
2356 3714 2484 3760 praedia

1326 3763 1477 3800 vidisset:
1506 3761 1611 3800 Haud
1629 3760 1733 3796 essem
1760 3759 1921 3805 (inquit)
1950 3759 2058 3795 salvus
2081 3771 2171 3807 ego,
2199 3760 2261 3795 nili
2284 3762 2358 3797 baec
2380 3764 2483 3809 peris-

1326 3813 1409 3849 sent.
1461 3811 1561 3856 Quid
1589 3809 1806 3846 Philoxenus
1828 3807 2051 3854 Melopaeus'!
2078 3820 2199 3844 nonne
2218 3809 2393 3855 praesentia
2413 3813 2484 3847 ani-

1326 3864 1377 3898 mi
1394 3862 1468 3908 pari
1489 3861 1597 3894 vitam
1617 3869 1656 3893 ac
1676 3857 1826 3893 domum
1846 3856 2143 3903 opulentissimam
2166 3859 2203 3892 in
2232 3858 2373 3894 colonia
2390 3860 2485 3896 Sicu-

1326 3911 1378 3946 la.
1406 3907 1608 3945 haereditate
1642 3906 1782 3942 nactus:
1825 3906 1987 3947 deficiam,
2015 3905 2239 3952 voluptateS,
2266 3907 2486 3954 indigenam-

1327 3970 1397 4007 que
1421 3959 1454 3994 ἃ
1472 3967 1602 4005 parum
1617 3954 1770 3992 sobriam
1791 3957 1908 4003 gentis
1929 3954 2031 4001 hujus
2051 3955 2262 4003 elegantiam
2278 3956 2484 3993 demiratus:

1847 4015 1873 4051 g
2442 4006 2488 4042 ad
