2641 4187
0 3715 16 4114 Jffix‘ufigff'ssvv'
2 3691 3 3695 Α
0 3663 6 3669 '

500 134 538 171 Ε
637 135 667 170 R
763 136 791 170 A

104 224 167 248 ecre
180 217 323 248 JErarium.
353 216 440 247 Idem.
486 216 582 252 [Sane
595 218 621 246 ξε
634 216 793 245 Vulcatium
807 218 935 255 suspicor,
954 218 1091 250 AErarium
1109 221 1136 250 P.
1151 221 1169 249 i.
1182 231 1206 250 e.

105 255 202 292 populi
214 255 348 292 scripsisse,
360 255 434 290 quod
445 253 543 282 sciolus
552 251 650 290 aliquis
663 255 692 282 in
707 254 850 283 l'iiblicum
862 258 986 286 mutavit.

87 293 128 323 istd
139 293 263 322 ararium
273 294 391 321 rationes
400 291 458 320 suas
468 292 623 320 referebant
638 293 816 328 imperatores
827 295 999 323 exercituum
1012 304 1045 324 cx
1057 296 1209 333 provinciis:

106 331 292 363 decedentes,
315 331 330 358 i.
352 339 374 358 e.
403 331 557 366 Computos
568 328 735 362 reddebant,
756 337 786 358 ut
801 340 875 359 nunc
886 332 1034 368 loquimur.
1054 333 1113 361 Cic.
1129 333 1156 360 in
1170 333 1210 361 l'i-

105 367 164 432 gon.
182 372 225 396 61.
256 368 402 396 Rationem
411 367 446 395 ad
453 368 577 396 aerarium
588 366 669 395 retuli
681 367 816 396 continuo
826 368 911 397 Cat-stu
921 391 929 405 ,
944 369 1011 398 sicut
1022 369 1064 399 lex
1075 379 1122 399 tua
1132 370 1209 406 jube-

127 410 153 433 at
185 405 308 433 Budieus.

86 441 221 473 ffirurium
233 441 358 470 militare.
381 441 456 470 Suet.
486 442 550 477 Aug.
561 451 607 476 49.
617 444 642 470 6.
675 439 810 470 IErarium
824 442 943 472 militare
953 452 1017 472 cum
1029 443 1210 480 vectigalibus

105 481 185 509 novis
203 479 351 508 constituit.
374 479 401 508 h.
422 489 446 508 e.
478 478 564 515 Quod
580 478 756 516 peculiariter
775 482 1019 510 accommodatum
1033 480 1211 511 elletadsol-

105 517 196 545 venda
213 517 333 545 militurn
354 516 498 554 stipendia.

86 553 221 585 Erarium
237 554 382 592 publicum
398 554 478 583 Urbis
492 576 500 587 ,
526 552 580 582 fuit
597 554 707 583 Saturni
730 554 876 592 templum.
900 555 1034 585 Plutarch.
1057 557 1085 584 in
1108 557 1209 593 Qua‘st.

106 592 188 622 Rom.
206 602 234 629 p.
249 601 290 626 32.
305 592 349 621 ed.
372 592 458 620 Boxh.
481 591 537 620 Cur
551 592 661 621 Saturni
672 591 778 629 templo
786 599 900 621 utuntur
912 592 973 622 loco
987 595 1082 628 (erarii,
1095 594 1215 623 ibidem-

60 629 63 632 ”
106 639 162 666 que
178 631 371 658 contractuum
382 636 565 658 monumenta
583 629 746 659 adservant?
767 630 806 658 An
825 630 889 666 quia
898 631 1021 660 obtinuit
1037 632 1152 669 opinio,
1173 641 1213 660 re-

104 674 209 734 {nzifftc
218 668 333 696 Saturno
342 666 483 696 avaritiam
497 667 572 705 apud
584 667 713 697 homines
723 689 731 703 ,
754 666 970 705 injustitiamque
982 669 1077 698 locum
1093 679 1150 698 non
1167 669 1214 698 lia-

130 705 154 734 ui
180 706 217 734 εἳ)
239 707 291 734 &c

88 741 185 773 ffirarii
206 742 349 780 prrefec‘tos
360 741 444 771 hodie
460 742 471 777 (
482 748 513 772 ut
521 743 659 778 arbitror)
685 752 784 771 vocare
800 740 943 780 possumus
954 765 962 777 ,
985 754 1053 781 quos
1062 743 1214 773 Thesauru-

107 781 162 809 rios
171 780 289 809 dicunt:
312 780 453 817 quietiain
464 781 619 817 Qiaestores
635 780 751 809 vocitari
762 780 883 818 pollunt.
913 780 1054 811 Tribunos
1070 791 1135 811 vero
1151 792 1214 811 aua-

108 818 163 846 rios
176 840 182 853 ,
203 828 272 854 quos
283 818 451 855 Receptores
466 818 606 854 generales
617 817 767 856 appellant.
793 818 919 847 Budaeus.

87 855 225 887 §Erarium
235 856 361 885 Sanctius
376 856 409 884 ab
418 857 539 893 antiquis
554 856 659 885 dicrum
673 856 711 884 est
722 878 730 890 ,
748 856 824 893 quod
837 855 943 893 prorsus
954 857 1089 886 intadtum
1101 863 1166 891 erat,
1179 866 1215 886 ex

109 903 165 931 quo
194 892 264 922 ni'riil
277 894 369 932 promi
384 894 501 929 licebat,
526 894 575 922 nisi
592 894 621 922 in
641 893 746 922 summa
764 895 789 923 ἃ
809 903 897 931 prope
916 901 1039 924 extrema
1053 894 1215 932 reipublicae

108 931 277 961 necestitate.
295 931 351 961 Liv.
367 931 415 961 lib.
429 941 453 969 7.
473 930 587 961 secundi
599 931 664 960 belli
677 932 742 961 Puri.
754 933 857 960 Aurum
870 932 1081 967 viceiirnariuni,
1094 933 1169 970 quod
1186 932 1215 961 in

108 967 245 999 sanctiore
262 971 356 998 aerario
372 970 407 999 ad
428 969 542 999 ultimos
562 969 638 998 casus
658 967 833 1004 servabatur,
865 970 955 1006 promi
969 970 1083 1007 placuit.
1115 970 1173 999 Cic.
1188 979 1213 1006 7.

107 1008 164 1038 Art.
189 1007 288 1037 Attulit
307 1008 437 1037 mandata
450 1008 485 1036 ad
505 1006 638 1036 Consules
656 1014 686 1036 ut
704 1006 823 1036 Romam
843 1008 985 1042 venirent,
1026 1009 1166 1037 iecuniam
1179 1008 1216 1036 de

108 1044 246 1074 sanc‘tiore
261 1046 353 1075 aerario
367 1046 521 1080 auferrent,
542 1045 631 1074 statim
644 1045 754 1074 exirent
765 1044 833 1074 urbe
844 1044 945 1074 relicta.
968 1045 1007 1074 Bu
1031 1056 1094 1075 arus.
1117 1045 1182 1074 Caes.
1190 1055 1213 1074 1.

107 1082 178 1114 Bell.
192 1083 272 1113 Civil.
288 1094 329 1119 14.
370 1083 481 1120 Quibus
492 1082 573 1112 rebus
590 1083 709 1112 Romam
718 1083 869 1117 nuntiatis,
888 1089 981 1112 tantus
999 1090 1115 1121 repente
1130 1090 1216 1112 terror

108 1120 224 1156 invasit,
245 1128 276 1150 ut
287 1131 373 1157 quum
390 1120 521 1150 Lentulus
539 1120 643 1150 Consul
654 1121 690 1149 ad
700 1121 883 1158 aperiendum
895 1122 1019 1150 aerarium
1030 1121 1164 1156 venisset,
1180 1121 1217 1150 ad

109 1159 261 1198 pecuniam
280 1159 413 1197 Pompeio
431 1168 466 1188 ex
497 1169 517 1187 s.
540 1168 566 1188 c.
587 1158 793 1197 proferendam,
816 1159 945 1197 protinus
963 1166 1058 1197 aperto
1081 1159 1216 1189 sanctiore

112 1198 206 1226 a‘rario
224 1207 259 1226 ex
280 1196 346 1226 urbe
359 1197 527 1234 profugeret.

53 1232 253 1268 Esar-ius,
288 1235 317 1263 ii.
338 1244 374 1263 ni.
408 1233 559 1270 [χαλκεὺς]
580 1235 638 1272 Qui
654 1244 722 1264 aerea
733 1243 818 1272 opera
828 1234 987 1265 fabricatur.
1014 1235 1084 1265 Plin.
1104 1234 1153 1264 lib.
1171 1237 1215 1264 16.

93 1282 154 1311 cap.
164 1276 191 1301 6.
213 1271 303 1301 Carbo
315 1272 345 1300 in
359 1271 527 1301 AErariorum
543 1280 652 1302 tanturn
667 1272 788 1301 officinis
802 1273 982 1310 compendio.

53 1308 139 1343 §Eira
149 1320 182 1338 81
193 1320 211 1339 υ·
221 1319 233 1339 s
258 1309 315 1339 fieri
333 1309 478 1339 dicebatur
488 1332 496 1345 ,
521 1311 567 1347 qui
584 1310 710 1348 plebeius
726 1320 742 1338 a
752 1309 918 1339 Censoribus
933 1311 962 1340 in
972 1311 1096 1340 Ceritum
1108 1310 1217 1340 tabulas

90 1347 277 1382 referebatur,
299 1357 331 1377 ac
343 1358 392 1385 per
406 1348 460 1377 hoc
478 1358 536 1377 non
547 1349 614 1378 esset
629 1349 659 1377 in
676 1348 740 1377 albo
753 1349 884 1377 centuria:
899 1348 967 1378 suae:
987 1348 1095 1378 scilicet
1112 1349 1147 1378 ad
1162 1349 1217 1377 hoc

90 1392 124 1415 ut
133 1384 200 1414 esset
214 1386 281 1415 civis
290 1408 298 1421 ,
319 1386 367 1415 sed
380 1386 578 1415 tantummodo
588 1393 620 1416 ut
632 1396 683 1424 pro
698 1386 790 1423 capite
797 1385 844 1415 suo
856 1386 953 1416 tributi
964 1388 1080 1416 nomine
1089 1397 1140 1416 fera
1148 1396 1219 1424 pen-

89 1423 176 1453 deret.
214 1423 281 1453 Haec
291 1424 408 1453 Budaeus
423 1424 479 1453 fere
494 1434 529 1453 ex
541 1424 658 1454 Asconio
670 1425 705 1453 ad
718 1424 839 1453 Divinat.
853 1425 884 1454 C.
903 1434 927 1461 3.
949 1424 1030 1454 Conf.
1046 1425 1116 1454 Gell.
1129 1436 1155 1461 4.
1169 1434 1214 1453 20.

91 1463 120 1492 ἃ
132 1463 173 1490 16.
195 1471 236 1498 13.
278 1461 359 1491 Unde
371 1463 497 1491 aerarium
510 1462 617 1498 facere,
639 1464 665 1492 Sc
679 1463 751 1491 inter
765 1463 872 1492 aeiarios
883 1485 891 1498 ,
914 1463 966 1491 sive
976 1463 1005 1492 in
1013 1464 1120 1492 azrarios
1135 1462 1218 1491 refer-

90 1509 123 1531 πε
144 1500 170 1529 δι
188 1500 312 1529 aerarium
331 1499 487 1538 relinquere
514 1510 565 1538 pro
580 1501 682 1530 eodem
705 1500 852 1538 leguntur:
887 1501 914 1530 h.
945 1510 968 1529 e.
1006 1500 1043 1529 Ea
1062 1501 1218 1538 ignominia

90 1538 252 1604 guempiam
271 1537 387 1568 afficere.
420 1538 496 1576 quod
510 1540 554 1574 jus
575 1539 686 1577 proprie
701 1539 737 1568 ad
751 1538 883 1568 Censores
893 1538 1058 1576 pertinebat.
1093 1538 1151 1568 cic.
1165 1547 1217 1575 pro

118 1574 204 1604 luent.
218 1585 279 1605 122.
317 1575 354 1605 Ut
373 1576 442 1605 alter
452 1577 481 1605 in
496 1577 604 1606 aerarios
620 1577 732 1611 referri,
753 1583 801 1605 aut
812 1576 887 1606 tribu
903 1577 1008 1606 moveri
1019 1576 1115 1612 jubeat
1125 1599 1132 1611 ,
1150 1577 1218 1605 alter

91 1619 175 1643 vetet.
202 1613 273 1643 lbid.
292 1618 353 1644 126.
376 1614 535 1644 Utscribam
548 1616 632 1651 jurati
646 1614 771 1652 legerent
787 1624 852 1643 euin
865 1637 873 1650 ,
895 1625 978 1652 quem
993 1615 1079 1643 iidem
1096 1615 1138 1643 isti
1155 1624 1219 1643 ceia-

88 1650 164 1681 sores
181 1652 305 1682 ferarium
321 1651 502 1690 reliquissent.
523 1652 581 1682 Liv.
600 1652 650 1682 lib.
663 1664 690 1688 4.
712 1651 827 1682 secundi
835 1652 902 1682 Bell.
914 1653 981 1682 Puri.
1004 1652 1063 1688 His,
1074 1652 1219 1690 superiori-

89 1688 200 1726 busque
214 1689 268 1719 illis
291 1691 354 1727 equi
376 1691 519 1728 adempti,
547 1691 594 1728 qui
634 1690 761 1720 ublicum
779 1700 882 1728 equum
900 1690 1056 1726 habebant,
1088 1690 1219 1728 tribuque

89 1728 181 1762 moti,
203 1728 288 1758 aerarii
299 1738 398 1758 omnes
413 1728 487 1758 faeti.
513 1728 600 1759 Valer.
612 1701 661 1758 lib.
677 1737 703 1758 2.
725 1739 786 1767 cap.
800 1729 836 1758 de
855 1728 966 1758 Censor.
1000 1728 1138 1758 Salinator
1153 1736 1218 1758 vero

98 1766 212 1796 'uatuor
221 1772 303 1804 atque
316 1767 429 1804 triginta
440 1766 527 1796 tribus
539 1767 613 1796 inter
629 1767 736 1796 aerarios
749 1767 849 1796 referre
863 1777 921 1796 non
941 1766 1086 1796 dubitavit.

119 1813 136 1833 x
156 1804 256 1833 aerariis
275 1805 398 1834 eximere
413 1803 506 1834 Latini
524 1804 673 1840 dicebant,
701 1814 766 1834 cum
782 1804 906 1842 aliquem
916 1805 1048 1843 praedicta
1065 1804 1221 1841 ignominia

111 1841 249 1871 levabant.
279 1842 408 1873 Budaeus.
440 1843 499 1873 Cic.
510 1853 536 1873 2.
554 1843 590 1873 de
600 1843 677 1873 Orat.
690 1847 754 1877 268.
794 1843 820 1872 Is
839 1843 886 1880 qui
899 1852 926 1873 te
935 1853 970 1873 ex
984 1843 1084 1872 aerariis
1095 1843 1200 1872 exemit
1210 1864 1219 1877 ,

69 1898 73 1899 ν
110 1879 226 1909 lustrum
244 1881 382 1910 condidit.

54 1916 257 1954 AERAsrus,
279 1927 316 1954 a,
336 1929 393 1949 um.
416 1919 503 1955 Quod
520 1919 555 1948 ad
573 1928 609 1948 aes
625 1919 756 1958 pertinet.
779 1917 849 1948 Plin.
869 1917 971 1955 lib-3³·
992 1929 1053 1957 cap.
1069 1929 1093 1955 5.
1115 1918 1222 1948 Lauda-

91 1955 193 1985 tiorem
206 1956 325 2023 eaRdem
336 1957 366 1986 in
377 1957 477 1987 aerariis
484 1956 604 1987 metallis
617 1980 626 1993 ,
650 1959 677 1988 &
686 1956 844 1996 proximam
864 1957 893 1986 in
905 1958 1066 1995 argentariis
1077 1957 1137 1987 fieri
1146 1967 1223 1986 com-

115 2001 206 2022 ertum
221 2004 236 2024 e
261 2017 268 2024 .

91 2003 212 2063 &rarius
224 2032 302 2062 faber
312 2054 319 2067 ,
340 2033 398 2070 Qui
413 2043 497 2070 opera
510 2043 546 2063 ex
557 2043 609 2063 aere
621 2033 745 2063 fabricat.
767 2032 836 2062 Plin.
857 2032 906 2062 lib.
920 2041 962 2070 34.
984 2043 1046 2071 cap.
1064 2039 1090 2068 8.
1112 2035 1138 2063 8.-
1157 2043 1219 2071 cap.

113 2080 140 2100 1.
164 2070 185 2099 A
206 2080 269 2108 rege
283 2070 378 2100 Numa
396 2071 522 2109 collegio
531 2072 615 2101 tertio
634 2071 743 2102 fabrum
758 2071 915 2100 aerarioruin
927 2071 1062 2101 instituto.
1102 2071 1223 2103 Fabn‘im

111 2117 162 2153 pro
180 2108 322 2138 fabrorum
336 2131 344 2144 ,
363 2119 414 2147 per
432 2109 584 2148 syncopen.

89 2145 227 2178 AErariam
239 2145 373 2176 fabricam
382 2146 431 2176 alii
447 2147 585 2185 Chalybas
599 2147 758 2177 monstrasse
768 2153 869 2185 putarit
879 2170 887 2182 ,
915 2146 961 2177 alii
981 2146 1127 2186 Cyclopas.
1148 2146 1220 2177 Plin.

115 2183 165 2214 lib.
175 2193 199 2222 7.
213 2194 273 2222 cap.
287 2188 332 2220 5⁶-
361 2185 393 2214 V.
414 2195 482 2215 mox
500 2186 629 2215 Officina.

93 2221 305 2260 Torariuslapis,
326 2232 362 2252 ex
374 2232 430 2261 quo
441 2233 476 2253 aes
491 2225 630 2262 coquitur.
660 2223 730 2253 Plin.
749 2223 798 2253 lib.
811 2233 854 2260 34.
877 2233 937 2262 cap.
953 2233 995 2252 12.
1018 2223 1145 2253 Scolecia
1153 2223 1185 2252 fit
1196 2224 1222 2253 St

133 2260 196 2290 erse
207 2261 262 2291 rasa
272 2260 307 2290 ab
319 2262 415 2291 aerario
432 2261 527 2300 lapide
536 2284 544 2297 ,
566 2262 602 2291 de
615 2272 671 2300 quo
682 2271 760 2291 nunc
778 2261 914 2292 dicemus.
951 2261 1103 2291 Chalcitim
1120 2267 1224 2291 vocant

124 2299 252 2336 apidem,
272 2308 307 2328 ex
317 2309 373 2366 quse
387 2299 516 2338 &ipsum
530 2310 566 2330 aes
587 2301 724 2338 coquitur.

93 2337 217 2373 Milites,
237 2343 270 2367 ut
283 2337 323 2367 ait
356 2347 417 2367 arro
426 2349 454 2375 4.
472 2338 509 2368 de
523 2337 553 2369 L.
565 2337 596 2368 L.
617 2339 752 2368 dicuntur
763 2337 797 2367 ab
812 2338 875 2369 AEre
885 2361 893 2374 ,
915 2338 992 2376 quod
1006 2338 1144 2376 stipendia
1152 2338 1225 2368 face-

113 2380 184 2405 rent.

90 2412 224 2443 Officina.
253 2412 322 2443 Plin.
334 2411 384 2442 lib.
399 2418 443 2448 18.
455 2424 516 2452 cap.
539 2423 581 2444 10.
604 2414 707 2445 AEraria
720 2414 838 2450 fabrica,
860 2413 948 2444 Idem.
976 2413 1008 2444 V.
1030 2413 1114 2452 paulo
1128 2419 1202 2444 ante.

93 2451 213 2482 AErarios
233 2450 388 2488 Quaestores
405 2451 493 2482 hodie
508 2462 608 2482 vocare
628 2452 771 2491 possumus
786 2462 834 2482 eos
856 2462 925 2490 quos
943 2451 1132 2489 Mulstarum,
1154 2453 1173 2482 i.
1196 2462 1221 2482 e.

113 2488 301 2519 Emendarum
309 2496 467 2528 receptores
477 2497 589 2522 vocant.
609 2491 701 2521 Tacit.
723 2500 765 2528 13.
788 2492 859 2521 Arm.
868 2496 913 2525 28.
955 2490 985 2520 V.
1015 2501 1203 2526 Qufflsroa.

94 2527 198 2559 AEraria
221 2528 299 2557 ratio.
339 2527 370 2557 V.
392 2538 520 2558 tta-1⁸10.

95 2566 192 2598 IErarii
203 2565 327 2601 tribuni,
355 2576 371 2595 a
383 2566 536 2596 tribuendo
545 2576 597 2596 aere
615 2566 678 2597 sunt
690 2566 834 2605 appellati.
875 2566 942 2596 Haec
953 2566 1056 2596 Festus.
1087 2567 1121 2596 At
1139 2566 1224 2596 Varro

111 2604 148 2633 de
159 2602 189 2633 L.
203 2602 234 2633 L.
255 2603 305 2634 lib.
321 2614 348 2640 4.
373 2603 541 2640 Tributum,
559 2605 670 2642 inquit,
692 2605 979 2635 diclumatribubus:
1002 2605 1078 2642 quod
1088 2614 1120 2634 ea
1139 2615 1224 2642 pecu-

113 2642 163 2671 nia
176 2652 236 2680 quae
247 2652 263 2671 a
275 2640 383 2680 populo
392 2643 528 2681 imperata
544 2649 621 2678 erat,
641 2643 791 2673 tributima
802 2643 913 2681 singulis
922 2653 974 2682 pro
987 2643 1118 2681 portione
1126 2643 1224 2673 census

110 2679 286 2717 exigebatur.
326 2680 366 2709 Ab
376 2690 426 2717 eo,
468 2680 551 2710 uibus
561 2680 692 2711 attributa
711 2689 770 2711 erat
802 2682 902 2711 ecunia
915 2704 922 2716 ,
944 2688 975 2710 ut
992 2681 1073 2710 militi
1085 2681 1222 2717 reddant,

111 2716 236 2748 Tribuni
246 2719 332 2748 aerarii
343 2718 421 2749 disti.
449 2691 493 2748 qV.
511 2719 569 2748 Cic.
587 2729 610 2748 1.
626 2720 680 2749 Att.
701 2723 743 2749 16.
793 2719 886 2749 ribuni
899 2730 957 2749 non
968 2720 1116 2754 tamaerati,
1129 2729 1222 2756 quam,

112 2762 147 2786 ut
155 2755 345 2794 appellantur,
367 2757 461 2787 aerarii.
482 2757 529 2787 Sic
543 2757 623 2787 MSS.
660 2757 693 2787 V.
714 2767 782 2787 mox
803 2767 969 2787 AERATus.
991 2757 1065 2786 conf.
1081 2757 1120 2786 ibi
1135 2757 1222 2787 Graev.

115 2803 152 2823 ex
161 2794 248 2824 Turn.
263 2804 288 2830 9.
306 2804 328 2824 1.
351 2796 400 2832 qui
409 2795 546 2825 AErarium
555 2801 587 2824 ut
598 2795 795 2825 Nummarium
803 2795 863 2825 vult
871 2796 924 2825 else
936 2802 1098 2833 corruptum
1112 2795 1184 2825 AEre.

62 2834 243 2867 AERKTUS,
265 2832 326 2868 Adj.
349 2829 517 2869 [χαλκωτὲς]
536 2833 625 2870 Quod
638 2844 691 2863 aere
700 2835 805 2863 tectum
815 2833 860 2863 vel
873 2834 1036 2863 instructum
1051 2833 1098 2862 est.
1119 2833 1139 2863 F
1142 2834 1164 2862 it
1178 2843 1226 2862 au-

57 2874 60 2878 *
97 2876 155 2900 tem
168 2869 202 2899 ab
211 2870 273 2900 AEre
283 2892 291 2905 ,
311 2877 342 2900 ut
351 2871 466 2901 Auratus
477 2871 512 2901 ab
523 2872 605 2901 Auro.
629 2871 687 2902 Cic.
700 2883 727 2909 4.
750 2872 825 2902 Verr.
834 2875 880 2902 60.
918 2872 980 2909 Jam
991 2881 1056 2901 vero
1065 2871 1152 2901 lectos
1163 2881 1226 2901 aera-

96 2913 142 2938 tos
152 2931 160 2943 ,
183 2910 210 2938 Sc
221 2908 387 2938 candelabra
398 2919 483 2939 aenea.

46 2969 49 2975 .
96 2946 182 2978 Abaci
197 2946 280 2976 aerati.
320 2946 352 2976 V.
373 2947 460 2983 infra,
480 2947 557 2978 Ostia
581 2953 671 2978 aerata.

45 2996 50 3003 ·
96 2984 196 3016 IEratae
213 2985 294 3014 acies.
334 2984 368 3015 V.

396 2995 415 3014 A
424 2995 442 3015 c
451 2997 460 3014 1
470 2995 484 3015 Ε
493 2996 512 3015 s.

74 3022 616 3105 x—Crategmffiabthszr‘gpgigrggssgnant
634 3064 750 3100 pectora
767 3067 864 3092 crates.

99 3097 200 3128 Classes
213 3121 221 3135 ,
243 3099 333 3128 Naves
345 3099 436 3130 rostris
447 3101 523 3131 aereis
532 3101 658 3131 munitae.
682 3101 756 3140 Virg.
772 3107 798 3136 8.
821 3100 883 3132 AEn.
897 3102 960 3138 ⁶75·

101 3135 153 3174 Cly
174 3146 231 3166 eus.
253 3136 303 3166 Sil.
315 3136 362 3166 lib.
381 3147 423 3172 15-

98 3146 205 3213 Culgis.
229 3175 314 3205 Ovid.
338 3186 361 3210 ς.
382 3175 454 3206 Met.
466 3187 492 3213 9.

98 3210 190 3243 fores.
211 3212 306 3243 Tibul.
321 3212 370 3243 lib.
389 3221 411 3243 1.
427 3224 452 3251 3.
464 3223 509 3252 72.

100 3248 194 3281 Homo
218 3258 331 3287 aeratus,
359 3250 424 3282 AEre
438 3253 531 3282 alieno
545 3252 710 3283 obstric‘tus:
744 3252 793 3291 qui
811 3252 935 3282 usitatius
950 3251 1052 3281 dicitur
1070 3250 1226 3282 Obaeratus.

118 3288 178 3318 Cic.
202 3299 224 3319 1.
246 3290 300 3320 Att.
320 3293 363 3319 16.
386 3290 522 3320 Maculosi
536 3291 702 3327 Senatores,
724 3292 795 3321 nudi
813 3290 944 3328 Equites,
964 3290 1083 3319 Tribuni
1102 3296 1229 3319 nontam

118 3327 205 3356 aerarii
219 3333 250 3357 ut
263 3327 439 3366 appellantur
450 3351 459 3364 ,
480 3339 564 3366 quam
580 3329 663 3358 aerati.
718 3330 789 3365 [Sic
804 3330 881 3358 enim
899 3328 1030 3357 nonnulli
1050 3327 1162 3364 legunt,
1182 3327 1229 3356 sed

117 3365 226 3403 praestat
233 3375 296 3395 eam
307 3366 383 3403 sequi
399 3366 569 3402 lectionem,
593 3377 676 3404 quarn
685 3367 770 3404 paulo
781 3374 846 3396 ante
860 3365 1062 3405 proposuimus.
1078 3367 1092 3400 ]
1119 3365 1230 3395 Plautus

119 3412 171 3441 pro
181 3403 333 3433 Pecunioso
342 3405 368 3433 &
377 3404 452 3434 Bene
461 3410 606 3434 nummato
616 3404 709 3442 posuit
718 3406 749 3434 in
756 3404 865 3435 Mostel.
881 3417 906 3441 4.
922 3414 946 3434 2.
958 3415 983 3440 9.
1004 3403 1138 3433 Ferocem
1150 3403 1229 3439 facis,

139 3441 185 3470 uia
194 3448 222 3471 te
236 3448 334 3472 aeratus
343 3451 425 3472 amat.
465 3443 520 3472 Sed
529 3444 559 3472 iri
580 3442 720 3481 plerisque
734 3442 939 3481 exemplaribus
955 3442 1057 3479 legitur
1066 3464 1075 3476 ,
1096 3442 1231 3472 Ferocem

149 3479 205 3515 cis,
229 3480 294 3517 quia
305 3486 334 3509 te
351 3479 433 3510 herus
445 3486 503 3511 tam
520 3487 603 3511 amat.

77 3516 80 3522 ’
102 3514 193 3546 Naves
202 3539 211 3552 ,
231 3527 293 3555 quae
302 3519 329 3548 ἃ
342 3517 473 3548 Rostratae
482 3519 657 3549 dicebantur.
693 3520 817 3549 Navium
830 3519 906 3548 enini
915 3518 999 3547 rostra
1008 3527 1042 3547 ex
1052 3527 1104 3547 aere
1113 3516 1231 3548 fiebant.

122 3553 186 3584 Caes.
200 3564 226 3585 2.
241 3555 311 3585 Bell.
322 3555 435 3592 Civil.3.
458 3557 583 3587 Interim.
595 3557 624 3587 L.
635 3557 764 3587 Nasidius
775 3568 790 3587 a
805 3557 855 3586 Cn.
869 3556 1003 3594 Pompeio
1018 3565 1083 3584 cum
1094 3555 1175 3585 class'e
1185 3566 1233 3585 na-

120 3593 197 3622 vium
206 3593 328 3623 sedecim
337 3617 345 3630 ,
370 3595 401 3623 in
411 3595 514 3632 quibus
524 3606 619 3634 paucae
629 3604 708 3625 erant
715 3603 813 3631 aeratze,
826 3595 854 3624 L.
867 3594 995 3624 Domitio
1008 3593 1234 3624 Maffilienfibus-

122 3639 177 3668 que
187 3629 306 3661 subsidio
327 3631 430 3662 miffus.
471 3633 502 3663 V.
525 3643 591 3663 mox
612 3634 719 3668 Prorae,
747 3635 865 3672 PuppeS.

101 3667 194 3705 Ostia,
216 3669 336 3699 Camillo
348 3671 545 3701 intercr'unina
556 3672 662 3708 objecit
675 3674 721 3710 Sp.
739 3671 875 3702 Carvilius
893 3669 1034 3707 Quaestor,
1057 3671 1133 3708 quod
1152 3677 1233 3700 aerata

121 3706 189 3735 ostia
196 3706 352 3737 *haberetin
362 3709 456 3738 domo.
498 3710 572 3739 Nam
587 3710 711 3739 triclinia
721 3717 802 3740 aerata
813 3733 821 3745 ,
843 3710 1000 3745 abacosque
1021 3710 1047 3738 ὃς
1057 3709 1233 3747 monopodia

121 3743 173 3811 Car.
186 3743 326 3813 lglanliilmg
336 3746 396 3776 Asia
408 3747 518 3777 devicta
529 3748 653 3787 primum
660 3748 796 3779 invexisse
807 3746 952 3785 triumpho
964 3745 1012 3777 suo
1023 3746 1053 3777 L.
1065 3746 1124 3778 Piso
1133 3747 1233 3779 author

121 3791 168 3811 e.
225 3792 263 3812 m.
295 3794 333 3813 1.
386 3794 510 3815 .ca..

103 3817 169 3849 Pila.
193 3820 316 3859 Propert.
332 3794 384 3852 li3b⁴l
393 3834 419 3859 4.
435 3795 458 3852 rp.
474 3795 518 3860 736.

102 3855 198 3888 Portae.
220 3858 304 3889 Ovid.
319 3865 344 3894 8.
367 3861 493 3896 Met.41.

101 3893 202 3925 Postes.
223 3896 297 3935 Virg.
315 3907 340 3927 2.
362 3899 424 3929 AEn.
439 3905 504 3935 481.

104 3931 203 3963 Prorae.
228 3934 298 3973 Virg.
315 3946 341 3972 9.
362 3936 425 3966 ffin.
441 3947 501 3966 121.

104 4006 186 4039 vm„
225 4009 247 4042 I·
261 3989 298 3995 —
316 3973 385 4005 hinc
401 3975 533 4043 virgineae
552 3974 701 4012 (mirabile
713 3974 890 4011 monstrum)

1694 144 1733 180 AE
1833 146 1853 180 S
1953 147 1980 181 A

1382 225 1513 254 Reddunt
1531 226 1556 255 sc
1578 225 1694 255 totidem
1712 226 1810 259 facies,
1833 234 1978 263 pontoque
1996 228 2138 266 seruntur,

1383 263 1461 297 Quot
1482 264 1554 299 prius
1574 273 1658 291 irrora:
1678 266 1803 293 steterant
1822 264 1856 292 aid
1875 264 1966 294 littora
1985 276 2079 303 prorae.

1303 296 1420 335 Puppcs.
1444 302 1528 329 (liiii.
1543 305 1567 329 52,
1593 302 1660 329 Met.
1681 311 1740 335 103.

1304 337 1412 364 becinis
1444 338 1514 371 Yirg.
1533 348 1571 367 ii.
1593 339 1654 367 Fan.
1672 344 1734 374 656.

1305 373 1382 401 Tela.
1405 374 1499 403 Tibul.
1521 375 1567 403 lib.
1595 387 1614 404 i.
1642 387 1680 405 10.
1699 387 1743 410 ας.

1307 409 1450 440 Triclinia.
1474 411 1504 439 V.
1528 413 1610 448 paulo
1625 422 1687 442 anre
1706 416 1732 442 in
1754 415 1837 444 Ostia.

1270 442 1326 474 IEP.
1338 450 1352 475 ί,
1364 458 1377 474 u
1390 458 1401 474 s
1416 469 1430 489 ³.
1456 449 1513 480 Adi.
1538 453 1540 482 Ι
1556 452 1696 485 ,ξαν-κήν]
1717 453 1818 481 dieitur
1831 452 1917 488 Quod
1939 461 1973 481 cx
1985 461 2036 481 acre
2044 452 2147 482 facium
2159 452 2210 482 cst:
2235 453 2347 490 quod&
2362 453 2429 484 Ahe-

1306 493 1373 512 num
1394 493 1478 525 ctiam
1499 487 1660 527 dictumest.
1684 489 1754 523 Virri.
1781 500 1802 519 1.
1824 491 1885 520 r'l-Ln.
1900 495 1963 524 448.

1386 522 1466 562 ]brcu
1483 532 1527 550 cui
1548 525 1676 559 igr-idibus
1695 526 1837 562 surgebant
1859 528 1971 561 limina,
2000 537 2133 564 nevitque

1387 558 1573 601 ilnretrabcsf-
1589 562 1692 602 loribus
1710 565 1791 593 turdo
1808 566 1937 594 stridebat
1955 565 2059 594 alicnis.
2123 565 2253 602 Loquitur
2274 565 2309 594 de
2326 565 2431 596 foribus

1305 595 1498 637 templu-nam
1515 599 1613 639 prisci,
1635 600 1699 640 teste
1723 601 1788 630 Pliu.
1813 602 1860 631 lib.
1883 612 1925 639 34.
1952 613 2012 640 cup.
2035 612 2058 640 3.
2083 603 2177 632 limina
2192 605 2276 632 etium
2297 614 2327 632 ac
2342 605 2431 634 valvas

1307 642 1341 674 (ρξ’
1357 642 1407 660 :cre
1419 643 1445 660 in
1460 634 1570 670 templis
1582 636 1749 666 lactitiverc.

1307 669 1387 698 Antea
1409 680 1482 698 aima
1503 673 1529 699 ot
1549 671 1602 700 tela
1622 672 1716 701 itidem
1730 685 1763 703 cx
1780 686 1830 704 atre
1855 678 1970 706 vetustas
1987 678 2098 707 habuit:
2130 685 2159 708 ut
2179 679 2216 707 cst
2239 679 2313 707 aiud
2332 678 2435 708 llomc·

1327 717 1387 735 ruin
1403 717 1409 735 t
1447 717 1507 743 qutt·
1529 708 1634 737 Combe
1651 711 1741 746 puella
1764 713 1789 740 in
1812 713 1914 743 laubosii
1928 716 2047 751 primurn
2062 718 2182 745 invenit:
2205 689 2279 745 unilc
2291 718 2434 752 cognomi-

2376 165 2421 196 99

1327 752 1390 773 nata
1402 744 1511 787 Chalcis
1520 746 1574 790 est..
1602 746 1687 789 „lanus
1699 748 1845 778 Parrhasius
1862 752 1889 779 in
1905 751 1951 781 lib.
1971 764 1990 781 i.
2014 753 2159 782 cliudmn
2173 754 2207 782 dc
2221 754 2298 791 liuptv
2311 754 2430 791 l‘ruscrp.

1312 781 1405 848 (ldll‘m
1417 783 1609 849 trstiillitlfsiclius
1621 785 1858 822 Antiq.Lect‚l.i9.
1873 799 1896 816 c.
1906 799 1944 818 io.
1958 790 2086 819 lcustuhii
2101 792 2287 821 testimonium
2301 792 2427 821 astetens.

1338 829 1351 847 a
1378 830 1407 848 ις.
1452 830 1589 855 1.1).3.

1312 857 1448 894 Ciypeus.
1478 857 1551 894 Virg.
1568 868 1609 886 12.
1631 858 1693 888 ffin.
1708 869 1769 893 541.

1311 895 1431 937 Cuspide
1444 906 1512 924 turea
1523 918 1530 930 ,
1553 896 1595 924 vel
1606 896 1697 933 gladio
1709 906 1780 925 :ereo
1791 897 1860 927 fiitfra
1870 899 1982 929 vulnera
1995 923 2001 935 ,
2026 903 2117 931 minus
2135 904 2234 932 afferre
2245 903 2358 937 doloris,
2370 904 2435 934 faci-

1328 932 1381 974 lius
1393 934 1475 975 eti-:un
1486 933 1621 970 persanari
1633 956 1640 968 ,
1663 934 1745 963 trudit
1758 935 1912 964 Aristotcles
1925 947 1930 964 :
1954 940 2028 974 quod
2043 941 2177 969 medicum
2189 942 2242 969 rim
2256 943 2393 977 quandam
2405 943 2434 972 in

1329 971 1501 1037 {iebobtini-ut
1522 982 1556 1000 ius
1569 994 1576 1006 ,
1597 981 1679 1008 quani
1693 972 1722 1000 in
1737 972 1849 1002 vulnere
1868 974 1957 1003 statim
1984 976 2126 1014 relinquat.
2162 979 2226 1007 Cel.
2251 981 2341 1017 Antiq.
2355 980 2430 1010 Leon

1372 1031 1377 1037 .
1397 1013 1437 1037 16.
1462 1019 1492 1037 ca
1516 1032 1521 1037 .
1545 1021 1568 1044 5.

1310 1045 1403 1075 Galea.
1426 1019 1537 1083 Vim-1³5·
1560 1046 1621 1076 JEn.
1635 1057 1706 1083 490.

1310 1083 1391 1112 Rota.
1414 1084 1486 1121 Virg.
1511 1096 1533 1119 ς.
1564 1085 1703 1128 IEn.274.

1313 1121 1444 1150 Seculum
1457 1131 1558 1151 atreum
1573 1144 1580 1154 .
1602 1122 1654 1151 sive
1662 1123 1736 1152 Aetas
1744 1132 1813 1152 aerea
1824 1145 1832 1156 ,
1858 1123 1960 1152 dicitur
1975 1125 2048 1161 apud
2061 1134 2155 1162 poetas·
2166 1136 2215 1164 pro
2228 1130 2307 1157 tertia
2320 1131 2365 1159 illa
2375 1138 2436 1159 κῃ-

1332 1166 1361 1188 te
1375 1182 1383 1194 ,
1406 1169 1466 1196 quse
1481 1160 1607 1189 successit
1627 1168 1772 1198 argenteae.
1805 1161 1886 1192 Hanc
1906 1161 2026 1191 Ovidius
2048 1163 2205 1201 mimicum,
2233 1167 2250 1195 i.
2273 1177 2295 1196 e.
2318 1170 2436 1198 [Ei-atam

1331 1197 1463 1234 appellat.
1487 1208 1508 1226 1.
1534 1198 1600 1227 Met.

1312 1234 1414 1264 Temo.
1436 1234 1511 1271 Virg.
1526 1245 1549 1271 3.
1573 1236 1671 1273 Georg.
1693 1245 1754 1273 173.

1312 1272 1374 1302 Vas.
1396 1272 1464 1301 Plin.
1476 1273 1522 1302 lib.
1538 1283 1578 1303 12.
1602 1283 1664 1311 cap.
1676 1284 1700 1310 7.

1313 1311 1426 1346 ffireus,
1447 1321 1496 1348 pro
1509 1312 1581 1341 Furti
1599 1334 1606 1347 ,
1627 1313 1746 1349 poetice.
1771 1312 1845 1350 Virg.
1865 1323 1888 1347 ς.
1912 1311 2050 1348 ffin-198.

1473 1365 1510 1370 —
1528 1350 1607 1379 vastis
1626 1351 1720 1379 tremit
1735 1350 1834 1379 ictibus
1856 1359 1924 1379 terea
1948 1351 2059 1387 puppis.
2121 1351 2294 1382 UbiServius
2307 1377 2313 1388 ,
2340 1355 2417 1385 AErca

1332 1386 1430 1416 fortis:
1455 1393 1485 1415 ut
1500 1409 1507 1422 ,
1603 1407 1647 1412 ----
1667 1390 1692 1417 ἃ
1706 1389 1816 1423 junctos
1832 1395 1907 1417 temo
1921 1388 2009 1416 trahat
2027 1398 2112 1418 aereus
2124 1391 2211 1419 orbes.
2252 1392 2322 1421 Num
2339 1380 2438 1431 puppi}

1334 1434 1402 1453 aerea
1412 1434 1469 1454 non
1480 1425 1534 1460 est,
1555 1424 1602 1454 sed
1619 1436 1708 1463 prora.
1748 1426 1795 1456 Sic
1815 1427 1845 1455 in
1869 1426 1971 1455 codem
1985 1425 2034 1455 lib.
2057 1426 2164 1456 lErcain
2185 1435 2273 1458 rotzini
2293 1440 2341 1467 pru
2360 1434 2440 1468 leiti,

1336 1463 1412 1492 idem
1422 1463 1531 1492 Servius
1544 1463 1748 1501 interpretatur.

1277 1502 1445 1535 AEnfrriz,
1467 1501 1528 1535 Adi.
1551 1502 1763 1537 [χιλκοᾷοξξῷυ]
1789 1501 1806 1530 i.
1829 1511 1853 1530 e.
1881 1501 1926 1531 IEs
1936 1502 2035 1531 ferens.
2074 1502 2155 1531 Ovid-
2173 1511 2196 1538 3.
2219 1503 2361 1541 fait-740.

1394 1538 1511 1575 Janique
1528 1547 1585 1568 erat
1606 1540 1641 1568 ad
1659 1539 1834 1577 Rhodopen,
1856 1539 2024 1577 Pangaeaque
2036 1539 2152 1569 flumina
2168 1549 2298 1571 ventum:

1316 1615 1344 1645 fe
1433 1577 1555 1607 AEriferae
1574 1577 1712 1607 comitum
1729 1587 1917 1615 concrepuere
1942 1587 2050 1607 manus.
2086 1578 2105 1607 i.
2128 1588 2152 1607 e.
2187 1580 2362 1617 Crepitacula
2378 1592 2444 1613 aerea

1347 1620 1446 1644 rentes.

1277 1653 1312 1685 ΗΞ
1322 1664 1337 1682 R
1348 1656 1380 1682 is
1390 1662 1429 1681 ax
1441 1674 1449 1688 ,
1472 1652 1532 1681 icis.
1555 1661 1590 1681 m.
1615 1652 1820 1688 [fflzw7dx&]
1842 1652 1923 1682 Closs.
1940 1652 1985 1682 Gr.
1998 1652 2054 1682 Lat.

1279 1692 1442 1722 AEairici
1455 1700 1522 1724 un,
1554 1692 1569 1726 [
1586 1691 1768 1727 χαλκρύξγηριᾳ
1788 1691 1801 1725 ]
1840 1690 1953 1720 Dictum
1970 1692 2044 1728 quod
2060 1691 2090 1720 fit
2113 1700 2147 1720 ex
2167 1702 2228 1722 aere.
2269 1693 2352 1723 Varro
2373 1695 2445 1732 asti-3.

1318 1725 1415 1756 ‹ream-zi»
1427 1750 1435 1762 ,
1471 1726 1549 1757 Nihil
1567 1727 1630 1757 sunt
1648 1728 1731 1757 musae
1752 1729 1865 1766 politis,
1886 1729 1959 1765 quali
1979 1729 2095 1758 aerificiae
2115 1729 2182 1758 dixi.
2227 1731 2344 1760 Nonius.
2358 1743 2382 1761 2.
2399 1744 2440 1763 10.

1318 1767 1413 1804 Quem
1428 1766 1523 1795 locum
1541 1766 1575 1794 iic
1592 1767 1660 1795 citat
1675 1766 1799 1795 Perottus
1816 1789 1823 1802 ,
1846 1766 1939 1795 Politae
1958 1767 2035 1796 enim
2053 1767 2125 1804 quali
2144 1767 2255 1797 artificio
2271 1771 2442 1801 videbuntur.

1321 1805 1377 1841 [At
1389 1814 1403 1833 a
1427 1828 1432 1833 .
1445 1804 1527 1833 eund.
1540 1815 1566 1840 4.
1581 1813 1640 1839 130.
1663 1804 1743 1833 Nihil
1756 1804 1818 1833 sunt
1829 1804 1915 1834 Musae
1924 1805 2019 1842 politis
2033 1805 2123 1834 vestrae
2134 1827 2142 1841 ,
2163 1816 2229 1843 quas
2240 1808 2339 1837 aerilice
2354 1809 2441 1840 duxti.

1319 1842 1374 1872 Hic
1395 1814 1507 1879 &rupo
1524 1851 1595 1879 opus
1606 1842 1644 1871 est
1658 1842 1822 1872 divinatore.
1852 1842 1882 1871 V.
1905 1850 1998 1872 tamen
2017 1843 2137 1873 Mercer.

1281 1880 1484 1912 AERIFODTN
1497 1890 1532 1913 A,
1555 1890 1585 1908 ae.
1606 1880 1625 1909 f.
1649 1880 1742 1910 Varro.
1764 1880 1838 1910 deL.
1853 1880 1882 1909 L.
1906 1891 1978 1917 4.1.

1281 1919 1364 1987 AEgf
1372 1928 1430 1985 pdgs
1444 1939 1452 1953 ‚
1465 1918 1556 1985 Εὲςὶίὶξ,
1587 1919 1601 1953 [
1613 1915 1784 1954 gemimus]
1814 1919 1831 1947 i.
1859 1928 1883 1948 e.
1915 1919 2011 1949 JEreos
2035 1917 2082 1948 vel
2098 1919 2206 1949 AEratos
2224 1921 2311 1958 pedes
2329 1921 2442 1953 habens.

1350 1957 1377 1986 vi
1401 1980 1405 1985 .
1423 1960 1447 1985 6.
1508 1956 1515 1983 i
1543 1979 1549 1985 .
1567 1965 1609 1991 32.

1401 1966 1505 2023 Narrai³
1519 1996 1545 2023 ἃ
1563 1993 1697 2031 aeripedes
1711 1993 1810 2023 Martis
1823 1993 1906 2023 arasse
1922 1993 2016 2023 boves.
2048 1994 2076 2023 h.
2091 2004 2115 2024 e.
2149 1994 2291 2026 Habentes
2318 1997 2383 2027 edes
2394 2008 2445 2028 tere

1320 2033 1454 2062 munitos
1495 2032 1535 2061 lta
1558 2032 1635 2060 enim
1660 2032 1760 2060 dicunt
1781 2040 1871 2069 poetae
1888 2042 1935 2061 eos
1955 2032 2087 2062 habuiss'e.
2125 2032 2204 2062 Idem
2229 2044 2270 2063 12.
2312 2036 2377 2072 pist.
2402 2046 2446 2073 93.

1322 2071 1377 2101 Sed
1394 2071 1423 2100 in
1441 2076 1558 2107 utroque
1571 2069 1636 2099 loco
1647 2069 1774 2099 Heinsius
1782 2071 1865 2108 legit,
1885 2070 2046 2108 AEnipedes.
2067 2071 2142 2100 conf.
2162 2071 2242 2109 supra
2260 2075 2425 2103 Aessipes.

1282 2109 1316 2140 ΖΕ
1326 2119 1343 2138 a
1353 2120 1362 2137 1
1372 2119 1383 2138 s
1394 2112 1410 2138 o
1421 2118 1440 2138 Ν
1452 2118 1469 2136 u
1479 2118 1506 2142 S,
1536 2108 1597 2143 Adj.
1622 2104 1836 2144 [μλύφωιῶ]
1857 2108 1924 2137 Stat.
1950 2118 1973 2137 1.
1997 2108 2089 2138 Theb.
2107 2112 2170 2145 265.

1445 2165 1490 2170 -—
1512 2145 1613 2175 melius
1629 2147 1701 2175 votis
1722 2145 1875 2175 Mareotica
1888 2147 1977 2175 fumat

1402 2185 1507 2221 Coptos
1518 2206 1525 2218 ,
1552 2186 1577 2214 ἃ
1589 2183 1694 2213 aerisoni
1711 2183 1834 2221 lugentia
1847 2184 1963 2213 flumina
1976 2183 2043 2215 Nili.
2075 2184 2093 2214 i.
2114 2194 2139 2214 e.
2161 2185 2230 2216 ffiris
2242 2185 2340 2216 sonum
2353 2186 2443 2217 dantis

1343 2222 1548 2261 ropterlistrum
1561 2244 1568 2255 ,
1589 2223 1685 2258 quoin
1708 2221 1785 2251 Isidis
1795 2222 1874 2251 sacris
1884 2221 2045 2251 utebantur.

1321 2233 1371 2291 fda
1380 2260 1501 2290 aerisona.
1543 2259 1631 2289 Valet.
1649 2260 1722 2289 Flac.
1739 2270 1762 2289 1.
1785 2261 1885 2298 Argon.
1899 2269 1963 2296 704.
1985 2260 2019 2289 Et
2030 2259 2078 2289 lib.
2091 2269 2114 2296 3.
2127 2266 2172 2295 28.

1402 2298 1527 2328 }Erisono
1544 2299 1578 2327 de
1596 2305 1693 2327 monte
1710 2304 1816 2334 ratem,
1845 2298 2010 2336 praefixaque
2028 2308 2125 2335 regum
2204 2298 2288 2328 Scuta
2303 2300 2386 2329 vider.

1321 2336 1420 2367 Urbes.
1432 2337 1459 2366 h.
1474 2346 1498 2366 e.
1514 2335 1684 2365 Resonantes
1694 2344 1807 2374 propter
1814 2336 1924 2365 crebros
1954 2336 2058 2365 elvium
2069 2338 2095 2365 ἃ
2104 2335 2355 2366 tintinnabulorum
2364 2348 2445 2368 aereo-

1340 2384 1403 2405 rum
1415 2375 1536 2413 crepitus
1546 2375 1575 2403 in
1585 2373 1685 2417 eclypsi
1695 2374 1778 2404 Lunae
1789 2374 1889 2412 pulsari
1899 2373 1926 2402 so
1950 2383 2051 2403 torum.
2071 2373 2170 2403 Claud.
2185 2374 2220 2403 de
2231 2375 2296 2404 Bell.
2307 2375 2366 2405 Get„

1282 2414 1385 2447 AERo,
1409 2413 1546 2450 [χαλκόω]
1568 2416 1621 2442 are.
1645 2412 1778 2450 lignificut
1795 2412 1842 2442 AEs
1860 2412 1976 2447 misceo,
1998 2412 2062 2441 AEre
2079 2412 2205 2441 adultero
2217 2412 2268 2441 live
2283 2413 2345 2442 ffire
2363 2424 2440 2443 orno.

1321 2451 1448 2481 Priscian.
1461 2451 1495 2479 de
1505 2450 1649 2488 speciebus
1659 2450 1807 2479 verborum
1817 2450 1865 2480 lib.
1879 2456 1904 2484 8.
1938 2451 1959 2479 A
1975 2449 2150 2479 metallorum
2165 2460 2276 2487 quoque
2286 2452 2446 2481 nominibus

1320 2489 1411 2519 solent
1423 2488 1496 2518 nasci
1510 2488 1607 2518 verba:
1631 2496 1661 2517 ut
1678 2488 1713 2517 ab
1726 2498 1792 2517 auro
1804 2511 1812 2523 ,
1834 2498 1901 2518 auro
1919 2498 2014 2517 auras:
2048 2487 2082 2516 ab
2101 2497 2153 2517 aere
2164 2510 2172 2523 ,
2188 2498 2242 2517 aero
2257 2499 2339 2518 aeras:
2370 2489 2446 2519 unde

1321 2535 1431 2558 auratus
1445 2549 1453 2562 ,
1475 2528 1616 2557 &aeratus
1656 2526 1747 2563 Hujus
1755 2527 1832 2555 verbi
1849 2526 2001 2563 composita
2009 2525 2071 2555 sunt
2087 2526 2189 2555 Oboero
2201 2547 2208 2560 ,
2231 2527 2387 2556 &Subaem

1283 2566 1439 2598 AExosus
1451 2587 1459 2600 ,
1480 2575 1512 2600 a,
1538 2575 1595 2594 um.
1625 2561 1799 2600 [χαλκώὺς]
1832 2565 1940 2599 Festus,
1970 2564 2092 2594 AErosam
2108 2564 2320 2602 appellaverunt
2340 2565 2445 2603 antiqui

1321 2604 1447 2642 Cyprum
1460 2625 1468 2638 ,
1490 2603 1566 2640 quod
1576 2603 1604 2631 in
1619 2612 1651 2632 ea
1661 2602 1813 2640 plurimum
1830 2603 1889 2632 aeris
1905 2601 2037 2631 nascatur.

1321 2642 1447 2673 ffirosum
1459 2651 1574 2675 aurum,
1602 2640 1688 2677 Quod
1708 2640 1788 2669 multi
1810 2641 1870 2670 aeris
1887 2640 2084 2669 admistionem
2097 2639 2189 2669 habet.
2211 2639 2280 2669 Plin.
2294 2639 2311 2669 l.
2328 2649 2356 2677 3³
2382 2650 2405 2670 c.
2418 2651 2440 2676 ς.

1341 2680 1362 2710 E
1372 2679 1479 2709 diverso
1494 2678 1608 2708 aerosuin
1619 2679 1758 2708 contrahit
1768 2678 1804 2713 se,
1819 2679 2030 2715 hebetaturque,
2048 2680 2074 2708 <St
2085 2677 2233 2707 difficulter
2241 2678 2441 2708 fei-ruminatur.

1321 2718 1404 2756 Lapis
1416 2741 1423 2753 ,
1446 2718 1503 2754 Qui
1524 2716 1644 2746 multum
1663 2716 1747 2746 habet
1765 2717 1841 2750 aeris,
1865 2719 1891 2746 oz
1913 2726 1947 2745 ex
1959 2726 2014 2753 quo
2030 2724 2065 2745 aes
2076 2716 2113 2745 fit.
2136 2715 2205 2745 Plin.
2223 2715 2272 2745 lib.
2287 2725 2328 2752 34-
2346 2726 2403 2753 cap.
2420 2726 2442 2745 r.

1342 2757 1390 2786 ubi
1409 2757 1444 2785 de
1456 2756 1514 2785 aeris
1529 2755 1675 2793 generibus
1687 2777 1695 2791 ,
1717 2755 1760 2784 fit
1772 2757 1797 2784 ἅ
1808 2765 1823 2783 e
1833 2754 1925 2792 lapide
1937 2754 2021 2783 aeroso
2033 2776 2041 2789 ,
2062 2763 2146 2792 quein
2162 2761 2263 2783 vocant
2285 2754 2441 2784 cadmiam:

1343 2794 1487 2824 celebritas
1499 2794 1528 2822 in
1547 2793 1604 2822 Asia
1618 2815 1626 2828 ,
1649 2794 1675 2823 δι
1689 2793 1831 2830 quondam
1846 2793 1874 2821 in
1893 2792 2062 2830 Campania,
2083 2793 2133 2822 &c

1323 2832 1444 2862 Pecunia
1461 2831 1542 2861 amosa
1553 2832 1655 2861 dicitur
1670 2841 1685 2860 a
1698 2831 1858 2860 Scaevolain
1870 2830 1887 2859 l.
1905 2839 1963 2859 102⁴
1985 2830 2019 2860 D.
2031 2831 2066 2860 de
2074 2830 2202 2859 solution.
2240 2829 2309 2865 Quae
2329 2839 2363 2859 aes
2377 2830 2449 2859 mix-

1342 2877 1402 2900 tum
1418 2870 1509 2900 habet.
1551 2870 1696 2904 Creditor,
1717 2870 1808 2906 inquit
1820 2891 1827 2904 ,
1850 2868 1973 2898 oblatam
1991 2878 2006 2897 a
2018 2868 2145 2897 debitore
2164 2868 2325 2904 pecuniam,
2346 2875 2376 2896 ut
2395 2867 2448 2896 alia

1343 2910 1390 2938 die
1409 2916 1573 2946 accepturus
1593 2907 1718 2939 distulit,
1747 2917 1813 2937 mox
1824 2907 1945 2945 pecunia
1954 2916 2009 2943 qua
2020 2906 2069 2936 illa
2082 2905 2187 2943 respub.
2210 2905 2351 2939 utebatur,
2374 2905 2447 2941 quasi

1343 2946 1440 2981 aerosa,
1460 2946 1529 2982 jussu
1545 2946 1681 2984 principis
1695 2944 1801 2975 sublata
1824 2945 1871 2975 est.
1893 2946 1988 2975 &caet
2031 2944 2071 2974 Ita
2083 2945 2230 2980 Argentum
2242 2941 2354 2972 aerosum
2367 2950 2448 2972 vocat

1344 2985 1436 3015 Schol.
1454 2985 1514 3020 Juv.
1530 2995 1556 3020 9.
1569 2985 1625 3014 Sat.
1640 2993 1683 3020 3¹-
2323 3018 2328 3023 Ι
2421 3019 2426 3023 -

1286 3022 1320 3054 ῙΕ
1331 3034 1346 3052 R
1358 3033 1396 3052 cs
1407 3033 1422 3052 c
1433 3033 1449 3052 ο
1461 3045 1469 3058 ,
1490 3026 1544 3052 are.
1567 3022 1689 3051 Verbum
1699 3027 1778 3051 vetus
1795 3030 1827 3050 ac
1843 3019 2015 3054 obsoletum,
2037 3018 2168 3057 significat
2186 3018 2247 3048 AEra
2261 3018 2401 3055 undique,
2419 3019 2449 3047 id

1324 3062 1363 3091 est
1372 3061 1504 3099 pecunias
1517 3083 1525 3095 ,
1541 3060 1681 3096 colligere.
1705 3060 1808 3089 Auctor
1815 3059 1884 3088 Fest.
1900 3057 1968 3087 Usus
1979 3057 2018 3087 est
2027 3057 2131 3087 Gellius
2144 3067 2167 3091 9.
2178 3065 2202 3084 2.
2223 3055 2258 3084 de
2270 3056 2451 3099 mendicabu-

1324 3099 1362 3129 lo.
1386 3098 1532 3128 Musonius
1547 3098 1689 3127 aeruscanti
1701 3098 1822 3135 cuipiam
1841 3097 1871 3125 id
1883 3105 1986 3134 genus,
2012 3097 2038 3125 ἃ
2050 3093 2244 3131 Philosophum
2254 3093 2280 3122 se
2291 3094 2449 3128 ostentanti,

1325 3137 1384 3166 dari
1399 3136 1471 3172 jussit
1481 3136 1557 3165 mille
1566 3146 1724 3165 nummum.
2245 3169 2250 3174 Π

1326 3175 1391 3204 Sen.
1410 3184 1435 3204 2.
1458 3175 1492 3203 de
1509 3174 1597 3203 Clem.
1617 3178 1642 3203 6.
1674 3173 1788 3203 Vultum
1798 3172 1911 3209 quidem
1922 3182 1978 3201 non
1996 3170 2122 3212 dejiciet,
2142 3178 2194 3197 nec
2207 3178 2331 3198 animum
2340 3169 2375 3198 ad
2384 3179 2451 3199 aeru-

1343 3212 1446 3242 stantis
1459 3213 1526 3241 civis
1543 3220 1590 3241 aut
1599 3211 1713 3250 pannosi
1732 3212 1837 3240 aridam
1854 3210 1953 3240 faciem
1965 3211 1990 3239 St
2006 3209 2136 3237 obnixam
2151 3206 2251 3236 baculo
2268 3207 2448 3236 scnee‘uitem.

1345 3251 1401 3280 Sed
1413 3251 1442 3280 in
1451 3250 1530 3280 frob.
1546 3251 1613 3279 edit.
1628 3260 1686 3279 non
1702 3250 1748 3278 est.
1764 3249 1799 3278 H.
1816 3249 1854 3278 St.
1894 3248 1923 3276 V.
1945 3247 2019 3276 Grut.
2032 3253 2089 3273 not.

1289 3287 1323 3321 ΖΕ
1331 3299 1349 3318 R
1359 3299 1377 3317 U
1386 3299 1397 3318 s
1406 3299 1423 3318 c
1432 3299 1450 3317 A
1460 3298 1479 3317 T
1489 3299 1506 3317 o
1517 3299 1531 3317 R
1544 3311 1551 3323 ,
1574 3289 1637 3321 otis,
1661 3298 1699 3316 m.
1720 3285 1951 3317 mendicabulum
1962 3292 2060 3320 vagum
2073 3282 2119 3311 sed
2129 3284 2240 3320 proprie
2256 3282 2291 3311 de
2305 3283 2450 3326 praestigia3

1327 3337 1390 3356 rum
1400 3326 1552 3356 artificibus
1563 3327 1714 3356 dicebatur.
1756 3325 1848 3355 Hodie
1863 3324 1891 3351 id
1903 3331 1988 3359 genus
2000 3322 2144 3349 hominum
2158 3322 2193 3350 ad
2206 3322 2278 3350 fores
2288 3321 2452 3363 aediumnrffl

1327 3365 1435 3394 ludicra
1446 3365 1492 3394 sua
1506 3365 1609 3394 edituri
1620 3364 1690 3397 sunt,
1703 3363 1873 3392 constituunt
1887 3367 1976 3389 certos
1989 3359 2131 3393 homines,
2153 3360 2200 3399 qui
2210 3359 2352 3388 neminem
2368 3367 2453 3400 intro-

1328 3404 1442 3433 mittant
1452 3403 1602 3441 spectatum
1616 3425 1624 3436 ,
1648 3401 1698 3430 nisi
1707 3400 1801 3430 solutis
1816 3398 1946 3428 numinis.
1985 3397 2004 3425 A
2018 3396 2178 3440 colligendo
2203 3398 2297 3435 itaque
2314 3406 2366 3425 aere
2378 3418 2385 3431 ,
2400 3399 2452 3425 live

1331 3442 1456 3470 nummis
1474 3442 1568 3475 aereis,
1589 3440 1774 3470 ffiruscatores
1791 3437 1962 3466 dicebantur.
2004 3434 2109 3463 Gellius
2132 3445 2173 3470 14.
2194 3445 2216 3465 1.
2239 3436 2451 3472 interpretatur,

1329 3479 1431 3509 Cibum
1446 3481 1633 3517 quastumque
1649 3488 1683 3507 ex
1697 3475 1848 3506 mendaciis
1859 3481 2000 3515 captantes
2013 3494 2021 3507 ,
2040 3480 2123 3510 atque
2139 3472 2168 3501 id
2181 3473 2303 3503 nominis
2321 3473 2356 3501 dc
2373 3471 2454 3501 Chal-

1329 3518 1395 3547 daeis
1409 3517 1529 3555 usurpat.
1552 3517 1626 3546 conf.
1651 3516 1754 3544 Vulcat.
1772 3515 1799 3542 in
1813 3512 1909 3554 Calin).
1932 3520 1992 3547 cap.
2005 3520 2030 3546 9.
2189 3548 2194 3553 ι

1291 3555 1380 3586 AEssu
1390 3565 1402 3584 s
1412 3565 1457 3584 ca
1467 3565 1532 3584 Tio
1545 3577 1553 3589 ,
1576 3555 1646 3583 (mis.
1669 3554 1687 3582 f.
1709 3552 1791 3581 Nefas
1804 3549 1948 3577 hominum
1963 3557 2015 3577 aera
2029 3547 2254 3577 adulterantium.

1291 3594 1371 3625 AEsA
1383 3616 1391 3629 ,
1414 3593 1532 3630 [Arm]
1553 3592 1678 3622 Thraciae
1696 3589 1832 3627 oppidum
1844 3587 1898 3621 est,
1927 3585 2043 3615 Pallenae
2057 3587 2219 3624 proximum
2230 3608 2238 3622 ,
2260 3585 2338 3621 cujus
2353 3584 2452 3614 incola:

1330 3632 1463 3662 dicuntur
1478 3631 1557 3660 ffisei.
1589 3630 1628 3659 Ex
1646 3628 1794 3664 Stephano.
2154 3661 2160 3666 ,
2177 3662 2182 3666 ῃ

1291 3669 1326 3701 AE
1335 3680 1346 3700 s
1357 3674 1371 3699 Ᾱ
1381 3680 1397 3699 c
1408 3680 1425 3698 u
1436 3679 1447 3698 s
1461 3691 1469 3703 ,
1492 3665 1658 3704 [almaton]
1680 3664 1775 3694 Priami
1791 3673 1825 3692 ex
1837 3662 1994 3701 Alyxothoe
2006 3662 2129 3699 nympha
2145 3661 2217 3690 nlius
2228 3683 2236 3695 ,
2257 3670 2343 3698 quum
2359 3670 2452 3689 amore

1330 3707 1476 3745 Hesperies
1487 3705 1617 3742 nymphae
1627 3702 1754 3732 Cebrenii
1767 3701 1843 3730 fluvii
1858 3702 1919 3730 filiae
1935 3708 2032 3738 captus
2044 3722 2052 3734 ,
2073 3709 2134 3728 eam
2146 3700 2297 3741 lugientem
2311 3698 2455 3741 perseque-

1330 3753 1414 3779 retur,
1429 3755 1442 3773 a
1455 3744 1580 3780 serpente
1589 3743 1618 3770 in
1632 3741 1704 3779 pede
1717 3740 1770 3768 icta
1782 3741 1887 3768 interiit
1899 3748 1904 3768 z
1923 3745 2055 3776 tantoque
2067 3737 2134 3766 dolo
2150 3747 2164 3766 e
2174 3738 2298 3766 Ihlzicuin
2310 3737 2411 3771 affecit,
2424 3742 2454 3779 ut

1329 3783 1505 3813 morituruse
1516 3779 1630 3817 scopulo
1640 3778 1666 3806 se
1677 3779 1706 3806 in
1717 3787 1791 3807 mare
1806 3777 1991 3815 praecipitarit.
2027 3776 2120 3812 Quem
2167 3774 2260 3804 iserata
2276 3774 2382 3816 Thetys
2398 3796 2406 3808 ,
2425 3783 2454 3801 in

1331 3829 1457 3857 mergum
1468 3817 1678 3847 transformavit.
1719 3814 1769 3845 ille
1778 3826 1843 3844 vero
1859 3816 2018 3853 indignatus
2035 3813 2109 3850 quod
2119 3813 2188 3855 mori
2204 3822 2261 3841 non
2271 3819 2393 3854 potuerit
2403 3833 2410 3845 ,
2427 3810 2454 3839 se

1331 3867 1455 3894 mergere
1465 3865 1608 3892 nunquam
1619 3853 1736 3883 desistit:
1758 3854 1833 3883 unde
1844 3856 1870 3883 ἃ
1880 3853 1994 3890 Mergus
2009 3863 2023 3881 a
2031 3851 2134 3881 Latinis
2145 3851 2234 3880 dictus
2245 3851 2292 3880 est.
2315 3849 2398 3879 Ovid.
2411 3858 2421 3876 1
2429 3858 2453 3877 1.

1332 3897 1402 3925 Met.
1415 3899 1476 3928 762.

1331 3933 1455 3967 AEsacus,
1477 3930 1589 3961 Fluvius
1606 3929 1746 3965 Trojanus
1763 3929 1798 3958 ad
1809 3928 1888 3959 Idam
1909 3935 2044 3957 montem.

1293 3971 1327 4003 ΖΕ
1335 3981 1347 4001 s
1357 3981 1377 4002 a
1385 3980 1403 4000 G
1412 3980 1427 4000 a
1437 3980 1455 4000 1:
1463 3980 1476 4000 s
1484 3991 1493 4006 ,
1515 3967 1624 3999 Montis
1643 3977 1749 3998 nomen
1760 3989 1768 4003 ,
1790 3967 1866 4006 apud
1877 3967 2042 3997 Homerum.

1923 4003 1950 4033 Ν
1972 4014 1988 4033 2
2285 3997 2455 4035 ffisxtosi,
