2641 4187
417 138 451 180 ,A
549 139 582 173 D
682 140 724 179 Da

72 218 176 250 Vitium
191 220 332 257 pudicitiae
349 218 451 249 addere
462 220 611 259 dicitur-is,
633 222 808 256 quialicnam
820 222 984 258 pudicitiam
998 223 1092 257 violat,
1114 227 1190 261 quod

90 259 175 286 etiam
186 258 293 287 Oilei-ie
307 258 403 286 vitium
417 258 542 286 dicimus.
572 256 655 286 l'laut.
678 258 778 295 Amph.
791 268 815 287 2.
829 269 852 288 2.
872 270 931 297 179.
959 261 1100 290 Pudicitia·
1112 263 1193 298 hujus

92 297 190 324 vitium
212 305 255 323 mc
274 295 319 323 hic
336 295 446 324 ablente
464 294 502 323 est
520 294 655 322 additum.

74 332 255 363 Vocabulum.
282 332 378 361 Claud.
400 332 428 360 in
449 331 587 360 Laudibus
605 332 697 360 Seren.
720 342 743 360 v.
767 342 826 369 109.

151 369 264 398 Addidit
290 371 315 398 Sc
334 369 446 406 proprio
473 377 600 405 germana
623 369 758 398 vocabula.
776 379 862 400 nato:

154 407 271 443 Quaque
285 407 365 435 datur
385 407 472 435 fratris
491 406 609 444 speciem
627 406 673 435 libi
692 407 784 436 reddit
809 409 941 446 adempti.

92 443 124 473 V.
149 444 262 473 Nomen
277 466 284 476 .
307 445 470 480 Cognomen
485 443 586 472 addere
606 443 694 481 supra.

73 470 217 512 Virtutem.
239 482 344 511 Sallust.
367 481 446 511 Catil.
470 486 514 511 60.
538 482 720 519 Compertum
736 481 842 518 habeo,
865 484 966 513 milites
981 507 988 520 ,
1010 485 1093 514 verba
1112 486 1196 515 virtu-

97 526 154 548 tem
174 529 232 547 non
255 520 365 548 addere.

74 557 182 586 Addere
195 579 202 591 ,
224 557 273 592 pro
294 557 363 586 Dare
375 579 383 591 ,
410 555 452 585 vel
469 557 561 594 potius
579 556 696 586 Abunde
715 557 742 587 Sc
760 557 871 596 copiose
889 559 962 590 dare.

24 594 28 595 ⁷
92 595 192 631 incipit
210 593 281 631 Eleg.
304 604 329 623 2.
350 594 396 623 lib.
419 603 441 623 i.

147 632 226 662 Adde
249 642 374 666 merum,
403 632 467 660 vino
490 638 523 660 ue
548 641 635 661 novos
653 632 797 669 compesce
816 632 946 669 dolores,

202 670 332 706 Occupet
349 676 379 698 ut
400 668 458 698 felli
487 671 581 698 umina
603 671 674 699 vista
691 669 780 707 stipor.

75 707 188 737 Addidit
212 706 332 736 inultum
354 707 461 744 reipub.
483 718 533 744 pro
548 706 670 736 Multum
701 707 803 742 rofuit,
826 706 877 736 live
888 709 1016 740 contulit.
1058 711 1119 740 Hoc
1139 709 1196 744 est,

93 745 191 782 Remp.
213 746 306 779 auxit,
328 744 441 780 adjuvit.
462 745 766 782 S:=11ust.Jugurt1.46.
806 745 934 782 Qiorum
951 749 1068 784 majores
1092 748 1195 778 Punico

94 788 176 819 atque
188 782 247 811 aliis
258 782 336 811 bellis
347 782 467 812 multum
478 783 543 820 reip.
556 783 728 812 addiderant.

39 821 226 855 Anoi'rus,
251 831 285 855 a,
306 830 363 849 um.
387 821 629 856 [wofaesseaffee'iJ]
660 820 754 850 Partic.
780 819 906 855 Adiectus
921 843 929 856 ,
961 824 1116 859 adjuntffus.

75 857 175 887 Addita
185 864 262 887 zetate
273 881 280 893 ,
314 858 386 894 quasi
403 858 486 887 Aucta
497 860 522 888 St
537 857 639 886 adulta.
661 858 730 887 Plin.
749 857 797 887 lib.
814 869 854 886 ii.
866 869 924 894 cap.
939 866 982 895 48.

75 895 208 930 Additus,
229 900 279 933 pro
292 895 420 925 Inimico.
446 896 517 931 Virg.
533 899 557 924 6.
577 895 635 925 [En.
650 906 694 931 90.
771 915 815 920 ---
835 906 887 925 nec
897 897 1012 927 Teucris
1022 898 1115 927 addita
1125 898 1198 932 Juno

156 933 278 971 Usquam
302 933 397 963 aberit.
492 933 546 962 Ubi
560 933 679 967 Servius,
699 933 817 967 Addita,
838 933 962 965 Inimica.
1007 936 1037 965 V.
1060 935 1198 965 Draloenb.

95 971 129 1000 ad
139 971 185 1000 Sil.
199 981 224 1001 2.
241 975 301 1008 565.
344 972 387 1001 Est
395 978 487 1000 autem
498 970 611 1000 verbum
622 970 721 999 Lucilii
736 972 947 1008 &antiquorum
962 995 970 1008 ,
989 981 1021 1003 ut
1041 973 1126 1003 Plaut.
1147 973 1201 1002 Au-

54 1009 56 1013 ’
95 1008 145 1038 lul.
161 1019 184 1045 3.
199 1013 224 1038 6.
237 1019 279 1038 20.
323 1009 439 1039 Additus
450 1009 511 1044 jovi
527 1009 618 1045 Argus.
654 1008 780 1038 macrob.
797 1014 822 1038 6.
843 1010 951 1039 Saturn.
964 1021 1023 1049 cap.
1038 1023 1064 1048 4.
1091 1011 1199 1045 Addita,

95 1046 150 1075 hoc
160 1046 215 1082 est,
242 1047 326 1077 Affixa
339 1070 346 1083 a
370 1049 395 1077 ἃ
410 1056 458 1084 per
477 1046 529 1075 hoc
548 1046 644 1075 infesta
657 1046 731 1081 Juno
749 1048 775 1076 ὃς
790 1047 911 1077 inimica.
952 1048 1078 1085 Hocjani
1094 1048 1201 1078 dixerat

96 1083 259 1114 Luciliusin
284 1085 330 1114 lib.
353 1095 393 1120 14.
417 1083 457 1113 his
478 1083 603 1112 versibus.

157 1123 186 1152 Si
204 1123 271 1152 mihi
291 1133 348 1152 non
371 1122 469 1150 Praetor
492 1122 539 1150 fiet
559 1121 686 1156 additus,
712 1128 793 1158 atque
810 1123 893 1159 agitet
908 1131 962 1159 me,

158 1160 224 1190 Non
244 1160 315 1189 male
332 1160 367 1189 sic
387 1159 432 1188 ille
445 1181 452 1193 ,
476 1166 505 1188 ut
528 1159 591 1188 dico
607 1181 614 1194 ,
633 1169 678 1188 ine
694 1160 858 1189 extenderat
876 1171 956 1191 unus.

80 1196 199 1228 Additus
208 1199 246 1227 est
261 1208 331 1227 unus
342 1207 430 1226 annus
444 1204 492 1225 tuo
506 1196 600 1226 labori.
623 1197 682 1226 Cic.
699 1207 722 1226 1.
747 1198 782 1233 Q.
803 1199 862 1226 irat.
881 1209 900 1227 i.
916 1208 938 1233 3.

77 1235 194 1265 Additus
208 1236 236 1264 in
245 1236 317 1264 cavis
326 1235 462 1264 dentium.
498 1235 563 1264 l'lin.
582 1244 625 1270 23.
642 1244 667 1272 7.
710 1235 845 1264 Dentiuin
864 1246 974 1273 quoque
986 1236 1076 1266 dolori
1086 1236 1132 1265 hic
1142 1235 1200 1265 suc-

97 1282 146 1302 cus
157 1273 293 1311 appositns
304 1274 331 1301 in
345 1272 407 1302 lana
418 1272 527 1308 prodest
537 1295 544 1307 ,
566 1280 613 1301 aut
623 1273 651 1301 in
663 1273 736 1302 cavis
750 1283 847 1303 corum
865 1274 983 1304 additus.

77 1311 193 1377 Assditus
208 1310 316 1340 Voculae
328 1311 357 1339 in
369 1318 476 1348 partem
492 1320 624 1339 curarum
646 1310 804 1341 Herennius
822 1311 917 1340 (lullus
934 1313 1048 1350 legatus.
1071 1312 1158 1342 Tacit.
1173 1323 1200 1348 4.

127 1349 165 1378 ist.
188 1352 232 1377 26.

76 1385 217 1416 Calorviae
226 1385 338 1415 additus
348 1385 385 1414 est
393 1385 531 1415 omnibus.
561 1386 622 1415 Hoc
639 1386 677 1416 est
688 1409 696 1422 ,
722 1385 878 1416 Vehemens
891 1388 977 1416 eundi
995 1387 1130 1418 voluntas.
1154 1386 1206 1416 Va-

96 1423 144 1453 ler.
167 1423 255 1453 Flacc.
283 1433 304 1453 1.
326 1423 425 1460 Argon.
447 1434 508 1461 27¹·

77 1461 179 1492 Addito
192 1462 275 1490 vicies
287 1468 364 1490 tanto
374 1472 460 1498 aqum.
484 1462 551 1491 l'lin.
564 1461 608 1491 lib.
629 1472 669 1497 14.
683 1472 743 1499 cap.
755 1472 781 1495 4.
805 1461 839 1490 de
857 1463 922 1491 vino
933 1463 1067 1492 Maroneo
1079 1485 1087 1498 ,
1110 1462 1204 1492 Maro-

96 1509 181 1528 neum
190 1500 274 1528 vicies
289 1506 367 1528 tanto
377 1500 473 1528 addito
492 1510 568 1537 aquce
578 1500 751 1529 miscendum
766 1500 902 1529 Homerus
918 1501 1048 1538 prodidit.

76 1537 179 1567 Addito
198 1544 341 1575 tempore,
362 1537 438 1574 quod
458 1537 541 1575 vulgo
556 1538 672 1573 dicunt,
711 1537 841 1567 Succeffu
859 1540 1000 1577 temporis.
1040 1539 1130 1568 Tacit.
1158 1547 1200 1568 12.

97 1576 167 1605 Ann.
189 1579 233 1604 26.

81 1612 182 1643 Addito
197 1620 236 1642 ut.
258 1613 326 1643 Plin.
339 1613 388 1642 lib.
404 1624 446 1650 15.
460 1623 520 1651 cap.
537 1617 577 1643 16.
600 1613 732 1643 Similiter
742 1612 859 1650 deligi&
874 1623 908 1643 ex
921 1614 989 1644 locis
999 1615 1084 1651 siccis,
1103 1616 1129 1644 Sc
1140 1621 1204 1644 ante

95 1652 246 1689 perfectam
256 1652 451 1686 maturitatem,
473 1652 570 1680 addito
587 1659 616 1680 ut
626 1651 770 1680 lunainfra
779 1658 878 1680 terram
891 1652 929 1681 lit.

39 1687 89 1720 AD
99 1699 216 1718 oi‘rAM
227 1699 267 1718 EN
277 1699 322 1718 *ru
332 1700 354 1718 M
365 1712 373 1725 ,
394 1690 411 1719 i.
434 1700 461 1719 n.
490 1689 660 1725 [wron‘ffn‘nn]
683 1689 769 1726 Quod
779 1689 905 1719 additum
918 1690 972 1719 est:
995 1690 1027 1719 ld
1042 1691 1088 1724 est,
1109 1689 1204 1719 Acces-

77 1727 123 1756 s10.
151 1726 208 1756 Cic.
223 1737 273 1765 pro
283 1727 357 1757 Sext.
371 1731 415 1762 68.
438 1727 592 1757 Intercessit
603 1726 689 1765 Ligus
707 1727 754 1757 iste
764 1727 855 1755 nescio
873 1729 934 1764 quis
949 1750 956 1762 ,
981 1728 1204 1757 additamentum

75 1765 254 1794 inimicorum
270 1774 404 1794 meorum.
440 1765 606 1794 Inoratione
615 1765 649 1794 de
658 1764 779 1803 Republ.
792 1765 938 1795 ordinand.
952 1767 987 1794 ad
999 1766 1140 1801 Caesarem,
1152 1766 1206 1794 Re-

75 1802 198 1869 1Ῑῆιὴἓὲ
215 1802 355 1846 sanctione
365 1803 428 1832 sunt
438 1803 591 1833 inei-tillimi
603 1803 712 1833 nobiles
722 1825 730 1839 ,
751 1803 781 1831 in
793 1804 892 1840 quibus
906 1810 1004 1841 praeter
1018 1814 1123 1832 nomen
1134 1803 1205 1832 nihil

79 1850 95 1869 e
135 1851 150 1869 a
192 1846 326 1870 itanienti.

39 1877 87 1909 AD
99 1888 180 1907 ωτι
191 1888 226 1913 o,
249 1876 320 1908 onis.
344 1878 364 1908 f.
380 1878 461 1908 Idem
474 1879 549 1916 quod
560 1879 798 1908 Additamentum.
822 1879 940 1916 Quintil.
957 1890 983 1916 9.
999 1888 1022 1916 3.
1043 1879 1205 1918 figurarum

80 1916 186 1945 additio
204 1919 230 1946 &
247 1917 374 1952 adjectio.

39 1952 89 1984 An
100 1964 116 1982 o
127 1964 206 1982 i·ri‘r
216 1965 224 1982 1
235 1964 271 1983 us
284 1976 292 1990 ,
311 1964 327 1983 a
340 1977 347 1989 ,
370 1965 426 1984 um.
451 1953 544 1984 Celsus
555 1954 615 1990 JCt.
649 1953 718 1983 Cato
736 1961 816 1992 putat
826 1955 948 1984 mensem
960 1956 1151 1986 intercalarem
1158 1956 1206 1985 ad-

77 1991 200 2020 dititiam
211 1991 273 2021 esse.
295 1992 402 2022 Tertul.
416 1993 451 2021 de
463 1992 555 2022 Resur.
570 1993 650 2022 Carn.
664 2001 724 2029 cap.
743 2003 785 2029 52.
809 1993 975 2023 Addititium
985 2004 1094 2032 corpus.

40 2029 203 2059 Anoiriv
216 2039 270 2064 us,
293 2040 325 2066 a,
346 2040 403 2060 um.
439 2030 564 2060 Priscian.
585 2031 634 2059 lib.
657 2038 698 2067 17.

41 2067 89 2098 Δι)
99 2077 116 2096 n
126 2069 143 2096 ὅ
155 2077 218 2096 cao
228 2089 236 2103 ,
258 2063 483 2104 [πξνῶἇὶίσκω]
505 2071 559 2098 Ere.
581 2068 660 2098 Idem
672 2068 748 2105 quod
763 2068 878 2107 simplex
888 2069 984 2098 Doceo
996 2090 1004 2105 ,
1023 2068 1068 2099 vel
1085 2069 1203 2101 Abunde

74 2104 121 2135 seu
140 2105 320 2135 vehementer
338 2106 436 2135 doceo.
472 2106 540 2136 Hor.
565 2117 588 2136 1.
612 2106 694 2143 Epist.
715 2118 738 2142 5.
760 2112 800 2140 18-

22 2168 29 2177 „
232 2159 269 2164 —-
288 2143 409 2173 addocet
429 2150 507 2173 artes.
604 2145 676 2174 Sunt
689 2150 783 2173 tamen
793 2145 839 2181 qul
851 2144 956 2181 legunt,
976 2145 1014 2174 Ac
1026 2145 1117 2176 docet.

39 2180 142 2212 Anno
154 2191 242 2210 Ritio
254 2203 262 2215 ,
287 2184 336 2210 ire.
360 2181 425 2211 Cael.
447 2181 537 2212 Aurel.
554 2183 632 2212 Acut.
648 2192 671 2211 1.
689 2192 731 2212 11.
769 2182 887 2212 Rursum
897 2183 1085 2220 addormiunt,
1096 2186 1123 2215 ἃ
1135 2185 1205 2214 diffi-

79 2219 132 2248 cile
151 2218 386 2257 expergiscuntur.
412 2248 415 2251 ,
495 2253 500 2263 Ι
731 2222 734 2224 ’

40 2256 305 2292 Anoorzitisco,
336 2258 588 2294 [προσκςικφομυιι]
616 2258 670 2287 ere.
692 2257 726 2287 ab
750 2258 921 2287 Addormio:
944 2267 981 2296 op
1004 2260 1097 2289 onitur
1118 2260 1204 2290 verbo

76 2295 242 2333 Expergisci.
266 2295 340 2324 Suet.
353 2296 382 2324 in
389 2295 486 2325 Claud.
500 2295 565 2325 Caes.
577 2306 636 2334 cap.
653 2302 678 2330 8.
720 2296 755 2325 Et
767 2297 874 2333 quotics
885 2295 944 2333 post
955 2297 979 2325 ci
1002 2307 1050 2327 um
1065 2298 1205 2327 addormi-

78 2332 173 2362 sceret.
213 2333 246 2363 In
276 2334 423 2363 uibusdam
435 2333 580 2363 codicibus
594 2333 695 2371 legitur
707 2334 940 2363 Obdormisceret.

40 2371 186 2407 Annua,
211 2342 342 2407 [A'gs'ax]
370 2371 457 2400 Strab.
474 2370 585 2415 Fiuvius
604 2373 642 2401 est
656 2371 752 2401 Gallice
773 2371 932 2409 Cilalpinae,
960 2373 1008 2410 qui
1045 2383 1074 2402 er
1091 2373 1202 2404 Larium

77 2408 170 2438 lacum
187 2408 277 2445 (nunc
296 2408 475 2444 Comensem)
495 2409 631 2445 influens,
657 2410 686 2438 in
705 2410 809 2439 Padum
821 2410 983 2440 effunditur.
1044 2411 1091 2441 lin.
1114 2411 1162 2441 lib.
1175 2422 1201 2442 2.

78 2456 139 2485 cap.
159 2456 218 2483 103.
241 2447 277 2476 de
289 2457 422 2484 aquarum
438 2447 578 2476 miraculis
589 2469 598 2482 ,
621 2448 758 2484 Quaedam
772 2456 837 2477 vero
856 2450 881 2477 <Sc
894 2447 1070 2478 dulcesinter
1079 2450 1105 2479 se
1113 2449 1205 2487 super-

79 2490 174 2514 meant
185 2484 258 2514 alias.
311 2485 384 2515 Utin
398 2485 504 2514 Fucino
518 2484 578 2514 lacu
587 2486 713 2515 invectus
725 2487 823 2521 amnis,
844 2487 873 2515 in
882 2485 960 2515 Lario
971 2486 1078 2522 Addua,
1100 2489 1130 2516 in
1140 2489 1205 2517 Ver-

79 2522 152 2552 bano
164 2522 281 2552 Ticinus
292 2545 300 2558 ,
324 2523 355 2552 in
362 2523 472 2552 Benaco
486 2523 628 2559 Mincius,
651 2524 681 2552 in
693 2522 816 2553 Lemano
828 2523 989 2554 Rhodanus,
1031 2525 1086 2556 Hic
1102 2526 1203 2556 fluvius

85 2570 102 2590 a
120 2560 264 2591 nonnullis
284 2560 380 2590 Abdua
399 2567 522 2590 vocatur.

79 2597 224 2628 Coeruleus
246 2596 352 2628 Addua.
382 2598 479 2628 Claud.
493 2599 523 2628 in
536 2598 603 2629 sext.
625 2599 706 2630 Cons.
731 2600 837 2630 Honor.
854 2603 914 2636 196.

79 2635 169 2666 Celer.
206 2636 285 2666 Idem
303 2637 371 2666 ibid.
393 2642 456 2673 488.

79 2674 238 2712 Spumosus.
280 2674 351 2704 Ibid.
372 2680 437 2711 458.

43 2713 119 2744 ΑΜ)
128 2722 290 2748 UBANUM,
302 2712 435 2743 Dubium.
452 2712 553 2742 Festus.
566 2712 613 2742 alii
623 2712 792 2743 Danubium.
815 2713 846 2742 V.
857 2719 915 2743 not.
927 2713 997 2743 Viris
1011 2714 1101 2744 doctis
1110 2715 1137 2744 in
1148 2714 1201 2745 loc.

43 2752 92 2781 AD
101 2759 119 2778 D
129 2759 149 2779 υ
159 2751 243 2779 Βῖτο
253 2772 261 2786 ,
284 2747 507 2787 [προσενὸοιάζω]
529 2754 582 2780 ᾗτε.
615 2751 794 2789 Aliquantum
806 2751 932 2781 dubitare
947 2774 954 2787 ,
976 2753 1053 2789 quod
1062 2754 1087 2782 ὁὶ
1097 2754 1207 2782 Subdu-

83 2787 169 2817 bitare
184 2787 291 2818 dicitur.
315 2788 372 2818 Cic.
389 2797 414 2826 7.
427 2788 501 2818 Fam.
518 2798 560 2825 32.
576 2789 662 2825 Quod
678 2789 734 2818 sine
743 2790 916 2827 praenomine
929 2790 1106 2825 familiariter,
1119 2798 1148 2820 ut
1158 2792 1207 2820 de-

82 2824 176 2861 bebas,
188 2826 223 2854 ad
232 2836 277 2855 me
286 2825 429 2865 epi-stolam
441 2826 542 2861 misisti,
557 2827 680 2865 primum
693 2827 854 2856 addubitavi
868 2837 935 2857 num
947 2838 961 2856 a
971 2827 1122 2858 Volumnio
1133 2829 1208 2858 sena-

81 2869 143 2892 tore
154 2863 226 2893 effet.
249 2864 327 2894 Idem
339 2870 365 2894 6.
386 2865 461 2894 Fam.
474 2869 499 2894 6.
522 2865 660 2898 Habeseau
681 2866 771 2894 urium
781 2875 893 2895 meum:
916 2866 1078 2903 qu0,1iquid
1090 2867 1208 2896 addubi-

81 2907 178 2936 tarem,
191 2911 249 2930 non
257 2903 350 2940 potius
364 2909 456 2933 uterer
466 2925 474 2939 ,
495 2913 579 2940 quam
587 2903 634 2932 illa
644 2903 842 2933 consolatione.
864 2904 909 2933 Sic
922 2905 950 2932 in
961 2904 1037 2933 Orat.
1051 2913 1112 2942 137.

81 2939 252 2969 Addubitare
265 2940 411 2978 paululum
427 2941 470 2970 de.
511 2940 569 2970 Liv.
592 2951 618 2971 2.
635 2953 662 2977 4.
684 2941 726 2971 De
743 2941 839 2979 legatis
856 2940 1002 2979 paululum
1011 2942 1207 2973 addubitatum

83 2977 130 3006 est.
172 2976 239 3007 Hor.
266 2988 288 3007 1.
310 2979 395 3008 Serm.
417 2990 444 3015 4.
473 2988 534 3014 125.
675 2998 720 3006 -—-
739 2981 766 3010 Sc
780 2980 880 3009 inutile
893 2980 967 3009 factu

160 3015 258 3045 Necne
282 3015 332 3052 fit,
355 3017 502 3046 addubites
518 3018 533 3046 5>
561 3025 565 3028 ’
863 3046 876 3053 ,

46 3050 320 3084 Annunr‘rKTus
335 3077 344 3089 ‚
365 3065 398 3090 a,
430 3065 486 3084 um.
511 3051 797 3091 [πρωενῖὶιαισμίνῶε]
821 3053 916 3084 Partic.
948 3061 998 3090 ut,
1019 3055 1074 3085 Res
1093 3056 1210 3086 addubi-

81 3095 138 3119 tata
157 3100 164 3120 :
186 3090 241 3120 hoc
250 3091 306 3127 est,
326 3092 368 3122 De
378 3102 432 3130 qua
445 3092 621 3122 dubitaveris.
643 3093 701 3122 Cic.
718 3103 741 3122 1.
763 3092 820 3122 Off.
835 3099 878 3128 85.
902 3094 998 3130 quue
1008 3094 1104 3132 magis,
1117 3094 1134 3123 si
1145 3094 1209 3132 plus

82 3127 232 3166 adipiscare
249 3139 278 3159 re
293 3130 430 3169 explicata
445 3131 530 3164 boni,
552 3141 635 3168 quain
650 3131 813 3161 addubitata
835 3131 909 3161 mali.

45 3164 329 3203 AnnusiTA'rro,
353 3168 423 3198 onis.
445 3169 463 3198 f.
487 3168 565 3198 Idem
582 3179 613 3198 ac
625 3169 777 3199 Dubitatio.
802 3169 858 3198 Cic.
873 3179 896 3205 3.
922 3168 978 3199 Off.
992 3180 1017 3205 4.
1044 3168 1130 3206 Quod
1140 3179 1213 3199 non-

82 3213 226 3242 nunquam
237 3205 478 3236 addubitationem
496 3206 594 3236 afferre
604 3206 697 3236 soleat.
737 3208 778 3237 Ita
795 3207 925 3237 nonnulli
939 3207 1015 3241 libri,
1037 3207 1084 3236 sed
1101 3207 1212 3245 castiga-

82 3242 167 3272 tiores
178 3242 305 3273 Lambini
329 3246 356 3274 &
372 3245 481 3274 Gruteri
495 3244 707 3274 Dubitationem
725 3245 868 3274 exhibent.
909 3246 1001 3275 Habet
1014 3252 1106 3275 tamen
1125 3246 1208 3275 Mart.

84 3279 198 3318 Capella
208 3280 254 3311 lib.
273 3292 296 3317 5.
314 3292 343 3319 p.
361 3291 422 3320 171.
464 3282 619 3320 Diapor‘elis
631 3283 670 3312 est
687 3283 876 3313 Addubitatio.
1196 3281 1198 3285 ’

46 3313 144 3347 Anni]
156 3329 174 3348 c
183 3329 200 3348 o
210 3341 218 3355 ,
238 3320 267 3348 xi
279 3342 287 3355 ,
308 3322 386 3349 cium
401 3342 409 3354 ,
431 3321 576 3357 [προσάγω
586 3339 594 3350 ,
621 3321 746 3356 magam]
767 3322 822 3350 ere.
854 3321 895 3350 Ad
905 3321 1000 3350 locum
1010 3319 1055 3350 vel
1066 3320 1211 3358 personam

85 3355 203 3386 ducere:
225 3358 271 3386 cui
286 3359 455 3388 contrarium
467 3358 513 3394 est,
523 3358 676 3388 Abducere.
711 3359 769 3388 Cic.
784 3365 809 3393 8.
831 3361 885 3389 Att.
901 3370 943 3388 11.
965 3359 1068 3388 Gentes
1085 3359 1153 3388 seras
1172 3369 1212 3388 ar—

83 3400 170 3424 matas
179 3395 209 3423 in
220 3395 328 3425 Italiam
337 3397 484 3426 adducere.
507 3396 587 3426 Idem
597 3406 647 3435 pro
656 3397 755 3434 Quint.
769 3407 814 3434 24.
837 3398 894 3434 Qui
904 3407 939 3426 ex
951 3397 1039 3426 Gallia
1051 3406 1152 3434 pueros
1164 3407 1210 3426 ve-

85 3431 160 3462 nales
170 3433 211 3462 isti
221 3433 386 3464 adducebat.
410 3433 474 3464 Ter.
488 3434 557 3464 Hec.
572 3446 595 3470 5.
610 3445 635 3464 2.
648 3446 674 3471 4.
697 3435 785 3465 Puero
803 3437 942 3465 nutricem
953 3435 1079 3464 adduxit.

84 3469 173 3499 Alieni
194 3479 258 3500 ante
278 3472 385 3502 oculos.
408 3472 472 3502 Ter.
494 3472 595 3502 Heaut.
623 3483 687 3509 5.‘4.
706 3479 748 3508 18.
790 3475 793 3479 '

84 3505 148 3537 Huc
170 3518 271 3539 coram.
304 3510 369 3541 Ter.
388 3511 458 3540 And.
483 3521 506 3546 5.
530 3519 552 3546 3.
577 3521 622 3546 29.

84 3545 159 3577 Ante,
176 3546 273 3576 oculos
291 3557 392 3578 coram.
416 3548 481 3578 Ter.
505 3548 575 3578 Eun.
598 3560 624 3584 4.
645 3557 670 3585 7.
695 3558 741 3585 24.

84 3582 228 3614 Adducere
239 3595 254 3613 a
264 3585 334 3621 foro,
346 3596 382 3615 ex
393 3586 479 3615 Italia.
500 3586 586 3616 Plaut.
610 3586 695 3616 Milit.
711 3596 735 3621 3.
750 3596 775 3616 2.
789 3595 835 3622 44.
859 3585 923 3615 Caes.
935 3585 994 3616 Gal.
1006 3594 1031 3623 7.
1045 3595 1070 3622 7.
1084 3595 1109 3621 5.
1142 3586 1212 3625 Supa

83 3621 276 3688 l{ilementum
284 3624 360 3660 quod
371 3634 406 3653 ex
418 3624 495 3654 ltalia
504 3624 664 3653 adduxerat.
686 3625 761 3654 Hinc
770 3635 820 3662 per
828 3631 902 3652 meta
924 3624 1020 3653 horam
1030 3624 1120 3654 varius
1135 3624 1206 3653 usus.

113 3660 236 3689 ominem
243 3661 287 3696 ad,
300 3661 353 3691 sive
365 3662 395 3690 in
404 3672 463 3691 rem
471 3661 600 3698 aliquam,
610 3663 648 3691 est
658 3662 698 3691 Ad
709 3662 814 3700 aliquid
824 3672 893 3699 agen
917 3671 963 3690 um
973 3662 1107 3691 inducere
1115 3684 1122 3697 ,
1143 3663 1212 3691 inci-

101 3702 168 3731 tare,
179 3697 343 3735 impellere,
364 3700 473 3737 &quasi
492 3699 602 3736 Aliquid
612 3700 784 3738 persuadere.
807 3700 881 3729 Hinc
893 3700 1012 3728 dicimus
1032 3721 1039 3734 ,
1061 3700 1207 3729 Adducire

102 3733 192 3777 aliqua
209 3757 217 3770 ,
237 3736 332 3773 idest,
361 3737 406 3766 Ob
421 3747 483 3767 eam
491 3747 549 3766 rem
560 3738 665 3767 moveri
673 3738 717 3767 vel
733 3737 839 3776 impelli
853 3737 888 3766 ad
900 3736 1040 3803 agendum
1052 3738 1207 3776 quidpiam.

102 3772 193 3808 Hujus
209 3773 291 3808 igitur
310 3776 416 3812 generis
439 3775 499 3804 haec
514 3775 578 3804 sunt
595 3776 725 3813 exempla
746 3786 781 3805 ex
806 3775 915 3804 authori
937 3785 976 3804 us.

84 3807 117 3840 In
133 3811 267 3847 angustias
282 3811 400 3842 summas
416 3812 546 3849 aliquem.
579 3813 637 3842 Cic.
661 3824 711 3851 pro
733 3814 832 3849 Quint.
859 3823 884 3848 9.

83 3847 281 3887 Adwarbitrium
298 3850 421 3879 nostrum
443 3850 572 3888 aliquem.
597 3850 696 3880 Cic.in
712 3851 794 3890 Epist.
818 3851 917 3889 Neque
937 3850 976 3879 ita
997 3849 1068 3886 feci,
1089 3857 1121 3880 ut
1132 3856 1160 3881 te
1175 3850 1211 3881 ad

101 3895 196 3914 meum
217 3886 359 3917 arbitrium
379 3888 556 3917 adducerem.

85 3919 127 3952 Ad
136 3923 331 3954 authoritatem
340 3926 468 3955 nostram.
491 3926 547 3955 Cic.
563 3937 613 3964 pro
623 3926 716 3956 Deiot.
738 3937 782 3962 29.
815 3926 898 3955 Hunc
911 3926 948 3954 ad
962 3935 1052 3955 meam
1062 3926 1212 3956 authorita-

103 3966 161 3990 tem
180 3971 238 3990 non
250 3963 332 4000 potui
349 3964 496 3994 adducere.
540 3963 606 3995 Hoc
623 3965 681 4001 est,
702 3964 769 3995 Non
783 3965 864 4003 potui
881 3963 922 3993 illi
936 3963 1149 4002 persuaderent
1165 3975 1212 3994 au-

104 3998 228 4029 thoritati
245 4010 315 4030 meae
335 4001 487 4031 accederet.

1013 560 1142 590 Tibullus
1161 560 1196 589 sic

1690 149 1978 183 Ano
2357 166 2397 198 55

1285 225 1317 254 Iu
1333 232 1470 256 certamen
1492 238 1548 257 rem
1568 229 1695 266 aliquam.
1732 228 1789 258 Cic.
1813 230 1839 257 in
1859 229 1944 258 Pison.
1971 240 2014 266 79.
2057 232 2181 262 Adduc‘ta
2204 242 2246 262 res
2278 234 2306 261 in
2322 243 2407 263 certa-

1306 273 1386 297 nien,
1409 266 1556 295 reconlule
1575 289 1582 299 ,
1603 267 1749 303 putabatur
1763 289 1770 299 ,
1794 275 1885 295 utrum
1901 278 1961 304 quie
1974 267 2111 305 superiore
2130 270 2259 301 annoille
2279 271 2403 308 gellill'ct,

1306 311 1449 330 manerent
1465 325 1471 332 .
1493 314 1525 331 an
1548 304 1774 333 reikinderentur.

1287 337 1526 369 ln‹„·‹=2·.r.{i÷‹›=it·m.
1553 342 1609 370 Cic.
1635 343 1692 370 roa
1711 343 1790 371 redit.
1813 343 1839 370 in
1861 343 1951 372 Senat.
1975 353 2016 378 ¹5-

1288 374 1328 402 Ad
1344 378 1530 407 concordiam.
1574 380 1630 408 Cic.
1655 389 1677 415 7.
1702 380 1754 408 Att.
1777 390 1798 416 3.
1832 380 1894 409 Sive
1911 381 2032 409 cnimad
2054 382 2234 411 concordiam
2245 392 2286 412 res
2304 383 2405 413 adduci

1308 413 1410 448 potest,
1434 415 1484 442 live
1501 416 1533 443 ad
1553 416 1690 445 bimorum
1708 418 1850 446 victoriam
1863 440 1870 451 ,
1893 420 1943 447 otc.

1290 448 1331 490 Ad
1351 451 1678 489 conditionemaliq-uam.
1705 455 1802 484 Rivius
1813 456 1950 489 Ciceroni,
1963 461 1987 488 8.
2016 457 2067 485 Att.
2085 467 2125 491 ις.
2149 457 2404 493 Qiiiutadducita—

1309 485 1325 512 li
1337 493 1461 527 ternpore
1475 490 1507 530 ad
1524 489 1606 518 ullam
1622 493 1812 522 conditionem
1831 492 1928 529 polilt,
1950 494 2034 529 inagis
2049 503 2116 530 opto
2133 516 2140 528 ,
2165 505 2246 530 quani
2263 496 2349 531 spero.

1290 523 1330 550 Ad
1346 526 1573 554 C0¹¹¹1¹Css¹ffl¹¹c¹¹1
1586 549 1596 568 ³.
1615 531 1640 556 ιὲζ
1661 529 1687 557 ln
1700 531 1929 559 constit-tudinem
1940 531 2077 561 adducere
2098 532 2133 560 se.
2156 533 2213 561 Cic.
2231 542 2254 560 2.
2286 532 2359 562 fule.
2378 545 2404 568 ι).

1308 560 1509 604 Λρίψιιιιημηυ)
1526 566 1752 605 consuetudinem
1775 568 1975 597 alluuilmribus
1993 569 2217 598 miltriszutiucti.
2255 570 2282 598 ld
2298 570 2343 603 cst,
2365 571 2410 600 llb'.

1311 607 1348 625 rei
1365 598 1510 627 alsuciacti.
1533 601 1634 644 Cusl34.
1659 603 1722 643 licii.
1746 606 1813 633 (lali.
1830 616 1851 634 i.
1875 607 1905 634 ln
1923 616 1984 635 eain
2004 606 2030 635 sc
2041 606 2271 636 conluetudincni
2286 607 2410 637 adduxe-

1311 639 1384 663 runt.
1426 635 1486 664 Hoc
1507 637 1562 671 cst,
1582 639 1689 675 Seiplns
1707 642 1913 671 alliielecerunt.

1291 671 1327 712 ln
1344 674 1563 702 controversiam.
1596 676 1653 704 Cic.
1672 687 1693 705 1.
1719 679 1753 707 de
1764 682 1840 708 Orat.
1864 686 1921 716 183.

1311 710 1376 738 {iani
1392 711 1511 739 adducta
1530 711 1587 739 cst?

1292 746 1324 775 In
1344 747 1459 775 crimen.
1493 747 1523 776 V.
1542 749 1695 778 crunni«.

1291 783 1324 813 ln
1342 784 1487 813 discrimen
1505 792 1660 815 extremuni
1676 787 1793 817 adducia
1812 790 1848 819 cst
1860 802 1909 820 res.
1935 793 1992 822 Cic.
2014 797 2038 823 6.
2065 794 2182 832 Philipp.
2203 805 2246 831 ιτ).

1293 821 1333 849 Ad
1354 822 1567 852 dubitationi-in.
1593 824 1658 853 l’lin.
1684 824 1731 853 lib.
1748 835 1771 854 2.
1797 838 1855 864 cap.
1870 834 1913 856 26.

1294 858 1324 888 ln
1338 860 1551 902 dubitationem.
1575 862 1632 890 Cic.
1654 872 1677 897 3.
1704 862 1775 891 tam.
1794 875 1815 897 ς.
1840 866 1923 900 Quod
1941 867 2068 898 itinerum
2084 870 2328 899 nieorunirariote
2343 880 2415 899 non-

1314 896 1419 939 nullam
1438 907 1467 926 in
1482 898 1685 939 dubitationem
1701 900 1808 929 videtur
1829 903 1974 933 adducere.
2016 907 2075 935 lloc
2090 909 2126 936 cll
2138 931 2144 942 ,
2168 909 2206 937 Ad
2225 908 2412 937 dubituuhnn

1313 935 1474 971 impellere,
1499 936 1596 965 tacere
1614 945 1645 965 ut
1667 937 1785 967 dubites.
1946 944 1948 946 ’

1295 971 1328 1001 ln
1350 972 1474 1002 dubium.
1507 973 1562 1002 Liv.
1580 984 1624 1009 24.
1645 985 1685 1009 ις.

1295 1010 1337 1052 Ad
1355 1010 1494 1040 effectum.
1528 1011 1583 1041 Liv.
1602 1021 1644 1048 33.
1666 1012 1728 1041 Hoc
1747 1012 1792 1049 spe
1803 1014 1951 1050 concipere
1964 1037 1971 1049 ,
1993 1017 2102 1047 audacis
2118 1021 2199 1048 animi
2213 1020 2309 1050 suilse:
2333 1022 2366 1050 ad
2379 1021 2416 1050 es-

1316 1048 1418 1076 tectum
1440 1049 1578 1079 adducere
1589 1072 1597 1084 ,
1618 1050 1725 1079 virtutis
1741 1053 1765 1079 ἃ
1776 1051 1892 1079 ίῡηυηιυ
1906 1052 1933 1080 in
1943 1055 2039 1087 ⁸uentis.

1295 1084 1328 1114 In
1345 1088 1575 1123 expectationem.
1608 1087 1665 1117 Cic.
1683 1098 1705 1117 1.
1727 1088 1807 1117 Tusc.
1828 1098 1868 1123 39.
1893 1090 1933 1117 An
1949 1096 1998 1125 tu,
2023 1102 2106 1128 quum
2125 1103 2168 1122 me
2184 1095 2211 1123 in
2225 1094 2357 1125 summani
2370 1106 2418 1125 ex-

1317 1124 1505 1160 petrationcm
1526 1125 1673 1155 adduxeris
1688 1148 1696 1160 ,
1725 1126 1824 1154 deletis
1838 1127 1851 1154 ⁸?

1296 1159 1328 1189 In
1347 1168 1502 1190 extremuni
1523 1163 1642 1192 adducta
1665 1164 1726 1192 vita.
1767 1163 1856 1192 Tacit.
1879 1174 1919 1200 14.
1942 1165 2011 1193 Ann.
2033 1169 2076 1195 61.

1296 1199 1339 1227 Ad
1352 1199 1466 1228 facinus.
1489 1200 1548 1228 Cic.
1562 1211 1611 1238 pro
1625 1202 1701 1231 Rosc.
1725 1202 1811 1230 Amor.
1827 1206 1870 1235 36.
1908 1202 1985 1232 Num
2001 1205 2147 1240 quzercnda
2162 1205 2256 1242 causa,
2279 1217 2373 1244 quaste
2384 1210 2417 1237 ad

1316 1244 1425 1265 tantum
1442 1238 1548 1266 facinus
1565 1239 1730 1268 adduxerit?

1296 1274 1329 1304 In
1352 1274 1490 1304 fastidium
1512 1286 1562 1305 res.
1595 1277 1663 1305 l’lin.
1685 1278 1714 1305 in
1736 1276 1839 1314 praefat.
1865 1277 1901 1306 ad
1918 1275 2023 1314 Vespas.

1298 1312 1340 1341 Ad
1355 1313 1398 1341 vel
1422 1313 1450 1341 in
1467 1314 1574 1343 fletum.
1607 1314 1663 1344 Cic.
1684 1315 1719 1343 de
1736 1314 1806 1344 Clar.
1819 1315 1898 1344 Orat.
1920 1323 1981 1351 322.

1297 1350 1330 1380 ln
1346 1350 1482 1379 honorem
1502 1351 1614 1388 aliquid.
1637 1353 1695 1381 Cic.
1709 1362 1733 1389 7.
1757 1353 1830 1381 fam.
1848 1356 1892 1381 26.
1934 1352 2004 1381 Nam
2016 1353 2082 1382 dum
2096 1354 2194 1383 volunt
2207 1355 2246 1383 issi
2258 1355 2265 1385 I
2277 1359 2322 1386 ‘uti
2343 1380 2349 1391 ,
2368 1366 2420 1387 ter-

1316 1389 1346 1416 ra
1361 1395 1424 1417 nata
1437 1411 1445 1423 ,
1466 1399 1526 1425 quae
1538 1389 1598 1426 lege
1606 1397 1723 1427 excepta
1733 1389 1804 1424 sunt,
1825 1390 1997 1419 inhonorem
2013 1392 2150 1421 adducere
2165 1415 2172 1427 ,
2194 1394 2302 1429 staigos,
2320 1396 2420 1424 beluci-

1317 1425 1357 1455 las
1370 1448 1377 1461 ,
1401 1428 1452 1456 &c
1477 1427 1538 1456 Hoc
1548 1429 1586 1457 est
1598 1450 1606 1464 ,
1628 1428 1727 1457 Facere
1738 1450 1745 1462 ,
1765 1435 1794 1456 ut
1805 1428 1886 1456 illain
1899 1427 2034 1457 honorem
2047 1439 2077 1458 ac
2093 1431 2342 1466 pretiuniienimt.

1299 1464 1341 1493 Ad
1352 1464 1574 1500 indignationem
1585 1487 1593 1501 ,
1618 1466 1652 1494 ad
1662 1466 1841 1495 iracundiam.
1868 1465 1972 1494 Author
1981 1467 2016 1495 ad
2027 1467 2148 1497 Herenn.
2161 1468 2208 1499 lib.
2225 1481 2248 1506 4.
2290 1470 2327 1498 Ad
2341 1481 2423 1507 quain

1318 1501 1444 1531 volemus
1454 1503 1674 1539 indignationem
1683 1505 1806 1532 animuin
1819 1504 1951 1532 auditoris
1964 1505 2144 1535 adducemus.

1299 1540 1341 1569 Ad
1358 1540 1580 1577 intelligendum.
1600 1541 1657 1570 Cic.
1679 1552 1700 1570 1.
1720 1541 1801 1571 Acad.
1816 1545 1841 1570 6.
1887 1542 1938 1570 Aut
1961 1552 2043 1579 quein
2055 1543 2088 1571 ad
2101 1543 2314 1581 intelligendum
2324 1547 2426 1582 poterit

1320 1577 1458 1607 adducere
1470 1579 1527 1607 ha'c
1543 1579 1598 1616 ipsa
1610 1579 1645 1608 de
1657 1580 1713 1608 vita
1726 1582 1751 1609 ὁὶ
1761 1579 1931 1615 inoribus,de
1941 1581 2105 1617 expetendis
2116 1581 2309 1619 fugiendisque
2324 1584 2401 1612 rebus
2412 1585 2426 1612 i>

1299 1615 1332 1644 In
1344 1616 1476 1644 invidiam
1487 1616 1615 1653 aliquem.
1639 1617 1695 1646 Cic.
1708 1628 1758 1655 pro
1767 1617 1877 1646 Cluent.
1898 1616 1929 1646 ln
1940 1616 2075 1647 summam
2084 1619 2159 1648 enim
2171 1619 2199 1648 L.
2216 1621 2348 1655 Quintius
2361 1622 2428 1650 imi-

1319 1653 1394 1720 giam
1404 1654 1587 1721 cgn'scionibus
1598 1665 1664 1684 euin
1679 1655 1848 1692 quotidianis
1860 1676 1867 1690 ‚
1887 1655 2019 1684 seditiosis
2038 1658 2064 1685 δι
2089 1657 2423 1688 turbulentisadduxerat.

1336 1698 1354 1719 .t
1386 1714 1391 1720 .
1447 1695 1475 1721 l.
1537 1715 1542 1721 .

1300 1729 1342 1757 Ad
1365 1701 1409 1758 iel
1432 1730 1462 1758 in
1482 1702 1547 1765 ji71s9,
1570 1730 1623 1760 five
1639 1730 1775 1767 judicium
1790 1730 1932 1759 hominem
1945 1753 1953 1766 ,
1981 1730 2026 1760 vel
2045 1740 2104 1760 rem
2125 1731 2252 1769 aliquam.
2295 1733 2350 1762 Cic.
2375 1744 2424 1771 pro

1321 1766 1431 1796 Cluent.
1455 1773 1500 1803 48.
1532 1769 1603 1804 Quis
1614 1778 1735 1806 unquam
1748 1768 1900 1797 audacior?
1923 1768 1983 1805 quis
1997 1770 2167 1798 nocentior?
2188 1771 2248 1807 quis
2264 1772 2382 1808 apertior
2397 1773 2426 1801 in

1328 1805 1463 1839 iudicium
1476 1806 1612 1835 adductus
1623 1806 1683 1835 est?
1704 1806 1781 1835 ldeni
1793 1816 1843 1843 pro
1853 1805 1952 1842 Quint.
1980 1815 2020 1843 13.
2058 1807 2095 1836 Ut
2109 1814 2137 1836 te
2151 1808 2179 1837 in
2190 1809 2233 1844 jus
2244 1808 2423 1839 adducerent.

1301 1841 1334 1872 In
1353 1850 1475 1877 metum,
1498 1844 1608 1873 Metam
1627 1843 1853 1873 alicuiincutere.
1885 1844 1942 1873 Cic.
1956 1853 2006 1881 pro
2023 1845 2134 1874 Muren.
2156 1857 2201 1881 49.
2236 1846 2308 1875 Cum
2329 1854 2357 1875 tu
2376 1857 2425 1884 po..

1320 1880 1419 1918 pulum
1428 1881 1587 1920 Romanum
1602 1882 1630 1910 in
1643 1891 1708 1911 eum
1718 1890 1824 1912 metum
1840 1881 1976 1911 adduxisti
1986 1904 1994 1917 ,
2018 1890 2049 1911 ut
2068 1883 2293 1920 pertimesceret,
2308 1894 2342 1914 ne
2357 1894 2424 1914 con-

1320 1918 1361 1946 sul
1384 1919 1503 1947 Catilina
1524 1919 1608 1949 fieret.

1302 1955 1344 1984 Ad
1362 1956 1584 1986 misericordiam.
1608 1957 1672 1987 Ter.
1689 1957 1789 1986 Heaut.
1808 1968 1830 1992 ς.
1846 1967 1870 1987 2.
1885 1967 1930 1994 42.

1303 1994 1350 2022 Ad
1363 2004 1510 2023 mucrones
1530 2005 1562 2024 ac
1577 2005 1674 2024 manus
1691 2005 1758 2025 rem.
1787 1995 1876 2026 Tacit.
1896 1996 1928 2025 in
1945 1995 2007 2026 Vita
2024 1996 2112 2034 Agric.

1301 2031 1334 2061 In
1349 2032 1545 2062 neceslitatem.
1574 2033 1631 2062 Liv.
1658 2039 1682 2067 8.
1706 2044 1731 2070 7.

1302 2069 1335 2099 In
1350 2069 1553 2107 negligentiam.
1586 2071 1656 2100 Hirr.
1680 2071 1715 2099 de
1740 2069 1806 2100 Bell.
1840 2070 1920 2100 Afric.
1940 2074 1985 2101 66.

1301 2107 1343 2136 Ad
1361 2109 1530 2144 nequitiam,
1553 2109 1628 2146 quod
1646 2111 1671 2138 ἃ
1687 2109 1830 2138 Abducere
1850 2109 1959 2138 dicitur.
1995 2108 2081 2139 Plaut.
2104 2108 2203 2139 Bacch.
2229 2119 2254 2139 1.
2272 2119 2297 2140 2.
2318 2122 2343 2147 4.

1301 2145 1334 2174 In
1353 2145 1524 2175 oblivionem
1543 2147 1661 2176 adducta
1679 2147 1717 2176 est
1735 2146 1881 2176 accusatio.
1903 2146 1961 2176 Cic.
1978 2157 2004 2176 2.
2031 2148 2105 2176 Verr.
2122 2158 2164 2184 54.

1300 2183 1334 2212 In
1348 2184 1454 2213 odium.
1488 2185 1584 2214 Senec.
1607 2185 1642 2213 de
1659 2185 1752 2214 Benef.
1779 2194 1803 2213 2.
1826 2196 1853 2220 4.

1299 2221 1333 2250 In
1355 2223 1529 2259 opinionem.
1554 2223 1610 2251 Cic.
1629 2233 1651 2251 1.
1679 2222 1754 2251 Fam.
1776 2233 1797 2250 i.

1300 2259 1334 2289 ln
1353 2260 1489 2290 ordinem.
1524 2259 1582 2290 Cic.
1604 2260 1638 2289 de
1653 2260 1774 2291 Univers.
1799 2268 1825 2298 7.
1864 2259 1988 2298 Ideoque
2004 2269 2041 2289 ex
2056 2260 2235 2297 inordinato,
2257 2261 2287 2290 in
2297 2260 2424 2292 ordinem

1321 2297 1448 2326 adduxit.

1303 2334 1337 2364 In
1355 2335 1520 2372 periculum.
1542 2335 1599 2365 Liv.
1620 2346 1663 2372 35.
1685 2344 1726 2364 11.
1749 2344 1790 2373 pr.

1300 2372 1333 2402 In
1354 2373 1519 2403 sententiam
1538 2374 1656 2403 nostram
1674 2373 1802 2410 aliquem.
1826 2372 1882 2404 Liv.
1907 2376 1949 2411 36.
1978 2379 2019 2402 Π.

1300 2410 1333 2440 In
1352 2411 1516 2440 sermonem.
1547 2412 1604 2441 Cic.
1627 2423 1650 2448 5.
1686 2411 1757 2441 Verr.
1784 2421 1843 2447 140.
1888 2411 2031 2440 Adductus
2044 2417 2102 2440 erat
2118 2412 2148 2440 in
2165 2411 2336 2446 sermonem,
2356 2411 2425 2440 invi-

1320 2449 1395 2479 diam
1409 2472 1417 2485 ,
1442 2450 1685 2487 vituperationem.
1707 2449 1770 2479 Hoc
1789 2449 1844 2485 est,
1866 2449 1941 2479 Male
1954 2449 2099 2485 audiebat,
2122 2449 2189 2478 odio
2206 2449 2366 2486 habebatur,
2386 2450 2424 2478 vi-

1320 2487 1506 2525 tuperabatur.

1304 2525 1344 2554 Ad
1365 2525 1410 2555 vel
1427 2525 1455 2553 in
1468 2525 1636 2554 servitutem.
1668 2524 1727 2554 Cic.
1750 2525 1779 2554 in
1800 2524 1887 2554 Pison.
1905 2530 1949 2562 84.

1301 2562 1335 2592 In
1352 2562 1566 2592 solicitudinem.
1604 2564 1661 2592 Cic.
1680 2573 1721 2592 12.
1743 2562 1818 2593 Fam.
1843 2572 1868 2598 9.

1302 2600 1335 2630 In
1352 2601 1437 2639 spem.
1470 2601 1528 2630 Cic.
1546 2611 1571 2630 2.
1603 2602 1657 2630 Att.
1680 2611 1724 2630 22.
2039 2637 2043 2642 .

1302 2639 1335 2668 In
1348 2639 1447 2668 statum
1467 2649 1533 2668 euin
1555 2641 1581 2669 ἃ
1604 2638 1699 2668 locum
1717 2638 1828 2667 adduci.
1849 2637 1907 2667 Liv.
1923 2645 1947 2675 3.
1967 2638 1994 2668 δι
2013 2637 2070 2668 Cic.
2091 2638 2126 2667 ad
2140 2637 2214 2668 Brut.
2238 2648 2260 2668 1.

1301 2677 1335 2706 In
1350 2676 1542 2715 suspicionem.
1566 2677 1624 2706 Cic.
1648 2687 1672 2706 2.
1695 2678 1748 2706 Att.
1767 2686 1811 2712 24.

1302 2715 1345 2744 Ad
1365 2716 1518 2744 veritatem.
1551 2715 1608 2744 Cic.
1625 2715 1654 2743 in
1676 2715 1750 2744 Brut.
1775 2723 1820 2751 70.
2337 2751 2341 2756 .

1303 2752 1346 2782 Ad
1364 2753 1449 2782 vitam
1469 2763 1657 2782 communem.
1691 2752 1748 2782 Cic.
1770 2762 1791 2781 1.
1819 2752 1902 2781 Acad.
1929 2761 1970 2787 ις.
2004 2750 2161 2781 avocavisse
2186 2751 2387 2790 philosophiam
2408 2760 2423 2780 a

1322 2790 1404 2820 rebus
1424 2791 1542 2820 occultis
1554 2814 1563 2827 ,
1594 2792 1619 2820 δι
1638 2790 1673 2819 ad
1685 2792 1770 2820 vitam
1793 2799 1974 2819 communem
1998 2789 2149 2829 adduxisse.

1304 2829 1346 2858 Ad
1365 2829 1538 2858 umbilicum.
1563 2829 1629 2858 Hor.
1652 2828 1837 2867 Epod.14-.8-
1878 2828 1909 2857 V.
1935 2827 2054 2862 Duco,
2076 2829 2102 2856 ὁὶ
2125 2827 2351 2856 ΠΜΒιιιαυ5;
2378 2825 2426 2855 ubi

1322 2868 1401 2903 juxta
1412 2867 1566 2896 Robertum
1582 2866 1755 2904 stephanum
1782 2868 1808 2896 δι
1825 2864 2038 2903 Lugdunensem
2056 2865 2210 2894 editionem
2237 2864 2352 2893 habetur
2368 2863 2427 2892 Du-

1323 2915 1396 2934 cere.
1437 2905 1491 2934 Hic
1514 2905 1604 2934 forsan
1625 2914 1716 2942 operae
1742 2905 1863 2942 pretium
1889 2904 1941 2933 erit
1965 2910 2061 2932 notare
2090 2902 2221 2931 diversam
2243 2902 2323 2937 hujus
2346 2901 2424 2931 verbi

1324 2943 1485 2972 lectionem.
1526 2943 1558 2972 In
1580 2943 1756 2972 Dictionariis
1774 2942 1914 2980 plerisque
1933 2964 1941 2977 ,
1963 2940 2033 2970 Rob.
2059 2940 2210 2978 Stephani,
2236 2943 2315 2975 1536.
2342 2949 2423 2982 ¹543:

1327 2984 1407 3017 154⁶·
1431 2981 1491 3010 Car.
1513 2981 1666 3019 Stephani,
1686 2990 1764 3017 1552.
1796 2984 1876 3016 1561.
1898 2979 1992 3009 Franc.
2013 2978 2163 3015 Stephani,
2188 2976 2428 3021 1571·,C{¹1e1{m¹‚

1324 3019 1400 3057 apud
1413 3018 1484 3048 Rob.
1504 3019 1696 3057 Stephanum,
1721 3028 1800 3055 1553.
1827 3019 1873 3053 (Sc
1894 3017 1969 3055 apud
1984 3015 2067 3051 alios,
2089 3025 2167 3058 1522.
2191 3018 2292 3050 1609.)
2312 3024 2341 3043 in
2354 3015 2426 3058 horo

1323 3057 1469 3092 Romano,
1488 3057 1517 3085 in
1536 3056 1615 3086 Fabri
1634 3056 1793 3091 Thesauro,
1810 3056 1839 3084 in
1852 3055 1953 3085 Eralini
1969 3054 2095 3083 Proverb.
2116 3053 2181 3082 edit.
2203 3052 2273 3081 Rob.
2292 3052 2427 3090 Stephani

1327 3100 1408 3131 1558.
1431 3094 1479 3124 ubi
1500 3094 1546 3124 ille
1568 3095 1675 3124 Horatii
1689 3094 1768 3124 locus
1785 3094 1903 3128 citatur,
1924 3093 2026 3129 legitur
2043 3090 2155 3128 finiplex
2176 3089 2291 3133 Ducere.
2334 3092 2368 3119 At
2380 3100 2428 3119 ve-

1324 3143 1355 3162 ro
1381 3134 1411 3162 in
1430 3133 1543 3170 optimis
1558 3133 1665 3162 Horatii
1680 3132 1867 3167 editionibuS,
1888 3139 1945 3160 tam
1956 3130 2075 3167 antiquis
2090 3138 2100 3163 i
2115 3129 2171 3156 imo
2187 3129 2269 3165 iplius
2288 3127 2359 3157 Rob.
2370 3128 2429 3157 Ste-

1326 3171 1413 3208 phani
1438 3181 1517 3207 1544·
1541 3171 1649 3207 1549.)
1671 3180 1754 3207 quani
1771 3169 1928 3199 recentibus
1950 3168 2049 3205 legitur
2067 3164 2249 3207 compositum
2271 3165 2425 3195 Adducere.

1326 3209 1464 3239 Henricus
1473 3209 1630 3243 Stephanus
1649 3209 1678 3237 in
1690 3207 1737 3237 suo
1758 3208 1853 3238 Grreco
1863 3206 2012 3239 Thesauro,
2032 3204 2079 3233 sub
2101 3213 2168 3245 voce
2188 3208 2340 3247 navah-(⁶52,-
2354 3213 2431 3247 com-

1324 3247 1444 3285 politum
1474 3245 1621 3276 Adducere
1640 3247 1749 3275 retiner.
1801 3245 1933 3281 Quamvis
1953 3243 2000 3272 illa
2013 3241 2121 3284 legendi
2140 3240 2297 3284 differentia
2313 3239 2384 3271 nihil
2400 3250 2431 3284 in

1324 3292 1415 3314 metro
1432 3291 1479 3314 aut
1499 3284 1576 3314 sensu
1597 3290 1703 3319 mutet,
1731 3293 1789 3312 non
1809 3291 1900 3312 tamen
1922 3282 2048 3323 omittere
2060 3279 2152 3322 ,VJstJm
2167 3279 2206 3307 est
2216 3279 2271 3308 hoc
2289 3286 2362 3309 inter
2383 3278 2432 3310 Di-

1325 3324 1523 3352 ftionariorum
1539 3322 1703 3352 Latinorum
1719 3323 1744 3351 Sc
1765 3321 1871 3350 Horatii
1887 3319 2022 3349 editiones
2037 3317 2194 3346 dilcrimen.
2408 3345 2443 3375 ‘-

1306 3359 1339 3390 In
1357 3361 1539 3390 voluntatem.
1563 3361 1620 3389 Cic.
1644 3371 1665 3389 1.
1688 3361 1741 3389 Att.
1764 3370 1805 3395 14.
2258 3397 2263 3399 ‚
2388 3392 2393 3398 ,

1305 3399 1348 3428 Ad
1363 3399 1512 3428 utilitatem
1527 3408 1584 3427 rem
1603 3397 1731 3435 aliquam.
1766 3397 1842 3438 Vair.
1868 3405 1890 3423 1.
1911 3394 1945 3422 de
1964 3392 1997 3422 R.
2018 3391 2051 3421 R.
2071 3401 2130 3430 cap.
2156 3402 2201 3422 20.
2224 3391 2432 3444 Congietuame

1325 3437 1495 3466 creberrima
1523 3436 1558 3465 ad
1577 3435 1725 3465 utilitatem
1743 3435 1882 3464 adducito.
1973 3467 1978 3473 .
2083 3468 2088 3472 .

1305 3474 1468 3509 Adducere,
1491 3474 1669 3511 intorquere,
1694 3482 1791 3502 rotare.
1841 3471 1882 3499 De
1900 3467 2042 3511 funditore
2056 3466 2129 3505 virg,
2143 3441 2323 3511 offla-<57-

1392 3512 1450 3550 Ipse
1477 3521 1519 3541 ter
1537 3512 1656 3541 adducta
1672 3512 1777 3539 circum
1794 3514 1878 3561 came
1893 3513 1950 3544 egit
1969 3505 2083 3547 bahem·
2180 3506 2298 3550 Νθιῑξῑῑς.
2347 3542 2353 3548 ,

1305 3549 1461 3585 Adducere,
1473 3559 1674 3587 nonnunquam
1689 3548 1848 3577 transfertur
1863 3544 1898 3574 ad
1918 3553 1950 3572 ea
1963 3552 2022 3580 quae
2039 3544 2224 3572 intenduntur
2242 3550 2267 3573 o:
2287 3548 2432 3572 remittun-

1325 3593 1389 3623 tur,
1408 3596 1439 3617 ut
1448 3589 1483 3617 ad
1496 3589 1613 3619 Arcum,
1631 3585 1830 3620 &eutelaquze
1847 3582 1982 3624 amentis,
2001 3580 2249 3622 ioris*,-su11ib·.isvc
2272 3581 2433 3617 intorquen-

1323 3633 1390 3655 tur:
1424 3627 1467 3655 cui
1481 3626 1649 3654 contrarium
1660 3624 1697 3652 est
1713 3622 1872 3652 Reniitrere.
1916 3619 1985 3662 Virg.
2013 3629 2035 3653 ς.
2067 3623 2128 3648 len.
2154 3629 2215 3662 507.

1387 3664 1447 3693 Post
1464 3674 1525 3692 acer
1542 3663 1700 3692 Mnestheus
1723 3660 1843 3688 adducto
1859 3657 1981 3686 constitit
2003 3666 2076 3698 arcu.
2159 3658 2218 3686 Cic.
2235 3666 2258 3685 2.
2281 3654 2362 3684 Tusc.
2385 3665 2429 3691 ςτ.

1324 3700 1443 3738 Reliqua
1465 3708 1601 3730 tormenta
1619 3699 1737 3727 telorum
1757 3707 1790 3725 eo
1812 3695 1947 3733 graviores
1965 3695 2122 3723 emilliones
2144 3695 2247 3724 habent
2267 3715 2274 3728 ,
2298 3703 2353 3729 quo
2371 3691 2433 3721 sont

1327 3746 1461 3768 contenta
1477 3746 1558 3774 atque
1580 3736 1699 3765 adducta
1715 3734 1915 3763 vehementius.
2069 3770 2073 3774 Ι

1306 3777 1434 3806 Adducto
1450 3776 1562 3805 lacerto.
1621 3774 1691 3810 virg.
1719 3783 1743 3807 9.
1769 3772 1830 3801 ffin.
1848 3780 1912 3806 402.
1949 3770 2023 3800 Hinc
2038 3775 2120 3798 etiam
2138 3769 2280 3798 Adducere
2299 3775 2433 3809 equorum

1324 3815 1445 3844 habenas
1467 3816 1493 3842 Se
1509 3811 1660 3841 Remittere
1680 3811 1807 3839 (licinius.
1849 3809 1947 3838 Cicero
1969 3808 2029 3837 usus
2049 3807 2087 3835 est
2103 3817 2152 3844 per
2171 3807 2360 3843 metaphoram
2374 3814 2431 3846 [¹1¹

1325 3852 1409 3881 Laelio
1423 3862 1466 3886 45.
1503 3851 1596 3886 Quam
1608 3847 1862 3877 commoaiffimum
1875 3845 1929 3875 effe
1943 3845 2089 3874 laxillimas
2100 3845 2219 3874 habenas
2230 3844 2330 3872 haibtrc
2341 3851 2433 3871 amici-

1324 3890 1369 3919 tice
1382 3899 1388 3917 :
1416 3898 1481 3925 quas
1492 3888 1534 3916 vel
1546 3886 1667 3915 adducas
1679 3895 1744 3914 cum
1756 3885 1823 3914 velis
1834 3907 1841 3919 ,
1863 3883 1905 3914 vel
1922 3884 2052 3912 remittas.
2192 3919 2196 3923 ι
2399 3915 2415 3923 μ

1305 3927 1451 3957 Adducere
1466 3925 1578 3959 lorum,
1606 3934 1656 3961 pro
1675 3923 1836 3960 Astringere.
1900 3920 1957 3950 Liv.
1990 3921 2087 3957 Quum
2105 3928 2243 3956 apparitor
2267 3924 2433 3959 verecundia

1327 3964 1473 3999 majestatis
1489 3962 1678 3991 l'olthuinium
1692 3962 1753 3990 laxe
1762 3961 1895 3996 vinciret,
1919 3959 1996 3995 Quin
2015 3967 2045 3987 tu
2057 3980 2064 3993 ,
2087 3957 2186 3994 inquit,
2207 3956 2320 3985 adducis
2332 3953 2434 3988 lorum,

1326 4010 1359 4032 ut
1377 4001 1446 4038 justa
1465 4001 1512 4031 fiat
1534 3999 1663 4029 deditio?
1688 3998 1816 4030 Budaeus.

1967 680 2153 710 mediocrisne
2164 692 2205 712 res
2215 683 2244 710 in
2254 688 2412 712 controver-

2277 4028 2431 4063 Adducere,
