2604 4222
191 143 264 182 442
657 126 686 161 C
781 128 809 160 A
913 123 943 158 R

235 213 368 251 nibusque
382 211 509 246 finitimi,
530 219 562 240 ac
572 209 686 239 Oceano
701 207 837 246 proximi:
859 205 943 241 vulgo
961 203 1087 231 chartres.
1126 201 1236 232 Horum
1248 198 1347 229 memi-

238 253 280 282 nit
296 251 381 282 Caesar
390 252 418 280 in
430 250 482 280 suis
492 247 702 278 Commentariis
711 245 814 282 passim.
1185 277 1189 281 ι

202 290 248 320 CA
261 301 275 318 ιι
288 300 304 318 ο
316 311 323 324 ,
345 291 401 319 ete.
421 299 437 318 a
448 288 543 317 Graeco
554 286 631 322 xe'gm
645 306 652 317 ,
675 284 750 320 quod
761 280 893 311 Tondere
906 279 952 308 est.
975 284 1005 306 iit
1015 299 1022 309 .
1045 277 1119 305 inter
1130 274 1348 319 ancillas-sedere

238 327 334 364 jubeas
348 349 356 361 ,
377 326 468 356 lanam
479 333 581 353 carere.
604 321 687 351 Plaut.
700 320 777 350 Men.
794 329 815 350 ς.
826 327 850 347 2.
861 321 906 351 46.
928 317 946 344 i.
960 325 982 344 e.
1005 314 1106 343 Lanam
1118 324 1133 343 a
1145 314 1274 351 spurcitia
1287 322 1349 350 pur-

239 375 309 403 gare.
321 375 336 393 a
347 363 473 393 Gai-endo
485 361 600 391 deducit
608 359 698 387 Varro.
722 358 756 386 de
768 356 842 392 Ling.
856 354 912 383 Lat.
926 358 952 382 6.
966 362 988 387 3.
1020 352 1050 380 V.
1074 362 1100 388 p.
1112 362 1139 388 p.
1159 361 1203 380 CA
1216 361 1228 378 r.
1239 362 1258 379 Μ
1270 362 1277 378 1
1291 360 1310 378 N
1321 360 1347 379 ο,

203 403 254 433 CA
262 413 279 432 ιι
287 413 308 432 M
318 412 331 431 s
341 412 370 435 N,
380 402 475 430 inisn.
490 399 702 428 instrumentum
712 395 828 423 fei-reum
838 393 873 420 ad
882 392 974 420 lanam
983 388 1249 419 carendamLucrer.
1257 400 1281 422 4.
1289 397 1298 422 3
1306 397 1351 423 77.

320 439 462 474 Primaque
473 436 648 474 dispereunt,
670 432 740 470 quasi
757 431 878 461 carmine
890 429 952 458 lana
967 428 1098 457 trahatur.
1192 426 1243 456 Alii
1258 433 1351 455 autem

204 516 228 548 C
239 478 318 545 21}th
319 476 390 543 ῑιιῗιέἒ
395 482 442 547 ?t[
450 506 590 547 akgau'm,
615 505 734 543 κπιιζω]
755 509 809 535 are.
839 513 855 533 a
875 503 1004 532 Carmine
1014 525 1022 536 ,
1044 503 1081 532 est
1106 501 1184 531 Idem
1196 511 1228 530 ac
1242 500 1352 534 Carere,

242 555 268 583 ἃ
278 552 348 589 quafi
361 551 509 580 pectinare.
526 547 608 576 Varro
623 546 657 575 de
667 545 694 574 L.
703 543 732 574 L.
746 548 770 573 6.
786 552 810 580 3.
832 542 984 571 Carminari
994 541 1124 570 lanatum
1139 540 1251 573 dicitur,
1266 546 1353 575 quum

243 598 316 620 caret
330 598 363 617 eo
375 587 449 623 quod
461 587 488 614 in
501 595 532 614 ea
541 585 634 612 haeret.
1248 614 1254 619 .
1300 613 1306 619 ⁸

241 626 386 658 Translate
396 624 492 655 Sidon.
508 632 531 651 i.
543 621 624 658 Epist.
636 630 662 655 9.
685 619 784 648 Exeras
792 622 914 647 veterem
927 615 1031 646 musam
1043 638 1051 652 ‚
1072 615 1199 646 votivum
1209 621 1354 652 quippiam

261 664 306 694 vel
316 661 499 693 tumultuariis
511 659 613 688 fidibus
625 657 833 687 carminantem.

206 703 228 732 C
240 713 258 732 A
268 713 282 731 R
293 712 313 731 M
324 710 358 729 ιΝ
370 711 388 729 A
398 710 417 728 Τ
429 710 444 728 υ
456 708 468 727 s
479 720 486 732 ,
508 707 523 726 a
532 718 539 732 ‚
561 705 617 725 um.
639 702 671 724 ut
680 717 687 729 ,
708 694 782 723 Lana
793 693 952 722 carminata.
980 691 1049 721 Plin.
1060 702 1086 726 9.
1101 696 1145 727 38.

205 741 253 770 CA
264 750 277 767 R
289 750 309 767 M
321 749 329 766 i
341 747 416 766 NAT
428 746 462 764 10
473 758 481 768 ,
503 734 573 764 onis.
594 733 613 762 f.
644 726 823 768 [zlglgwmr]
844 730 912 760 Plin.
934 729 983 758 lib.
997 740 1037 758 ii.
1056 737 1116 767 cap.
1131 737 1176 764 23.
1215 727 1297 757 Hanc
1320 725 1354 755 ab

242 777 285 806 his
294 775 354 812 cogi
366 797 373 809 ,
394 774 537 810 subigique
549 771 685 809 unguium
694 769 894 799 carininatione
903 790 912 804 ‚
933 777 1000 797 mox
1012 767 1082 796 trahi
1101 768 1173 796 inter
1187 775 1276 794 ramos
1287 787 1295 800 ,
1316 771 1356 793 te-

241 815 320 844 nuari
331 822 382 842 ceu
393 812 512 849 pestine.

205 852 227 882 C
238 855 252 881 A
263 862 276 879 R
287 861 304 880 o
315 872 323 885 ,
345 850 440 878 carnis.
462 848 481 877 f.
508 843 589 882 [πὶρέ
600 867 608 881 ,
627 845 710 881 κρέα-ε]
731 844 907 874 mortuorum
921 843 1032 880 proprie
1047 842 1165 872 dicitur:
1194 841 1268 870 dicia
1277 839 1354 876 quod

243 889 340 918 Careat
349 888 456 922 anima,
477 886 588 914 auctore
604 883 724 912 Donato.
763 882 830 911 Plin.
848 881 895 910 lib.
906 885 931 910 6.
945 890 1005 918 cap.
1021 889 1063 916 30.
1087 878 1266 917 Agriophagi,
1288 887 1364 918 pan-⁴

239 927 377 956 therarum
388 927 412 954 Sc
428 924 541 953 leonum
554 921 682 951 carnibus
693 920 814 949 maxime
824 920 965 948 viventes:
991 917 1148 957 Pamphagi,
1169 916 1265 947 omnia
1278 919 1363 945 mana'

237 965 356 994 dentes:
379 959 605 998 Anthropophagi
617 981 624 994 ,
646 959 766 987 humana
778 967 860 987 carne
874 956 1024 986 vescenteS.

238 1004 318 1032 Attus
329 1010 410 1029 carne
421 999 538 1037 spoliati.
561 996 679 1034 Quintil.
693 996 739 1026 lib.
754 1006 779 1032 ς.
799 1005 860 1033 cap.
875 1004 917 1024 12.

238 1039 331 1068 Cruda
343 1048 415 1067 caro,
437 1038 511 1066 Suet.
522 1036 626 1065 Neron.
641 1043 682 1070 37.

238 1077 371 1108 Emortiia
385 1077 410 1105 ἃ
427 1075 510 1109 nigra.
533 1073 603 1102 Cels.
615 1071 663 1101 lib.
678 1080 704 1108 7.
719 1080 779 1109 cap.
794 1073 835 1100 16.

238 1113 376 1146 Formosa.
398 1108 574 1143 martiatiib.
589 1120 631 1140 11.
647 1118 706 1146 ¹03·

329 1152 395 1181 Non
407 1151 444 1180 est
454 1150 587 1179 mentitus
597 1170 605 1183 ,
626 1148 672 1185 qui
684 1153 711 1176 te
724 1146 812 1180 mihi,
833 1144 904 1174 dixit
914 1143 1016 1173 habere

370 1187 527 1219 Formosam
539 1196 651 1216 carnem
662 1207 670 1219 ,
693 1185 778 1222 Lydia
791 1205 799 1218 ‚
821 1192 877 1211 non
891 1182 999 1211 faeiem.
1081 1179 1116 1210 Et
1126 1190 1153 1223 p.
1167 1186 1196 1219 p.

328 1226 384 1256 Sed
393 1226 501 1263 quoties
512 1224 647 1261 loqueris.
669 1231 779 1252 carnem
789 1229 917 1258 quoque,
937 1218 1035 1257 Lydia,
1055 1219 1158 1256 perdis.

237 1265 367 1302 Humana
376 1274 450 1295 caro.
472 1264 570 1299 Juven.
585 1272 624 1297 ιι.
637 1261 691 1290 Sat.
705 1266 748 1296 98.

236 1303 371 1333 Inanima.
413 1301 443 1331 V.
467 1310 504 1330 iN
515 1311 529 1329 A
541 1309 578 1329 Ni
589 1310 610 1328 M
622 1309 639 1327 u
649 1308 669 1327 s.

235 1340 322 1371 Iners.
342 1340 360 1370 i.
371 1349 395 1370 e.
416 1337 544 1377 Insipida.
567 1336 669 1367 Hor.2.
688 1335 774 1364 Serin.
786 1343 811 1370 4.
824 1342 870 1369 41.

235 1378 337 1409 Mutua
346 1387 427 1407 carne
438 1378 510 1406 inter
519 1375 544 1405 se
553 1374 706 1404 vescuntur.
750 1372 779 1401 ln
800 1377 822 1400 Μ
831 1381 849 1400 υ
858 1379 877 1399 T
886 1379 905 1399 u
913 1379 932 1399 u
941 1380 971 1399 Μ.
1193 1388 1197 1392 .

234 1416 335 1447 Putida
346 1425 418 1446 caro.
439 1414 497 1444 Cic.
507 1414 537 1442 in
546 1412 680 1447 Pison.19.
703 1410 760 1447 Ego
767 1410 843 1439 istius
854 1408 980 1446 pecudis.
993 1416 1025 1436 ac
1037 1406 1144 1444 putidae
1157 1405 1246 1435 carnis
1263 1404 1352 1434 confi.-

254 1453 294 1483 lio
308 1453 428 1487 scilicet,
449 1458 496 1481 aut
507 1450 630 1489 praesidio
640 1449 692 1478 niti
709 1448 838 1478 volebam
853 1448 867 1476 ‘?
889 1445 1012 1483 Metaph.
1026 1454 1077 1482 pro
1090 1444 1213 1474 Homine
1227 1441 1349 1473 scelesto.

234 1491 408 1523 Subrancida
416 1500 486 1519 caro.
510 1489 568 1518 Cic.
580 1489 609 1517 in
621 1487 706 1517 Pison.
719 1490 763 1523 ⁶7·
786 1485 917 1514 Extrut‘ta
926 1482 1020 1513 mensa
1033 1492 1092 1512 non
1109 1480 1283 1520 conchyliis,
1303 1486 1351 1511 aut

253 1529 376 1567 piscibus
388 1550 395 1563 ,
416 1528 463 1557 sed
474 1526 560 1556 multa
569 1535 649 1555 carne
658 1523 830 1555 subrancida.

234 1567 325 1598 Testa.
349 1567 433 1596 Ovid.
449 1576 488 1595 12.
506 1564 573 1594 Met.
588 1567 649 1599 156.
998 1596 1005 1602 ι

232 1605 357 1642 Vipereae
367 1613 468 1634 carnes.
492 1603 575 1632 Ovid.
586 1611 612 1631 2.
622 1600 692 1631 Met.
703 1602 768 1637 769.
790 1599 808 1629 i.
820 1607 845 1628 e.
867 1596 970 1627 Carnes
979 1604 1142 1634 Viperarum.

233 1643 310 1672 Viva.
334 1643 418 1672 Ovid.
435 1651 475 1677 ις.
490 1641 550 1670 Met
569 1645 631 1676 380.

233 1681 323 1711 Edere
333 1689 435 1710 carnes,
458 1678 541 1709 Ovid.
554 1687 578 1707 2.
591 1676 661 1708 Met.
674 1679 737 1713 767.

232 1718 352 1755 Replere
365 1727 482 1756 corpora
490 1726 571 1746 carne
582 1715 658 1744 tosta.
681 1712 766 1744 ovid.
777 1720 804 1742 2.
817 1711 887 1742 Met.
901 1712 963 1747 156.

233 1756 313 1786 Vesci
327 1754 597 1786 carnibushumanis.
618 1753 717 1789 Juven.
739 1761 778 1786 ις.
795 1750 849 1780 Sat.
864 1758 911 1792 ιι..
967 1786 971 1792 Ι

234 1794 323 1824 Carne
332 1793 448 1823 aliorum
459 1792 574 1830 piscium
588 1791 733 1820 vescuntur
745 1788 832 1818 mulli.
875 1787 942 1816 Plin.
954 1784 1001 1814 lib.
1013 1794 1039 1820 9.
1055 1793 1116 1822 cap.
1131 1789 1173 1828 17.
1226 1820 1232 1827 ⁸
1266 1819 1272 1827 Β

233 1832 352 1861 Carnem
363 1841 413 1869 pro
427 1831 544 1860 Externo
556 1829 670 1858 homine
682 1826 774 1865 posuit
781 1827 880 1856 Senec.
890 1823 972 1862 Epist.
983 1828 1098 1857 <Sc-extr.
1110 1820 1253 1859 Quicquid
1264 1829 1293 1850 in
1303 1830 1348 1850 me

273 1870 341 1899 otest
350 1869 478 1904 injuriam
492 1868 615 1906 pati‚hoc
625 1867 700 1896 estin
712 1865 768 1894 hoc
778 1863 904 1893 obnoxio
919 1860 1064 1890 domicilio
1077 1870 1083 1889 τ
1106 1862 1214 1890 animus
1225 1858 1294 1903 liber
1303 1859 1349 1902 ha-

249 1879 328 1937 gitat.
368 1907 517 1943 Nunquam
526 1915 571 1935 me
581 1914 643 1934 caro
657 1904 704 1933 ista
716 1901 868 1940 compellet
885 1899 919 1929 ad
932 1905 1037 1928 metum
1046 1921 1053 1933 ,
1076 1907 1217 1935 nunquam
1227 1897 1261 1940 ad
1276 1897 1349 1925 indi«

270 1955 332 1974 nam
350 1945 425 1974 bono
436 1943 646 1973 simulationem.
686 1941 719 1971 In
736 1941 792 1970 hoc
809 1938 886 1969 sensu
904 1937 1049 1975 saepiffime
1069 1943 1185 1966 utuntur
1203 1934 1349 1972 scriptores

275 1983 403 2012 hristiani.

230 2020 301 2051 Caro
310 2021 441 2050 arborum
452 2028 513 2057 quae
528 2019 575 2052 sit.
597 2017 682 2047 docet
695 2014 822 2048 Plin.lib.
842 2017 884 2043 16.
902 2023 963 2051 cap.
975 2017 1019 2049 38.
1052 2012 1139 2056 Atque
1167 2011 1197 2040 in
1215 2016 1275 2040 toto
1289 2016 1349 2040 cor-

248 2069 318 2098 pore
327 2060 473 2091 arborum,
493 2064 524 2086 ut
534 2056 702 2092 reliquorum
720 2052 898 2087 animalium,
921 2052 1009 2086 cutis,
1030 2049 1157 2086 sanguis,
1181 2058 1245 2078 caro
1257 2070 1265 2084 ‚
1287 2059 1348 2078 ner-

248 2098 298 2132 vi,
318 2106 412 2131 venae,
434 2095 489 2124 ossa
503 2117 510 2130 ,
532 2093 669 2123 medullae.
710 2092 744 2122 Et
757 2090 840 2129 paulo
857 2090 927 2128 post.
960 2088 1081 2118 Proximi
1093 2086 1227 2125 plerisque
1238 2087 1345 2124 adipes.

249 2134 273 2165 Ii
286 2141 421 2164 vocantur
431 2143 446 2163 a
457 2133 550 2163 colore
564 2131 712 2161 alburnum
724 2140 730 2159 :
753 2128 846 2158 mollis
865 2138 898 2158 ac
910 2127 1023 2166 pessima
1035 2135 1097 2163 pars
1111 2126 1178 2163 ligni
1190 2147 1197 2159 ,
1218 2125 1302 2168 etiam
1317 2125 1347 2153 in

249 2172 350 2202 robore
360 2172 442 2201 facile
453 2171 610 2209 putiescens
623 2191 630 2203 ,
651 2168 769 2198 teredini
781 2167 902 2196 obnoxia
911 2187 920 2200 ,
938 2174 1020 2202 quare
1030 2165 1137 2201 semper
1148 2162 1345 2202 amputabitur.

251 2210 348 2240 Subest
358 2210 424 2239 huic
436 2218 515 2238 caro:
537 2209 580 2237 cui
592 2206 663 2236 ossa:
687 2207 716 2234 id
729 2205 767 2235 est
775 2204 894 2234 materiae
905 2203 1053 2240 optimum.

195 2248 218 2278 C
227 2257 246 2278 A
256 2258 273 2277 ιι
283 2258 303 2277 Ν
313 2259 323 2276 ι
333 2257 345 2277 s
358 2270 366 2283 ,
389 2248 420 2277 is.
441 2247 461 2276 f.
483 2247 512 2275 in
521 2247 597 2275 recto
608 2244 669 2274 casu
680 2244 737 2273 dici
747 2243 865 2272 ostendit
879 2241 1003 2270 Priscian.
1016 2239 1064 2269 lib.
1075 2243 1100 2268 6.
1117 2249 1144 2277 p.
1155 2242 1219 2274 684.
1244 2238 1277 2267 Et
1287 2237 1345 2268 Liv.

233 2294 275 2322 37.
291 2294 315 2321 3.
337 2284 518 2315 Laurentibus
530 2284 618 2313 carnis
631 2305 639 2317 ,
659 2291 718 2319 quae
734 2281 792 2310 dari
809 2279 909 2314 debet,
931 2279 996 2307 data
1015 2287 1073 2306 non
1089 2277 1184 2306 fuerat.
1234 2314 1240 2320 ·
1269 2314 1274 2319 1
1309 2314 1314 2319 .

230 2324 299 2354 Haec
319 2323 416 2352 eadem
430 2322 464 2352 H.
478 2323 514 2351 St.
544 2321 707 2353 adnotarat,
729 2328 815 2355 quum
834 2319 863 2346 in
885 2316 970 2354 Lugd.
987 2314 1121 2345 deessent.
1161 2315 1289 2344 Remittit
1307 2323 1349 2342 in-

228 2361 310 2399 super
320 2361 354 2390 ad
365 2361 469 2398 Sigonii
479 2359 572 2390 Schol.
587 2359 617 2388 in
634 2357 651 2387 l.
663 2367 687 2387 c.
706 2355 784 2386 Livii.
809 2355 882 2385 Hinc
1114 2390 1120 2396 ι

196 2398 219 2429 C
230 2409 303 2429 ARN
314 2409 348 2428 ic
358 2409 376 2427 u
388 2410 404 2427 L
416 2409 433 2427 A
443 2420 450 2434 ,
462 2408 492 2428 ae.
516 2397 536 2427 f.
559 2397 657 2426 dimin.
670 2394 796 2425 Priscian.
814 2393 863 2422 lib.
877 2395 902 2423 6.
915 2402 944 2431 p.
965 2401 1006 2428 55.
1022 2401 1046 2420 a.
1059 2390 1130 2420 Aldi.
1152 2389 1186 2420 V.
1209 2399 1254 2419 cA
1264 2400 1280 2418 ιι
1291 2398 1351 2419 uN⁴

194 2474 218 2504 C
228 2436 443 2504 ἓὲιξὲιιιιῃῗὲ.
459 2483 476 2503 a
486 2495 495 2509 ‚
517 2481 573 2503 um.
597 2471 657 2507 Adi.
673 2476 704 2500 ut
713 2493 721 2506 ,
741 2469 869 2499 Taberna
881 2466 1011 2497 carnaria.
1035 2465 1120 2496 Varro
1137 2465 1172 2496 de
1184 2464 1214 2496 1..
1223 2465 1252 2495 L.
1265 2475 1290 2503 7.
1304 2473 1348 2502 30.

194 2512 217 2542 C
226 2522 246 2541 A
255 2522 271 2540 R
281 2521 302 2540 N
312 2522 331 2540 A
342 2522 357 2540 ιι
367 2522 375 2539 ι
385 2521 403 2540 u
413 2521 425 2541 s
437 2533 444 2545 ,
466 2512 483 2540 i.
499 2521 535 2540 m.
558 2507 745 2546 [κςεωπτόλκς]
766 2508 823 2544 Qui
835 2516 945 2536 carnem
954 2504 1060 2534 vendit.

232 2549 393 2583 Carnarius,
415 2549 471 2585 Qui
484 2550 512 2578 in
523 2546 633 2577 edenda
642 2556 723 2576 carne
734 2545 895 2574 delectatur.
918 2542 1037 2573 martial.
1051 2542 1099 2572 lib.
1113 2552 1124 2571 1
1133 2552 1156 2572 1.
1174 2551 1236 2571 101.

311 2587 456 2616 Carnarius
468 2587 527 2616 sum
538 2608 545 2620 ,
567 2585 737 2623 pinguiarius
748 2593 806 2612 non
820 2582 887 2612 sum.

193 2625 297 2657 CARN
307 2635 326 2654 A
339 2635 353 2653 R
363 2635 371 2652 ι
381 2635 398 2653 u
411 2636 449 2658 M,
469 2625 488 2654 i.
507 2633 535 2653 n.
559 2625 686 2660 [13eroe
693 2622 781 2657 ἄκων]
803 2621 914 2659 proprie
929 2619 1029 2648 dicitur
1041 2618 1130 2648 Locus
1142 2617 1190 2647 ubi
1200 2616 1282 2647 salitae
1292 2625 1350 2646 cat-

230 2672 279 2693 nes
293 2662 370 2691 domi
385 2668 565 2701 reponuntur.
607 2659 743 2690 Columel.
758 2658 807 2688 lib.
824 2668 863 2687 12.
884 2667 944 2695 cap.
960 2666 1001 2692 53.
1039 2657 1059 2685 A
1073 2655 1241 2685 duodecima
1251 2656 1296 2684 die
1314 2653 1349 2683 ad

229 2701 321 2730 lacum
340 2699 465 2729 salsuram
477 2699 576 2728 deferri
591 2697 748 2735 oportebit,
770 2699 796 2727 Sc
816 2696 899 2726 salem
924 2695 1000 2733 prius
1017 2694 1130 2729 excuti,
1155 2693 1259 2722 deinde
1279 2701 1349 2729 aqua

230 2738 306 2768 dulci
321 2737 468 2773 diligenter
482 2736 588 2775 perlui,
610 2736 712 2764 necubi
723 2734 901 2764 salinhaereat
913 2755 921 2768 ,
943 2734 968 2762 ἃ
989 2731 1134 2770 paululum
1147 2731 1303 2761 afficcatam
1315 2731 1346 2758 in

230 2777 355 2806 carnario
366 2775 503 2813 suspendi.
545 2772 626 2803 Plaut.
643 2773 721 2810 Capt.
733 2783 758 2808 4.
775 2784 801 2808 4.
817 2776 841 2801 6.
1005 2808 1010 2812 .

310 2814 465 2843 Adveniens
475 2812 633 2842 deturbavit
641 2818 730 2840 totum
741 2819 806 2839 cum
816 2817 898 2839 carne
906 2817 1071 2838 carnarium.

250 2874 256 2881 .
309 2875 314 2880 .
338 2851 429 2881 Pseud.
449 2861 472 2880 ι.
484 2860 510 2880 2.
524 2853 569 2879 66.

230 2859 389 2919 {taiiiarium
407 2884 598 2925 [κςεωπώλων]
617 2886 705 2916 Locus
715 2885 762 2915 ubi
771 2894 865 2914 carnes
874 2882 1069 2913 tantummodo
1080 2881 1247 2911 venduntur.
1260 2880 1345 2910 Plaut.

249 2927 366 2956 Coenam
377 2936 392 2956 e
404 2926 527 2957 carnario
538 2926 625 2961 emit,
646 2924 701 2960 jam
711 2925 798 2953 factus
809 2922 887 2952 satur.
915 2921 998 2950 Varro
1016 2920 1175 2950 Tabernam
1195 2921 1347 2949 carnariam

247 2972 338 2994 vocat

231 3003 390 3032 Carnarium
403 3001 537 3039 accipitur
544 3000 628 3030 etiam
639 3009 689 3037 pro
702 2998 791 3028 Carne
802 2997 869 3035 ipsa,
881 2996 948 3026 sicut
958 2995 1097 3025 Cibariurn
1108 3005 1159 3034 pro
1171 2994 1250 3025 Cibo.
1259 2994 1344 3024 Plaut.

249 3041 306 3077 Qui
327 3040 395 3069 milii
417 3040 570 3069 carnarium
589 3038 696 3076 paravit
709 3059 717 3071 ,
739 3035 874 3065 ridiculus
885 3056 893 3069 ,
914 3035 948 3063 ad
968 3034 1141 3070 jentandum.
1181 3033 1346 3069 [Neutrum

249 3078 343 3108 locum
355 3079 382 3106 in
397 3078 490 3107 indice
501 3076 601 3115 reperi.
642 3074 740 3105 Forsan
752 3083 787 3103 ex
801 3071 909 3110 suppos.
924 3072 1017 3101 Plauti.

194 3115 216 3146 C
225 3126 245 3145 A
256 3126 270 3144 ιι
282 3126 301 3145 Ν
314 3126 331 3144 A
340 3125 360 3144 τ
370 3126 387 3145 u
397 3125 409 3145 s
421 3137 428 3150 ,
450 3125 465 3145 a
479 3137 488 3151 ‚
509 3124 567 3144 um.
599 3112 778 3150 [Fumgae&·]
799 3118 830 3141 ut
839 3133 847 3146 ,
869 3110 978 3148 Corpus
997 3115 1148 3139 carnatum.
1172 3107 1237 3138 Cael.
1256 3107 1344 3138 Aurel.

230 3153 312 3183 Tard.
329 3163 351 3183 i.
385 3176 390 3183 .
437 3175 443 3182 .
878 3159 885 3167 ·

193 3190 216 3219 C
225 3201 242 3220 A
254 3201 267 3219 ιι
280 3201 298 3220 Ν
309 3202 326 3220 A
336 3201 355 3220 T
365 3163 505 3226 soih-inis.
520 3189 540 3219 f.
554 3187 686 3219 Obesitas.
702 3186 780 3217 idem
791 3185 880 3215 Aurei.
896 3194 919 3214 1.
932 3195 959 3220 4.
972 3194 982 3213 1
991 3193 1032 3219 ¹³.
1054 3183 1204 3214 Gravabilis
1214 3184 1344 3213 carnario.

195 3228 216 3258 C
227 3238 245 3257 A
257 3239 269 3256 ιι
279 3238 298 3257 Ν
310 3237 323 3257 ιι
334 3238 350 3258 U
360 3238 372 3258 s
384 3251 391 3262 ‚
415 3238 429 3258 a
439 3250 447 3264 ,
467 3238 525 3258 um.
550 3224 709 3263 [σαριικρς]
730 3225 791 3259 Adj.
815 3223 900 3260 Quod
913 3232 947 3251 ex
964 3231 1046 3251 carne
1059 3222 1105 3251 est.
1127 3222 1270 3251 Translate
1287 3222 1347 3250 Prii-

231 3267 327 3309 dentio
344 3266 441 3304 Apoth.
456 3275 481 3296 v.
495 3275 558 3303 370.
579 3264 637 3295 Lex
658 3272 757 3294 carnea
770 3262 923 3300 opponitur
938 3259 1001 3295 Illi,
1023 3269 1105 3297 quain
1122 3259 1233 3298 spiritus
1246 3260 1346 3298 implet

229 3312 351 3333 Ulterior.

231 3340 368 3371 Absolute.
390 3341 467 3371 idem
476 3361 484 3374 ,
509 3339 653 3376 Psychom.
665 3343 731 3377 765.

323 3379 434 3417 Spiritui
445 3385 556 3408 aeterno.
935 3411 942 3417 ⁵
1024 3410 1030 3416 ¹
1102 3409 1109 3416 ι
1230 3409 1235 3415 Ι

195 3415 218 3446 C
228 3424 246 3444 A
260 3425 273 3443 ιι
285 3425 303 3444 Ν
314 3420 329 3444 A
341 3428 355 3444 ι
365 3428 372 3445 ι
382 3427 393 3446 s
404 3439 412 3451 ,
432 3427 456 3446 e.
480 3415 730 3446 Ecclesiasticorum
748 3422 812 3445 vox.
835 3417 885 3448 ut,
913 3410 987 3441 Finis
1002 3408 1111 3440 ,νιιιειιίι
1133 3409 1259 3440 carnalis.
1280 3409 1345 3440 Pru-

232 3453 299 3482 dent
325 3453 410 3483 Pei-ist.
424 3464 450 3483 2.
463 3459 527 3490 487.

232 3490 316 3520 Oculi
327 3492 456 3521 carnales.
481 3492 550 3522 Min.
566 3491 644 3521 Felix
658 3499 700 3524 η.
712 3492 738 3519 6.

230 3528 310 3565 Saepe
325 3529 353 3557 in
365 3530 400 3558 N.
414 3530 446 3559 T.
470 3529 584 3559 Carnale
596 3528 734 3567 Spirituali
747 3524 917 3564 opponitur,
938 3521 1089 3560 aliquando
1097 3521 1173 3552 Duro
1187 3521 1343 3560 &lapidem

232 3564 360 3595 carnales
379 3565 511 3596 Seddules
532 3568 648 3604 (potius
669 3565 771 3596 ffldiles
783 3587 790 3596 .
811 3565 850 3593 uti
875 3562 959 3592 habet
976 3560 1100 3592 Turneb.
1121 3559 1230 3590 Advers.
1242 3570 1286 3596 29.
1302 3562 1344 3598 1.)

250 3602 344 3632 Romae
356 3606 430 3633 carni
441 3604 530 3634 venali
547 3610 687 3642 praecrant
713 3602 822 3632 Non.2.
838 3603 899 3637 136.

194 3639 218 3670 C
227 3650 247 3670 A
256 3650 272 3670 R
281 3650 300 3669 N
310 3651 327 3669 A
338 3652 353 3669 ι,
362 3642 373 3670 'i‘
382 3652 400 3670 τ
412 3651 424 3670 ιι
434 3652 449 3670 ιι
457 3663 465 3677 ,
489 3643 554 3671 Adv.
578 3643 705 3671 Prudent.
725 3640 822 3678 tipoth.
837 3644 900 3675 ³⁶8-

310 3678 450 3708 Posteritris
460 3680 549 3709 carnis
561 3702 570 3714 ,
590 3680 733 3709 carnaliter
748 3678 842 3706 omnia
856 3684 981 3706 cernens.

193 3715 216 3746 C
227 3725 246 3744 A
255 3725 270 3744 ιι
279 3725 299 3744 N
309 3726 327 3745 A
338 3727 353 3744 L
365 3727 371 3743 ι
383 3726 402 3744 ι·
412 3726 430 3744 A
442 3726 452 3745 s
465 3739 472 3749 ,
493 3718 552 3746 sitis.
576 3717 594 3746 f.
618 3717 756 3754 Aiigustin.
768 3716 855 3745 Sei-m.
874 3719 931 3748 18⁶.
944 3722 1005 3750 cap.
1016 3721 1043 3742 2.
1066 3709 1219 3741 Carnalitas
1227 3710 1345 3741 vetustas

230 3753 285 3782 est:
307 3755 392 3788 gratia
404 3754 510 3782 novitas
521 3756 566 3782 est.
622 3756 624 3759 '

191 3790 214 3821 C
224 3800 244 3820 A
253 3800 268 3819 a
277 3801 294 3819 N
303 3792 315 3819 ῑ
325 3801 336 3819 r
344 3801 357 3819 r.
366 3800 393 3823 x,
407 3792 466 3819 icis.
491 3801 525 3819 ni.
549 3788 681 3825 stillum»,
702 3789 859 3824 eamus-ic]
881 3787 937 3825 Qui
950 3787 1017 3823 iussu
1031 3785 1199 3823 magistratus
1217 3785 1345 3815 homines

226 3836 360 3857 nocentes
371 3829 482 3857 occidit.
501 3829 565 3857 ideo
575 3829 673 3863 distue,
684 3836 714 3857 ut
725 3829 763 3858 ait
780 3828 903 3855 Donatus
915 3826 949 3854 ad
964 3827 1060 3854 lindi.
1075 3835 1099 3853 2.
1114 3825 1187 3861 quod
1198 3822 1301 3852 Carnes
1310 3831 1346 3852 ex

225 3865 386 3894 hominibus
400 3866 488 3894 faciat.
513 3866 593 3894 linior
619 3867 662 3894 lib.
683 3877 720 3893 ιο.
747 3865 861 3901 ιίιγηιοὶ.
888 3865 915 3892 in
937 3864 1026 3891 littera
1048 3862 1069 3891 C
1082 3885 1089 3895 ,
1107 3863 1223 3897 Γιάἱιῖὶιιιιι
1246 3867 1323 3898 putat
1334 3882 1343 3895 ‚

224 3904 299 3940 quod
310 3905 427 3932 Carnem
437 3903 542 3932 afficiat.
557 3903 612 3932 Cic.
624 3914 640 3930 ·.
650 3904 719 3932 Verr.
731 3914 737 3931 ι
749 3909 779 3935 18
796 3904 892 3930 Aderat
904 3902 1002 3935 janitor
1011 3898 1263 3933 carceris,carnifex
1280 3898 1344 3927 Prie-

222 3942 301 3976 toris,
320 3950 394 3970 mors
404 3947 543 3978 terrorque
554 3940 699 3974 lbciorum,
715 3941 740 3969 ὁὶ
752 3940 856 3969 civium
866 3939 946 3968 lictor
955 3939 1065 3968 Sestius.
1103 3938 1240 3974 [Videtur
1249 3936 1346 3966 Carni-

1139 2806 1213 2836 conf.
1224 2806 1305 2836 Curc.
1318 2815 1345 2836 2.

831 3345 910 3366 —ne
922 3344 1021 3365 carnea
1031 3328 1150 3370 distent,

1854 113 1882 147 C
1979 114 2006 147 A
2101 114 2133 149 R

1435 193 1545 224 fexdici
1558 216 1565 228 ,
1588 193 1756 231 improprie.
1782 199 1812 222 ut
1825 194 1933 223 Aurifex
1943 216 1951 229 ,
1974 194 2119 232 non'quod
2132 194 2248 224 Carnem
2259 194 2355 229 faciat,
2378 193 2424 224 sed
2436 198 2509 232 quod
2522 200 2550 230 in

1437 243 1469 261 ea
1481 239 1610 261 exerceat
1624 241 1723 260 munus
1734 230 1821 260 suuni.

1438 271 1512 300 Inter
1523 269 1664 298 carnifices
1678 269 1811 297 inventus.
1835 269 1931 302 Juven.
1946 274 1973 302 8,
1989 269 2043 298 Sat.
2060 278 2119 302 ι7ς.

1439 309 1563 338 Atrocior
1576 306 1697 336 carnifex
1711 315 1765 334 erat
1776 306 1880 335 lit‘tore.
1921 307 1977 336 Cic.
1987 316 2037 343 pro
2048 306 2140 336 Rabir.
2155 306 2232 337 Perd.
2252 317 2272 336 r.
2288 316 2329 336 12.
2359 307 2455 336 Porcia
2465 307 2509 337 lex
2521 309 2551 339 li.

1458 347 1595 411 berdtagem
1610 345 1712 373 civium
1727 344 1816 373 lictori
1831 344 1933 382 eripuit
1943 366 1951 379 ,
1972 343 2108 374 Labienus
2118 368 2126 380 ,
2151 345 2239 374 homo
2250 344 2391 382 popularis
2403 365 2411 380 ,
2432 347 2551 378 carnifici

1457 391 1497 413 tra
1520 394 1540 411 ιι
1552 390 1578 411 it.

1440 422 1542 458 ffigroti
1557 418 1693 449 carnificis
1706 418 1801 447 culum
1810 419 1924 455 lingere.
1948 419 2047 449 Catuli.
2061 430 2104 453 φο.
2117 426 2182 449 extr.
2222 419 2254 449 V.
2278 419 2315 448 ibi
2326 419 2442 457 interpr.

1441 459 1583 488 Carnificis
1595 458 1657 486 loco
1670 456 1824 485 habebatur
1839 457 1871 489 is,
1888 457 1933 494 qui
1947 457 1972 485 fe
1981 453 2163 491 vulnerasset,
2185 463 2216 487 ut
2227 466 2389 487 moreretur.
2414 457 2480 487 Fest.

1440 496 1568 526 Nefarius
1582 495 1676 533 patriae
1687 494 1818 524 carnifex.
1843 494 1914 524 Firm
1936 495 1981 523 lib.
1998 505 2017 522 ι.
2032 505 2115 532 cap.3
2150 496 2190 524 De
2202 495 2284 532 Sylla.

1442 534 1589 566 Carnifex,
1612 532 1797 566 Convicium,
1818 533 1929 561 au&ore
1950 532 2076 566 Donato,
2100 533 2302 563 Excarnificaris
2324 532 2488 562 dominum:
2508 539 2554 566 aut

1460 572 1520 608 lpse
1534 571 1635 606 dignus
1646 569 1773 598 carnifice
1783 591 1791 604 ,
1815 575 1846 598 ut
1857 580 1919 599 caro
1931 569 1985 603 fiat,
2009 571 2036 599 id
2051 571 2088 599 est
2103 578 2132 599 ut
2145 571 2271 600 lanietur.
2293 570 2356 599 Ter.
2374 570 2440 599 And.
2451 580 2550 609 4.r.27.

1461 608 1637 646 Quantasque
1649 607 1694 636 hic
1707 607 1757 636 suis
1769 607 1968 637 conliliis'mihi
1981 608 2104 637 confecit
2115 608 2307 638 solicitudines
2318 618 2396 637 meus
2405 608 2532 639 carnifex.

1441 647 1571 677 Carnifex
1585 669 1592 679 ,
1602 655 1662 683 ρει
1671 646 1870 688 metaphoram.
1913 645 1971 675 Cic.
1983 654 2007 682 3.
2026 645 2102 675 Verr.
2114 655 2141 682 9.
2161 647 2230 676 Nori
2239 646 2366 676 sicarium
2379 667 2388 682 ,
2408 645 2456 676 sed
2463 647 2552 677 crude.

1462 685 1592 713 lillimum
1609 685 1766 712 carnificem
1778 684 1889 712 civium.

1442 722 1573 752 Carnifex
1585 723 1611 751 ἃ
1626 727 1721 750 tortor.
1744 721 1802 750 Cic.
1818 731 1859 751 ιι.
1877 721 1994 759 Philipp.
2006 728 2033 758 7.

1442 760 1585 795 Adiective
1600 759 1712 796 ponitur
1722 780 1730 793 ,
1750 764 1799 794 ut,

1442 797 1646 831 Carnifexavis.
1670 796 1787 825 Martial.
1799 796 1847 826 lib.
1860 806 1903 826 11.
1915 802 1960 831 ες.
2594 789 2596 831 l

1522 834 1687 865 Carnificem
1696 835 1773 863 nudo
1785 836 1898 872 pedtore
1906 834 1998 872 pascet
2008 843 2097 864 avem.
2563 854 2571 860 .

1441 873 1538 910 Epulae
1549 872 1700 905 carnifices.
1712 878 1759 901 aut
1770 873 1840 909 Quae
1849 873 1975 902 comestae
1986 872 2106 909 aliquem
2118 871 2252 908 affligunt,
2263 877 2364 910 utpote
2375 882 2484 903 veneno
2491 878 2554 905 cona
2591 894 2594 909 i

1461 912 1543 941 ditae:
1564 917 1611 939 aut
1630 910 1788 939 Acarnifice
1801 911 1957 939 ministratae
1972 910 2147 948 &appositae.
2171 909 2270 941 Claud.
2282 911 2313 940 in
2321 910 2389 942 Bell.
2401 911 2475 942 Gild.
2493 918 2551 951 178·
2589 919 2593 945 i

1521 949 1605 978 Fixus
1615 947 1726 986 quisque
1735 948 1816 978 thoro
1825 951 1911 978 tacita
1923 948 2074 978 formidine
2085 948 2156 978 libat
2191 973 2197 980 .
2591 955 2594 969 ²

1521 986 1668 1016 Carnifices
1678 986 1784 1024 epulas.

1440 1023 1544 1055 Libido
1556 1024 1686 1054 carnifex.
1711 1023 1811 1053 Arnob.
1826 1033 1849 1053 1.
1866 1034 1893 1062 p.
1907 1034 1953 1059 4¹·

1440 1063 1542 1093 Manus
1553 1062 1703 1091 carnifices.
1716 1061 1814 1091 Sil.lib.
1823 1061 1971 1098 i.i73.Alii
1988 1061 2085 1098 legunt
2094 1061 2246 1097 Carnificae,
2256 1071 2272 1092 a
2286 1061 2446 1098 Carnificus,
2459 1071 2484 1098 a,
2496 1068 2551 1096 um.
2602 1079 2604 1095 :

1441 1100 1536 1130 Pedes.
1560 1099 1738 1130 Marti-atlib.
1756 1109 1798 1129 ια.
1811 1105 1856 1134 48.
1886 1101 1905 1129 i.
1920 1110 1943 1130 e.
1966 1099 2118 1138 Podagrici.

1441 1138 1488 1213 U&
1492 1138 1652 1183 carnifices,
1674 1138 1709 1167 ad
1731 1138 1860 1176 reliquias
1882 1139 1945 1168 vitae
1966 1137 2127 1168 lacerandas
2147 1148 2179 1168 ac
2203 1137 2398 1168 distrahendas.
2431 1137 2486 1168 Cic.
2506 1148 2552 1179 pm
2587 1134 2604 1173 ,³-

1491 1184 1560 1206 uirit.
1581 1187 1622 1211 ςο.
2586 1178 2593 1206 '.

1403 1214 1453 1244 CA
1463 1225 1476 1243 ιι
1488 1224 1505 1243 N
1518 1226 1525 1243 ι
1538 1217 1641 1243 ι-ιεῑΝ
1652 1223 1686 1248 A,
1707 1223 1739 1243 ae.
1758 1213 1777 1243 f.
1801 1212 1975 1250 [wharn'gaoi‚
1995 1213 2187 1250 βασανιςιίξιον]
2207 1213 2296 1243 Locus
2309 1213 2446 1252 publicus*
2459 1213 2488 1242 iri
2501 1222 2554 1251 quo*
2584 1199 2604 1255 ll

1440 1252 1510 1289 jussu
1523 1252 1690 1289 magistratus
1699 1251 1830 1280 homines
1838 1252 2015 1281 occiduntur.
2056 1251 2114 1281 Liv.
2127 1261 2151 1281 2.
2164 1261 2208 1286 23.
2233 1252 2353 1281 Ductum
2361 1251 2388 1281 se
2399 1251 2433 1281 ab
2442 1251 2552 1282 credito.
2583 1258 2604 1287 ¹12

1439 1300 1469 1320 re
1480 1312 1487 1324 ,
1510 1299 1566 1319 non
1578 1290 1608 1318 in
1618 1289 1758 1319 servitium
1767 1311 1776 1325 ,
1797 1288 1884 1319 sedin
1895 1289 2061 1326 ergastulum
2073 1291 2099 1320 δι
2108 1289 2298 1320 carnificinam
2306 1289 2368 1319 esse.
2584 1290 2604 1318 ’ζ

1440 1328 1540 1358 Facere
1551 1327 1759 1363 carnificinam„
1781 1337 1832 1365 pro
1845 1327 1987 1357 Carnificis
2001 1327 2095 1357 officio
2106 1327 2192 1365 fungi.
2215 1327 2300 1356 Plaut.
2319 1327 2398 1364 Capt.
2415 1337 2437 1357 ι.
2449 1336 2476 1356 2.
2491 1333 2535 1364 ²9»,
2584 1322 2604 1370 ἡ

1439 1366 1545 1397 Subire.
1587 1365 1644 1394 Cic.
1654 1376 1682 1408 5.
1695 1364 1775 1394 Tusc.
1792 1371 1836 1401 78.
1857 1365 2174 1402 AEgyptiorumimbutae
2183 1372 2291 1394 mentes
2305 1365 2446 1403 pravitatis
2460 1365 2551 1402 errori-
2581 1366 2604 1407 iii

1459 1404 1510 1433 bus
1522 1426 1530 1437 ,
1551 1413 1673 1440 quamvis
1687 1403 1875 1432 carnificinam
1885 1404 1962 1441 prius
1973 1403 2105 1432 subierint
2115 1425 2124 1439 ,
2143 1407 2227 1441 quam
2236 1403 2305 1434 ibim
2318 1425 2327 1440 ‚
2350 1409 2399 1433 aut
2417 1403 2550 1442 aspidem,
2580 1394 2589 1446 i}

1430 1468 1431 1471 ,
1459 1448 1507 1471 aut
1518 1441 1601 1470 felem
1611 1463 1618 1475 ,
1640 1447 1688 1470 aut
1697 1451 1795 1470 cariem
1804 1463 1811 1476 ,
1831 1447 1879 1470 aut
1892 1441 2068 1470 crocodilum
2079 1440 2194 1470 violent.
2580 1413 2604 1473 ,Ξ

1441 1479 1620 1510 Carnificinas
1630 1479 1701 1508 dixit
1712 1479 1779 1508 Cato
1789 1479 1863 1516 apud
1874 1478 1944 1509 Gell.
1962 1489 2003 1508 ιο.
2018 1488 2043 1515 3.
2055 1478 2094 1517 pl.
2105 1485 2181 1509 num.
2204 1487 2256 1517 pro
2267 1478 2428 1509 Tormentis
2442 1474 2561 1510 crudem

1461 1516 1522 1547 bus.
1571 1516 1714 1559 Insignitas
1740 1517 1854 1553 iniurias
1864 1538 1872 1553 ,
1902 1516 2014 1555 plagas,
2044 1516 2158 1546 verbera
2169 1539 2177 1552 ,
2210 1517 2316 1547 vibices
2329 1539 2338 1553 ,
2376 1526 2424 1547 eos
2450 1516 2551 1548 dolores

1464 1562 1547 1592 atque
1570 1555 1743 1584 carnificinas
1763 1565 1812 1592 per
1838 1555 1962 1584 dedecus
1994 1560 2076 1591 atque
2099 1556 2248 1584 maximam
2279 1554 2480 1585 contumeliam
2501 1556 2549 1586 &c-

2584 1523 2588 1542 ι

1458 1598 1488 1623 te
1499 1593 1588 1623 facere
1605 1593 1699 1622 ausum
1719 1592 1793 1622 effe?
1816 1592 1902 1622 Plaut.
1916 1593 1946 1621 in
1957 1593 2021 1622 Cist.
2036 1602 2062 1622 2.
2078 1603 2101 1622 1.
2117 1603 2139 1622 ι.
2164 1593 2301 1630 Singulari
2314 1594 2353 1622 est
2369 1593 2448 1628 usus,
2532 1608 2533 1611 ι
2577 1527 2604 1630 ι,ξ

1479 1631 1570 1661 Credo
1581 1640 1632 1668 ego
1644 1640 1767 1660 amorem
1775 1630 1896 1668 primum
1908 1631 1982 1669 apud
1993 1631 2122 1660 homines
2132 1631 2320 1660 carnificinam
2330 1636 2527 1660 commentum.
2582 1631 2585 1641 ¹
2602 1636 2604 1638 '

1442 1669 1608 1700 earnificina
1617 1670 1643 1698 ἂ
1653 1669 1811 1701 crudelitas.
1844 1668 1902 1698 Cic.
1918 1678 1969 1707 pro
1977 1669 2052 1698 Sext.
2069 1678 2098 1705 13
2107 1679 2130 1704 5.
2153 1669 2220 1698 Non
2230 1679 2263 1698 ea
2272 1670 2310 1698 est
2319 1670 2459 1698 medicina
2465 1665 2550 1712 ‘quum
2568 1665 2604 1759 ,ᾧ

1459 1707 1528 1737 sanae
1541 1707 1611 1744 parti
1623 1707 1747 1744 corporis
1758 1705 1919 1744 scalpellum
1926 1706 2083 1744 adhibetur,
2104 1712 2187 1744 atque
2196 1708 2309 1745 integrae
2321 1717 2327 1737 :
2351 1706 2507 1737 carnificina
2515 1706 2550 1738 est

1459 1745 1524 1779 ista,
1545 1746 1571 1774 &
1581 1744 1739 1774 crudelitas.
2489 1770 2491 1772 .
2574 1763 2582 1780 ¹.
2596 1775 2597 1780 ¹

1440 1782 1757 1819 Carnificinaaegritudo.
1795 1780 1984 1817 Cic.3.Tusc.
1997 1787 2042 1818 78.
2075 1782 2148 1812 Nam
2167 1792 2254 1821 quum
2273 1783 2365 1812 omnis
2387 1781 2550 1820 perturbatio

1460 1821 1632 1855 miseriaest,
1652 1827 1712 1849 tum
1722 1820 1882 1850 carnificina
1891 1821 1928 1849 est
1937 1821 2089 1857 aegritudo,
2110 1821 2173 1858 quia
2190 1823 2272 1850 initar
2291 1820 2426 1850 carnificis
2437 1821 2549 1856 cruciat.
2603 1815 2604 1824 ¹

1460 1859 1560 1927 {ania-tfi
1571 1858 1740 1896 praecordia,
1773 1858 1874 1888 lacerat
1895 1859 2040 1896 animum,
2060 1859 2342 1896 excarnificatumque
2363 1858 2483 1888 conficit.
2509 1856 2551 1894 Al.
2596 1858 2599 1867 ’

1484 1907 1540 1926 arni
1563 1906 1602 1925 ca.
2532 1917 2538 1926 .

1404 1934 1701 1969 CARNiric'i‘Nus,
1721 1932 1767 1962 vel
1786 1933 2045 1970 szmricus,
2065 1943 2098 1968 a,
2122 1944 2179 1965 um.
2212 1934 2336 1972 Utroque
2356 1933 2442 1964 modo
2457 1924 2561 1972 legibiles

1440 1974 1470 2002 in
1482 1972 1567 2002 Plaut.
1582 1972 1663 2002 Most.
1681 1982 1703 2001 1.
1724 1981 1746 2001 1.
1761 1981 1803 2009 52.
1826 1972 1852 2001 O
1864 1972 1984 2002 cribrum
1999 1972 2169 2002 carnificum.

1441 2012 1481 2041 Ac
1491 2010 1562 2039 velle
1576 2010 1614 2039 ibi
1630 2010 1761 2048 quaestum
1784 2008 1875 2039 facere
1891 2009 2093 2040 carnificinum.
2131 2012 2270 2040 Pontanus
2286 2010 2315 2039 in
2332 2009 2473 2039 Charonte
2493 2012 2571 2046 10814

1460 2049 1495 2078 H.
1510 2049 1546 2077 St.
1560 2048 1601 2077 Est
1613 2049 1695 2078 To.2.
1708 2047 1756 2077 fol.
1770 2058 1810 2084 59.
1825 2048 1850 2078 b.
1858 2048 1915 2078 Ald.
1928 2048 2139 2078 Deliderabatur
2153 2049 2212 2078 haec
2227 2049 2314 2077 dictio
2326 2049 2356 2077 in
2367 2048 2452 2085 Lugd.
2465 2047 2550 2078 Carni·
2565 2058 2569 2079 ι
2595 2044 2598 2051 '

1460 2086 1529 2116 ficus
1539 2092 1632 2115 tamen
1643 2085 1775 2123 analogiae
1790 2087 1875 2123 magis
1886 2085 2037 2124 respondet
2048 2108 2057 2122 ,
2078 2096 2160 2124 quam
2175 2086 2367 2116 Carnificinus.
2566 2081 2569 2115 l

1404 2124 1426 2154 C
1435 2134 1454 2153 A
1465 2134 1480 2153 R
1490 2134 1511 2153 N
1519 2135 1527 2152 1
1536 2135 1550 2153 r
1561 2135 1569 2152 1
1579 2135 1612 2153 ci
1624 2134 1641 2153 u
1650 2134 1681 2159 M,
1693 2125 1709 2152 i.
1723 2133 1751 2153 n.
1765 2124 1872 2154 Saresb.
1885 2135 1936 2158 ι.4.
1949 2124 1988 2153 Ad
1996 2125 2137 2154 venatoris
2147 2125 2319 2154 carnificium
2328 2123 2444 2162 prolabi.
2456 2124 2480 2153 δι
2491 2134 2513 2158 4.
2524 2130 2551 2160 3·.
2564 2128 2567 2146 ¹
2578 2146 2585 2156 .

1403 2158 1425 2192 C
1436 2173 1454 2191 A
1467 2173 1480 2191 ιι
1490 2172 1510 2192 Ν
1521 2163 1625 2191 irico
1635 2173 1649 2190 R
1661 2183 1669 2196 ,
1691 2162 1896 2198 [mesae-stam]
1916 2163 1963 2191 ari.
1988 2162 2042 2191 Pati
2059 2173 2091 2192 ea
2112 2172 2173 2199 quae
2193 2162 2335 2192 carnifices
2353 2162 2444 2191 facere
2458 2159 2546 2190 solent.
2562 2155 2567 2196 ff
2582 2181 2596 2199 ι,

1439 2200 1497 2230 Liv.
1508 2210 1551 2235 24·
1568 2210 1609 2235 15.
1632 2199 1716 2236 Quod
1728 2199 1774 2229 ubi
1790 2198 1911 2229 Tribuni
1923 2199 2043 2230 militum
2058 2201 2185 2230 Graccho
2200 2201 2406 2233 nuntiaverunt,
2419 2199 2548 2228 neminem
2574 2202 2595 2230 ri

1440 2239 1556 2268 stantem
1570 2239 1624 2272 iam
1634 2237 1771 2267 vulnerari
1786 2238 1909 2273 hostem,
1930 2238 2080 2267 carnificari
2094 2240 2228 2272 iacentes,
2252 2241 2275 2268 ὁὶ·
2287 2239 2314 2266 in
2325 2239 2429 2267 dextris
2437 2237 2546 2266 militum
2568 2237 2595 2268 A.

1439 2286 1496 2320 pro¹
1505 2276 1601 2320 gladiis
1616 2276 1737 2305 humana
1750 2277 1842 2314 capita
1852 2275 1906 2306 esse
1918 2298 1926 2312 ,
1948 2276 2055 2314 sigrium
2072 2276 2129 2306 dari
2142 2286 2259 2316 propere
2277 2275 2360 2312 juffit.
2401 2274 2499 2304 Paffive
2507 2273 2548 2304 hic
2559 2272 2595 2328 lsi

1439 2320 1575 2352 accipitur
1589 2336 1597 2349 ,
1623 2314 1689 2343 teste
1707 2314 1818 2344 Budaeo.
2514 2345 2517 2348 ,
2560 2306 2593 2361 ›sbi‹

1402 2352 1424 2382 C
1434 2363 1451 2382 Α
1465 2361 1553 2381 RN1V
1563 2354 1579 2382 ὅ
1591 2362 1604 2380 R
1617 2362 1634 2379 U
1644 2361 1655 2381 S
1667 2374 1674 2385 ι
1697 2362 1727 2386 a,
1751 2362 1807 2382 um.
1831 2351 2052 2387 [σαριιθφσέγὲκ]
2074 2352 2133 2389 Adj.
2156 2352 2241 2389 Quod
2263 2361 2346 2381 carne
2356 2350 2486 2381 vescitur:
2504 2353 2546 2384 ut,
2559 2341 2593 2389 Ὗς

1439 2390 1574 2457 Anii-maiia
1583 2390 1733 2433 carnivora.
1772 2388 1842 2420 Plin.
1853 2389 1903 2419 lib.
1921 2399 1963 2419 10.
1975 2400 2036 2428 cap.
2051 2399 2095 2427 73.
2117 2391 2290 2420 Serratorum
2298 2390 2425 2423 dentium
2435 2387 2546 2418 carnivo-
2568 2393 2604 2439 ἓξ

1439 2438 1468 2457 ra
1490 2435 1539 2457 unt
1551 2438 1656 2457 omnia.
2563 2443 2565 2453 ι
2584 2431 2587 2452 ’ἓ
2602 2427 2604 2445 ³

1402 2465 1424 2496 C
1434 2477 1454 2495 A
1464 2476 1479 2495 ιι
1489 2476 1508 2495 Ν
1519 2470 1536 2496 ὃ
1545 2476 1557 2495 s
1567 2476 1583 2495 υ
1595 2475 1623 2509 s,
1645 2475 1678 2509 a,
1698 2474 1755 2494 um.
1785 2463 1925 2501 [menimis
1935 2487 1943 2502 ‚
1969 2465 2161 2503 mzdmgx&]
2187 2465 2315 2505 Pinguis:
2348 2471 2396 2502 ut,
2426 2443 2604 2507 Carnosuuvisili‘

1441 2511 1546 2534 venter.
1575 2503 1642 2533 Plin.
1658 2502 1706 2532 lib.
1722 2513 1732 2532 1
1743 2513 1764 2532 i.
1777 2512 1838 2540 cap.
1853 2512 1896 2539 37.
2556 2501 2604 2544 AJN

1440 2542 1563 2579 Atropha
1576 2541 1726 2571 carnosiora
1737 2541 1849 2570 faciunt.
1874 2540 1941 2571 Plin.
1953 2540 2000 2570 lib.
2014 2550 2059 2578 27.
2073 2549 2135 2580 cap.
2147 2546 2176 2577 8.
2512 2547 2514 2549 '
2555 2539 2561 2557 ³¹

1440 2579 1553 2609 Candor
1569 2579 1706 2609 carnosus.
1727 2579 1795 2608 Plin.
1812 2578 1861 2608 lib.
1878 2589 1920 2609 ιι.
1937 2588 1997 2617 cap.
2016 2589 2060 2618 37.
2554 2579 2562 2584 ..

1441 2617 1551 2647 Cervix.
1574 2617 1703 2647 Celfilib.
1715 2628 1739 2653 4.
1756 2626 1816 2654 cap.
1833 2628 1855 2646 1.
2495 2636 2498 2645 .
2516 2635 2519 2638 -

1440 2655 1541 2685 Cortex.
1552 2655 1759 2685 carnofiffimus.
1784 2655 1852 2684 Plin.
1864 2653 1914 2684 lib.
1926 2663 1971 2691 25.
1983 2662 2044 2693 cap.
2057 2664 2081 2691 ς.
2490 2659 2525 2691 ,zui
2557 2663 2560 2687 ὲ

1439 2693 1558 2723 Folium.
1584 2693 1650 2722 Plin.
1668 2693 1716 2722 lib.
1734 2697 1774 2722 16.
1791 2702 1852 2731 cap.
1863 2703 1907 2729 24.

1439 2731 1529 2760 Olivis
1541 2741 1613 2760 carni
1627 2731 1730 2760 sili'imis
1741 2753 1750 2766 ‚
1770 2731 1902 2768 exiguum
1918 2730 1983 2760 olei.
2005 2729 2076 2760 Plin.
2090 2729 2139 2760 lib.
2154 2738 2196 2768 ις.
2211 2739 2272 2770 cap.
2284 2735 2311 2769 3.

1439 2769 1572 2798 Palatuni.
1596 2769 1664 2798 Plin.
1678 2769 1726 2798 lib.
1741 2779 1783 2798 ιι.
1795 2778 1854 2807 cap.
1870 2778 1912 2805 37.

1439 2805 1536 2836 Radix.
1564 2807 1629 2836 Plin.
1650 2804 1756 2836 lib.21.
1770 2817 1830 2845 cap.
1846 2811 1872 2836 6.
1895 2807 1936 2836 De
1948 2805 2038 2837 violis.

1443 2845 1599 2881 Vestigium.
1624 2845 1693 2874 Plin.
1706 2845 1753 2874 lib.
1769 2855 1810 2874 ιι.
1823 2853 1883 2883 cap.
1899 2855 1944 2881 45.
2503 2856 2505 2861 ’

1401 2882 1476 2912 CAR
1487 2893 1505 2911 N
1517 2893 1532 2911 υ
1545 2894 1560 2910 ι.
1571 2893 1668 2911 ΕΝτυ
1680 2893 1707 2918 s,
1728 2893 1760 2917 a,
1779 2892 1836 2912 um.
1859 2882 1919 2916 Adi.
1943 2881 2021 2912 idem
2041 2881 2118 2919 quod
2140 2881 2283 2912 Carnosus.
2306 2879 2418 2911 Solinus
2436 2886 2466 2910 ca
2485 2879 2538 2909 ,62-

1437 2921 1507 2988 {unt
1526 2920 1601 2987 enipi
1620 2920 1675 2950 illis
1697 2921 1846 2959 reciprocis
1865 2920 2030 2958 quibusdam
2049 2919 2242 2958 pulmunculis
2258 2919 2370 2957 vestigia
2383 2928 2449 2950 carn
2477 2920 2539 2956 epm·
2552 2925 2563 2937 ἰ

1467 2968 1481 2987 e
1494 2968 1572 2988 came
1585 2969 1614 2988 is.
2550 2977 2551 2984 ι

1438 2996 1551 3026 Pectora
1560 2996 1732 3026 carnulenta.
1754 2996 1883 3026 Prudent.
1899 2991 1990 3026 Perist.
2007 3000 2047 3025 ιὸ.
2062 3003 2125 3032 370.
2475 3014 2477 3017 .
2514 3017 2516 3019 -
2548 3026 2558 3032 ,,

1438 3035 1543 3064 Tactus
1556 3035 1742 3064 carnulentus.
1768 3034 1853 3064 Solin.
1868 3043 1928 3070 cap.
1943 3040 1967 3068 8.
2471 3035 2516 3066 ..tx

1404 3071 1426 3101 C
1438 3083 1454 3101 A
1467 3082 1482 3101 ιι
1492 3082 1512 3101 N
1522 3083 1539 3102 u
1550 3084 1565 3101 L
1576 3083 1588 3101 ιι
1599 3083 1616 3102 Ν
1627 3083 1646 3102 τ
1655 3084 1664 3101 ι
1676 3083 1711 3108 A,
1732 3081 1762 3102 ae.
1785 3073 1802 3101 f.
1826 3072 1988 3101 Crassitudo.
2014 3071 2123 3100 Cathol.
2474 3073 2529 3110 μὴ

1400 3110 1424 3140 C
1434 3121 1450 3139 A
1461 3120 1476 3139 R
1488 3121 1505 3139 U
1515 3121 1534 3139 N
1545 3120 1561 3140 c.
1570 3112 1589 3140 ὕ
1599 3122 1614 3139 ι.
1624 3121 1643 3139 A
1654 3132 1662 3146 ,
1684 3120 1714 3140 ae.
1737 3110 1755 3139 f.
1778 3110 1909 3147 [αρν-ἴον,
1926 3107 2046 3145 σαμίῶον
2058 3131 2066 3144 ‚
2089 3106 2219 3146 xgrddlov]
2239 3108 2337 3138 dimin.
2357 3106 2414 3138 Cic.
2426 3114 2451 3137 2.
2461 3101 2547 3136 dent-¹
2566 3136 2570 3142 ¹

1438 3149 1492 3178 vin.
1510 3158 1552 3184 52.
1577 3150 1616 3177 An
1628 3155 1673 3183 tu,
1695 3149 1807 3185 inquit,
1827 3147 1983 3178 carunculae
1995 3147 2121 3177 vitulina:
2136 3148 2222 3177 mavis
2238 3157 2320 3185 quam
2333 3143 2555 3212 iniperawrsstvffif‘

1437 3187 1488 3215 teri
1500 3187 1614 3216 credere
1626 3209 1635 3221 .
1657 3188 1708 3216 διε.
1731 3187 1809 3216 Sic&
1822 3185 1908 3215 Valer.
1924 3185 1998 3216 Max.
2013 3194 2036 3222 3.
2051 3193 2077 3222 7.
2486 3189 2499 3208 ’ν
2540 3216 2541 3221 ,

1436 3225 1550 3261 Exiguae
1564 3224 1727 3254 carunculae.
1751 3223 1818 3254 Cels
1831 3233 1856 3252 2.
1869 3232 1894 3259 7.
2174 3256 2176 3259 .
2466 3219 2468 3222 ’
2482 3241 2490 3248 .
2537 3224 2540 3262 l
2554 3232 2559 3239 '
2582 3241 2596 3256 ,«

1436 3263 1584 3327 Οιιῦιιίευιει
1608 3272 1719 3299 quoque
1741 3272 1757 3292 a
1777 3263 1852 3292 reete
1866 3261 1963 3291 Carnis
1983 3260 2134 3290 Priscianus
2146 3259 2245 3295 affert,
2266 3259 2314 3290 sed
2337 3258 2393 3290 sirie
2413 3253 2541 3307 exemplo-1
2562 3283 2563 3289 ,
2580 3259 2603 3291 ἂι,

1501 3323 1508 3329 .
1531 3310 1548 3328 c
1557 3310 1575 3329 A
1586 3310 1600 3328 ιι
1611 3310 1631 3329 N
1642 3311 1650 3328 i
1660 3310 1680 3329 s.

1400 3337 1423 3368 C
1435 3347 1478 3367 Aa
1489 3348 1505 3366 o
1516 3340 1559 3366 οῦ
1570 3346 1614 3366 Nu
1625 3348 1662 3372 M,
1690 3337 1708 3366 i.
1731 3347 1758 3366 n.
1788 3334 1971 3373 [κωῤῥόιῒκνον]
2001 3335 2151 3366 Ptolemaeo
2179 3335 2332 3366 Germaniae
2355 3334 2435 3370 urbs,
2460 3327 2519 3362 hodi
2549 3342 2552 3347 ·
2579 3334 2604 3362 ital

1439 3375 1583 3405 cracovia.
1609 3375 1699 3413 Vulgo
1710 3378 1850 3409 Cracavv,
1872 3374 1993 3404 Poloniae
2002 3375 2086 3412 regia.
2534 3378 2538 3406 3
2577 3375 2604 3406 ilfi:

1401 3413 1620 3448 emmaum,
1651 3413 1681 3442 V.
1705 3422 1895 3442 οΑιιιιΝυΜ.
2526 3404 2598 3475 ⁵3⁵¹&

1401 3451 1624 3486 CAnouiuM,
1650 3451 1668 3480 i.
1690 3461 1718 3480 n.
1750 3450 1901 3487 [ιιοιςὸιιον]
1930 3448 2069 3487 Hispaniae
2086 3448 2298 3479 Tarraconensis
2315 3447 2381 3478 urbs
2393 3444 2525 3477 ptolemeo
2554 3455 2560 3474 ·,
2577 3438 2604 3476 itii

1440 3488 1527 3526 Vulgo
1547 3490 1666 3524 Cheroga‚
2568 3475 2604 3521 '‘luph

1400 3526 1423 3557 C
1433 3536 1451 3554 A
1463 3537 1475 3554 ιι
1487 3536 1504 3555 0
1514 3536 1525 3555 s
1536 3548 1543 3561 ,
1566 3526 1582 3555 i.
1607 3523 1741 3562 [clete-J
1762 3523 1886 3554 Dioscor.
1901 3523 1949 3553 lib.
1962 3533 1985 3559 3.
2008 3524 2109 3554 Semen
2124 3523 2163 3553 est
2177 3524 2308 3560 exiguum
2319 3544 2327 3554 .
2348 3520 2422 3552 aniso
2436 3525 2512 3559 propo
2562 3520 2604 3554 iaia.

1436 3565 1513 3593 tione
1523 3563 1691 3601 respondens
1701 3586 1709 3597 ,
1731 3563 1809 3592 cuius
1820 3563 1895 3591 radix
1909 3562 2055 3600 pastinacae
2067 3562 2153 3591 modo
2163 3562 2240 3591 estur.
2262 3560 2351 3591 Plinio
2369 3559 2493 3593 Camurii,
2507 3553 2533 3594 fil
2560 3559 2604 3590 ’ΜΕ

1437 3612 1472 3631 ve
1481 3601 1592 3631 Curium
1604 3602 1714 3631 dicitur.
1737 3600 1960 3630 OfficinisCarm'.
2003 3599 2035 3629 V.‘
2055 3609 2073 3629 c
2082 3610 2100 3628 A
2112 3610 2125 3628 R
2137 3610 2147 3628 ιι
2160 3609 2177 3628 υ
2189 3610 2218 3628 Μ.
2458 3630 2459 3634 ¹
2489 3628 2496 3637 ⁴
2529 3598 2532 3630 ζ
2574 3600 2604 3633 ,ἔπιέ

1438 3639 1522 3668 Caros
1543 3636 1672 3676 [rigon]
1694 3638 1848 3676 Crapularis
1861 3637 2060 3667 redundantia:
2082 3647 2097 3666 a
2112 3639 2199 3673 κοιρρω,
2221 3636 2362 3674 perturbo,
2371 3643 2449 3667 vexo,
2458 3633 2522 3669 ³g¹t⁰
2574 3636 2604 3673 ἓιιι1

1437 3678 1517 3715 Apud
1528 3677 1652 3706 medicos
1662 3677 1747 3707 Caros
1759 3676 1797 3705 est
1805 3675 1924 3704 Somnus
1940 3676 2008 3707 iusto
2020 3675 2185 3713 profundior
2194 3696 2202 3707 ,
2223 3674 2388 3711 proveniens
2400 3680 2433 3701 ex
2447 3669 2506 3700 hum
2564 3665 2604 3705 liliis,

1455 3725 1484 3743 re
1499 3715 1600 3750 frigido
1623 3717 1648 3745 S:
1666 3714 1771 3743 viscido
1783 3735 1790 3748 ,
1812 3713 1956 3742 cerebrum
1969 3714 1995 3742 &
2023 3713 2163 3750 praecipue
2181 3712 2330 3741 anteriores
2345 3712 2402 3744 eius
2412 3705 2521 3750 ventrifss
2560 3710 2604 3741 ‘liiii¹

1454 3751 1495 3781 los
1505 3759 1670 3790 occupante,
1681 3751 1842 3787 sensumque
1855 3751 1956 3788 pariter
1966 3751 2109 3780 &motum
2115 3750 2150 3780 ad
2159 3756 2216 3779 tem
2240 3759 2270 3779 us
2279 3749 2456 3787 impediente,
2463 3742 2524 3782 spira
2563 3748 2603 3785 {liiii

1456 3791 1532 3819 tione
1541 3799 1633 3819 tamen
1646 3792 1751 3827 integra
1762 3788 1866 3818 relicta.
1890 3789 1954 3817 Haec
1964 3788 2058 3817 Galen.
2073 3787 2118 3817 lib.
2133 3800 2158 3822 4.
2173 3789 2207 3817 de
2239 3786 2392 3816 ocisaffec‘t.
2408 3791 2465 3827 cap·
2475 3786 2498 3811 Ι·
2561 3787 2604 3829 linig

1402 3826 1471 3892 CRiR
1482 3831 1525 3870 ς’)ἰ
1535 3838 1550 3856 A
1563 3849 1571 3861 ,
1593 3838 1623 3857 ae.
1644 3828 1663 3857 f.
1686 3827 1775 3857 Radix
1786 3835 1846 3864 quae
1855 3835 1920 3855 cum
1932 3826 2071 3863 pastinaca
2086 3834 2216 3863 tanquam
2228 3833 2367 3862 congeriei·
2375 3823 2489 3859 jungitur
2501 3825 2514 3846 ³
2563 3826 2604 3859 *ξὶιιῑ

1422 3871 1425 3874 ’
1439 3871 1446 3892 l
1483 3874 1537 3893 icio
1579 3888 1584 3894 .
1595 3876 1639 3895 21.
2569 3860 2594 3891 3³5³

1399 3901 1448 3931 CA
1460 3874 1499 3930 Ξὸ
1512 3912 1546 3930 ϊι
1560 3873 1576 3931 ὲ
1587 3913 1603 3932 υ
1614 3913 1625 3932 s
1634 3925 1642 3938 ,
1672 3913 1703 3937 a,
1733 3911 1792 3931 um.
1830 3900 2008 3937 [naegurnw‘e]
2049 3906 2080 3930 ut
2109 3899 2241 3929 Caroticae
2251 3921 2259 3934 ,
2295 3899 2406 3928 austere
2440 3891 2521 3926 Galen‘
2567 3875 2604 3931 liiii

1438 3939 1488 3969 lib.
1502 3940 1538 3970 de
1547 3940 1706 3976 Juvament.
1717 3938 1856 3970 anhelitus
1865 3959 1875 3975 ‚
1895 3936 2070 3977 appellantur
2081 3937 2162 3968 venae
2176 3947 2236 3976 quae
2248 3938 2279 3967 in
2295 3935 2369 3967 collo
2382 3933 2524 4005 [ωιῆῦῖῑόἳξ
2567 3935 2604 4010 Ἢ
