2600 4177
470 87 497 122 A
594 89 628 123 U
721 92 741 126 S

130 171 194 202 Non
208 171 314 208 agimur
328 169 442 199 tumidis
453 169 522 198 velis
537 169 671 207 Aquilone
684 170 807 201 secundo
819 194 828 207 ‚

130 210 194 239 Non
212 216 305 237 tamen
320 207 433 236 adversis
451 214 558 236 aetatem
574 208 701 237 ducimus
723 209 828 239 Austris.

72 246 172 278 summa
183 244 360 283 prosperitate
373 244 463 273 sumus
473 267 480 276 .
501 246 592 275 necin
601 246 706 276 summa
717 246 882 276 calamitate.

54 285 207 317 Aquaticus.
229 283 313 312 ovid.
325 292 349 311 2.
364 281 432 310 Met.
448 287 510 318 853.

31 322 32 326 ’
55 322 186 360 Aspirans.
208 320 279 356 Virg.
298 331 320 355 ς.
340 319 400 349 ffin.
415 324 477 357 764.

57 359 176 389 Calidus.
199 357 296 386 Claud.
308 357 343 386 de
353 355 421 386 Bell.
434 357 494 386 Get.
510 367 554 394 59.

58 397 208 433 Crepitans.
231 395 302 431 Virg.
318 404 342 427 3.
357 394 418 423 AEn.
432 404 476 429 70.

55 433 169 466 Densus.
191 433 264 468 Virg.
279 443 301 467 ς.
318 431 378 462 AEn.
391 436 454 466 696.

56 471 196 509 Frigidus,
220 469 294 507 Virg.
308 480 333 504 4.
353 469 452 505 Georg.
466 473 528 499 261.
556 470 572 498 i.
586 479 610 499 e.
633 470 685 505 (ut
707 472 825 506 exponit
843 471 982 503 Sabinus)
1002 470 1169 509 Languidus.

75 509 166 540 Auster
175 508 250 537 enim
260 506 364 536 nonest
375 507 489 543 frigidus
500 530 507 539 ,
529 507 575 536 sed
594 507 700 538 calidus
710 510 735 538 &
745 510 886 538 humidus.
927 510 982 539 Sed
998 510 1068 538 forte
1089 509 1173 544 Frigi-

78 547 145 576 dum
156 546 332 582 dixitpoeta‚
353 545 415 581 quia
424 545 537 581 frigidus
548 546 587 574 est
603 546 630 574 in
647 547 692 575 sua
705 547 829 583 origine:
854 547 900 576 sed
922 548 984 584 quia
1004 555 1053 585 pet
1072 555 1173 575 zonam

74 584 206 614 torridam
220 583 255 611 ad
273 592 324 611 nos
341 590 498 617 commeat,
521 583 626 613 calidus
645 586 789 622 pervenit.
813 592 843 613 ut
858 586 942 614 tradit
964 585 1125 614 Macrobius
1143 584 1173 612 in

28 624 30 656 Ξ
75 621 188 652 Somnio
199 620 338 657 Scipionis
351 641 358 653 ,
378 619 427 648 1111.
441 629 466 649 2.
479 631 540 659 cap.
555 632 579 657 5.
621 621 650 651 V.
672 622 778 651 Aristot.
791 623 821 650 in
832 623 969 652 Problem.
984 622 1048 653 sect.
1061 625 1105 652 26.

29 659 30 662 ’
56 660 166 693 Furens.
188 658 261 695 Virg.
281 668 302 686 1.
320 658 380 687 1Εο.
398 667 440 692 ςς.

58 697 179 728 Gelidus.
208 695 341 730 Claud.4.
360 694 440 724 Coris.
455 695 528 725 Hori.
541 701 605 730 428.

57 734 204 766 Humidus.
226 732 299 770 Virg.
318 742 340 762 1.
355 732 527 770 Georg.462.
549 734 646 764 Claud.
662 734 692 763 in
707 744 731 764 1.
745 734 826 764 Confi
841 734 902 765 Stil.
915 743 981 772 395.

58 772 213 810 Hybernus.
235 769 339 800 Tibull.
357 780 378 799 1.
397 780 420 799 1.

58 808 246 842 Inexorabilis.
269 808 316 837 Sil.
332 806 379 837 lib.
397 811 439 838 16.

58 848 147 879 Lenis.
169 847 242 884 Virg.
256 855 280 883 3.
299 845 361 876 AEn.
376 854 421 882 70.

58 885 144 916 Levis.
166 884 252 914 Valer.
265 887 291 913 6.
306 885 337 912 Ar
357 894 403 913 on.
418 886 481 920 665.

58 922 185 955 Madens.
207 894 410 951 8800131111.

57 960 196 992 Madidus.
219 960 316 989 Claud.
328 969 353 989 2.
370 959 450 989 Cons.
467 959 526 990 Stil.
542 969 602 998 ¹03·

25 1012 26 1018 =
58 998 144 1030 Mitis.
167 998 225 1026 Cic.
240 1008 264 1034 7.
286 999 337 1027 Att.
352 1007 378 1027 2.

57 1035 222 1068 Nebulosus.
246 1036 310 1065 Seii.
322 1035 398 1065 Med.
412 1041 438 1069 8.

58 1074 237 1112 Nigerrimus.
263 1072 332 1110 Virg.
351 1083 374 1110 3.
392 1074 490 1111 Georg.
502 1079 566 1110 278.
587 1075 656 1105 Stat.
670 1084 696 1109 ς.
716 1073 807 1104 Theb.
820 1083 883 1110 705.

58 1111 169 1144 Nocens
178 1112 349 1148 corporibus.
371 1111 436 1140 Hor.
452 1122 477 1140 2.
493 1112 584 1141 Carni.
599 1122 641 1148 14.
656 1115 697 1141 16.

23 1161 25 1175 ι
59 1149 186 1180 Nubilus.
210 1149 293 1179 Ovid.
310 1159 351 1178 11.
366 1149 436 1178 Met.
448 1153 511 1185 663.

58 1187 213 1218 Plumbeus.
256 1187 321 1217 Hor.
335 1197 360 1216 2.
375 1187 461 1216 Serm.
475 1191 501 1216 6.
520 1193 562 1221 18.
597 1187 636 1216 Ab
647 1186 758 1216 effectu.
791 1186 818 1215 h.
834 1196 859 1215 e.
881 1187 1034 1224 Aggravans
1053 1185 1177 1221 animos,

60 1234 154 1294 1,rlriore
164 1224 281 1292 plibmbg.
336 1225 481 1292 1Ιξίὶλῖἢῐὸςίὃτο
493 1225 577 1255 Valde
589 1226 680 1263 gravi,
694 1224 770 1254 sensu
779 1224 912 1254 translato
924 1233 1018 1254 tamen
1029 1246 1038 1260 ,
1058 1223 1159 1261 posuit.

94 1272 179 1292 uvius.
230 1273 254 1292 vi
280 1286 286 1292 .
301 1273 324 1292 1.
370 1270 406 1292 et.
456 1286 462 1292 .

59 1301 169 1338 Spirans
179 1301 295 1330 aestibus.
318 1300 400 1330 Ovid.
415 1310 439 1338 7.
455 1300 524 1331 Met.
543 1309 604 1337 532.

58 1337 193 1376 Tepidus.
215 1339 278 1368 Seri.
293 1337 404 1376 Hippoi.
426 1350 446 1368 1.

60 1376 209 1407 Turbidus.
231 1376 329 1406 Claud.
342 1376 426 1406 Laud.
444 1377 537 1406 Seren.
552 1384 616 1412 203.

59 1414 181 1444 Validus.
203 1414 268 1444 Hor.
283 1425 305 1444 1.
323 1414 404 1452 Epist.
423 1425 464 1445 11.
480 1425 522 1450 15.

61 1451 225 1481 Vehemens.
248 1453 305 1482 Cic.
322 1456 362 1482 16.
378 1454 431 1482 Att.
445 1457 470 1482 6.

61 1489 172 1519 Cadunt
184 1490 276 1520 Austri.
313 1490 345 1520 In
378 1500 486 1520 CADo.

60 1527 160 1558 immisi
175 1528 297 1557 Austrum
309 1528 433 1558 floribus.
468 1527 719 1566 Proverbiispecie‚
739 1526 814 1565 Virg.
830 1535 855 1556 2.
878 1526 936 1556 Ecl.
953 1531 997 1562 58.

140 1565 216 1595 Eheu
227 1566 294 1604 quid
305 1566 378 1595 volui
389 1566 487 1596 misero
497 1567 586 1596 mibi‘?
606 1566 722 1595 floribus
737 1566 862 1594 Austrum

139 1603 279 1639 Perdirus,
303 1606 328 1634 &
343 1603 455 1642 liquidis
469 1604 565 1634 immisi
584 1604 707 1633 fontibus
727 1613 816 1641 apros.
927 1602 967 1631 De
981 1600 1181 1644 vento-Austro

78 1642 246 1679 interpretor
265 1642 554 1680 (inquitTurnebus)
575 1643 654 1679 cujus
665 1651 729 1671 aura
738 1641 828 1670 calida
847 1641 873 1670 δι
891 1639 1002 1670 aestuosa
1019 1640 1108 1670 statim
1125 1639 1183 1668 lan-

79 1679 212 1718 guescunt
221 1680 303 1709 flores
317 1680 504 1719 pulcherrimi.
528 1681 595 1710 Stat.
610 1689 632 1715 3.
646 1679 719 1717 Sylv.
736 1689 758 1713 3.
778 1688 838 1713 129.

141 1717 332 1755 Pubentesque
342 1719 406 1748 rosae
417 1720 521 1756 primos
533 1718 690 1747 moriuntur
701 1717 735 1746 ad
746 1717 864 1746 Austros.

61 1754 258 1786 Immurmurat
268 1757 338 1786 silvis
352 1757 452 1786 Auster.
475 1757 547 1793 Virg.
559 1768 584 1791 4.
598 1756 698 1792 Georg.
710 1759 775 1784 261.

60 1793 215 1824 Increbruit
227 1795 327 1824 Auster.
363 1795 392 1824 V.
414 1806 423 1823 1
433 1805 454 1824 N
464 1804 481 1823 c
492 1805 507 1823 11
518 1804 532 1823 a
541 1805 556 1822 13
564 1804 581 1822 R
590 1804 605 1822 a
615 1803 628 1823 s
638 1803 655 1822 0
666 1803 692 1822 o.

2 1867 5 1870 Ι
43 1831 237 1870 ‘Ingeminant
250 1833 343 1862 Austri.
367 1833 384 1862 i.
400 1843 425 1862 e.
449 1833 590 1870 Repetunt
601 1831 661 1861 suos
673 1831 753 1860 flatus
765 1829 851 1858 venti.
871 1828 944 1865 Virg.
959 1837 985 1871 ‚¹-
1004 1826 1105 1864 Georg.
1120 1835 1182 1863 333.

61 1869 148 1899 Austri
157 1880 208 1908 pro
220 1870 328 1906 Ventis,
347 1870 432 1909 figura
440 1871 516 1908 apud
528 1870 621 1907 Virgil.
633 1868 786 1902 celebrata,
809 1869 835 1896 ok
845 1867 882 1896 est
892 1866 998 1904 species
1010 1875 1061 1903 pro
1072 1874 1183 1903 genere.

83 1907 155 1945 Virg.
175 1918 197 1937 1.
214 1908 275 1938 AEn.
292 1919 353 1945 (4ο.
405 1909 614 1946 [Synecdoche
625 1907 671 1936 scil
694 1906 813 1944 poetica.

28 1944 95 1975 Ans
104 1954 123 1974 T
132 1956 147 1974 11
156 1957 172 1974 1.
181 1957 197 1974 1.
209 1957 224 1975 υ
234 1956 246 1976 s
262 1968 270 1982 ‚
291 1947 309 1977 i.
331 1956 367 1976 m.
391 1947 491 1976 dimin.
512 1946 599 1976 Lucil.
612 1945 687 1983 apud
697 1944 823 1974 Nonium
835 1951 861 1971 2.
877 1951 940 1976 229.

27 1982 95 2013 Aus
106 1993 125 2012 T
135 1993 178 2012 rtA
188 1994 243 2014 Lis
253 2006 261 2019 ,
282 1993 306 2014 e.
329 1985 470 2021 [Naue]
491 1992 538 2018 ut,
561 1983 686 2013 Australis
696 1992 751 2011 ora.
794 1981 852 2010 Cic.
866 1990 892 2009 2.
906 1980 942 2008 de
954 1978 1016 2008 Nat.
1029 1977 1113 2007 Deor.
1147 1975 1186 2021 Et

63 2021 195 2052 Australes
205 2022 315 2052 morbos
327 2029 427 2052 vocant
435 2022 538 2052 medici
550 2044 558 2057 ‚
586 2021 644 2059 Qui
656 2021 752 2051 Austro
766 2019 851 2048 flante
862 2024 1038 2056 generantur.
1060 2016 1098 2045 est
1109 2024 1186 2044 enim

63 2066 162 2088 ventus
173 2060 327 2089 admodum
338 2061 455 2098 pestifer.

14 2087 17 2124 Ι
64 2097 191 2127 Australis
201 2108 299 2128 annus.
322 2098 420 2128 Claud.
437 2109 459 2128 1.
476 2098 588 2135 Eutrop.
605 2106 670 2134 403.
918 2131 925 2137 ·

64 2134 214 2172 Cingulus,
246 2136 265 2165 i.
281 2146 305 2166 e.
329 2136 521 2166 Meridjonalis
533 2146 613 2165 zona.
647 2135 706 2164 Cic.
725 2133 760 2163 de
772 2133 868 2163 Somn.
880 2131 956 2169 Scip.
974 2140 1017 2166 ις.
1048 2129 1187 2173 Β110111111

83 2172 256 2208 habitabiles,
278 2184 396 2212 quorum
405 2174 530 2204 Australis
539 2174 596 2208 1118,
617 2174 646 2202 10
654 2183 709 2210 quo
720 2172 765 2209 qui
777 2171 916 2213 insistunt..
930 2167 1041 2198 adversa
1054 2168 1132 2196 vobis
1143 2177 1187 2211 ur-

84 2212 284 2249 gentvestigia,
302 2212 373 2241 nihil
385 2213 418 2241 ad
431 2212 547 2241 vestrum
561 2221 657 2249 genus.
678 2210 813 2247 Loquitur
824 2209 859 2238 de
871 2217 994 2245 quinque
1005 2213 1083 2235 terrae
1094 2214 1184 2235 zonis.

65 2247 155 2278 Latus.
179 2248 276 2279 Claud.
289 2259 314 2279 2.
329 2251 358 2279 in
373 2250 485 2288 Eutrop.
498 2259 562 2285 242.

65 2286 160 2316 Nimbi
173 2287 314 2317 Australes.
337 2289 422 2318 Ovid.
436 2299 462 2324 4.
479 2288 515 2317 de
525 2288 603 2317 Pont.
615 2298 641 2323 4.
659 2297 680 2316 1.
855 2322 861 2327 ·

64 2324 145 2354 Polus
154 2325 278 2355 Australis
287 2348 294 2361 ,
316 2326 332 2355 i.
344 2336 368 2355 e.
389 2327 568 2355 Antart‘ticus.
589 2326 654 2355 Sen.
664 2323 755 2355 OEth.
767 2328 793 2357 8.
807 2321 893 2352 Ov1d.
905 2330 931 2350 2.
944 2319 1014 2350 Met.
1030 2328 1092 2356 132.

31 2362 262 2399 Ausr'ssfraa,
285 2365 342 2399 Adj.
363 2364 410 2394 Sil.
429 2374 508 2394 12.2.
880 2397 909 2404 ..
1108 2394 1114 2400 ‚

137 2416 174 2420 —
184 2402 329 2431 Austrifero
341 2401 501 2431 nebulosam
514 2401 616 2431 vertice
628 2400 758 2430 frontem.
804 2398 924 2428 Immitis
935 2395 1075 2440 condebat
1087 2395 1185 2424 hiems.

32 2439 197 2470 Ausraiiu
209 2449 264 2474 us,
286 2439 362 2469 aliud
375 2440 433 2475 Adj.
457 2440 582 2476 [νόπΘν]
603 2446 651 2475 ut,
673 2437 791 2468 Austrini
811 2437 891 2466 flatus
903 2457 912 2470 ‚
932 2435 990 2471 Qui
1007 2434 1075 2463 flant
1091 2432 1124 2462 ab
1137 2434 1188 2461 Au-

67 2476 127 2506 stro.
152 2476 290 2506 Columel.
304 2477 350 2507 lib.
364 2487 389 2514 7.
404 2488 465 2516 cap.
481 2486 505 2514 3.
1044 2509 1050 2514 ,

67 2514 222 2544 Austrinum
232 2515 345 2545 coelum.
370 2515 438 2545 Plin.
451 2515 498 2545 lib.
514 2518 554 2544 16.
565 2524 626 2552 cap.
639 2517 684 2543 26.
707 2513 790 2550 Pyrus
801 2513 827 2541 81
837 2508 983 2553 ‘amygdala'
992 2531 999 2543 a
1013 2507 1117 2537 etffimfi
1128 2517 1188 2537 1¹0ss

12 2546 15 2583 1
86 2551 179 2591 pluat,
191 2553 236 2582 sed
247 2553 293 2582 fiat
304 2554 456 2583 Austrinum
467 2553 571 2583 coelum
579 2560 661 2589 atque
671 2551 809 2584 nubilum,
823 2550 921 2578 florem
930 2553 1071 2590 amittunt.
1095 2546 1188 2589 Auster

12 2594 14 2599 ⁴
83 2591 159 2620 enim
171 2591 236 2620 dum
248 2591 294 2621 flat
304 2613 312 2627 ,
327 2592 489 2621 innumeras
501 2592 590 2620 nubes
601 2590 720 2619 attrahit.
757 2589 831 2618 Hinc
856 2585 1033 2628 proverbium
1055 2590 1140 2628 §.quia
1160 2585 1188 2613 86

86 2628 188 2658 Caecias
197 2629 311 2665 dicitur)
321 2630 440 2660 Atti-abit
450 2631 484 2659 ad
493 2629 520 2658 se
529 2629 610 2663 mala,
621 2635 652 2658 ut
661 2627 764 2658 Caecias
773 2626 871 2656 nubes.
884 2624 926 2654 De
935 2623 1052 2652 homme
1064 2621 1189 2652 infelice.

66 2665 178 2696 Calores
191 2667 314 2697 Austrini.
336 2668 407 2705 Virg.
420 2677 445 2696 2.
459 2668 559 2704 Georg.
575 2676 638 2704 270.
946 2699 951 2705 ⁸

67 2704 207 2734 Austrinus
228 2705 296 2735 dies.
336 2705 473 2735 Columel.
487 2705 536 2734 lib.
553 2715 595 2734 11.
616 2714 678 2742 cap.
693 2713 719 2733 2.
742 2714 751 2732 1
762 2713 771 2731 1
783 2713 792 2731 ι
814 2700 873 2731 Cal.
892 2699 983 2730 Maias
1000 2707 1083 2729 mane
1099 2697 1188 2735 Capra

87 2743 226 2778 exoritur,
249 2743 388 2773 Austrinus
397 2744 473 2778 dies,
494 2743 636 2772 interdum
647 2742 757 2780 pluviae.

68 2779 156 2810 Polus.
179 2781 247 2811 Plin.
262 2781 311 2811 lib.
327 2793 351 2818 5.
365 2792 425 2820 cap.
443 2792 485 2818 19.
663 2801 666 2805 ·

33 2817 116 2885 Ausfa
110 2827 129 2884 ἶ
129 2828 194 2884 1110,
214 2823 268 2849 are.
290 2820 465 2850 Humectare.
486 2819 602 2850 Austrati
612 2818 647 2849 ad
657 2819 750 2856 ignem
759 2815 866 2846 sedent.
895 2813 937 2844 Ex
946 2813 1041 2843 Plauto
1051 2811 1164 2842 affertur
1177 2833 1186 2847 ‚

140 2866 156 2884 o
198 2867 214 2885 o
238 2868 308 2888 inor.

34 2857 102 2923 Ags
112 2903 131 2922 T
140 2897 156 2923 i
167 2868 251 2931 111111),
271 2906 286 2925 3
297 2918 305 2931 ,
325 2906 382 2925 um.
404 2895 552 2932 [adacte]
572 2895 743 2924 contrarium
753 2893 791 2923 est
809 2891 890 2921 Suavi
903 2900 910 2920 ι
932 2889 1073 2934 sumptum
1084 2898 1100 2918 a
1116 2888 1190 2918 Grae-

67 2931 107 2961 Cis
118 2953 126 2966 ⁷
146 2934 222 2971 'dpud
230 2943 299 2968 Quos
312 2935 408 2969 οιύςηςὸε
420 2956 428 2968 ,
450 2934 575 2963 Austerus
583 2933 695 2961 dicitur.
716 2938 749 2961 ut
760 2930 862 2960 Austeri
874 2929 1012 2971 homines.
1043 2926 1101 2955 Cic.
1115 2936 1139 2961 3.
1153 2926 1189 2954 de

70 2969 145 2999 Orat.
158 2975 202 3005 96.
226 2971 340 3008 Quanto
350 2971 493 3001 molliores
504 2971 565 3000 sunt
573 2972 601 3000 Ἰ81
610 2971 786 2999 delicatiores
797 2969 826 2997 in
838 2973 920 2997 cantu
931 2966 1066 2995 flexiones
1076 2986 1083 2999 ,
1096 2966 1132 3008 ¹&
1139 2963 1190 2992 fal-

68 3006 101 3036 sae
109 3009 212 3038 voculae
224 3031 233 3043 ,
255 3019 336 3046 quarn
348 3016 429 3038 certat
439 3011 465 3038 δ’(
474 3009 590 3038 severae‘?
609 3009 710 3045 quibus
725 3014 819 3037 tamen
830 3015 889 3035 non
899 3004 985 3033 modo
1005 3002 1119 3038 austeri,
1138 3001 1189 3031 sed

69 3045 90 3074 si
100 3045 195 3083 saepius
206 3047 276 3076 fiunt
285 3069 293 3082 ‚
317 3047 470 3076 multitudo
480 3047 537 3085 ipsa
547 3045 687 3076 reclamat.

69 3083 181 3113 Curatio
190 3085 303 3114 austera.
327 3085 394 3114 Plin.
405 3085 453 3115 lib.
463 3094 508 3120 ²4-
519 3094 615 3122 cap.7.
991 3117 998 3123 ·
1139 3116 1144 3121 ¹
1170 3116 1176 3121 ,

67 3120 161 3151 Color.
201 3122 269 3152 Plin.
294 3122 342 3152 lib.
363 3133 405 3160 35.
428 3133 489 3160 cap.
505 3126 531 3151 6.
572 3122 644 3152 Sunt
663 3126 757 3152 autem
775 3119 882 3150 colores
900 3118 999 3147 austeri
1017 3123 1066 3160 3111
1084 3115 1187 3159 floridi.

88 3158 230 3197 Utrunque
241 3167 353 3197 natura,
374 3168 421 3190 aut
431 3161 540 3190 mistura
551 3161 655 3190 evenit.
690 3159 795 3188 Floridi
813 3157 877 3187 sunt
894 3165 964 3194 quos
979 3156 1109 3183 dominus
1119 3163 1188 3197 *pin-

89 3199 164 3234 genti
186 3199 311 3242 praessat3
341 3199 457 3228 minium
468 3221 476 3233 ,
505 3199 662 3242 armenium
671 3219 679 3233 ,
703 3196 862 3226 cinnabaris
871 3217 881 3231 ,
906 3192 1078 3232 chrysocolla
1087 3214 1096 3229 ,
1117 3191 1189 3221 mdi-

68 3236 666 3317 0⁶15?ss..ttgssss‘ssfft‘ziumfiitii‘t&Regia
680 3282 723 3302 12.

69 3308 161 3340 Homo
177 3312 296 3341 austerus
309 3314 335 3342 &
346 3313 442 3349 gravis.
465 3312 524 3341 Cic.
537 3312 567 3341 in
582 3311 670 3341 Pison.
682 3321 728 3348 71.

70 3346 166 3379 Labor.
189 3349 254 3379 Hor.
271 3360 297 3379 2.
316 3351 400 3379 Serm.
411 3360 436 3379 2.
453 3360 494 3379 12.

70 3384 149 3416 More
160 3397 191 3416 ac
204 3388 290 3416 modo
299 3389 403 3417 austero
415 3398 479 3417 curn
488 3387 581 3424 aliquo
592 3396 682 3424 agere.
703 3385 763 3416 Cic.
773 3394 824 3423 pro
834 3382 904 3414 Coel.
920 3391 963 3420 33.

71 3423 160 3454 Musta
174 3426 315 3455 austerain
331 3426 402 3455 lacu.
426 3426 546 3462 Quintil.
560 3425 608 3455 lib.
620 3435 645 3455 2.
658 3435 719 3462 cap.
733 3433 758 3460 7.

70 3460 205 3492 Poemata.
230 3464 295 3492 Hor.
310 3465 340 3492 in
353 3466 414 3493 Arte
426 3464 499 3492 Poet.
513 3473 575 3499 342.

69 3498 195 3530 Suavitas
204 3501 324 3537 austera,
346 3503 389 3530 cui
404 3502 499 3531 Dulcis
509 3501 670 3538 opponitur.
694 3499 752 3529 Cic.
768 3508 792 3535 3.
807 3497 843 3527 de
857 3496 935 3526 Orat.
952 3503 1013 3524 101.

71 3536 173 3567 Vinum
182 3540 322 3568 austerius.
346 3539 484 3569 Columel.
498 3539 546 3568 lib.
561 3549 585 3576 3.
602 3548 663 3576 cap.
677 3547 704 3566 2·

71 3573 118 3604 Vir
127 3576 255 3607 austerus.
278 3577 400 3614 Properr.
412 3587 434 3612 3.
451 3587 476 3613 3.
491 3588 534 3612 50.

36 3619 58 3650 A
67 3631 85 3650 u
94 3631 106 3651 s
116 3631 136 3651 τ
144 3624 202 3651 ani
212 3633 232 3651 T
241 3635 261 3652 A
270 3633 282 3653 s
296 3645 305 3657 ,
337 3624 396 3653 atis.
424 3622 443 3652 f.
469 3622 637 3659 [ιύςηξότητ]
658 3620 796 3651 contraria
821 3618 859 3648 est
881 3616 1025 3647 Suavitati.
1042 3654 1047 3660 ¹
1070 3616 1190 3654 Quintil.

72 3659 119 3689 lib.
129 3670 154 3690 2.
165 3670 226 3698 cap.
240 3670 266 3690 2.
289 3661 354 3690 Νο0
365 3661 504 3690 austeritas
514 3661 573 3696 ejus
585 3661 667 3689 tristis
679 3681 688 3695 ‚
709 3669 768 3688 non
786 3655 915 3687 dissoluta
929 3655 961 3684 sit
974 3660 1099 3685 comitas.
1139 3654 1192 3684 Lo-

71 3699 165 3734 quitur
173 3699 209 3727 de
219 3708 390 3737 praeceptore
401 3700 493 3736 pueris
502 3699 649 3727 tradendo.
953 3731 958 3736 .

70 3736 214 3765 Austeritas
226 3738 252 3766 &
262 3737 368 3766 Frontis
380 3736 499 3766 rerniss'io
508 3743 699 3774 opponuntur.
721 3734 789 3764 Plin.
802 3730 885 3769 Epist.
899 3741 923 3764 ς.
940 3730 988 3759 lib.
1004 3740 1052 3774 .¹¹·.
1137 3768 1143 3773 .
1169 3767 1175 3773 -

72 3773 217 3803 Austeritas
225 3774 360 3804 colorum.
403 3775 470 3803 Plin.
484 3774 533 3803 lib.
545 3785 588 3810 ις.
601 3783 663 3811 cap.
677 3783 720 3802 1ο.
753 3772 787 3801 Ε1
805 3770 904 3799 eadem
924 3778 967 3798 res
983 3778 1067 3797 nimis
1082 3767 1191 3797 floridis

91 3811 231 3841 coloribus
242 3813 423 3841 austeritatem
439 3813 550 3841 occulte
561 3812 646 3840 daret.
892 3822 896 3825 ’
909 3844 915 3850 .
990 3843 996 3849 ,

37 3848 59 3878 A
67 3858 85 3877 u
96 3858 134 3878 si·
142 3859 155 3878 iz
166 3859 182 3878 R
191 3860 204 3878 iz
214 3872 224 3885 ,
245 3850 312 3880 Adv.
337 3851 482 3886 [αὐςηξᾶς]
504 3850 562 3879 Cic.
576 3859 626 3887 pro
636 3849 747 3879 Muren.
759 3857 803 3885 74.
826 3845 859 3874 At
870 3853 946 3873 enirn
955 3849 1011 3882 agit
1021 3853 1133 3873 mecum
1144 3853 1190 3873 au-

75 3886 141 3916 stere
151 3888 177 3916 8(
187 3887 278 3917 Stoice
288 3888 367 3918 Cato.

38 3923 274 3993 AusrffAtisI:
290 3927 527 3962 Ausumus,
547 3926 714 3959 Auswao,
736 3932 774 3952 as.
813 3920 846 3951 V.
869 3928 1023 3948 AUSTER·

158 3972 213 3993 01..

945 211 973 240 h.
996 221 1021 242 e.
1057 211 1118 241 Nec
1138 211 1167 239 in

1226 359 1417 394 Ausram,

1232 778 1331 817 Aur,

1664 92 1690 128 A
1786 91 1819 125 U
1916 93 1947 127 T
2315 105 2381 139 3¹5

1223 173 1294 202 Aus
1306 181 1348 200 τι
1359 183 1377 202 A
1388 183 1400 202 s
1412 184 1418 202 1
1432 183 1448 202 Α
1459 195 1468 207 ,
1487 171 1602 202 Francia
1617 171 1739 210 primum
1756 171 1907 201 orientalis
1920 173 1967 202 sub
1983 173 2044 202 Car.
2064 174 2104 203 M.
2127 175 2199 203 dieta
2212 196 2218 207 ,
2241 175 2384 204 Occiden-

1263 211 1311 239 tali
1324 209 1368 239 seu
1386 211 1515 240 Neussria:
1527 210 1661 247 opposita,
1676 210 1752 237 illam
1766 209 1869 244 (finch,
1881 210 2076 246 lianc11'‘.si¹ridi
2089 212 2278 248 appellabim.
2304 213 2387 241 Dein-

1263 248 1298 276 de
1311 248 1430 277 Francia:
1441 248 1539 276 niediae
1554 269 1561 279 .
1583 247 1628 276 seu
1641 256 1725 281 regno
1741 246 1854 275 1111818011
1871 246 1897 275 id
1913 257 2015 276 nomen
2037 249 2169 277 tributum
2181 271 2188 283 ,
2211 259 2244 277 ex
2265 260 2318 284 quo
2336 251 2387 279 tria

1263 285 1365 314 deinde
1377 295 1458 320 regna
1473 307 1479 319 ,
1503 284 1744 322 Lothtiringicuiii,
1766 284 1973 321 Burgundicum
1988 308 1994 319 ,
2017 286 2042 314 ἃ
2058 286 2212 315 [1181318οἢ
2229 287 2388 316 extiterunt.

1262 321 1292 350 V.
1317 323 1451 352 Obrechti
1464 322 1555 351 Prodr.
1572 322 1632 351 Rer.
1644 321 1751 351 Alsutic.

1439 362 1502 394 [ua
1506 371 1558 385 vvvvv
1558 359 1561 365 '
1563 371 1588 387 »ς
1605 360 1650 385 aava,
1667 355 1757 394 χώρᾳ]
1781 359 1872 387 Hodie
1895 359 2038 388 Provincia
2053 360 2206 389 Germania:
2257 360 2387 391 Veterum

1264 396 1317 425 fuit
1333 397 1481 425 Pannoniie
1496 396 1643 434 superioris
1660 397 1735 432 regio
1746 419 1752 430 ,
1775 396 1809 424 ab
1823 397 1914 425 Austro
1926 404 2013 426 vento
2029 398 2205 426 lileridionali
2218 398 2301 432 (116111,
2314 400 2390 434 quod

1264 434 1300 462 ad
1310 435 1432 463 Austrum
1446 434 1542 462 litalit.
1581 434 1692 463 Nomen
1706 435 1783 463 dedit
1801 434 1901 463 Domui
1919 434 2078 470 Aiistriiicae,
2098 445 2131 463 ex
2145 445 2195 471 qua
2216 436 2281 464 inde
2297 436 2330 463 ab
2347 437 2391 465 Al-

1266 471 1345 500 berto
1358 472 1379 500 1.
1395 472 1575 508 imperatores
1588 472 1742 500 Germaniae
1755 494 1762 506 ,
1785 473 1809 501 8(
1828 482 1905 508 reges
1927 472 2072 509 Hispaniae.
2121 472 2258 501 Dividitur
2275 474 2302 501 in
2315 472 2392 511 supe-

1266 510 1365 538 riorem
1376 531 1384 543 ,
1404 508 1449 537 seu
1464 509 1696 538 Cistlanubianuni
1710 520 1718 543 3
1742 511 1766 539 δ(
1785 510 1963 545 inferiorem,
1985 509 2031 539 scu
2042 510 2331 540 Transdanubianam.

1228 546 1249 575 A
1260 556 1276 574 u
1287 556 1298 574 s
1308 555 1327 574 'r
1338 556 1352 574 a
1363 557 1370 573 i
1380 549 1396 574 A
1406 556 1422 574 c
1434 556 1450 574 u
1461 556 1472 574 s
1485 567 1493 580 a
1516 546 1575 579 Adj.
1600 547 1638 574 Ad
1653 547 1783 575 Austriam
1800 548 1951 584 pertinens.

1228 584 1250 612 A
1259 594 1276 612 u
1288 593 1299 612 s
1308 593 1326 611 τ
1336 593 1351 611 a
1362 594 1371 611 i
1387 583 1481 611 Cornu
1493 605 1500 616 ,
1522 580 1571 618 [τὲ
1585 588 1651 610 Νότε
1664 585 1753 619 mem]
1775 585 1960 614 promontorii
1971 594 2075 614 nomen
2086 585 2125 614 est
2137 585 2166 614 in
2177 585 2328 622 IEthiopia,
2345 595 2393 617 cu-

1267 622 1310 657 jus
1322 621 1452 649 meminit
1463 620 1561 649 Strabo
1575 621 1622 649 lib.
1641 625 1682 650 16.

1229 659 1431 691 Ausrausi.
1452 657 1481 686 V.
1505 657 1696 686 Haustruinin
1714 668 1875 689 HAunro.

1229 698 1374 731 Ausus,
1404 695 1435 724 V.
1459 704 1591 724 AUDBO.

1662 735 1688 768 A
1789 734 1819 768 U
1928 736 1959 771 T

1351 776 1411 818 [23]
1433 781 1603 816 Coniunctio
1615 781 1782 817 disjunc'tiva
1796 783 1842 811 est.
1881 783 1938 813 Cic.
1954 795 1977 819 ς.
1992 783 2073 813 Tusc.
2092 790 2152 818 ¹18-
2174 785 2227 813 Aut
2239 784 2326 819 bibat,
2346 791 2395 815 aut

1269 821 1356 850 abeat.
1399 819 1463 848 Ter.
1479 819 1546 847 And.
1563 830 1585 847 1.
1599 828 1621 846 1.
1636 827 1680 854 30.
1716 823 1768 849 Aut
1778 830 1864 857 equos
1885 821 1974 857 alere,
1995 830 2042 851 aut
2061 832 2143 851 canes
2160 822 2195 851 ad
2216 824 2393 860 venandum,

1269 864 1319 888 aut
1327 858 1361 886 ad
1377 856 1569 893 philosophos.

1269 898 1342 929 Aut,
1366 894 1462 932 siepius
1474 893 1633 931 repetitum.
1661 893 1718 921 Cic.
1731 894 1759 922 in
1777 894 1864 925 Pison.
1877 906 1922 930 94.
1944 896 1998 925 Res
2015 895 2071 934 ipsa
2082 898 2107 926 8(
2122 897 2202 933 Reip.
2214 903 2335 935 tempus,
2349 905 2396 928 aut

1289 943 1335 962 nie
1348 933 1447 970 ipsum,
1461 932 1537 969 quod
1550 930 1639 959 nolim
1654 940 1660 959 :
1677 938 1725 960 3111
1735 931 1819 961 alium
1831 934 2006 971 quempiam:
2025 943 2071 963 aut
2085 934 2222 969 invitabit,
2238 943 2284 964 aut
2296 937 2395 965 dehor-

1289 970 1401 999 tabitur.
1426 970 1502 999 idem
1516 979 1537 998 1.
1554 969 1588 997 de
1598 969 1675 997 Orat.
1690 973 1733 1004 36.
1756 969 1854 999 Cetera
1871 971 1988 1008 (inquit)
2004 972 2130 1000 alsentior
2142 972 2242 1006 Crasso,
2255 983 2289 1002 ne
2301 982 2347 1003 aut
2360 975 2395 1004 de

1289 1008 1322 1038 C.
1334 1008 1409 1037 Laelii
1420 1008 1506 1037 soceri
1518 1007 1573 1035 mei
1583 1028 1592 1041 ,
1613 1013 1661 1048 aut
1671 1006 1707 1035 de
1718 1007 1800 1042 hujus
1810 1009 1922 1045 generi,
1944 1016 1991 1037 3111
2000 1016 2056 1038 arte
2069 1016 2114 1038 aut
2125 1010 2212 1046 gloria
2225 1011 2377 1041 detraham.

1269 1047 1325 1076 Aut
1335 1046 1387 1075 vel.
1432 1045 1494 1082 Ulp.
1513 1046 1541 1073 in
1555 1044 1571 1073 l.
1590 1054 1612 1073 1.
1629 1046 1651 1082 ᾖ.
1668 1054 1690 1073 1.
1718 1044 1751 1073 D.
1770 1045 1806 1073 de
1817 1045 1928 1074 aleator.
1949 1046 2016 1075 lia-c
2027 1047 2144 1076 clausula
2154 1049 2275 1084 pertinet
2286 1050 2320 1077 ad
2332 1060 2396 1079 eum

1290 1085 1337 1121 qui
1352 1083 1490 1121 compulit
1504 1082 1615 1111 ludere:
1637 1090 1668 1111 ut
1679 1088 1726 1111 aut
1743 1082 1830 1112 multa
1850 1083 2002 1119 multetur,
2024 1091 2072 1113 aut
2091 1086 2120 1114 in
2137 1084 2280 1121 latumias,
2302 1087 2346 1116 vel
2367 1088 2397 1116 in

1292 1122 1405 1151 vincula
1416 1120 1529 1158 publica
1541 1121 1632 1148 detur.

1271 1160 1325 1190 Aut
1336 1160 1395 1198 post
1409 1159 1504 1187 Utrum
1515 1180 1522 1193 ,
1545 1168 1596 1195 pro
1607 1158 1646 1186 An
1658 1180 1666 1192 ,
1687 1158 1716 1186 10
1728 1157 1854 1187 editione
1865 1157 1989 1188 Parisien.
2006 1160 2034 1188 in
2045 1164 2098 1192 8νο
2110 1181 2117 1193 ,
2130 1159 2178 1189 lib.
2192 1170 2218 1189 2.
2231 1161 2266 1190 de
2278 1161 2396 1193 Officiis.

1291 1197 1383 1227 Locus
1395 1203 1517 1226 mutatus
1527 1196 1563 1224 est
1575 1196 1604 1224 in
1616 1194 1711 1224 Lamb.
1727 1196 1852 1224 editione
1864 1206 1891 1233 p.
1908 1202 1970 1232 384.
1992 1198 2039 1225 ubi
2052 1198 2086 1226 de
2100 1197 2295 1228 Themistocle.
2311 1200 2343 1228 Η.
2356 1203 2394 1229 St.

1290 1235 1334 1265 En
1354 1235 1468 1264 locum:
1490 1233 1693 1263 Themistocles
1713 1234 1752 1262 est
1767 1235 1862 1263 auctor
1877 1234 2074 1270 adhibendus;
2097 1236 2143 1271 qui
2163 1246 2225 1264 cuni
2241 1237 2399 1266 consulere-

1289 1279 1335 1302 tur
1345 1296 1353 1307 ,
1374 1280 1467 1302 utrum
1480 1272 1556 1338 bsono
1567 1272 1626 1301 viro
1635 1272 1751 1309 pauperi
1763 1293 1771 1307 ,
1792 1279 1841 1301 aut
1852 1273 1944 1302 minus
1954 1272 2072 1310 probato
2090 1273 2169 1302 diviti
2185 1273 2268 1303 filiani
2279 1275 2399 1305 colloca-

1293 1312 1359 1340 ret‘?
1381 1312 1419 1340 lta
1436 1311 1485 1339 MS
1508 1332 1515 1338 .

1273 1349 1329 1379 Aut
1339 1358 1420 1383 vero,
1442 1358 1492 1386 pro
1504 1349 1558 1376 Aut
1570 1346 1663 1376 etiam.
1704 1347 1762 1376 Cic.
1776 1350 1802 1377 6.
1816 1347 1884 1377 Verr
1897 1353 1942 1385 78.
1965 1347 2058 1383 Quem
2071 1348 2122 1376 tibi
2134 1354 2181 1377 aut
2191 1348 2346 1385 hominem,
2359 1352 2399 1380 in-

1293 1388 1356 1416 vitis
1369 1388 1421 1415 diis
1434 1384 1637 1415 immortalibus
1648 1406 1656 1419 ,
1678 1392 1725 1414 aut
1735 1395 1801 1415 vero
1810 1386 1905 1422 deum,
1917 1387 2002 1415 tantis
2018 1396 2115 1415 eorum
2126 1385 2307 1423 religionibus
2317 1389 2400 1418 viola-

1296 1426 1340 1460 tis,
1355 1424 1459 1453 auxilio
1469 1424 1592 1453 futurum
1602 1429 1682 1461 putas
1690 1424 1704 1452 ⁴?

1273 1463 1328 1492 Aut
1339 1464 1421 1492 etiam
1431 1485 1438 1497 ,
1461 1469 1508 1491 3111
1520 1471 1594 1491 vero.
1636 1460 1695 1490 Cic.
1713 1471 1735 1490 1.
1749 1461 1784 1490 de
1793 1461 1869 1491 Orat.
1882 1464 1927 1499 76.
1958 1461 2013 1491 Sed
2028 1461 2108 1498 siquis
2120 1460 2203 1497 esset,
2226 1469 2273 1492 aut
2288 1463 2304 1492 li
2316 1464 2400 1494 etiam

1294 1511 1417 1538 unquam
1430 1499 1520 1530 fuisset
1530 1521 1538 1534 ‚
1559 1504 1607 1528 aut
1620 1508 1687 1528 vero
1698 1498 1715 1527 s1
1728 1498 1782 1528 effe
1792 1499 1883 1536 posset
1894 1522 1902 1534 ‚
1926 1505 1955 1528 tu
1966 1499 2034 1528 effes
2045 1509 2116 1528 unus
2128 1499 2261 1537 profecto.

1294 1540 1348 1568 Aut
1361 1549 1426 1567 vero
1437 1560 1445 1572 ‚
1467 1548 1517 1575 pro
1530 1538 1582 1566 Aut
1596 1537 1681 1565 etiam
1692 1559 1700 1572 ,
1718 1538 1743 1566 &
1754 1544 1846 1566 tamen
1857 1538 1991 1575 praecedit
2002 1538 2053 1566 Aut
2062 1537 2155 1567 etiam.
2175 1538 2213 1567 fl.
2224 1538 2262 1567 St.
2303 1541 2404 1577 [mig-'-

1293 1588 1366 1612 εφμοι
1376 1577 1486 1605 videtur
1499 1575 1533 1605 H.
1545 1574 1689 1612 Stephani.
1729 1573 1815 1604 Recte
1827 1576 1902 1604 enim
1913 1575 1973 1605 haec
1980 1575 2092 1605 habent.

1273 1615 1328 1644 Aut
1339 1615 1423 1652 quia,
1443 1614 1626 1652 geminatum.
1648 1612 1716 1642 Hor.
1729 1622 1755 1642 2.
1773 1613 1861 1642 Serm.
1879 1623 1903 1649 7.
1915 1623 1959 1648 ²5·

1357 1654 1411 1682 Aut
1418 1653 1482 1689 quia
1492 1661 1550 1680 non
1562 1650 1648 1680 'sentis
1660 1672 1669 1685 ,
1691 1651 1766 1687 quod
1777 1650 1879 1680 clamas
1892 1652 1993 1681 redtius
2004 1649 2076 1680 esse:

1356 1691 1410 1719 Aut
1419 1691 1483 1727 quia
1498 1699 1556 1718 non
1567 1688 1660 1717 firmus
1671 1690 1777 1717 rectum
1790 1689 1918 1718 defendis
1930 1711 1938 1723 ,
1954 1690 1980 1718 8(
1993 1689 2087 1718 haeres.

1274 1729 1329 1758 Aut
1337 1729 1488 1758 corrective
1496 1737 1547 1765 pro
1558 1726 1672 1756 Saltem.
1712 1726 1816 1757 Sallust.
1828 1727 1956 1763 Jugurth.
1968 1731 2013 1756 60.
2047 1726 2172 1756 Profecto
2184 1727 2279 1756 cuncti
2291 1734 2338 1757 ant
2346 1738 2405 1759 ma-

1298 1776 1351 1803 gna
1361 1776 1432 1803 pars.
1473 1765 1541 1801 [vel
1553 1765 1648 1802 potius
1659 1786 1666 1799 ‚
1680 1773 1731 1802 pro
1748 1765 1890 1794 Autcerte.

1275 1806 1331 1834 Aut
1341 1811 1424 1834 certe.
1465 1804 1524 1833 Cic.
1538 1803 1567 1831 in
1577 1802 1651 1832 Brut.
1661 1811 1725 1837 254.
1744 1803 1810 1838 Quo
1821 1804 1897 1832 enim
1906 1813 1963 1832 uno
1974 1802 2156 1832 vincebamur
2165 1812 2179 1830 a
2193 1802 2264 1831 vieta
2275 1802 2380 1834 Graecia
2389 1827 2400 1841 ,

1295 1842 1326 1870 111
1336 1849 1383 1871 3111
1392 1849 1520 1879 ereptum
1532 1840 1573 1870 illi
1581 1840 1619 1869 est
1633 1862 1641 1875 ‚
1662 1846 1710 1869 aut
1720 1847 1793 1869 certe
1802 1841 1882 1870 nobis
1895 1840 2025 1870 cumillis
2036 1840 2284 1870 communicatum.

1276 1880 1348 1914 Aut,
1370 1890 1435 1909 cum
1448 1879 1664 1916 interrogatione
1679 1878 1807 1915 positum.
1849 1879 1913 1908 Ter.
1924 1878 1994 1908 Eun.
2012 1889 2032 1907 i.
2047 1888 2072 1907 2.
2084 1877 2132 1914 ·’7ς.
2164 1880 2218 1907 Aut
2232 1888 2283 1915 ego
2301 1879 2404 1910 nescie-

1296 1918 1359 1947 bam
1371 1917 1500 1955 quorsum
1512 1917 1627 1946 tuires‘?
1649 1916 1690 1946 Ita
1702 1916 1790 1945 Graeci
1800 1915 1847 1945 suo
1861 1911 1873 1944 i>
1887 1917 1916 1945 in
1927 1917 2123 1953 interrogando
2137 1922 2261 1948 utuntur,
2287 1917 2334 1946 Sic
2347 1918 2407 1947 Ste-

1318 1956 1416 1985 lianus.
1456 1955 1512 1985 Sed
1521 1964 1596 1984 error
1605 1960 1685 1983 natus
1696 1954 1733 1983 est
1743 1963 1778 1982 ex
1792 1954 1859 1983 MSS
1873 1954 1982 1984 vitiosis.
2023 1953 2076 1983 Alii
2097 1954 2173 1983 enim
2189 1953 2283 1983 Codd.
2300 1956 2406 1986 restiue

1317 1993 1401 2023 abent
1413 1994 1460 2027 At,
1481 2001 1513 2022 ut
1523 1992 1646 2022 observat
1660 1991 1701 2021 Cl.
1715 1991 1813 2021 Waffe
1825 1992 1854 2021 in
1864 1993 1959 2022 indice
1978 1992 2013 2021 ad
2033 1991 2198 2021 Sallustium.
2258 1992 2403 2028 [Linden-

1296 2031 1373 2069 brog.
1388 2031 1521 2065 exhibet,
1544 2030 1624 2059 Haud
1636 2039 1688 2066 ego
1701 2029 1867 2060 nesciebam.
1890 2030 1975 2067 Quod
1988 2029 2141 2068 amplector
2153 2052 2161 2065 ‚
2183 2031 2209 2060 &
2219 2031 2335 2067 quidem
2344 2031 2406 2061 sub-

1295 2069 1351 2099 lata
1361 2079 1472 2106 quoque
1485 2075 1551 2097 nota
1563 2068 1787 2105 interrogationis
1798 2090 1806 2103 ‚
1828 2078 1911 2105 quarn
1923 2069 1945 2097 is
1955 2068 2075 2105 reliquit.

1277 2107 1320 2138 De
1338 2117 1357 2136 A
1369 2117 1414 2136 υτ
1428 2107 1464 2136 sic
1480 2106 1610 2136 Diomed.
1631 2105 1680 2134 lib.
1696 2116 1718 2135 1.
1748 2107 1803 2135 Aut
1821 2106 1984 2142 conjunctio
2002 2105 2176 2139 dubitativa,
2197 2105 2215 2134 si
2232 2107 2404 2143 geminetur,

1296 2146 1381 2175 habet
1393 2145 1559 2182 potestatem
1569 2154 1628 2181 quae
1640 2144 1729 2179 dicit,
1753 2145 1807 2173 Aut
1821 2144 1924 2173 librum
1936 2143 2001 2172 volo
2015 2166 2023 2179 ,
2044 2150 2092 2173 aut
2105 2144 2226 2181 pretium
2237 2166 2244 2177 ‚
2267 2152 2406 2181 utrunque

1294 2194 1332 2213 -ex
1343 2193 1421 2220 aequo
1435 2183 1588 2212 desiderare
1600 2181 1742 2219 significat.
1783 2184 1853 2217 Aut,
1875 2181 1893 2210 si
1904 2181 1987 2211 semel
2000 2182 2198 2219 pronuntietur
2208 2204 2216 2217 ‚
2239 2182 2406 2213 diminutiva

1297 2222 1351 2254 est,
1373 2223 1399 2250 ek
1410 2223 1524 2258 gradum
1536 2219 1619 2249 habet
1628 2220 1662 2248 ad
1672 2220 1801 2249 inferiora
1812 2220 1976 2249 tendentem
1991 2229 1997 2249 :
2020 2226 2051 2249 ut
2061 2219 2181 2249 dicimus
2193 2241 2202 2255 ,
2222 2219 2404 2251 Eum'librum

1295 2259 1379 2294 volo.
1401 2265 1449 2287 aut
1459 2259 1586 2296 pretium.
1610 2264 1642 2287 ut
1660 2257 1678 2286 fi
1694 2258 1764 2286 liber
1783 2267 1867 2294 quem
1884 2257 2056 2296 potissimum
2071 2256 2153 2293 volo,
2175 2258 2293 2288 minime
2310 2259 2407 2288 redda-

1297 2304 1363 2327 tur:
1386 2304 1415 2326 tu
1424 2297 1501 2333 quod
1514 2296 1667 2325 secundum
1680 2318 1688 2330 ‚
1710 2296 1841 2333 pretium.

1277 2336 1349 2370 Aut,
1372 2335 1458 2364 modo
1478 2335 1658 2370 conjunctiva
1670 2334 1724 2368 est,
1746 2344 1831 2371 quum
1850 2334 1990 2370 dicimus,
2015 2333 2068 2363 Aut
2086 2332 2121 2362 da
2139 2332 2211 2362 mihi
2223 2355 2237 2368 ‚
2253 2340 2301 2363 aut
2318 2334 2405 2372 rapio.

1298 2374 1388 2404 Modo
1400 2373 1539 2402 hortativa
1548 2372 1592 2401 est.
1618 2372 1658 2401 lta
1670 2372 1741 2408 Virg.
1755 2382 1780 2407 9.
1800 2372 1860 2402 AEn.
1870 2382 1935 2409 495.

1363 2413 1415 2440 Aut
1426 2417 1455 2440 tu
1469 2419 1568 2448 magne
1578 2416 1656 2448 pater
1665 2410 1760 2439 divum
1770 2409 1906 2440 miserere.

1296 2456 1330 2480 ut
1338 2449 1412 2486 Virg.
1429 2459 1450 2478 1.
1465 2449 1525 2479 [En.
1538 2458 1602 2483 414.

1359 2486 1492 2517 Molirive
1503 2495 1609 2516 moram
1618 2508 1627 2522 ‚
1647 2486 1836 2516 autveniendi
1849 2484 1963 2524 pulbere
1972 2484 2074 2514 causas.

1297 2526 1371 2563 Virg.
1389 2535 1411 2554 1.
1434 2525 1534 2561 Georg.
1552 2534 1617 2560 411.

1361 2563 1435 2593 Turn
1447 2562 1564 2600 liquidas
1573 2562 1650 2591 corvi
1658 2561 1748 2600 preffo
1756 2567 1800 2591 vter
1809 2566 1924 2599 gutture
1938 2570 2024 2591 voces

1359 2602 1413 2630 Aut
1425 2608 1520 2638 quater
1530 2600 1717 2637 ingeminant.
1757 2609 1808 2637 pro
1826 2600 1995 2636 Quaterque.
2007 2630 2010 2632 ,

1298 2645 1331 2669 111
1343 2639 1418 2676 Virg.
1431 2650 1453 2669 1.
1466 2638 1527 2668 AEn.
1540 2648 1571 2674 43
1579 2643 1603 2671 8.

1359 2678 1413 2706 Aut
1429 2686 1514 2706 onera
1531 2676 1675 2713 accipiunt
1689 2676 1852 2705 venientum
1863 2697 1871 2710 ,
1892 2680 1941 2704 3111
1962 2674 2074 2712 agmine
2089 2674 2172 2704 facto.
2284 2674 2364 2704 {dem
2376 2686 2400 2711 4.

1298 2714 1361 2746 AEn.
1374 2719 1419 2744 62.
1615 2729 1652 2734 —
1660 2714 1753 2743 media
1764 2714 1836 2743 inter
1846 2722 1951 2743 cornua
1959 2712 2053 2741 fundit
2061 2734 2069 2747 ,

1363 2754 1415 2782 Aut
1423 2757 1487 2781 ante
1499 2761 1546 2780 ora
1557 2751 1642 2780 deum
1652 2773 1661 2787 ,
1686 2753 1805 2790 pingues
1816 2751 1947 2788 spatiatur
1957 2751 1992 2780 ad
2002 2760 2070 2780 aras.
2161 2750 2185 2779 ·i.
2197 2759 2222 2780 e.
2243 2749 2332 2780 Modo
2343 2751 2405 2780 fun-

1299 2791 1377 2821 ditur
1387 2813 1394 2826 ,
1422 2790 1508 2819 modo
1519 2788 1658 2827 spatiatur.
1702 2790 1769 2819 Haec
1781 2799 1815 2819 ex
1826 2789 1965 2819 Diomede
1974 2811 1981 2823 ,
2002 2788 2060 2817 fere
2071 2787 2107 2817 ad
2119 2787 2243 2817 verbum.

1242 2829 1263 2859 A
1273 2839 1292 2859 u
1301 2839 1321 2858 T
1330 2840 1349 2858 A
1358 2840 1372 2858 r
1383 2840 1399 2858 o
1410 2839 1427 2857 r>
1437 2839 1445 2857 1
1456 2838 1474 2857 A
1487 2850 1495 2863 ,
1516 2824 1700 2863 [nomn-0¹25...]
1723 2827 1912 2857 Calceamenti
1922 2836 2024 2864 genus.
2046 2826 2121 2855 idem
2137 2835 2200 2855 cum
2220 2826 2253 2854 iis
2270 2835 2329 2862 quae
2344 2827 2402 2852 ἀνω.

1280 2864 1387 2900 ξυρᾴῶας
1408 2866 1463 2896 3110
1474 2865 1590 2895 nomine
1597 2864 1741 2903 appellant
1753 2887 1762 2901 ‚
1783 2866 1918 2895 1113110101
1927 2865 1966 2894 est
1977 2864 2075 2894 Pollux
2087 2863 2246 2907 lib.-7.*cap.
2263 2872 2307 2892 22.
2330 2865 2403 2899 [No.

1280 2915 1344 2934 men
1362 2905 1434 2934 male
1451 2904 1547 2933 11611101
1560 2904 1690 2933 8111111101
1705 2913 1808 3008 vo*
1817 2902 1981 2933 confusione
1993 2912 2000 2933 ;
2022 2902 2103 2937 ὅσπερ
2117 2913 2146 2928 xv
2158 2899 2181 2932 Zea
2193 2899 2296 2935 mae-a,
2318 2902 2403 2931 urdo-

2001 2408 2092 2439 Modo
2104 2409 2283 2445 conjunctiva
2300 2420 2350 2448 pro
2363 2410 2404 2440 Et.

2169 2483 2204 2514 Et
2215 2495 2265 2523 pro
2278 2485 2350 2523 Que.
2372 2491 2404 2515 ut

2078 2597 2169 2628 Modo
2182 2608 2238 2637 >pro
2255 2598 2404 2637 seperativa

1280 2944 1340 2972 cuit
1349 2943 1485 2972 lx'ulinius.

1241 2981 1263 3010 A
1273 2991 1290 3009 u
1301 2991 1320 3009 τ
1332 2992 1350 3009 A
1359 2991 1374 3009 a
1384 2992 1393 3009 1
1405 2990 1451 3009 AT
1460 2991 1483 3008 AE
1492 3002 1499 3014 ‚
1521 2978 1706 3014 [Abmffloe'mq
1717 2979 1783 3017 Step
1806 2979 1884 3014 ano]
1903 2977 2005 3017 Populi
2018 2979 2046 3007 in
2060 2975 2171 3013 Illyrico
2189 2976 2401 3015 bellicofiffimi,

1281 3020 1327 3056 qui
1339 3029 1424 3055 quum
1435 3016 1575 3047 Triballos
1584 3039 1592 3052 ‚
1612 3018 1638 3046 &
1650 3018 1773 3047 Ardiaeos
1782 3017 1890 3047 vicinos
1900 3016 1961 3046 suos
1973 3015 2152 3046 debellassent
2164 3036 2171 3048 ,
2191 3014 2285 3051 postea
2295 3025 2310 3044 a
2324 3016 2402 3046 Scor.

1280 3056 1361 3086 discis
1371 3057 1455 3086 attriti
1468 3078 1475 3091 .
1497 3057 1523 3085 &a
1532 3056 1647 3084 tandem
1659 3066 1674 3085 a
1688 3055 1821 3085 Romanis
1830 3056 1943 3092 penitus
1951 3054 2036 3083 deleti
2048 3053 2117 3082 sunt.
2137 3052 2225 3081 Strab.
2238 3052 2285 3082 lib.
2297 3058 2324 3090 7.

1241 3095 1263 3124 A
1274 3105 1291 3123 υ
1302 3105 1320 3123 T
1330 3105 1361 3123 izi
1373 3116 1381 3130 ,
1403 3090 1532 3130 [Adrion]
1555 3093 1656 3122 Arabiae
1666 3093 1775 3131 populi.
1810 3093 1878 3122 Plin.
1890 3092 1938 3122 lib.
1951 3096 1976 3121 6.
1996 3101 2055 3129 cap.
2070 3100 2115 3124 29.
2191 3127 2196 3132 .

1241 3133 1264 3162 A
1274 3142 1291 3160 11
1301 3142 1320 3161 T
1329 3143 1371 3161 111(
1383 3155 1390 3167 ,
1414 3128 1488 3168 [δῖ]
1509 3130 1658 3161 Discretiva
1673 3132 1836 3168 conjunctio
1847 3153 1855 3166 ,
1878 3140 1931 3168 qua
1942 3140 1974 3159 83
1981 3139 2041 3165 quae
2059 3128 2173 3171 discreta
2182 3126 2308 3165 'intelligi
2318 3129 2402 3159 volu.

1279 3180 1357 3205 mus,
1380 3169 1583 3199 connectimus.
1624 3169 1717 3204 Valla.
1740 3169 1813 3199 Vero
1824 3170 1849 3198 Sc
1861 3169 1959 3198 Autem
1969 3168 2043 3209 idem
2060 3166 2230 3209 significant,
2253 3167 2277 3196 ἃ
2299 3167 2400 3198 eodem

1276 3209 1308 3237 iin
1317 3208 1380 3238 loco
1390 3208 1457 3246 poni
1469 3207 1582 3245 possunt
1591 3229 1599 3241 ‚
1615 3207 1799 3236 antecedente
1808 3207 1904 3243 utique
1915 3205 2005 3242 aliqua
2016 3204 2147 3232 dictione.
2166 3211 2310 3240 nunquam
2324 3206 2401 3236 enim

1277 3246 1312 3276 ab
1323 3247 1364 3275 his
1373 3246 1510 3275 seri-tentia
1523 3245 1632 3282 incipit.
1673 3245 1854 3274 Co'llocantur
1865 3251 1956 3273 autem
1973 3242 2147 3284 frequenter,
2169 3246 2199 3269 ut
2214 3240 2348 3278 nusquam
2360 3254 2402 3273 re..

1277 3284 1401 3314 ferantur
1411 3307 1418 3318 ,
1439 3283 1486 3312 sed
1499 3291 1610 3312 tantum
1627 3283 1796 3320 distinguant
1804 3281 1968 3311 sententiam
1980 3279 2146 3308 asententia.
2189 3278 2329 3321 1130180115
2341 3281 2400 3312 Val-

1279 3322 1305 3351 la
1316 3322 1392 3352 lib.2.
1406 3321 1593 3358 Ter.Adelph.
1607 3332 1633 3356 4.
1647 3330 1672 3350 2.
1684 3326 1728 3355 48.
1751 3320 1894 3349 AEschinus
1905 3317 2000 3346 odiose
2012 3316 2103 3351 cessat,
2113 3321 2264 3353 prandium
2276 3327 2400 3349 corrum-

1278 3361 1363 3398 pitur.
1405 3360 1535 3397 Ctesipho
1548 3366 1641 3388 autern
1653 3360 1681 3387 in
1692 3367 1784 3387 amore
1794 3358 1926 3386 estvtotus.
1966 3355 2083 3398 CiC·.¹f·
2097 3354 2177 3383 Fam.
2194 3364 2235 3387 ις.
2267 3357 2351 3392 Quod
2363 3358 2399 3387 fe.

1280 3399 1318 3428 cit
1329 3398 1376 3427 ille
1387 3398 1553 3435 diiigenter:
1576 3398 1644 3425 mihi
1656 3404 1748 3425 autern
1759 3394 1829 3424 nihil
1838 3392 1982 3423 amabilius
1995 3393 2087 3420 officio
2100 3399 2147 3421 tuo
2159 3393 2185 3421 Gr
2200 3392 2353 3430 diligentia.

1279 3436 1359 3473 Quid
1379 3437 1493 3465 autern?
1530 3434 1594 3464 Ter.
1615 3434 1730 3470 Adelph.
1746 3442 1769 3467 3.
1783 3444 1808 3467 4.
1822 3436 1864 3460 16.
1895 3430 1974 3460 Salve
1996 3430 2107 3459 Demea.
2142 3440 2170 3458 D.
2193 3431 2260 3467 quid
2282 3436 2399 3465 autem!

1296 3475 1356 3504 Cic.
1373 3485 1396 3509 5.
1409 3473 1490 3503 Tusc.
1504 3477 1545 3502 16.
1570 3473 1632 3508 Qua
1643 3470 1850 3508 pulchritudine
1858 3468 1954 3497 urbem
1968 3490 1976 3503 .
1999 3468 2097 3505 quibus
2111 3475 2206 3496 autem
2220 3469 2399 3506 opibusrprae-

1298 3513 1395 3546 dimin,
1407 3511 1537 3540 servitute
1545 3509 1701 3547 oppreffam
1714 3509 1803 3536 tenuit
1815 3507 1956 3535 civitatem
1967 3507 1980 3534 ἶ)
2004 3506 2044 3534 1)8
2060 3505 2189 3542 Dionysio
2201 3507 2378 3544 Syrqu-nmio,

1279 3550 1357 3587 Quid
1368 3560 1430 3579 mea
1439 3549 1553 3578 autem?
1572 3548 1635 3576 Ter.
1645 3547 1716 3575 Eun.
1731 3556 1755 3581 5.
1763 3555 1793 3574 -2,
1807 3555 1850 3574 1ο.
1868 3544 1911 3574 Α11
1919 3543 1987 3581 quid
1997 3543 2117 3573 faciam?
2131 3543 2199 3581 quid
2211 3554 2272 3574 inca
2283 3552 2374 3576 autem
2382 3549 2398 3577 -ἒ

1298 3589 1365 3625 quid
1377 3588 1461 3616 faciet
1471 3587 1555 3619 milii,
1569 3587 1621 3614 Sec.
1809 3618 1822 3625 Ι.
1992 3622 1995 3623 7
2029 3619 2037 3624 ἱ
2144 3619 2149 3625 ·

1279 3627 1378 3656 Autem
1391 3648 1398 3658 .
1420 3635 1470 3661 pro
1480 3624 1577 3653 Etiam.
1621 3620 1705 3650 Plaut.
1717 3620 1831 3649 Trucul.
1842 3630 1868 3655 4.
1878 3622 1966 3655 '3.'64.
1990 3621 2084 3656 Agite,
2105 3619 2197 3648 abite:
2220 3626 2249 3649 tu
2265 3621 2399 3657 domum.¹

1299 3667 1325 3694 ὁὶ
1337 3671 1366 3693 tu
1376 3671 1469 3693 autem
1480 3662 1604 3689 domum.
1645 3658 1710 3687 Ter.
1722 3658 1790 3687 Eun.
1805 3666 1828 3693 3.
1838 3666 1863 3686 2.
1876 3667 1921 3686 22.
1941 3657 2020 3693 Qiid
2031 3664 2060 3686 tu
2070 3657 2108 3686 ais
2122 3657 2254 3686 Gnatho?
2275 3662 2401 3697 nunquid

1299 3702 1384 3731 habes
1393 3700 1469 3738 quod
1480 3696 1665 3728 contemnas?
1687 3696 1753 3732 quid
1768 3703 1797 3724 tu
1811 3702 1904 3724 autem
1914 3694 2042 3724 Thraso?
2062 3702 2175 3725 tacent:
2198 3695 2261 3725 satis
2274 3696 2399 3729 laudant.

1281 3741 1370 3777 Atque
1380 3739 1450 3767 adeo
1462 3744 1564 3765 aurem.
1604 3734 1669 3763 Ter.
1681 3733 1751 3762 Eun.
1766 3744 1789 3768 ς.
1809 3743 1833 3768 ς.
1847 3742 1893 3762 22.
1914 3734 2001 3770 Atque
2013 3732 2084 3761 adeo
2096 3739 2191 3764 autem
2206 3743 2254 3763 cur
2268 3744 2326 3764 non
2340 3747 2403 3774 ego.

1302 3785 1359 3806 met
1370 3777 1444 3804 intro
1457 3774 1511 3802 eo?

1282 3815 1464 3846 Ecceautem.
1505 3808 1568 3839 Ter.
1580 3809 1689 3838 Phorm.
1707 3818 1731 3838 1.
1747 3819 1771 3842 ς.
1786 3817 1829 3843 34.
1850 3806 1922 3838 Ecce
1943 3813 2037 3837 autem
2054 3806 2151 3837 similia
2170 3809 2282 3838 onmia:
2299 3821 2402 3842 omnes

1300 3856 1468 3887 congruunt.
1510 3847 1564 3877 Ubi
1576 3847 1717 3882 Donatus,
1737 3846 1812 3876 Ecce
1822 3854 1916 3875 autern
1927 3868 1934 3880 ‚
1955 3855 2009 3875 vox
2022 3846 2063 3874 est
2074 3853 2138 3884 apta
2149 3847 2191 3876 his
2207 3857 2268 3884 quie
2284 3858 2355 3878 nova
2371 3853 2402 3880 ἃ

1300 3886 1450 3927 improvisa
1462 3887 1555 3915 animo
1566 3885 1706 3914 accidunt.
1727 3885 1772 3914 Sic
1784 3884 1853 3921 Virg.
1865 3893 1890 3913 2.
1906 3885 1966 3914 AEn.
1981 3892 2043 3919 203.

1362 3924 1436 3955 Ecce
1451 3930 1544 3954 autem
1556 3923 1687 3960 geminia
1697 3922 1815 3953 Tenedo
1828 3922 2034 3960 tranquillaper
2043 3921 2105 3951 alta.

1744 3959 1792 3990 Rr
1818 3970 1836 3991 2
2309 3962 2408 3993 Autem
