2600 4177
535 76 566 113 C
663 79 694 116 R
789 76 818 112 E

122 157 267 192 Imbrium.
289 159 358 190 Plin.
372 157 419 190 lib,
438 167 480 190 12.
494 168 556 198 cap.
570 170 595 191 1.

122 199 237 228 Pedum.
260 198 316 228 Cic.
334 199 362 227 in
376 198 476 234 Topic.
491 207 535 233 5²·

123 234 276 272 plagarum.
297 237 356 264 Cic.
370 246 396 272 7.
410 236 482 264 Verr.
499 238 559 263 161.

120 273 278 303 Testarum.
300 273 399 308 Juven.
416 282 456 301 11.
473 273 527 301 Sat.
546 279 607 306 170.

124 310 256 341 Diffonus
267 312 398 348 crepitus.
422 309 487 338 Plin.
503 309 549 337 lib.
567 318 591 339 2.
607 317 669 346 cap.
686 315 729 339 12.

125 349 199 378 Dare
211 349 346 385 crepitum
359 369 366 381 ,
389 347 539 383 Crepitare.
561 346 659 380 Juven.
678 356 700 377 x.
720 347 774 376 Sat.
789 350 852 382 108.
1211 384 1218 392 ·
1238 384 1247 392 .

126 386 272 422 Crepstus,
292 386 309 421 [
321 381 510 420 »α-ςυςνςκκόε]
530 384 568 413 est
585 384 667 413 etiam
680 385 792 422 Eruptio
804 385 914 423 spiritus
929 391 964 414 ex
974 389 1078 415 ventre.
1097 389 1138 422 ut,
1160 383 1248 415 Stolcl

166 423 279 452 utabant
295 431 352 450 non
374 422 466 450 minus
482 421 612 451 honestos
632 423 754 457 crepitus
772 423 824 452 else
838 445 845 456 ,
867 433 950 460 quam
971 426 1072 453 ructus.
1095 423 1134 454 Ex
1144 424 1201 454 Cic.
1220 433 1247 458 9.

143 434 219 490 gam.
234 469 278 489 22.
302 459 414 495 Etapud
428 458 546 489 Plinium
559 481 566 495 ‚
589 459 732 496 Crepitum
743 461 868 499 reddere.
898 461 944 489 lib.
959 471 1003 497 ²7·
1015 470 1075 499 cap.
1091 470 1131 490 12.
1153 460 1249 493 βάμῖυς

143 498 234 528 Graeci
247 494 399 534 appellant.
417 495 448 527 V.
464 506 481 526 11
491 507 506 526 1³
515 507 533 527 n
546 507 564 527 D
574 507 600 527 o.
617 501 643 528 ἃ
654 499 730 528 Suet.
742 497 841 531 Claud.
855 507 898 534 ³²·
910 500 937 529 δι
948 499 1047 537 Scalig.
1060 499 1160 529 [lason.
1172 498 1247 529 Lest.

148 545 228 569 1-25-
263 543 328 570 -7²·

87 545 298 606 ersendis.
320 581 355 605 a,
377 581 434 601 um.
459 572 518 608 Adi.
541 573 663 603 Avienus
679 573 707 601 in
724 571 859 610 Virgine:

219 609 284 639 Non
294 617 324 639 ut
339 610 403 639 fessa
412 611 501 640 virum
513 618 650 649 repararet
659 611 758 648 gaudia
771 611 850 640 vultu
860 633 870 646 ,

217 647 272 676 Sed
281 647 393 685 crepula
402 655 433 678 ut
447 648 502 678 late
519 656 644 678 vomeret
664 649 791 677 convicia
808 659 886 679 voce.

124 689 203 715 tante
218 687 243 715 ἃ
261 686 456 723 increpatoria.
478 686 555 716 Adde
566 686 661 715 Sidon⁴
681 686 753 724 Epist
771 697 797 722 4.
812 698 852 722 ις.

88 721 396 754 ΟΒέΡϊτᾸοῠιυΜ
408 746 416 758 ,
438 724 456 753 i.
478 733 506 753 n.
529 724 693 760 [κρόταλον]
714 723 932 754 Instrumentum
948 725 1024 762 quod
1045 726 1172 756 manibus
1190 735 1252 764 per-

122 760 232 790 cussum
242 760 449 791 redditsonum.
488 761 624 791 Columel.
638 760 684 790 lib.
701 771 726 795 9.
742 771 803 799 cap.
820 772 860 791 12.
883 764 1065 800 Crepitaculis
1088 764 1181 798 aereiS,
1203 770 1252 794 aut

123 799 264 833 testarum,
278 799 443 836 plerumque
460 799 543 837 vulgo
557 799 721 834 jacentium,
738 798 829 829 sonitu
839 808 971 830 terreatur
982 802 1090 839 fugiens
1109 803 1249 838 juventus.

124 836 247 866 Martial.
269 837 344 874 Epig.
362 838 397 865 de
408 837 603 875 Crepitaculo,
624 836 673 866 lib.
693 846 735 870 ις.
752 847 798 872 54-

124 873 242 904 Puerilia
253 874 429 912 crepitacula.
467 874 584 911 Quintil.
601 873 649 902 lib.
664 884 688 909 q.
702 883 763 911 cap.
777 886 802 909 4·
834 875 938 905 Mediis
957 885 1069 914 quoque
1087 877 1177 907 verbis
1194 886 1252 907 non

145 922 177 942 ea
189 914 275 942 modo
288 922 352 942 cura
368 912 399 941 s1t
412 934 421 947 ,
442 919 472 942 ut
485 914 556 941 inter
570 911 596 941 se
608 912 785 947 coliaereant·,
811 912 857 942 sed
867 923 901 943 ne
912 915 988 952 pigra
1000 938 1007 949 ,
1029 924 1064 944 ne
1084 914 1165 952 longa
1182 915 1249 945 lint:

144 960 200 985 ne,
222 952 296 988 quod
308 959 384 979 nunc
394 951 546 980 maximum
557 949 654 978 vitium
665 950 720 983 est,
744 950 869 980 brevium
893 960 1029 982 contextu
1050 952 1203 989 resultent,
1226 954 1253 984 &

144 986 245 1018 sonum
257 988 342 1017 edant
350 987 500 1026 puerilium
509 987 752 1025 crepitaculorum.

125 1025 334 1062 Crepitaculum
345 1047 353 1061 ‚
375 1035 425 1064 pro
435 1025 625 1064 crepundiis,
646 1025 676 1054 in
688 1025 788 1063 quibus
799 1025 890 1056 solent
907 1027 1036 1058 innutriri
1048 1027 1177 1058 infantes.
1201 1026 1254 1058 Lu-

144 1063 271 1093 creelib.
288 1074 311 1098 ς.
326 1072 388 1098 233.

981 650 1008 680 h.
1021 658 1046 681 e.
1069 648 1145 681 Voce
1163 648 1251 689 crepi-

219 1102 252 1130 At
264 1102 345 1130 variae
356 1100 482 1130 crescunt
493 1101 631 1138 pecudes,
653 1106 795 1137 armenta,
815 1102 935 1141 feraeque
949 1125 958 1138 ,

217 1139 281 1169 Nec
295 1138 464 1176 crepitacula
475 1141 514 1168 eis
524 1136 590 1177 opu'
600 1138 664 1168 sunt
672 1159 680 1172 ,
703 1148 756 1168 nec
767 1140 896 1177 cuiquam
906 1141 1065 1171 adhibenda
1076 1141 1106 1172 'st

218 1176 304 1206 Almae
317 1177 434 1206 nutricis
446 1177 548 1206 blanda
558 1197 566 1210 ,
587 1184 669 1213 atque
680 1176 793 1206 infracta
805 1178 925 1216 loquela.
1023 1180 1184 1210 Lambinus.

88 1212 413 1244 cuunracmrum
424 1236 432 1250 ‚
453 1215 472 1244 i.
494 1224 522 1243 n.
545 1214 644 1243 dimin.
665 1214 783 1244 Tertull.
799 1217 860 1246 adv.
882 1218 993 1252 Judaeos
1011 1227 1071 1256 cap.
1086 1229 1112 1253 9.
1142 1218 1255 1248 Scilicet

127 1253 221 1290 vagitu
234 1253 268 1282 ad
278 1262 352 1282 arma
364 1251 430 1281 esset
441 1258 644 1282 convocaturus
658 1252 749 1282 infans
758 1275 766 1287 ,
788 1255 814 1283 Sc
829 1254 935 1293 signum
945 1255 1011 1285 belli
1021 1266 1080 1285 non
1098 1256 1164 1286 tuba
1175 1278 1184 1292 ,
1206 1256 1254 1286 sed

125 1291 300 1328 crepitacillo
313 1292 436 1320 daturus.
460 1290 492 1319 Et
503 1290 564 1320 adv.
579 1289 716 1319 Marcion.
732 1300 755 1326 3.
776 1299 817 1328 13.

88 1327 186 1358 Ceae
198 1338 243 1358 cxx
255 1351 263 1364 ,
283 1329 349 1358 acis.
371 1338 387 1357 a
407 1327 562 1365 erepando.
603 1327 635 1357 In
662 1328 782 1358 versibus
804 1329 965 1361 Maecenatis
988 1340 1057 1369 quos
1083 1332 1169 1362 refert
1186 1332 1251 1364 Sen.

129 1366 211 1402 Epist.
225 1377 234 1396 1
245 1378 285 1402 ις.
306 1366 355 1396 ubi
366 1372 448 1395 vocat
459 1367 611 1403 Crepacem
622 1365 734 1396 malam.

87 1404 113 1434 C
123 1414 137 1433 R
146 1406 164 1433 ἴε
173 1414 186 1433 P
196 1414 213 1434 υ
223 1414 242 1433 Ν
252 1414 269 1433 o
280 1415 289 1433 1
301 1414 318 1433 A
328 1426 336 1438 ,
358 1407 449 1433 orum.
471 1413 499 1433 n.
522 1403 581 1441 plu.
604 1399 764 1440 [laganam
788 1402 919 1442 παιῶκςὶ]
939 1405 1003 1437 sunt
1020 1417 1079 1437 non
1095 1409 1183 1438 modo
1203 1407 1255 1439 Ve-

126 1442 178 1472 stes
188 1464 195 1476 ,
216 1442 262 1472 sed
278 1442 361 1472 Bullae
370 1464 377 1477 ,
399 1441 514 1471 enficuli
526 1464 533 1475 ,
555 1441 714 1471 securiculae
723 1464 731 1478 ‚
764 1445 933 1482 crepitacula
945 1467 953 1480 ,
983 1447 1009 1475 &
1033 1446 1152 1484 puerilia
1174 1456 1254 1476 orna-

124 1486 235 1510 menta:
256 1490 271 1510 a
285 1479 450 1518 Crcpand0‚
473 1479 528 1509 hoc
543 1479 737 1509 esttinniendo
757 1482 846 1512 dicta:
869 1484 1004 1520 quoniam
1023 1484 1146 1514 infantes
1163 1483 1255 1521 hujus·

124 1518 202 1547 modi
218 1518 393 1556 crepitaculis
403 1518 523 1547 maxime
534 1518 664 1555 gaudent.
686 1518 772 1548 Plaut.
784 1520 846 1549 Cist.
863 1529 887 1556 3.
901 1531 925 1556 ς.

208 1556 278 1585 Nam
296 1555 343 1585 bic
356 1556 509 1593 crepundia
527 1555 636 1590 insunt,
658 1557 821 1594 quibuscum
833 1565 860 1587 te
878 1558 925 1588 illa
940 1558 1010 1588 olim
1026 1559 1063 1589 ad
1079 1569 1125 1590 me
1140 1561 1251 1591 detulit.

124 1590 184 1623 Cic.
196 1592 224 1622 in
236 1594 309 1623 Brut.
324 1603 385 1631 313.
409 1594 493 1624 Nunc
504 1593 637 1631 quoniam
649 1600 740 1623 totum
761 1605 807 1625 me
825 1606 883 1625 non
903 1606 982 1626 naevo
999 1597 1110 1634 aliquo,
1131 1609 1178 1629 aut
1196 1609 1254 1630 cre-

145 1632 239 1661 undiis
247 1653 256 1667 ‚
278 1632 324 1661 sed
334 1641 452 1669 corpore
465 1632 542 1661 omni
558 1632 658 1661 videris
669 1633 741 1662 velle
751 1634 929 1671 cognoscere,
951 1637 1123 1673 complectar
1132 1638 1253 1668 nonnul=

137 1679 153 1698 a
164 1670 248 1699 etiam
257 1692 265 1706 ‚
285 1680 344 1707 quae
356 1669 465 1699 fortasse
477 1670 623 1699 videantur
642 1672 736 1700 minus
750 1672 908 1702 necessaria.
948 1674 1097 1710 Sumptum
1111 1676 1149 1704 est
1161 1677 1196 1705 de
1207 1686 1255 1706 co-

124 1707 240 1738 moediis
251 1730 259 1743 ‚
280 1709 309 1737 in
319 1708 419 1745 quibus
429 1707 592 1744 dvayvaifflers
602 1707 648 1737 seu
659 1710 814 1747 recognitio
828 1710 858 1739 fit
868 1709 962 1740 multis
974 1711 1081 1748 modis,
1102 1713 1254 1751 praesertim

147 1755 175 1775 er
187 1745 278 1784 figna:
303 1755 421 1784 quorum
429 1745 624 1789 aliquasuntin
634 1756 769 1790 corpore,
789 1754 822 1777 ut
834 1748 881 1778 hic
897 1759 1009 1779 naevus:
1032 1750 1085 1780 alia
1101 1751 1162 1794 aliis
1174 1752 1203 1781 in
1213 1762 1255 1782 re-

122 1784 1254 1864 vltra‘’c‘rffiffl‘31:21¹l2033235.32332231350‘3380ifsslsssstfaffil¹lziulzz²f

124 1858 157 1889 V.
180 1860 250 1890 Perr.
266 1861 367 1890 Vic'tor.
380 1860 443 1890 Var.
456 1859 530 1889 Lea.
546 1869 572 1890 2.
586 1860 701 1891 Casaub.
715 1861 751 1891 ad
762 1866 853 1900 cap.6.
865 1863 1179 1901 Theophrast.Chara6t.
1191 1866 1255 1897 Lin-

123 1897 240 1936 debrog.
254 1898 289 1928 ad
297 1898 361 1928 Ter.
378 1899 446 1928 Eun.
458 1909 484 1934 4.
499 1908 522 1934 5.
539 1902 581 1928 16.
833 1930 834 1933 Ἴ

86 1938 292 1972 Caurusm,
315 1937 655 1972 CauruscuLAsoo,
677 1937 724 1966 CR
737 1947 966 1969 avuscuuuu.
1002 1939 1033 1970 V.
1054 1950 1251 1974 cusanus.

88 1976 204 2006 Catsc
215 1985 249 2010 o,
270 1975 345 2004 crevi
357 1997 364 2009 ,
386 1977 492 2004 cretum
506 1996 514 2010 ,
536 1976 669 2011 [adid-⁶¹,
688 1977 844 2013 πρᾶγμα,
866 1970 1013 2014 sordidam,
1033 1977 1181 2015 οἱδρὗνομοω]
1197 1983 1253 2012 ere.

126 2014 226 2050 Augeri
238 2013 284 2042 est.
308 2013 393 2043 Plaut.
406 2013 493 2042 Mero.
505 2023 531 2048 4.
546 2023 570 2046 ς.
581 2012 689 2050 suppos
702 2023 727 2042 2.
738 2023 783 2048 29.
807 2014 854 2044 Par
864 2016 902 2044 est
914 2023 996 2046 aetas:
1020 2026 1074 2046 una
1086 2019 1232 2050 crevimus.

124 2051 255 2082 Crescere
276 2052 301 2082 δε
320 2050 501 2085 Decrescere,
523 2053 668 2080 contraria.
710 2051 766 2081 Cic.
781 2061 809 2081 ².
829 2053 865 2082 de
876 2053 969 2083 Divin.
983 2063 1026 2091 33.
1049 2055 1205 2094 ostreisque
1228 2058 1254 2088 &

143 2088 307 2156 conchyliis}
310 2089 441 2119 omnibus
452 2089 631 2127 contingere,
654 2096 685 2118 ut
695 2099 759 2119 curn
771 2089 838 2120 luna
857 2092 960 2129 pariter
976 2091 1119 2130 crescant,
1139 2096 1255 2133 pariter-

164 2136 198 2157 ue
207 2128 289 2157 decre
303 2133 376 2157 cant.

123 2137 280 2203 Lchequis
289 2165 410 2195 infantes
420 2164 507 2194 nescit
518 2164 632 2199 crevisse
641 2164 732 2194 ferino
740 2167 754 2194 ²?
775 2165 858 2196 Ovid.
874 2176 898 2201 ι.
909 2166 976 2197 Fast.
991 2177 1035 2205 53.

123 2203 190 2234 Tibi
204 2213 262 2233 non
280 2204 376 2234 crevi,
396 2202 517 2233 Creviffe
527 2213 584 2232 non
595 2204 702 2232 videor.
724 2204 845 2234 Martial.
863 2204 911 2236 lib.
929 2216 971 2237 ιι.
983 2215 1028 2243 39.

215 2241 277 2278 Jam
288 2241 356 2271 mihi
370 2240 529 2278 nigrescunt
542 2240 620 2270 tonsa
631 2241 740 2270 sudaria
751 2241 836 2272 barba
847 2265 857 2279 ,

255 2280 288 2310 Et
303 2280 425 2316 queritur
436 2278 518 2309 labris
533 2280 636 2317 puncta
646 2280 740 2318 puella
754 2281 832 2309 meis.

215 2317 272 2347 Sed
290 2318 340 2347 tibi
353 2327 410 2346 non
425 2318 517 2347 crevi:
541 2319 593 2347 &a
677 2317 708 2347 ln
728 2318 926 2348 Charidemum
945 2319 1075 2350 libertum
1093 2320 1254 2362 invehitur,

143 2355 189 2385 cui
199 2355 345 2385 videbatur
355 2355 442 2384 serula
453 2355 544 2384 adhuc
554 2355 729 2386 coercendus
740 2377 748 2390 ,
771 2357 897 2392 quamvis
906 2358 972 2387 esset
982 2359 1100 2389 adultus.

124 2392 157 2424 in
168 2394 254 2424 domo
262 2393 379 2429 alicuius
390 2393 513 2427 creyiss‘e,
526 2397 575 2430 pro
588 2393 729 2423 Nutritum
740 2394 774 2423 ab
783 2394 899 2424 infantia
908 2396 995 2426 fuisse.
1019 2398 1092 2426 Suet.
1105 2399 1134 2428 in
1144 2399 1252 2431 othon.

144 2440 207 2469 cap.
222 2441 245 2461 1.
270 2431 318 2461 Per
329 2432 444 2470 gratiam
458 2431 540 2461 Liviae
559 2432 700 2469 Augustae,
722 2432 752 2462 in
769 2433 848 2470 cujus
868 2434 955 2464 domo
976 2441 1117 2474 creverat,
1138 2437 1256 2470 Senator

142 2470 182 2499 est
193 2470 291 2500 sacius.

124 2506 168 2537 De
179 2508 259 2537 tenui
269 2507 378 2546 origine
387 2507 516 2538 crescere.
537 2507 621 2537 Ovid.
635 2516 660 2541 τ.
673 2507 741 2536 Fast.
753 2516 786 2543 43
794 2517 816 2545 3.

125 2545 254 2576 Crescere
264 2546 299 2575 ad
308 2545 533 2584 plenitudinem,
555 2545 619 2575 &in
630 2544 847 2583 longitudinem.
869 2546 938 2578 Plin.
950 2547 999 2579 lib.
1011 2558 1024 2580 1
1030 2558 1054 2588 r.
1067 2559 1130 2589 cap.
1141 2558 1185 2589 37.

124 2582 157 2613 In
170 2584 236 2613 astra
247 2584 350 2613 molem
362 2584 453 2613 maris.
476 2583 579 2613 Lucan.
591 2583 642 2613 lib.
658 2593 682 2620 ς.
694 2589 767 2621 62ς.’

123 2621 156 2651 ln
169 2621 354 2651 altitudinem.
378 2622 434 2651 Liv.
450 2632 474 2658 ς.
805 2636 808 2637 ’

124 2659 157 2690 In
168 2660 343 2690 immensum.
368 2660 452 2690 Ovid.
467 2670 493 2694 ⁴·
510 2658 579 2689 Met.
591 2662 657 2691 660.

122 2697 305 2728 Immensum.
328 2697 411 2727 Ovid.
427 2706 450 2734 ς.
464 2697 527 2728 Fast.
544 2706 605 2733 537·

122 2736 157 2766 ln
171 2736 357 2766 latitudinem.
381 2735 521 2765 Columel.
535 2736 571 2765 de
581 2733 703 2766 Arborib.
719 2745 779 2775 cap.
791 2743 835 2774 17.

123 2772 157 2804 In
173 2784 264 2803 mores
272 2774 386 2813 patrios.
408 2774 475 2803 Stat.
490 2784 517 2809 4.
530 2773 596 2804 silv.
608 2783 633 2808 7.
647 2783 691 2809 43·

125 2812 203 2850 Opes
214 2813 243 2841 in
255 2818 344 2841 tantas
356 2812 430 2841 brevi
440 2819 593 2841 creverant.
616 2812 672 2842 Liv.
687 2821 732 2842 21.
750 2820 776 2850 7.
786 2821 829 2851 pr.
850 2812 887 2842 de
895 2812 1067 2851 Saguntinis.

123 2849 238 2888 Ungues
254 2850 282 2879 in
295 2851 429 2879 aduncos.
451 2849 536 2879 Ovid.
546 2859 572 2880 2.
585 2848 654 2880 Met.
666 2859 731 2887 479.

123 2887 157 2918 In
168 2896 265 2917 unum.
287 2887 376 2918 Catul.
389 2888 466 2926 Epig.
482 2893 543 2922 ¹08·

123 2926 214 2963 Super
223 2935 271 2955 ora
281 2947 289 2960 ‚
309 2933 448 2964 caputque
455 2927 544 2956 crevit
552 2935 632 2956 onus.
655 2926 742 2956 Ovid.
759 2933 802 2956 12.
814 2924 885 2957 Met.
899 2935 961 2965 517.

125 2962 212 2994 Male.
233 2963 319 2994 Ovid.
332 2973 356 3001 3.
368 2963 435 2993 Fast.
449 2974 515 2999 445.
527 3001 534 3008 ι
730 3002 736 3008 ·

203 3038 277 3075 Quae
288 3038 361 3068 male
371 3000 788 3078 ετζεεὲιῖιῗὲῗζὲἔὲξὲἒξιῗὲοὲἑτνα
799 3044 911 3070 vocant.

124 3075 270 3107 Paulatim.
293 3077 399 3106 Lucret.
417 3077 465 3108 lib.
481 3088 504 3107 1·
519 3087 579 3114 190.

126 3115 231 3152 AEquor
238 3113 430 3152 crescitaquis.
449 3115 551 3145 Lucan.
563 3115 611 3145 lib.
626 3125 649 3152 ς.
663 3124 727 3153 339.

127 3154 213 3182 Amor
224 3152 328 3182 crescit.
351 3153 417 3183 Stat.
433 3162 458 3189 3.
470 3153 562 3183 Theb.
576 3162 638 3190 553.

123 3191 216 3220 Animi
227 3190 362 3220 crescunt.
400 3190 461 3221 Cic.
472 3198 523 3229 pro
535 3190 608 3230 Lege
622 3191 719 3221 Manil.
729 3198 775 3227 «ις.
796 3190 870 3222 Cum
878 3197 994 3231 accepta
1007 3192 1165 3226 calamitate
1176 3204 1255 3228 exeo

144 3228 245 3267 praelio
254 3228 376 3258 hostium
387 3239 456 3267 opes
467 3229 610 3266 animique
619 3229 780 3260 crevissent·

126 3267 252 3297 Audacia
259 3267 357 3297 crevit.
377 3267 462 3297 Ovid.
475 3272 501 3302 8.
515 3267 584 3297 Met.
597 3272 643 3301 82.

126 3305 242 3335 Barbam
254 3304 384 3334 crescere.
406 3304 513 3335 Lucret.
526 3304 574 3335 lib.
589 3316 615 3339 ς,
627 3309 691 3342 673.
714 3339 717 3341 ,

126 3343 240 3380 Cupido
251 3342 352 3372 furiosa
362 3353 379 3372 o
402 3353 449 3373 um
459 3343 553 3374 crevit.
575 3341 660 3374 Ovid.
678 3353 701 3373 1.
714 3342 782 3374 Fast.
797 3348 863 3373 211.

124 3376 217 3411 Labor
227 3379 333 3411 crescit.
355 3381 382 3410 Si
398 3380 465 3411 xiib.
478 3390 503 3417 ς.
519 3391 581 3417 529-
797 3419 802 3425 Ι

126 3419 300 3449 Marecrevit
310 3419 338 3447 in
349 3419 433 3455 astra,
454 3419 668 3449 Alteintumuit.
690 3419 754 3449 Sen.
769 3418 940 3456 Hippol.1o.

125 3456 259 3487 Materies
267 3456 406 3487 scribendi
416 3457 483 3486 mihi
495 3457 600 3486 cre'scit.
642 3457 701 3486 Cic.
712 3467 737 3486 2.
755 3457 807 3486 Att.
829 3467 871 3486 12.
892 3454 978 3494 Quod
996 3463 1067 3496 mer,
1086 3464 1120 3491 ut
1134 3460 1255 3495 scribam

140 3493 271 3532 aliquid,
291 3495 407 3524 hortaris
414 3501 425 3531 ς
447 3495 543 3524 crescit
551 3494 621 3531 mihi
634 3495 748 3532 quidem
759 3495 889 3526 materies
906 3514 915 3532 ,
932 3496 987 3526 &cx

124 3530 235 3563 moenia
244 3533 383 3563 crescunt.
406 3533 491 3563 Ovid.
507 3542 548 3569 ις.
566 3532 636 3563 Met.
650 3543 716 3569 451.

127 3570 251 3600 Nomina
262 3571 397 3601 crescunt.
419 3571 504 3600 ovid.
519 3581 541 3606 5.
555 3570 638 3608 Epist.
651 3578 696 3605 23.
749 3604 752 3605 .

126 3608 237 3638 Odium
247 3609 386 3639 crescebat
393 3609 424 3638 in
439 3618 495 3638 eos.
516 3609 577 3638 Cic.
589 3609 624 3638 de
634 3608 728 3647 Arusp.
743 3607 823 3646 Re'sp.
833 3613 879 3646 45.

127 3645 206 3684 Opes
218 3655 371 3677 creverunt.
393 3647 477 3678 Ovid.
495 3656 517 3676 1.
531 3646 599 3676 Fast.
610 3656 642 3676 21
653 3657 674 3676 1.

207 3683 362 3714 Creverunt
371 3687 398 3715 ἀ
407 3693 478 3723 opes
488 3706 495 3718 .,
517 3685 543 3714 &
553 3694 639 3722 opum
646 3680 747 3714 furiosa
754 3683 870 3722 cupido.

125 3719 255 3753 Pecunia.
279 3721 377 3757 Juven.
392 3733 434 3758 14.
447 3724 502 3753 Sat.
515 3731 575 3758 139.
806 3762 809 3766 ἣ
858 3758 865 3768 .
973 3760 982 3767 β

207 3759 311 3789 Crescit
318 3770 396 3790 amor
403 3761 510 3790 nummi
523 3783 530 3793 ,
552 3764 685 3797 quantum
697 3760 753 3798 ipsa
762 3768 883 3797 pecunia
894 3759 1002 3791 cresc1t.

126 3795 207 3828 Petra
217 3798 336 3828 modicis
343 3809 375 3828 ac
382 3799 514 3828 mollibus
523 3798 603 3827 clivis
613 3799 643 3827 in
651 3798 769 3828 sublime
777 3798 915 3836 fastigium
925 3798 1024 3829 crescit
1038 3818 1048 3835 ,
1076 3800 1096 3831 i.
1109 3806 1135 3832 e.
1156 3800 1255 3833 Exsur-

144 3837 205 3874 git,
227 3836 370 3865 attollitur.
391 3837 467 3866 Curt.
479 3842 506 3869 8.
524 3846 564 3865 ιι.
580 3839 606 3865 6.

125 3874 236 3904 Seditio
245 3874 338 3903 favore
351 3875 455 3904 crescit.
477 3874 562 3904 ovid.
573 3884 598 3909 9.
620 3871 760 3906 Met-426.

125 3913 236 3951 Strages
246 3913 276 3942 in
285 3911 430 3951 cumulum
439 3912 576 3946 crescunt.
597 3910 695 3942 Claud.
708 3909 790 3942 Cons.
799 3910 880 3943 Proh.
891 3912 918 3943 ἃ.
927 3910 1011 3950 Olyb.
1024 3921 1036 3943 1
1043 3921 1087 3944 ιο,

1723 80 1752 116 C
1848 83 1879 119 R
1975 84 2003 119 E

1344 159 1435 192 Virtus
1444 162 1537 191 animo
1547 159 1651 191 crescit.
1674 162 1772 195 claud.
1784 163 1865 193 Cons.
1881 164 1958 194 mall.
1972 165 2082 198 Theod.
2104 175 2144 204 rr.

1344 196 1392 229 Vis
1403 201 1486 229 animi
1498 202 1596 237 pariter
1607 201 1701 230 ern-scit
1711 211 1775 230 cum
1786 211 1904 240 corpore
1917 213 2036 241 quoque.
2061 206 2158 238 Lucrct
2173 208 2222 242 lib.
2235 221 2260 250 3.
2273 219 2337 251 458.

1343 236 1478 275 Voluptas
1489 238 1591 266 crescit.
1614 241 1674 267 hen.
1688 241 1714 267 in
1731 240 1805 268 alea.
1821 250 1862 270 12.

1343 273 1433 304 'Voces
1448 277 1548 304 nostine
1563 277 1688 305 creseunt
1704 278 1730 305 in
1744 279 1863 315 pectore.
1888 278 1977 308 valer.
1989 287 2014 316 7.
2033 281 2128 318 Argon.
2145 276 2208 317 ³0¹8·

1343 311 1489 348 Crescere,
1510 324 1558 352 pro
1580 314 1792 344 llnnoratiorem
1811 318 1835 346 ὀὶ·
1854 319 2023 347 ornatiorem
2042 317 2115 354 fieri,
2149 322 2192 350 vel
2211 324 2292 355 etiam
2318 328 2467 363 nitescere,

1363 351 1421 378 Cic.
1437 362 1443 386 ι
1457 361 1486 379 ro
1502 351 1611 381 Cluent.
1623 362 1667 387 77.
1690 353 1887 383 Condemnato
1899 355 2076 393 Oppianico,
2094 358 2181 388 statim
2195 360 2222 390 L.
2237 362 2369 398 Quintius
2382 368 2467 400 homo

1363 391 1486 417 maxime
1500 389 1639 426 popul.11is
1652 412 1659 425 ,
1683 392 1728 427 qui
1743 401 1842 420 omnes
1855 402 1996 422 rumorum
2008 395 2214 427 &concionum
2226 408 2322 431 ventos
2337 406 2469 443 colligere

1364 425 1535 458 consuesset,
1559 428 1678 457 oblatam
1701 429 1747 457 {ibi
1765 429 1924 459 fucultatem
1948 433 2074 468 putavit,
2097 440 2128 463 ut
2144 443 2179 464 ex
2201 435 2307 467 invidia
2326 440 2469 476 Senatoria

1364 463 1600 530 prgl‘ettgescere,
1621 467 1697 503 quod
1708 467 1768 502 ejus
1784 467 2004 505 ordinisjudicia
2016 492 2024 506 ,
2045 471 2139 502 minus
2159 473 2216 509 jam
2233 476 2343 512 probari
2362 484 2470 519 populo

1365 510 1394 528 ar
1416 509 1464 529 rtra
1489 510 1556 531 itur.

1346 537 1516 568 Criminibus
1529 539 1658 570 crescere.
1695 541 1753 571 Liv.
1767 551 1811 578 ις.
1828 553 1868 578 ¹9-
1891 541 1987 581 ltaque
2000 544 2017 574 ss
2030 546 2130 583 quibus
2144 554 2255 580 tuorum
2267 553 2335 583 meis
2348 555 2471 587 crimini.

1365 576 1415 605 bus
1427 579 1501 615 apud
1512 585 1538 607 te
1551 578 1670 608 crescere
1679 578 1748 609 libet
1757 601 1765 617 ,
1785 581 1868 611 aliam
1879 583 2022 613 materiam
2030 584 2170 616 crescendi
2180 609 2188 624 2
2205 598 2288 625 quam
2298 600 2332 621 ex
2344 602 2390 623 me
2399 604 2471 631 quae.

1366 623 1435 643 l'illlt.

1346 650 1435 681 facus
1448 651 1574 689 alicujus.
1597 652 1696 683 Claud.
1711 658 1735 684 6.
1750 656 1832 686 Cons.
1850 656 1921 686 Hon.
1941 667 2002 694 ¹03·

1347 688 1475 719 Crescere
1483 701 1516 720 ex
1527 691 1700 721 accusatione
1712 693 1876 730 ahquorum.
1907 695 1966 725 Cic.
1977 707 2027 734 pro
2043 697 2121 728 Rosc.
2135 700 2223 731 Amet.
2235 708 2280 737 8³-
2302 703 2374 735 Nam
2391 706 2409 735 fi
2422 708 2472 738 mi.

1367 726 1394 755 hi
1404 727 1501 757 liberet
1509 728 1635 771 accusare
1647 752 1655 765 ,
1676 731 1833 761 accusarem
1841 732 1911 762 alios
1920 735 2012 771 potius
2025 745 2058 765 ex
2071 737 2171 773 quibus
2186 741 2291 776 polsem
2304 743 2431 774 cre-scere.

1346 763 1369 793 E
1379 774 1492 795 maerore
1501 766 1617 801 alicuius
1626 767 1746 798 crescere
1757 791 1766 805 ,
1796 770 1812 798 i.
1823 779 1847 800 e.
1868 771 2000 801 Fructum
2013 775 2037 803 Sc
2051 776 2150 811 gaudia
2169 786 2205 806 ex
2224 779 2340 817 alicujus
2356 792 2473 815 moerore

1367 811 1476 840 capere.
1499 804 1732 843 Ovid.15.Ep1lt.
1749 817 1810 842 117.

1441 842 1567 878 Gaudet,
1589 844 1614 871 ἅ
1628 852 1641 869 <e
1655 844 1746 874 nostro
1758 844 1855 875 crescit
1870 855 1983 877 maerore
1992 848 2136 882 Charaxus

1478 879 1587 914 Frater,
1603 882 1656 910 ἃς.
1771 882 1802 912 V.
1824 884 1862 912 ibi
1880 884 1972 914 Burm.

1348 914 1477 946 Crescere
1487 917 1522 946 de
1534 927 1562 946 re
1572 918 1674 954 aliqua.
1697 919 1755 949 Cic.
1772 929 1798 952 7.
1810 920 1882 950 Verr.
1900 931 1958 957 172.
1982 923 2109 961 Denique
2125 925 2141 954 fi
2154 927 2250 958 videor
2266 929 2330 965 liic,
2353 933 2381 962 id
2394 935 2470 968 quod

1365 963 1418 990 ego
1429 964 1484 983 non
1494 953 1622 996 quaesivi,
1644 957 1679 985 (le
1691 967 1748 986 uno
1757 958 1806 987 isto
1820 960 1934 989 voluisse
1944 960 2083 992 crescere:
2107 964 2157 994 isto
2168 966 2308 1000 absoluto.
2332 973 2408 1007 quod
2417 972 2474 1004 line

1367 993 1521 1022 multorum
1535 993 1634 1023 lcelere
1646 993 1705 1023 fieri
1717 1005 1773 1024 non
1785 999 1874 1034 potest
1885 1020 1891 1030 ,
1916 1000 1950 1027 de
1961 999 2056 1030 multis
2066 1002 2137 1032 milri
2148 1004 2267 1035 crescere
2275 1006 2380 1040 licebit.

1347 1028 1476 1060 Crescere
1490 1053 1499 1067 ,
1520 1031 1716 1062 Intumescere.
1738 1034 1805 1064 Stat.
1822 1045 1862 1064 12.
1875 1035 1966 1066 Theb.
1983 1047 2043 1066 110.

1623 1086 1659 1091 —
1670 1079 1783 1101 manant
1795 1071 1885 1102 lacera
1897 1083 1944 1103 ora
1952 1076 2072 1105 cruentis

1429 1102 1591 1142 Unguibus,
1613 1109 1638 1137 ἃ
1657 1109 1757 1139 molles
1776 1109 1888 1148 planctu
1900 1121 2012 1143 crevere
2022 1112 2128 1145 lacerti.

1348 1142 1441 1172 Creffe
1452 1144 1528 1174 Praet.
1540 1154 1593 1182 pro
1609 1145 1727 1175 Creviffe
1740 1148 1811 1177 dixit
1824 1148 1932 1179 Lucret.
1945 1160 1971 1180 2.
1984 1156 2049 1187 684.

1310 1180 1333 1211 C
1341 1191 1357 1210 a
1366 1191 1400 1211 rs
1409 1190 1426 1211 c
1437 1191 1452 1210 R
1461 1191 1480 1210 Ν
1489 1191 1501 1211 s
1512 1204 1521 1217 ,
1542 1183 1639 1212 Partic.
1667 1180 1881 1222 [imdlh'sshlomq

1348 1220 1420 1249 Anni
1429 1219 1583 1250 crescentes
1595 1243 1603 1256 ,
1629 1222 1728 1253 Viridis
1739 1231 1812 1254 aetas.
1833 1224 1919 1255 Ovid.
1934 1235 1976 1255 10.
1995 1225 2065 1256 Met.
2079 1236 2124 1264 24.
2147 1228 2425 1273 Martial.iib.1.39.-

1505 1275 1542 1279 —
1552 1266 1663 1297 raptum
1676 1261 1795 1291 domino
1810 1263 1998 1293 crescentibus
2007 1265 2096 1294 annis.

1347 1293 1443 1324 Morbi
1454 1295 1609 1327 crescentes
1621 1300 1645 1327 St
1654 1299 1845 1330 advenientes.
1872 1301 1931 1331 Cic.
1945 1311 1971 1332 2.
1984 1303 2020 1332 de
2031 1302 2124 1334 Divin.
2137 1313 2200 1342 142.

1348 1333 1429 1370 Opus
1444 1334 1577 1366 crescens.
1603 1336 1687 1365 Ovid.
1700 1345 1724 1373 3.
1740 1338 1775 1367 de
1788 1339 1866 1369 Pont.
1879 1349 1906 1375 9.
1919 1348 1965 1370 22.

1347 1369 1478 1402 Pecunia.
1500 1372 1567 1402 Hor.
1583 1382 1607 1409 3.
1624 1374 1715 1404 Carm.
1731 1381 1772 1405 16.
1788 1385 1829 1412 17.

1440 1410 1617 1441 Crescentem
1629 1412 1750 1448 sequitur
1763 1423 1829 1444 cura
1866 1415 2007 1446 ecuniam.

1347 1444 1432 1476 Poeta
1442 1448 1568 1478 crescens
1582 1471 1590 1485 ‚
1612 1450 1806 1483 inclarescens.
1854 1454 1904 1491 irg.
1920 1463 1947 1491 7.
1959 1453 2016 1484 Eel.
2032 1462 2080 1491 ας.

1347 1484 1469 1522 Segetes.
1490 1486 1575 1516 Ovid.
1589 1493 1615 1521 8.
1629 1488 1698 1518 Met.
1711 1499 1777 1526 290.

1347 1518 1462 1553 Ventus.
1485 1523 1575 1555 Catul.
1588 1529 1632 1556 ⁶2.
1645 1527 1744 1565 Argon.
1755 1537 1820 1565 274.

1309 1559 1332 1589 C
1341 1569 1357 1588 1².
1367 1570 1381 1589 a
1390 1570 1402 1590 s
1410 1569 1427 1590 c
1437 1571 1451 1590 r
1460 1571 1481 1590 N
1489 1571 1506 1590 τ
1518 1573 1527 1591 ι
1538 1573 1555 1591 A
1565 1585 1573 1598 ,
1593 1573 1625 1594 ae.
1645 1565 1665 1594 f.
1691 1565 1792 1596 Vitruv.
1807 1576 1833 1602 9.
1845 1576 1871 1601 9.
1893 1566 2031 1597 Horarum
2042 1568 2192 1600 brevitates
2200 1577 2248 1602 aut
2257 1574 2421 1610 crescentias
2428 1589 2477 1612 eu-

1348 1608 1466 1629 neorum
1476 1601 1604 1636 adiectus
1613 1609 1817 1641 autexemptus
1825 1603 1960 1651 perficere
1972 1608 2063 1644 cogit:
2084 1608 2142 1639 scil.
2160 1610 2190 1639 in
2208 1610 2372 1652 Horologio.

1307 1634 1478 1674 Cssfirus,
1500 1648 1533 1674 a,
1556 1649 1614 1669 um.
1636 1641 1732 1671 Partic.
1755 1639 1874 1678 [κΖςπ]
1897 1643 1970 1681 Virg.
1987 1653 2012 1674 2.
2026 1645 2140 1683 AEn.74.

1413 1713 1418 1719 ι
1502 1690 1540 1698 -ψ-
1550 1676 1694 1708 hortamur
1704 1680 1755 1709 fari
1766 1690 1822 1717 quo
1831 1680 1967 1719 sanguine
1982 1689 2082 1713 cretus,
2178 1686 2197 1716 i.
2212 1697 2236 1717 e.
2258 1689 2369 1726 Quibus
2389 1692 2419 1722 {it
2430 1703 2478 1733 pa..

1348 1712 1473 1743 rent1bus
1485 1720 1568 1745 natus
1577 1737 1585 1750 ,
1606 1718 1645 1745 ait
1655 1719 1774 1748 Servius.

1347 1751 1489 1789 Sanguine
1502 1757 1594 1783 cretus
1603 1754 1731 1792 Sisyphio
1763 1756 1847 1787 Ovid.
1862 1765 1905 1793 ¹3·
1920 1757 1990 1788 Met.
2004 1767 2048 1795 31.
2088 1773 2126 1782 -
2134 1761 2201 1799 quid
2212 1762 2343 1803 sanguine
2354 1775 2448 1800 cretus

1429 1789 1557 1829 Sisyphio
1567 1813 1575 1827 ,
1597 1792 1731 1830 furtisque
1742 1796 1768 1824 ἃ
1779 1794 1877 1824 fraude
1888 1795 2043 1827 simillimus
2058 1797 2122 1829 illi?

1347 1826 1388 1856 Ab
1399 1828 1505 1865 origine
1514 1836 1606 1859 cretus
1616 1832 1714 1861 eadem
1731 1832 1846 1862 Acrifius
1858 1854 1868 1868 ,
1891 1834 1943 1865 διο.
1966 1835 2050 1865 Ovid.
2062 1847 2089 1873 4.
2106 1837 2176 1869 lvlet.
2189 1841 2253 1871 606.

1350 1865 1474 1903 Corpore
1485 1867 1603 1898 mortali.
1626 1869 1726 1899 Lucret
1747 1870 1796 1900 lib.
1812 1881 1835 1906 ς.
1854 1874 1880 1900 6.

1308 1901 1335 1931 C
1343 1906 1434 1932 Rf-:ME
1444 1914 1464 1933 N
1475 1926 1484 1941 ,
1504 1906 1568 1936 inis.
1592 1916 1619 1937 n.
1649 1908 1866 1939 lucrementum.
1890 1911 2012 1940 occurrit
2022 1911 2051 1940 in
2063 1912 2170 1950 Fragm.
2186 1914 2260 1946 Poet.

1308 1939 1570 2010 Clkissetugauir,
1589 1945 1608 1975 i.
1630 1955 1658 1976 n.
1680 1947 1768 1977 idem.
1789 1947 1864 1977 Varr.
1883 1949 1960 1987 apud
1979 1949 2054 1980 Non.
2067 1954 2168 1989 2·7⁶7-
2191 1952 2342 1987 cremento
2358 1966 2479 1998 corpora

1420 1991 1436 2009 n
1510 1992 1578 2017 Jora.

1347 2016 1419 2046 Mali
1431 2018 1544 2049 fecundi
1555 2026 1708 2052 crementa.
1733 2023 1828 2053 Arator
1838 2024 1867 2052 in
1879 2024 1935 2054 Aet.
1945 2033 1972 2055 2.

1348 2054 1491 2093 Unguium
1504 2059 1805 2096 &capillorumfacilia
1815 2068 1966 2093 crementa.
1988 2061 2107 2095 Tertull.
2120 2064 2214 2097 Refer.
2228 2067 2309 2099 Carn.
2324 2075 2367 2106 58.

1306 2091 1403 2123 'Cass
1419 2116 1426 2130 ,
1448 2105 1499 2133 pro
1511 2096 1644 2128 Cretenfi.
1664 2099 1696 2128 V.
1719 2109 1853 2129 caan..

1310 2128 1334 2161 C
1344 2141 1360 2160 R
1369 2141 1384 2160 r.
1392 2141 1404 2161 s
1413 2142 1426 2161 13
1434 2144 1443 2161 1
1451 2143 1473 2168 s,
1495 2131 1633 2172 [Kgmi'ir]
1655 2137 1795 2175 Nymphae
1806 2138 1918 2167 marinae
1929 2146 2046 2175 nomen,
2060 2150 2075 2170 a
2083 2140 2208 2172 fontibus
2218 2142 2309 2175 dicias.
2329 2147 2395 2182 κρύη
2406 2149 2483 2181 enim

1348 2169 1412 2199 fons
1424 2171 1534 2201 dicitur.
1557 2173 1692 2203 Perottus.
1733 2176 1846 2205 Reffius
1860 2175 1997 2214 legeretur
2013 2178 2136 2208 Creneis.

1307 2205 1358 2237 Ca
1370 2217 1520 2245 ΕειιΑε,
1543 2209 1789 2248 Pictorisnomen,
1812 2214 1858 2250 qui
1869 2236 1877 2250 ,
1900 2214 1990 2245 Plinio
2003 2216 2088 2251 teste,
2110 2217 2285 2250 vulneratum
2300 2222 2480 2256 defit-rennui

1346 2246 1493 2284 depinxit,
1516 2249 1545 2276 in
1566 2258 1623 2285 quo
1642 2250 1726 2288 poffit
1744 2251 1864 2288 intelligi
1885 2259 2020 2289 quantum
2043 2254 2124 2284 restet
2138 2258 2255 2288 animae:
2278 2262 2482 2300 &Olympium

1347 2282 1482 2314 Periclem
1492 2285 1611 2323 dignum
1620 2289 1802 2325 cognomine.
1825 2289 1857 2318 V.
1879 2289 1971 2328 ipsum
1983 2291 2031 2322 lib.
2047 2302 2089 2326 τι.
2105 2303 2166 2331 cap.
2182 2300 2207 2328 8.

1309 2319 1421 2351 Caisr
1434 2332 1499 2357 um,
1522 2325 1541 2352 i.
1563 2333 1591 2353 n.
1613 2326 1762 2362 ξΚρῦσιον]
1784 2326 1868 2356 Mons
1879 2328 1916 2357 est
1931 2329 1959 2357 in
1969 2339 2033 2366 agro
2051 2329 2216 2366 Tegeatum.
2237 2333 2333 2371 inquo
2346 2335 2397 2366 fuit
2410 2338 2481 2370 Aah.

1345 2359 1395 2388 nei
1410 2360 1550 2391 sacellum.
1593 2362 1664 2392 Nam
1676 2363 1722 2393 ubi
1737 2373 1803 2394 cum
1815 2366 1921 2404 Aerope
1936 2365 2092 2404 congressus
2104 2369 2143 2398 est
2154 2370 2229 2400 les
2243 2394 2251 2404 ,
2275 2373 2360 2403 veluti
2377 2386 2483 2405 memo.

1345 2403 1409 2426 rant
1427 2398 1574 2443 Tegeatae,
1596 2406 1678 2431 natus
1693 2402 1760 2432 inde
1781 2402 1914 2441 Aphneus
1932 2406 2016 2435 matri
2038 2405 2222 2437 nihilominus
2243 2410 2365 2447 inhesit,
2391 2415 2479 2450 partui

1348 2437 1475 2472 quamvis
1485 2445 1642 2468 lmmortuae
1653 2461 1661 2474 ,
1683 2449 1715 2470 ac
1728 2449 1763 2469 ex
1772 2441 1904 2471 uberibus
1919 2443 1946 2472 vi
1961 2444 2085 2473 numinis
2106 2447 2212 2481 paterni
2224 2469 2231 2479 .
2253 2449 2370 2486 multum
2384 2454 2482 2489 copie--

1347 2473 1463 2512 sumque
1473 2473 1517 2504 lac
1526 2475 1607 2506 suxit.
1632 2477 1662 2507 V.
1684 2477 1765 2516 supra
1779 2479 1808 2518 in
1829 2489 1850 2508 A
1860 2489 1904 2509 PH
1914 2489 1934 2509 N
1945 2490 2025 2517 aus,
2047 2483 2074 2512 ἃ
2087 2482 2203 2513 Caelium
2214 2483 2267 2515 lib.
2279 2497 2323 2516 20.
2336 2498 2401 2527 cap.
2416 2500 2461 2523 2<-

1310 2509 1426 2550 Caasr
1439 2520 1609 2549 neuras,
1629 2516 1713 2546 ontis.
1734 2525 1774 2546 m.
1810 2518 2004 2554 [κοεσφόντηε]
2039 2516 2093 2549 Viri
2113 2523 2258 2558 proprium
2271 2546 2279 2559 ,
2308 2527 2374 2563 qui.
2394 2535 2426 2556 ut
2446 2537 2483 2558 ex

1349 2549 1463 2588 Ephoro
1476 2551 1558 2581 refert
1567 2551 1676 2588 Strabo,
1698 2554 1844 2592 postquam
1855 2555 2018 2587 Messeniam
2029 2563 2129 2588 terram
2141 2559 2305 2598 subjugavit.
2328 2574 2389 2594 eam
2403 2567 2484 2601 quin.

1349 2589 1439 2625 quein
1448 2589 1575 2620 civitates
1586 2590 1695 2627 divisit,
1716 2592 1754 2621 ita
1765 2598 1797 2622 u't
1812 2593 1997 2624 Steniclarum
2009 2596 2038 2624 in
2058 2596 2140 2632 hujus
2155 2599 2276 2635 regionis
2298 2603 2393 2632 medio
2412 2604 2483 2642 poli.

1346 2632 1424 2662 tarn,
1446 2627 1549 2664 regiam
1568 2628 1617 2657 s1bi
1628 2629 1766 2660 statueret.
1790 2630 1820 2660 V.
1844 2631 1944 2661 Strabo
1952 2631 1995 2662 lib
2019 2639 2045 2667 8.

1310 2663 1473 2694 Causam
1484 2675 1522 2695 us
1534 2688 1542 2700 ‚
1565 2667 1665 2697 Frutex
1677 2669 1790 2706 potius,
1812 2679 1898 2706 quam
1914 2670 1994 2700 arbor
2008 2672 2065 2704 est,
2088 2682 2104 2702 e
2118 2679 2196 2703 ‘terra
2213 2675 2339 2711 virgultis
2354 2678 2484 2715 plurimis

1345 2701 1506 2740 affurgens,
1527 2704 1614 2734 veluti
1634 2705 1753 2744 corylus.
1795 2707 1849 2737 Hic
1862 2707 1897 2737 ab
1919 2709 1976 2738 imo
1995 2710 2029 2738 ad
2047 2709 2185 2741 summum
2210 2709 2296 2751 spinis
2315 2717 2483 2751 quibusdum

1345 2740 1511 2771 acutissimis
1530 2741 1625 2772 horret
1639 2743 1749 2782 longis,
1770 2745 1949 2783 compreffis,
1971 2747 2176 2784 albicantibus,
2195 2751 2343 2788 fradtuque
2364 2764 2483 2785 numme

1344 2779 1573 2817 «contumacibus,
1594 2791 1653 2818 quae
1671 2791 1719 2820 per
1729 2783 1969 2814 intervalla'ternae
1979 2795 2013 2814 ex
2026 2786 2126 2816 eodem
2137 2789 2309 2827 pendentpu
2323 2794 2390 2822 icto.
2415 2794 2482 2822 Cor-

1346 2822 1396 2846 tex
1407 2817 1459 2846 toti
1470 2817 1572 2856 plantae
1583 2820 1722 2849 candidus
1732 2843 1739 2855 ,
1761 2820 1854 2855 laevis.
1875 2831 1908 2851 ac
1918 2823 2010 2852 tenuis
2023 2833 2029 2853 :
2052 2825 2098 2853 cui
2112 2824 2201 2854 subest
2216 2826 2282 2863 ligni
2298 2831 2425 2860 materies
2435 2832 2482 2861 fla-

1292 2864 1303 2867 ⁷
1345 2864 1398 2890 va,
1417 2855 1523 2893 fragilis
1534 2878 1543 2892 ,
1567 2862 1650 2894 atque
1662 2858 1787 2896 fungosa.
1829 2857 1923 2890 Flores
1933 2861 2037 2891 emittit
2051 2863 2166 2892 ineunte
2182 2864 2258 2894 Maio
2273 2866 2364 2895 luteos
2377 2891 2384 2903 ,
2407 2879 2482 2898 race-

1288 2900 1291 2902 ·
1346 2893 1446 2923 matim
1457 2894 1630 2925 cohaerentes
1641 2896 1669 2925 in
1685 2906 1744 2926 uvae
1755 2897 1813 2926 fere
1824 2899 1958 2934 modum,
1980 2900 2067 2928 odore
2078 2910 2135 2929 non
2151 2902 2267 2938 ingrato.
2309 2905 2420 2942 Quibus
2432 2915 2482 2943 po-

1348 2931 1404 2961 stea
1422 2931 1547 2961 succedit
1564 2932 1670 2964 fructus
1689 2935 1777 2965 acinis
1792 2935 1921 2973 oblongis
1934 2958 1941 2971 ‚
1962 2947 2072 2967 racemo
2088 2939 2238 2976 pendulis,
2260 2951 2305 2978 qtn
2324 2953 2350 2972 m
2361 2946 2482 2975 rturirute

1345 2969 1471 2999 ‘maxime
1486 2970 1606 3008 rubent,
1628 2973 1738 3010 punicae
1749 2973 1815 3003 mali
1826 2975 1911 3004 acinis
1922 2974 2137 3013 haudquaquam
2151 2977 2297 3014 abfimiles,
2321 2991 2479 3018 quasique-n

1347 3006 1434 3045 figura
1445 3007 1582 3046 longiore,
1604 3010 1682 3048 gustu
1695 3011 1776 3040 acido
1787 3013 1813 3042 ἃ
1825 3011 1991 3046 subaustem.
2014 3015 2105 3051 parvis
2115 3016 2266 3045 reconditis
2277 3018 2351 3047 intus
2364 3021 2479 3050 nucleis.

1347 3045 1370 3075 E
1380 3045 1471 3076 fructu
1484 3046 1544 3084 post
1553 3048 1708 3078 vindemias
1718 3049 1813 3079 vinum
1825 3051 1988 3084 exprimunt
1999 3073 2008 3086 ,
2030 3052 2106 3088 quod
2122 3053 2189 3082 falso
2209 3055 2238 3081 de
2261 3056 2359 3083 Βενέιειι
2379 3065 2483 3088 vocant

1347 3083 1495 3114 Officinae:
1510 3086 1564 3122 vcui
1574 3086 1737 3117 austeritatis
1746 3088 1937 3125 aciditatisque
1947 3089 2030 3127 longe
2040 3089 2104 3128 plus
2116 3091 2184 3121 inest
2195 3113 2203 3127 ,
2224 3102 2307 3129 quam
2323 3094 2388 3124 mali
2401 3098 2482 3134 puni.

1349 3131 1389 3152 cae
1399 3121 1490 3153 succo.
1514 3118 1592 3154 Plura
1607 3124 1673 3154 vide
1686 3125 1762 3163 apud
1775 3125 1916 3155 Matthiol.

1308 3159 1454 3190 Cressa
1465 3182 1474 3196 ‚
1496 3169 1527 3191 ae.
1548 3162 1568 3193 f.
1590 3163 1731 3199 [xviam]
1761 3163 1909 3202 Oppidum
1930 3163 2124 3202 Paphlagoniae
2141 3166 2198 3202 est,
2230 3168 2297 3198 teste
2316 3170 2481 3209 Stephano,

1370 3198 1410 3227 0st
1418 3199 1561 3230 excidium
1573 3200 1728 3237 Troianum
1739 3211 1754 3230 a
1764 3201 1893 3232 Metione
1902 3204 2060 3232 conditum.

1347 3208 1534 3275 {acepertus
1546 3238 1648 3274 Cariae,
1670 3238 1772 3269 Rhodo
1790 3239 1885 3269 insulae
1903 3241 2056 3278 oppositus.
2080 3241 2146 3272 Plin.
2166 3242 2214 3272 lib.
2230 3253 2252 3277 ς.
2269 3254 2328 3283 capv
2340 3251 2385 3279 253.

1310 3273 1334 3305 C
1343 3284 1359 3304 R
1368 3284 1421 3304 ass
1431 3285 1456 3303 Ε
1465 3285 1486 3304 A
1497 3297 1506 3311 ,
1527 3277 1699 3313 [Kprwooiu]
1717 3277 1865 3307 Herodoto
1881 3277 1930 3308 lib.
1941 3288 1966 3315 7.
1991 3279 2094 3317 Regio,
2110 3280 2227 3310 Fallenae
2239 3282 2338 3318 vicina,
2352 3294 2385 3313 ac
2393 3283 2475 3316 Ther>

1349 3322 1420 3342 maeo
1429 3312 1691 3344 sinuicontermina.

1310 3350 1358 3380 Cr.
1369 3360 1506 3387 usa-on,
1529 3353 1662 3388 [an'sm]
1682 3351 1831 3390 Oppidum
1842 3375 1850 3386 .
1872 3353 1908 3383 de
1926 3363 1982 3391 quo
1997 3354 2163 3385 Herodotus
2181 3355 2228 3386 lib.
2244 3367 2266 3387 1.
2299 3359 2363 3396 Qua
2386 3360 2481 3398 lingua

1346 3388 1448 3426 Pelasgi
1459 3389 1522 3418 sunt
1532 3390 1570 3419 usi
1581 3390 1716 3420 affirmare
1730 3401 1786 3419 non
1796 3390 1905 3428 possum
1918 3414 1925 3427 ,
1947 3392 1995 3421 sed
2007 3393 2166 3428 conjectura
2177 3395 2317 3429 signorum
2331 3419 2339 3431 ,
2363 3399 2427 3427 licet
2441 3402 2481 3428 di.

1346 3435 1411 3456 cere
1418 3427 1518 3456 eadem
1529 3450 1537 3463 ‚
1559 3437 1612 3465 qua
1622 3438 1698 3458 nunc
1707 3428 1808 3466 Pelasgi
1821 3436 1952 3465 utuntur,
1973 3430 2021 3468 qui
2036 3430 2115 3468 supra
2131 3432 2290 3470 Tyrrhenos
2303 3435 2400 3465 urbem
2414 3438 2481 3466 Cre.

1342 3464 1454 3494 *stonem
1463 3465 1609 3501 incolunt,
1630 3467 1752 3503 quodam
1761 3473 1890 3505 tempore
1899 3468 2136 3506 finitimiecrum,
2159 3472 2206 3507 qui
2226 3481 2302 3501 nunc
2323 3473 2410 3504 Dores
2434 3485 2481 3505 vo—

1347 3509 1455 3532 cantur.
1498 3502 1538 3533 Al.
1561 3504 1695 3538 Greston,
1717 3506 1825 3541 l‘grfsm,
1845 3516 1897 3543 per
1922 3515 1949 3535 G.

1346 3540 1392 3570 Est
1407 3541 1432 3570 ἃ
1444 3549 1547 3570 nomen
1560 3543 1630 3578 regis
1641 3542 1777 3580 Bithyniae
1788 3565 1796 3577 ,
1818 3544 1898 3579 cujus
1911 3544 2039 3573 meminit
2050 3543 2170 3579 Just-:nus
2180 3545 2219 3574 lib
2244 3552 2287 3581 38.

1305 3577 1332 3608 'C
1341 3588 1356 3608 a
1366 3581 1383 3608 F:
1393 3588 1412 3607 >r
1422 3588 1452 3613 A,
1463 3587 1494 3607 ae.
1517 3580 1543 3609 Sc
1563 3579 1609 3609 CR
1620 3583 1636 3609 ἒ
1646 3590 1664 3608 τ
1673 3590 1695 3616 a,
1709 3590 1746 3610 es.
1770 3582 1888 3616 [mim]
1910 3581 1997 3611 insula
2010 3583 2038 3610 in
2049 3582 2258 3613 Mediterraneo
2269 3586 2346 3618 mari.
2361 3594 2477 3618 centum

1347 3616 1457 3646 urbium
1466 3616 1539 3646 fama
1548 3617 1637 3646 clara:
1660 3627 1737 3648 nunc
1753 3618 1837 3655 vulgo
1860 3621 1959 3646 candia
1974 3620 2093 3649 dicitur:
2115 3630 2175 3658 quae
2196 3626 2251 3656 (ut
2268 3621 2361 3653 scribit
2380 3633 2478 3655 Strabo

1346 3653 1396 3683 lib.
1412 3654 1476 3690 10.)
1497 3662 1512 3683 a
1533 3655 1750 3693 Septentrion‘e,
1771 3656 1863 3693 AEgaeo
1888 3657 1999 3686 alluitur
2012 3657 2091 3686 fimul
2117 3660 2142 3688 ἃ
2167 3659 2278 3690 Cretico
2300 3664 2417 3699 pelago:
2442 3665 2477 3692 ab

1345 3692 1441 3722 Austro
1453 3713 1460 3725 .
1482 3692 1563 3722 Afro:
1584 3694 1620 3722 ad
1631 3692 1818 3723 Occidentem
1835 3694 1952 3731 AEgilam
1964 3697 1989 3724 ἀ
2001 3694 2119 3732 Cythera
2135 3696 2239 3733 spectat
2254 3708 2259 3726 :
2282 3701 2315 3728 ad
2330 3704 2476 3730 Orientem

1345 3728 1516 3767 Carpathon.
1557 3730 1689 3760 Habetin
1703 3731 1880 3768 longitudine
1893 3732 2014 3761 ducenta
2033 3733 2207 3771 septuaginta
2223 3737 2313 3765 millia
2330 3738 2453 3774 pulsuum
2467 3748 2474 3768 ε

1347 3767 1377 3796 in
1391 3767 1539 3796 latitudine
1548 3769 1749 3807 quinquaginta
1761 3769 1856 3799 millia.
1899 3770 2040 3799 Circuitus
2049 3772 2110 3806 ejus
2122 3773 2338 3809 quingentorum
2353 3777 2476 3812 octogin-

1347 3810 1375 3834 ta
1395 3806 1458 3834 οὲἷο
1475 3805 1533 3834 mil.
1553 3805 1619 3843 pals.
1642 3807 1849 3844 complectitur.
1884 3807 2004 3844 lnfignes
2015 3809 2043 3837 in
2052 3818 2083 3837 ea
2098 3811 2178 3839 urbes
2187 3811 2248 3840 sunt
2260 3812 2382 3849 Gortyna
2395 3835 2402 3846 ,
2425 3818 2479 3850 Cy-

1347 3842 1432 3871 donia
1443 3863 1452 3876 ,
1473 3842 1581 3873 Gnosus
1594 3844 1698 3873 Minois
1706 3846 1780 3881 regia
1791 3865 1799 3880 ,
1824 3846 1849 3875 Sc
1861 3844 2003 3874 Strabonis
2016 3846 2209 3885 cosmographi
2227 3851 2321 3885 patria.
2362 3850 2478 3880 Nullum

1346 3881 1376 3908 in
1387 3876 1470 3950 {geta
1482 3881 1710 3913 animalnoxium
1721 3883 1773 3912 est:
1795 3882 1951 3921 optimique
1967 3884 2024 3913 vini
2035 3883 2198 3916 fertilissima
2209 3887 2254 3916 est.
2278 3887 2313 3916 de
2335 3897 2386 3924 qua
2402 3887 2475 3926 Virg.

1347 3926 1372 3954 3-
1423 3927 1450 3948 Π·
1464 3926 1526 3955 ¹34·

1884 3957 2001 3988 Xxxx
2020 3966 2033 3994 3
2396 3962 2478 3993 Creta
