2641 4187
39 231 226 263 Acnnmr,
246 223 405 263 [A'aeazaeoi]
427 224 573 263 Oppidum
598 225 637 254 est
651 224 771 260 Arabiae,
794 234 850 254 non
872 224 971 263 procul
991 236 1006 256 a
1026 226 1194 256 Nabzithaeis.

73 267 142 296 Plixi.
165 266 211 295 l'ih.
236 269 262 295 6.
290 275 321 293 ca
343 287 349 293 .
368 267 411 297 28.

37 305 105 336 Acw
120 313 227 332 onius
240 325 248 338 ,
274 275 387 331 Noiben
402 299 542 334 authoris,
564 298 643 334 cujus
668 299 797 328 meminit
815 299 954 338 Lamprid.
975 301 1004 330 in
1018 299 1150 330 Alexand.
1171 302 1197 330 &

74 342 137 371 alibi
157 342 322 378 frequenter.
569 373 574 378 .
805 374 809 378 1

38 381 112 411 Acu
124 388 216 407 ormi
228 400 236 412 ‚
258 374 374 412 [Kamai
391 375 406 410 ]
433 374 531 405 Libera
550 373 645 402 civitas
664 373 701 402 est
723 374 752 402 in
772 374 861 403 Africa
883 375 994 412 proprie
1016 375 1109 409 dit-la,>
1140 384 1198 403 non

73 415 171 454 procul
189 425 204 444 a
226 413 312 444 Zella.
334 413 422 442 Strab.
443 412 490 441 lib.
514 420 554 448 17.

39 455 182 488 Aenon,
214 450 328 518 [ἑχοὶῘ]
350 450 438 516 sDleus
460 449 572 479 habitus
591 448 629 477 est
653 448 727 486 apud
749 447 934 486 Cyrenaicos,
965 447 1044 480 Idem
1063 459 1094 479 ac
1110 449 1200 487 Myia-

40 495 224 523 ,musano
266 498 408 517 e...

40 501 226 561 ᾒξηῡῃῗτς,
255 526 389 562 [aspen]
421 524 491 553 Sunt
518 523 658 551 manantia
674 522 772 559 capitis
790 522 900 558 ulcera,
923 535 983 561 quae
1002 525 1073 553 liunt
1093 525 1119 553 in
1143 523 1200 561 ipsa

73 566 170 603 capitis
189 570 270 598 cute,
292 562 454 592 tenuiffimis
469 560 649 589 foraminibus
669 568 762 589 cutem
783 561 970 598 perforantia,
989 572 1023 590 ex
1043 562 1142 599 quibus
1163 561 1201 590 sa-

77 605 137 634 nies
154 602 241 632 effluit
260 600 404 638 glutinosa.
457 599 564 628 Notum
589 598 653 627 mali
672 607 776 634 gemis.
799 599 891 635 pueris
913 600 1064 628 admodum
1086 598 1204 628 l-Iirniiia-

79 651 116 671 re.
166 639 305 669 Nostrates
326 649 341 667 a
369 639 507 667 tinearum
530 636 557 664 in
577 635 694 665 vestibus
715 635 910 670 similitudine,
932 637 1034 666 ‘sinetis
1050 636 1201 674 appellant,

77 678 208 715 Egnatius
226 676 362 711 Teniam,
382 686 398 704 a
416 674 598 708 Tenacitate‚
622 684 655 703 eo
683 673 759 710 quod
777 672 888 702 difficile
916 675 1001 702 curari
1024 675 1114 712 pollit.
1138 674 1199 702 Vid.

78 717 199 748 MANO.
255 714 346 743 Habet
366 713 462 743 Octav.
485 712 625 741 Horatian.
649 721 670 740 1.
695 722 718 746 5.
745 712 770 741 S<
787 711 883 741 Macer
897 711 933 740 de
949 712 1020 742 Ruta
1043 722 1064 741 1.
1085 722 1125 742 12.
1154 712 1203 741 'ubi

80 753 226 784 Cornarius
243 751 376 785 restituit.
399 757 464 779 cum
484 749 620 786 legeretur
637 749 731 778 Acora.

43 792 257 824 AcuonizUS.
277 789 410 819 Sacerdos
430 787 512 817 Isidis.
537 787 637 816 Lucan.
657 792 682 820 8.
707 795 772 821 475.
797 787 823 815 ἃ
853 796 894 814 10.
922 795 981 822 175.
1004 786 1058 823 seq.

42 830 304 861 AcHRAniNAE,
342 824 461 864 Α’χςοιδῖνκ
486 825 644 863 Stephano,
675 823 735 852 Pars
755 822 793 852 est
813 823 886 852 urbis
912 824 1103 860 Syracusanae,
1139 829 1204 853 cum

40 895 42 897 .
76 866 188 903 reliquis
207 865 266 901 ejus
289 864 363 894 urbis
382 863 505 901 partibus
521 869 608 901 ponte
631 862 790 897 conjuncta.
831 861 911 891 Hanc
930 861 1069 891 describit.
1097 862 1154 891 Cic.
1177 865 1202 891 6.

80 904 155 934 Verr.
190 901 222 932 V.
244 903 450 931 ACRADINA.

45 943 208 975 Acilius,
239 940 307 970 adis.
342 939 468 976 [2325]
509 937 592 975 Pyrus
615 935 769 974 sylvestris,
802 936 930 973 Pyraster.
959 936 1050 966 Rucll.
1074 937 1207 967 Meminit

82 978 219 1009 Coluinel.
232 978 279 1007 lib.
294 988 319 1015 7.
331 987 391 1015 cap.
403 987 428 1012 9.
451 975 587 1005 Achradcs
599 974 667 1011 Pyri.
694 974 828 1010 [demque
838 984 897 1012 cap.
916 985 954 1002 io.
968 985 992 1003 v.
1009 986 1051 1011 14.

45 1018 282 1050 Acaunum,
313 1016 330 1044 i.
358 1012 521 1052 [amnas]
542 1012 690 1046 Abuiivus,
713 1011 839 1046 inutilis,
858 1012 1016 1042 inidoneus.
1046 1013 1137 1043 Utitur
1156 1011 1208 1042 Au-

82 1054 175 1085 sonius
183 1054 314 1084 sectione
328 1063 351 1082 1.
371 1053 402 1081 in
412 1051 433 1081 E
443 1051 503 1087 iigr.
519 1059 561 1085 39.
574 1050 609 1079 de
622 1049 732 1078 duobus
743 1049 878 1079 fratribus.
901 1059 924 1079 v.
939 1054 965 1079 6.

0 1118 2 1126 ,
46 1092 258 1126 AcmuANa,
286 1090 405 1124 Α’χφικνὴ
444 1088 584 1125 tephano,
605 1087 752 1126 Oppidum
770 1088 808 1116 est
828 1088 863 1116 ad
879 1098 953 1117 mare
969 1088 1146 1126 Hyrcanum,
1161 1098 1210 1118 cu-

79 1131 123 1168 jus
143 1130 272 1160 meminit
293 1126 388 1165 Polyb.
410 1125 456 1155 lib.
478 1135 519 1154 10.

0 1163 1 1172 ¹
33 1168 122 1236 ..m-{H
132 1173 191 1234 1570
200 1177 241 1234 (ill
251 1176 316 1233 91⁸0}
327 1188 335 1201 ‚
364 1162 573 1200 [ᾱχςκόμλως]
594 1172 629 1191 ex
646 1161 769 1192 Stultitia
781 1183 790 1196 .
815 1160 859 1191 vcl
880 1162 1028 1193 Dementia
1047 1164 1150 1194 ridens.
1177 1163 1210 1192 V.

0 1215 2 1223 ⁸
104 1216 132 1235 ra
145 1215 182 1235 m.
237 1215 258 1234 ii
272 1214 296 1233 ia
319 1226 324 1232 .

0 1235 2 1240 ’
47 1244 177 1274 Aoi-mu
187 1253 206 1272 Α
218 1264 226 1277 ,
249 1241 341 1277 dxci-soc
360 1237 528 1272 Ptolemaeo.
557 1238 595 1267 est
618 1237 721 1268 Civitas
740 1237 845 1268 Arabia:
868 1237 966 1269 felicis.

0 1321 2 1330 .
47 1282 252 1316 Aeumuii,
271 1279 289 1309 i.
311 1278 331 1308 f.
351 1275 440 1306 Palea.
473 1275 576 1306 Festus.

50 1468 162 1502 Aera,
194 1462 225 1496 ἐξ.
247 1464 381 1502 [με’-νβ’]
408 1463 518 1498 ΕἰΙυτη,
558 1464 634 1502 quod
655 1463 717 1493 Itali
745 1464 829 1493 etiam
849 1463 951 1493 alicubi
971 1468 1067 1500 Azan,
1094 1465 1121 1494 &
1148 1462 1215 1493 alibi

87 1505 148 1542 Refo
165 1503 314 1542 appellant.
358 1502 448 1532 Utitur
458 1502 526 1531 Cels.
538 1501 585 1531 lib.
605 1513 627 1538 5.
659 1502 809 1531 Turnebus
824 1524 832 1537 ⁷
855 1502 891 1531 Ut
902 1512 983 1537 acus,
1004 1504 1042 1532 ita
1053 1502 1112 1531 acia
1127 1502 1156 1530 in
1174 1503 1216 1531 in-

87 1543 239 1611 ssumento
251 1541 417 1580 Phrygionis
429 1546 496 1576 erat,
510 1542 535 1571 Sc
544 1540 624 1570 filum
634 1539 748 1570 aciculae
762 1547 829 1576 erut,
841 1550 1000 1578 nomenque
1009 1540 1044 1570 ab
1053 1541 1111 1570 acie
1122 1540 1213 1570 habet.

115 1588 233 1610 munius

164 1602 280 1655 Phry-’gio
299 1616 339 1646 fui
357 1617 448 1655 primo
467 1638 475 1652 ‚
507 1615 636 1653 beneque
653 1616 683 1645 id
706 1626 777 1655 opus
795 1614 878 1645 scivi:

163 1656 274 1692 Reliqui
293 1664 358 1684 acus
374 1655 502 1691 aciasque
527 1654 593 1683 hero
613 1661 696 1691 atque
717 1654 790 1683 herae
812 1654 918 1683 nostrae.

86 1693 120 1724 In
139 1693 243 1723 Lexico
263 1702 354 1722 verere
377 1692 565 1729 Latinogrteco
584 1693 648 1722 Acia
672 1692 826 1730 explicatur
852 1694 951 1727 ρὀιμμοι.
1007 1692 1085 1729 Quin
1108 1691 1172 1722 Acia
1192 1693 1219 1722 δε

91 1731 184 1761 Aciela
197 1733 226 1761 in
236 1740 271 1760 eo
280 1730 430 1768 exponitur
450 1731 574 1762 ἀκκλιψκ.
634 1731 650 1766 [
662 1729 704 1759 De
716 1730 780 1759 Acia
790 1729 912 1759 Cornelii
924 1728 993 1759 Celsi
1004 1736 1080 1760 extat
1092 1730 1221 1760 Disserta-

93 1769 133 1799 tio
145 1769 188 1805 Jo.
210 1768 313 1799 Rhodii
328 1768 535 1798 secundiscuris
546 1768 652 1797 Hafnice
663 1768 738 1797 edita
749 1768 777 1797 in
788 1774 845 1803 4to.
872 1772 951 1805 1672.
975 1778 1000 1804 q.
1016 1768 1045 1797 V.

53 1808 113 1876 Δεῖ
114 1818 122 1835 ι
132 1817 220 1836 ranis
232 1829 240 1842 ,
266 1807 374 1836 Securis
391 1815 479 1841 aerea,
501 1806 597 1843 quain
611 1805 749 1835 sacrificiis
760 1812 865 1835 veteres
885 1805 1039 1836 sacerdotes
1058 1805 1217 1836 utebantur.

115 1846 196 1875 estus.

5 1879 7 1883 ⁸
55 1883 185 1918 Aemi.
225 1883 241 1918 [
263 1880 375 1916 ei'mCot]
403 1880 502 1920 Populi
523 1881 587 1911 sunt
612 1881 643 1910 in
659 1881 792 1912 Sarmatia
808 1881 943 1919 Europaea
961 1903 970 1917 ‚
1006 1881 1067 1920 post
1090 1881 1221 1920 Riphaeos

89 1928 209 1950 montes.
226 1918 397 1950 Ptolemaeus.

8 1994 9 1998 Ἰ
55 1959 104 1990 Ac
114 1970 122 1987 1
132 1969 176 1988 ca
186 1969 202 1987 R
212 1967 248 1987 us
258 1980 267 1991 ,
283 1957 369 1994 Cujus
384 1956 552 1986 Columnam
564 1957 759 1995 interpretatus
769 1956 823 1986 else
834 1957 936 1988 dicitur
950 1957 1128 1986 Democritus
1146 1957 1222 1995 apud

90 1996 178 2026 Clem.
211 1996 287 2025 Alex.
309 2004 331 2024 1.
353 1996 453 2025 Strom.
479 1995 498 2024 f.
527 2004 590 2024 222.
612 2004 671 2024 non
693 1995 762 2024 alius
789 1995 827 2024 est
852 2005 935 2032 quam
952 1996 1145 2031 Acencheres.)
1178 1994 1223 2024 vel

93 2035 188 2102 goeris
207 2033 318 2071 AEgypti
333 2033 401 2064 Rex.
444 2033 484 2063 lta
501 2032 652 2071 suspicatur
670 2032 779 2063 Reines.
805 2033 863 2062 Var.
879 2033 954 2063 Lect.
971 2044 994 2062 1.
1005 2043 1049 2063 22.
1069 2043 1098 2072 p.
1113 2042 1157 2071 97.
1176 2033 1224 2062 ad-

117 2083 131 2102 e
151 2083 174 2109 3.
206 2081 229 2109 3.
276 2094 282 2100 .
301 2077 362 2106 381.

57 2112 120 2144 Aci
130 2112 197 2140 οῠι.
207 2120 236 2145 A.
249 2081 278 2138 g·
292 2107 447 2146 [pactam]
466 2109 541 2140 Dim.
552 2108 585 2138 ab
598 2110 679 2143 Acus,
693 2108 758 2145 Qua
765 2108 896 2138 mulieres
905 2114 1022 2138 utuntur
1033 2108 1068 2138 ad
1077 2118 1225 2138 ornamen-

95 2155 155 2179 tum
173 2148 280 2186 capitis.
301 2146 379 2177 Valla
390 2147 438 2176 lib.
461 2156 489 2176 τ.
511 2147 555 2177 Est
566 2149 592 2177 ἃ
604 2146 950 2184 pilcistenuis.:1clongus‚
964 2147 1011 2184 qui
1038 2148 1145 2176 &Acus
1156 2147 1225 2175 dici-

95 2192 147 2216 tur.
190 2185 235 2216 Est
251 2188 277 2215 &
291 2185 376 2215 herba
394 2185 477 2221 hujus
496 2185 618 2215 nominis
631 2206 639 2219 ,
657 2185 770 2214 incultis
788 2186 817 2213 in
834 2184 903 2214 locis
914 2185 1011 2223 sponte
1028 2184 1151 2219 nascens,
1165 2184 1225 2222 ple-

95 2224 138 2254 bis
162 2223 331 2254 Atheniensis
353 2224 532 2261 quotidianus
557 2222 626 2252 olim
648 2223 746 2258 cibus,
783 2223 870 2251 odore
895 2224 930 2252 ad
949 2224 1087 2257 daucum,
1119 2223 1225 2260 reliqua

96 2262 277 2292 similitudine
294 2262 329 2290 ad
351 2261 570 2300 chaerephyllum
586 2261 723 2290 accedens
735 2283 742 2296 ,
763 2267 857 2290 exerta
876 2261 980 2291 habens
991 2261 1021 2290 in
1042 2261 1144 2290 vertice
1165 2271 1226 2291 cor-

97 2300 191 2330 nicula
203 2323 211 2335 ‚
232 2309 292 2337 quae
310 2301 380 2329 Acus
394 2299 513 2338 effigiem
528 2299 744 2337 repraesentant:
767 2309 783 2327 a
800 2308 855 2336 quo
873 2299 970 2328 habitu
996 2309 1014 2331 a
1029 2298 1162 2328 Romanis
1178 2309 1226 2328 vo-

98 2345 159 2368 cata
176 2339 215 2368 est
226 2337 357 2373 Acieula,
378 2338 445 2367 teste
462 2337 634 2368 Dioscoride.
657 2337 758 2367 Graecis
781 2337 882 2366 dicitur
900 2336 1016 2370 nerag:
1038 2346 1093 2374 quo
1111 2338 1226 2366 nomine

96 2378 125 2408 &
142 2376 234 2406 Latini
258 2382 382 2406 utuntur.

61 2414 269 2449 Aornum,
292 2410 489 2450 [Α’κῶαλιὲι]
528 2413 643 2443 Veneris
671 2412 834 2451 epitheton,
865 2423 881 2442 a
903 2412 980 2441 fonte
1010 2411 1150 2448 Acidalio,
1179 2412 1227 2450 qui

97 2454 135 2484 est
148 2453 178 2482 ln
193 2452 374 2483 Orchomeno
385 2452 500 2482 Boeotiae
524 2452 634 2482 civitate
646 2461 651 2480 :
674 2451 704 2480 in
719 2461 775 2488 quo
787 2451 813 2480 se
824 2451 923 2480 Gratia:
937 2450 1040 2486 lavant,
1049 2461 1115 2488 quas
1127 2451 1228 2480 Veneri

98 2491 203 2521 constat
223 2490 275 2520 effe
293 2490 416 2519 sacratas.
457 2489 543 2528 Ipsius
557 2490 633 2519 enim
655 2490 681 2518 ὃς
698 2488 791 2518 Liberi
810 2488 873 2518 ffliae
894 2488 977 2518 sunt:
1002 2498 1056 2518 nec
1075 2489 1225 2519 immerito,

97 2529 196 2559 Gratiae
212 2529 287 2558 enim
320 2538 349 2557 er
361 2528 461 2558 horum
471 2528 527 2557 fere
539 2528 688 2556 numinum
706 2537 822 2557 munera
852 2527 1046 2557 conciliantur.
1086 2528 1228 2558 Hactenus

101 2567 211 2598 Servius
227 2567 257 2596 in
280 2567 287 2595 i
313 2567 351 2595 ud
376 2577 399 2595 1.
426 2566 486 2596 AEn.
512 2575 575 2603 720.

230 2621 266 2625 —
285 2610 313 2634 at
332 2614 440 2633 memor
464 2603 511 2633 ille
669 2631 672 2634 .
797 2630 799 2633 .

175 2643 274 2674 Matris
296 2641 427 2672 Acidaiiae
439 2664 447 2678 ,
470 2641 605 2680 paulatim
619 2640 730 2671 abolere
748 2641 887 2670 Sichaeum
1005 2641 1127 2680 Incipit„

66 2681 296 2716 Reimarus,
331 2675 525 2716 [Α’κιδὶέλιξιῂ]
548 2680 621 2709 Fons
637 2680 667 2708 in
690 2679 871 2709 Orchomeno
892 2679 1003 2709 civitate
1022 2679 1155 2710 Boeotiae:
1177 2678 1227 2710 Ve.

108 2719 209 2749 neri&
225 2718 323 2748 Gratiis
338 2718 429 2753 sacer,
449 2725 481 2747 ut
499 2717 594 2747 scribit
615 2719 642 2747 &
660 2718 799 2747 Bocati'us.

93 2756 202 2788 ‚Valens
212 2755 366 2792 Acidalius‚
388 2756 507 2786 Criticus
526 2756 578 2785 fuit
594 2765 653 2785 non
669 2755 818 2793 ignobili83
849 2755 985 2785 acuminis
1009 2755 1073 2785 miri
1093 2756 1231 2785 admiran-

125 2793 208 2832 dique
221 2794 315 2824 homo.
337 2794 429 2824 Barth.
444 2794 479 2823 ad
489 2794 517 2823 Β.
539 2795 628 2823 Areni.
641 2804 669 2831 p.
685 2802 747 2831 333.

69 2832 91 2864 A
102 2842 119 2862 c
129 2843 138 2860 1
148 2842 233 2868 non,
255 2833 268 2868 [
281 2826 395 2868 A‘ni‘abiv]
415 2833 510 2862 Amnis
524 2832 562 2861 est
575 2833 604 2861 in
623 2832 702 2861 Elide
713 2853 721 2867 ‚
742 2830 927 2869 Peloponnesi
947 2831 1061 2869 regione
1072 2853 1080 2867 ‚
1104 2830 1231 2867 Jardanjs

107 2869 284 2914 sepulchrum
296 2869 500 2908 praeterlabens.
522 2870 610 2900 Strab.
631 2869 680 2899 lib.
696 2876 721 2904 8.

69 2908 287 2944 nemorosi,
317 2909 332 2944 [
350 2904 465 2935 ἀκιᾶὶι-ηἷν
482 2909 497 2944 ]
537 2908 629 2938 Herba
654 2907 711 2944 est,
741 2917 802 2944 quae
814 2907 924 2937 notiore
948 2907 1064 2936 nomine
1090 2906 1232 2937 Poterium

106 2946 266 2982 [ποτέῢον]
287 2946 432 2976 &Neuras
452 2947 587 2982 [νοίιξὰς]
615 2946 726 2975 dicitur.
748 2946 818 2975 Ptin.
835 2946 883 2975 lib.
900 2956 944 2981 25.
967 2955 1028 2983 cap.
1044 2955 1068 2981 ς.
1106 2945 1233 2975 Eandem

103 2983 246 3022 Phrynion
255 2990 344 3014 vocat.
381 2984 414 3014 V.
435 2983 557 3014 Dioscor.
579 2984 626 3014 lib.
642 2993 664 3020 3.
686 2994 746 3022 cap.
764 2994 806 3019 ις.
947 3012 950 3016 ,
1015 3007 1018 3009 Α

70 3022 228 3057 Aesuris.
249 3022 310 3058 Adj.
338 3021 372 3051 ab
391 3023 484 3057 Aceo.
518 3023 622 3058 [ὀξέιέμ
633 3022 655 3058 ]·
688 3023 801 3060 proprie
824 3022 926 3051 dicitur
942 3021 975 3051 ld
994 3020 1070 3059 quod
1087 3022 1162 3051 acuit
1174 3044 1182 3058 ,
1204 3021 1234 3051 id

108 3060 147 3090 est
161 3083 169 3096 ,
186 3060 216 3089 in
225 3061 342 3090 Acorem
352 3060 458 3090 versum
467 3060 512 3089 est.
527 3066 558 3089 ut
571 3060 676 3089 Vinum
688 3060 809 3089 acidum.
832 3060 900 3090 Plin.
912 3059 960 3089 lib.
979 3069 1019 3089 10.
1038 3069 1097 3098 cap.
1111 3069 1156 3096 70.
1179 3059 1234 3089 Cu-

107 3092 178 3136 lices
186 3098 265 3127 acida
275 3104 392 3136 petunt,
413 3098 448 3128 ad
458 3097 551 3128 dulcia
559 3109 618 3128 non
629 3098 769 3127 advolant.
812 3098 900 3127 Plaut.
928 3097 1024 3127 Pseud.
1040 3107 1066 3127 2.
1079 3108 1104 3133 4.
1118 3108 1165 3134 49.
1186 3099 1238 3128 Ec—

109 3136 177 3203 quid
189 3135 272 3202 habgt
281 3146 306 3203 ig
315 3134 400 3166 honio
410 3136 482 3166 aceti
492 3137 522 3165 in
536 3136 671 3175 pectore?
694 3146 712 3165 c
722 3146 753 3166 H.
775 3142 857 3174 atque
868 3135 1022 3166 acidillimi.
1058 3135 1235 3174 Metaphora,

131 3184 146 3203 e
161 3183 215 3211 qua
264 3187 270 3203 ;
315 3179 450 3204 ern-um.

65 3213 69 3216 ’
111 3212 197 3243 Acida
218 3211 328 3247 Mona.
351 3222 433 3250 quam
449 3211 538 3242 Graeci
554 3210 662 3246 ὀξάλμην
687 3214 807 3248 vocant,
839 3212 933 3242 Genus
957 3211 1099 3249 quoddam
1111 3211 1239 3249 liquami-

106 3250 166 3284 nis.
187 3250 266 3286 cujus
285 3249 365 3279 usum
384 3249 475 3279 nostra
489 3254 567 3279 aetate'
587 3248 696 3293 prorsus
706 3249 874 3286 exoleviffe,
895 3251 991 3280 annor
1004 3249 1042 3279 est
1052 3249 1182 3281 Mathiol.
1207 3250 1238 3280 in

110 3287 234 3318 Dioscor.
255 3287 304 3317 lib.
335 3299 358 3323 ς.
381 3287 430 3317 ubi
450 3288 485 3317 de
502 3288 556 3317 hoc
571 3287 634 3316 vide
651 3287 738 3325 plura.

111 3326 197 3356 Acida
218 3326 303 3356 sorba.
324 3325 397 3363 Virg.
421 3335 445 3362 3.
467 3326 565 3362 Georg.
589 3331 651 3362 380.

184 3363 239 3394 Hic
259 3365 372 3394 noctem
395 3363 465 3393 ludo
487 3362 614 3399 ductu-it,
648 3364 675 3393 &
698 3362 801 3401 pocula
818 3362 875 3393 laeti

184 3402 343 3437 Fermento.
358 3408 440 3439 atque
459 3401 545 3431 acidis
560 3402 704 3430 imitantur
724 3402 798 3431 vitea
816 3401 910 3431 sorbis.

114 3437 205 3469 Acidae
222 3449 300 3470 venae
322 3440 453 3470 fontium.
475 3439 582 3468 Vitruv.
598 3438 646 3469 lib.
669 3445 694 3473 8.
719 3449 779 3478 cap.
799 3449 823 3476 3.

113 3475 191 3507 Vina.
213 3478 348 3517 Pompon.
361 3477 420 3507 inl.
442 3478 470 3507 Si
479 3478 550 3506 vina.
574 3477 608 3507 D.
641 3477 683 3506 De
693 3478 779 3515 peric.
799 3479 936 3507 &corum
958 3476 997 3505 rei
1008 3477 1112 3507 vendit.
1154 3475 1182 3506 Si
1201 3477 1242 3507 vi-

134 3525 170 3546 na
190 3517 321 3551 emerim,
352 3516 477 3554 exceptis
497 3515 584 3544 acidis
612 3516 639 3545 &
661 3515 782 3544 mucidis
794 3537 802 3551 ‚
843 3516 869 3545 ἃ
896 3514 965 3543 mihi
999 3515 1131 3552 expediat
1161 3515 1242 3545 acida

133 3563 244 3591 quoque
263 3556 290 3584 ἃ
307 3554 421 3583 mucida
436 3554 565 3592 accipere
576 3575 584 3588 ‚
604 3552 737 3583 Proculus
756 3554 812 3589 ait,
834 3553 959 3591 quamvis
978 3553 1008 3581 id
1018 3553 1152 3591 emptoris
1163 3553 1243 3583 Causa

134 3599 283 3630 exceptum
299 3592 331 3621 lit
345 3614 353 3628 ,
374 3598 469 3621 tamen
487 3591 566 3620 acida
584 3592 611 3620 δε
624 3591 737 3620 mucida
755 3601 814 3620 non
827 3591 939 3619 venille.

117 3629 201 3659 Acida
212 3629 343 3659 dicuntur
356 3652 364 3665 ,
386 3630 457 3666 Qiae
466 3629 583 3665 jucundi
594 3629 682 3658 acoris
696 3628 821 3667 saporem
838 3629 949 3658 habent.
971 3627 1016 3657 Sic
1026 3626 1126 3657 Herbae
1138 3629 1224 3658 acidae
1233 3651 1242 3664 ,

137 3668 164 3697 &
174 3667 275 3697 Acidus
286 3667 392 3697 succus.
416 3666 555 3696 Columel.
576 3666 624 3695 lib.
639 3678 661 3703 5.
675 3676 735 3704 cap.
754 3677 793 3696 ιο,
828 3666 936 3696 Malum
943 3666 1080 3703 punicum
1090 3665 1109 3696 fi
1119 3667 1244 3703 acidum⁷

136 3711 185 3734 aut
198 3706 289 3735 minus
298 3705 411 3734 dulcem
421 3705 543 3735 frut‘tum
555 3705 623 3733 seret
637 3726 644 3740 ,
670 3704 724 3734 hoc
742 3706 828 3734 modo
845 3703 1048 3733 emendabitur.
1067 3736 1069 3738 ,

81 3743 286 3778 Acinetos,
308 3753 340 3778 a,
361 3753 418 3772 um.
453 3743 551 3772 dimin.
591 3738 722 3778 [οξῶεἳης]
751 3743 851 3781 Aliqua
870 3751 905 3770 ex
918 3748 995 3779 parte
1009 3740 1138 3771 aeidum:
1168 3742 1245 3780 quod

120 3781 146 3810 δε
165 3780 334 3810 Subacidum
355 3781 466 3810 dicitur.
488 3780 556 3810 Plin.
575 3780 623 3809 lib.
640 3790 682 3815 15.
703 3790 763 3819 cap.
780 3792 822 3817 15.
844 3779 906 3810 Post
919 3778 1090 3809 autumnalia
1103 3802 1111 3815 ,
1132 3780 1245 3810 acidulo

119 3818 215 3855 sapore
237 3818 370 3854 jucunda.
411 3818 453 3848 De
474 3819 548 3856 pyris
566 3817 699 3855 loquitur.

122 3855 239 3885 Acidula
265 3857 349 3893 Aqua.
374 3856 442 3886 Plin.
462 3856 510 3885 lib.
528 3865 554 3885 2.
567 3865 627 3893 cap.
652 3865 712 3890 103.
735 3855 875 3892 Lyncestis
884 3864 963 3891 aqua,
980 3864 1040 3892 quae
1055 3861 1170 3886 vocatur
1186 3856 1247 3885 Aci-

121 3893 204 3928 dulci,
223 3893 281 3923 vini
298 3894 385 3923 modo
394 3893 564 3926 temulentos
574 3894 647 3922 facit.
678 3894 811 3923 Meminit
821 3894 847 3922 St
857 3892 904 3921 lib.
918 3902 960 3929 31.
977 3903 1037 3936 cap.
1052 3903 1078 3922 2.

122 3978 172 4000 nes
177 3969 214 4037 Vn
230 3976 326 4038 monIte
343 3969 450 4000 Albano
464 3968 590 4000 solebant
609 3969 745 4007 accipere.
767 3968 836 4000 Puri.
862 3968 911 3999 tib.
930 3978 954 4006 3.
979 3978 1038 4008 cap.
1061 3980 1085 4006 5.
1117 4003 1122 4005 ,

211 4016 264 4037 01..
310 4030 316 4038 .

85 3931 147 3961 Aci
158 3941 171 3959 ε
180 3941 198 3960 Ν
210 3941 222 3960 s
231 3941 244 3960 a
256 3941 268 3961 s
282 3953 289 3966 ‚
311 3931 389 3961 Olim
406 3931 505 3969 populi
516 3938 594 3961 erant
608 3932 638 3960 in
646 3931 724 3960 Latio
734 3954 743 3967 ,
763 3932 811 3968 qui
820 3941 876 3959 uiia
884 3940 948 3960 cuni
957 3930 1069 3968 reliquis
1078 3931 1182 3962 Latinis
1191 3935 1255 3962 car-'
1287 3944 1290 3948 ·

1731 149 1759 184 A
1853 150 1881 185 C
1976 150 1992 186 Ι

1246 228 1266 257 A
1278 237 1376 262 cies,
1400 229 1538 263 Acumen,
1565 229 1652 264 Acus,
1675 229 1815 258 &Acuere
1832 230 1963 260 dicuntur
1981 231 2015 260 ab
2033 228 2120 267 aiom,
2150 243 2231 270 quam
2250 233 2345 263 Latine
2364 236 2405 264 di-

1287 267 1375 294 cimus
1389 266 1497 295 Cotem.
1523 267 1622 296 Festus.
1664 267 1756 296 Potius
1772 267 1805 296 ab
1828 269 1892 302 dnn.
1914 269 1958 298 vel
1975 280 2030 295 κω
2048 270 2138 307 cuspis
2150 272 2221 300 serri.
2263 271 2294 299 V.
2307 272 2402 301 Duces.

1249 302 1370 345 Acii-s.
1392 305 1436 345 εἰ.
1455 306 1541 338 sim,
1565 304 1659 338 ἀκμὴ]
1682 304 1789 334 Dicitur
1807 305 1834 333 in
1854 305 1926 335 ferro
1952 306 1986 335 Ea
2001 316 2061 343 pars
2078 318 2138 344 quae
2157 309 2235 338 secat.
2284 309 2352 338 Inde
2372 310 2407 338 ad

1287 339 1339 382 ‘¹¹1³
1347 344 1516 382 transierum
1539 348 1569 370 ut
1581 342 1658 371 Acies
1669 343 1761 377 oculi,
1781 352 1832 380 pro
1845 344 1976 372 Acumine
1993 344 2071 379 visus,
2085 345 2162 375 Acies
2173 346 2258 375 animi
2272 346 2316 375 vel
2332 347 2408 384 inge-

1288 386 1336 405 nii.
1376 378 1445 413 Virig.
1468 389 1491 406 2.
1527 380 1624 415 (ieorg.
1645 383 1706 414 365.

1331 452 1335 456 ι
1362 414 1420 451 lplii
1441 416 1498 457 acic
1517 416 1592 445 salcis
1607 417 1733 446 nondum
1748 418 1898 447 tentanda:
1921 418 1967 447 sed
1987 420 2072 448 uncis.

1288 452 1367 480 Acies
1387 452 1470 480 rostri.
1495 453 1560 481 l’lin.
1584 453 1630 481 lib.
1665 464 1706 483 11.
1736 465 1795 493 cap.
1826 464 1872 498 37..
1920 455 2064 498 Testudini
2083 457 2192 486 marinae
2207 458 2301 496 lingua
2316 458 2409 494 nulla,

1310 499 1361 516 nee
1381 489 1478 517 dentes
1491 511 1498 523 ‚
1530 490 1574 520 sed
1595 491 1669 520 rostri
1689 493 1747 521 acie
1770 493 1938 525 comminuit
1957 503 2060 523 omnia.

1290 526 1442 560 Unguium.
1467 525 1532 555 l’lin.
1559 527 1605 556 lib.
1628 533 1654 559 8.
1685 539 1744 566 cap.
1774 535 1813 560 16.

1292 562 1393 592 Exacta
1419 562 1504 591 lalcis.
1540 563 1605 592 l'lin.
1628 565 1674 594 lib.
1696 577 1735 602 ¹7-
1767 578 1827 606 cap.
1849 578 1893 598 22.
1934 570 1961 598 Sc
1984 578 2028 605 27.

1319 609 1432 636 utraque
1451 610 1533 628 manu
1554 601 1752 643 imprimentes.

1295 637 1391 666 Hastae.
1417 637 1446 665 ld
1464 638 1520 671 est,
1541 638 1591 667 Cui
1605 639 1644 667 iis.
1675 641 1756 669 Ovid.
1778 651 1799 677 3.
1834 641 1902 671 Met.
1920 652 1979 680 107.

1376 674 1518 710 Primaque
1540 675 1574 704 de
1605 675 1672 703 ruric
1696 679 1767 707 acics
1785 682 1941 717 comparuit
1965 681 2052 711 hastae.

1295 711 1393 740 Minax
1412 713 1560 741 mucronis.
1583 713 1692 742 firmic.
1715 714 1761 744 lib.
1781 727 1801 744 i.
1828 727 1886 782 cap.
1913 727 1935 753 3.

1295 749 1450 791 Securium.
1474 750 1531 792 Cic.
1554 760 1577 783 ς.
1591 750 1674 792 ,Υειτιπ
1701 758 1743 786 43.
1787 753 1864 788 Quoi
1891 755 1945 789 jam
1962 763 2025 785 ante
2041 757 2130 786 aciem
2142 756 2279 787 securium
2296 764 2416 793 tuarum,

1316 787 1447 822 Sextique
1462 793 1501 815 tui
1524 788 1659 816 carnificis
1678 792 1786 817 vultum
1808 794 1834 819 ἃ
1858 801 1969 821 inanum
1995 794 2110 824 vidiil'et.

1297 823 1396 853 Stricta
1406 824 1477 852 ferri.
1502 824 1571 860 Virg.
1586 834 1611 852 2.
1635 824 1697 854 siin.
1717 835 1778 861 333.

1428 878 1464 882 ——
1485 861 1534 890 stat
1549 862 1611 890 ferri
1631 863 1702 891 acies
1719 874 1852 893 mucrone
1871 866 1984 895 corusco

1378 899 1494 933 Stric'l‘a.
1517 907 1609 937 parata
1626 901 1698 928 neci.
1757 901 1875 936 Stricta,
1898 903 1926 930 id
1943 905 1995 939 est,
2017 905 2106 935 Nuda.
2150 907 2269 937 Servius,

1298 936 1394 966 Acieiii
1417 937 1548 966 dicuntur
1566 938 1673 966 trahere
1696 948 1766 974 aqua
1785 947 1874 968 cotes:
1907 950 1956 976 pro
1982 951 2016 969 eo
2035 944 2108 979 quod
2132 946 2169 974 est
2199 945 2348 974 Exacuere.
2389 945 2422 975 Id

1319 979 1420 1003 ςόμωοτν
1448 975 1535 1004 Graeci
1557 982 1674 1010 vocant,
1705 976 1819 1004 authore
1837 977 1865 1004 in
1897 976 2015 1007 Plinium
2035 979 2191 1010 llerniolao.
2224 983 2290 1012 l’lin.
2306 983 2354 1011 lib.
2378 988 2420 1018 36.

1320 1022 1381 1049 cap.
1400 1022 1445 1055 22..
1480 1013 1610 1056 deportat-
1625 1012 1688 1042 sunt
1706 1014 1732 1043 ὁὶ
1748 1014 1778 1042 in
1793 1013 1870 1043 ltalia
1882 1035 1890 1050 ‚
1911 1025 1981 1052 aqua
1995 1016 2133 1046 trahentes
2158 1021 2290 1049 acerrimo
2309 1021 2420 1051 effectu.

1322 1049 1364 1079 De
1385 1050 1512 1079 coticulis
1536 1050 1666 1087 loquitur.

1303 1087 1430 1117 Excitare
1450 1089 1537 1116 aciem
1554 1087 1641 1117 falcis.
1680 1088 1750 1118 Piin.
1770 1087 1819 1118 lib.
1844 1094 1885 1123 18.
1904 1099 1964 1127 cap.
1983 1095 2028 1123 28.
2073 1092 2186 1122 Creticis
2204 1100 2310 1123 tantum
2338 1103 2425 1125 trans-

1323 1126 1492 1162 marinisque
1510 1126 1619 1155 cotibus
1638 1127 1711 1155 notis
1724 1149 1731 1161 ‚
1753 1136 1806 1156 nec
1824 1127 1873 1156 nisi
1890 1127 1952 1156 oleo
1964 1150 1971 1162 ,
2005 1127 2081 1157 fulcis
2102 1130 2188 1158 ucicin
2208 1132 2401 1162 excitantibus.

1302 1162 1442 1193 Hebetare
1454 1164 1541 1192 aciem
1556 1164 1628 1193 ferri.
1651 1164 1718 1194 Plin.
1730 1164 1777 1194 lib.
1796 1174 1837 1200 13.
1855 1175 1879 1194 c.
1898 1165 1947 1194 ult.
1962 1166 1999 1195 ad
2017 1166 2063 1195 fin.
2093 1166 2119 1195 V.
2133 1169 2235 1196 moxin
2247 1170 2421 1206 metaphoris.

1303 1201 1434 1243 Nobilior
1443 1201 1522 1230 acies.
1544 1197 1642 1231 Claud.
1654 1203 1683 1231 in
1694 1202 1796 1232 Praetat.
1811 1212 1836 1240 7.
1869 1203 1968 1241 Paneg.
1984 1215 2008 1240 3.
2040 1203 2113 1233 Hinc
2126 1206 2287 1243 metaphora
2295 1208 2366 1236 varia
2375 1209 2424 1238 cst.

1305 1239 1445 1269 Obtuhor.
1485 1238 1544 1275 Cic.
1568 1240 1603 1269 de
1622 1240 1730 1270 Senet‘t.
1745 1249 1788 1276 23·

1304 1276 1436 1306 Pervicax
1453 1276 1609 1306 oculorum.
1634 1278 1698 1307 Sen.
1718 1279 1748 1307 in
1766 1279 1858 1315 Agam.
1879 1281 1905 1307 6.
1930 1287 1972 1314 14.

1305 1314 1393 1345 Recta
1406 1314 1562 1344 oculorum.
1585 1315 1668 1345 Ovid.
1690 1326 1714 1345 2.
1740 1316 1809 1346 Met.
1826 1319 1889 1353 776.

1307 1353 1414 1390 Sagaiffi
1436 1352 1592 1383 Oculorum
1606 1353 1719 1383 scilicet.
1760 1354 1881 1384 Lactant.
1904 1353 1969 1383 Stat.
1995 1362 2036 1381 10.
2060 1352 2150 1383 Theb.
2172 1359 2232 1390 598.

1307 1391 1659 1429 Sanguineamoculorum
1679 1393 1768 1421 aciem
1788 1391 1907 1421 volvere.
1930 1391 2002 1433 Virg.
2016 1403 2041 1426 4.
2065 1391 2126 1420 AEn.
2139 1395 2202 1429 643-

1389 1429 1423 1458 At
1438 1429 1546 1466 trepida
1559 1451 1567 1465 ‚
1594 1432 1620 1459 ὁὶ
1638 1431 1738 1467 coeptis
1759 1430 1928 1460 immanibus
1950 1429 2033 1459 effera
2051 1428 2125 1459 Dido
2137 1449 2145 1465 2

1389 1467 1575 1504 Sanguineam
1590 1467 1705 1497 volvens
1725 1468 1813 1497 aciem
1825 1489 1833 1502 .
1855 1469 1906 1497 Sec.

1310 1504 1436 1534 Tui-bida
1456 1505 1603 1534 oculorum
1622 1506 1703 1535 acies.
1733 1506 1796 1535 Seu.
1819 1505 1901 1535 Herc.
1917 1514 1958 1533 11.
1973 1514 2015 1534 12.

1310 1542 1478 1580 Vespertina.
1514 1542 1581 1572 Plin.
1605 1543 1652 1572 lib.
1666 1549 1691 1577 8.
1712 1554 1743 1573 ca
1766 1554 1830 1578 -50-

1311 1580 1389 1610 Errat
1411 1581 1484 1610 acles
1505 1580 1662 1617 luminum3
1684 1581 1713 1610 id
1726 1553 1780 1617 eff,
1803 1580 1969 1611 Oculorum.
2000 1580 2158 1610 Sen.Herc.
2178 1589 2220 1610 11.
2239 1589 2283 1618 30.

1311 1619 1412 1656 Stupet
1430 1618 1577 1647 oculorum
1587 1619 1667 1648 acies.
1691 1619 1757 1649 Hor.
1775 1629 1800 1648 2.
1823 1619 1877 1648 Sat.
1894 1628 1919 1648 2.
1938 1629 1961 1653 ς.

1312 1657 1436 1693 Dirigere
1455 1657 1544 1685 aciem
1562 1656 1710 1686 oculorum
1719 1658 1753 1686 ad
1769 1657 1898 1694 aliquem.
1927 1655 2069 1692 Catul.63.
2086 1659 2128 1692 56.

1312 1694 1440 1732 Effugere
1452 1695 1550 1723 aciem.
1591 1694 1622 1724 ld
1641 1695 1696 1729 est,
1718 1695 1875 1725 Oculorum
1884 1703 2012 1723 acumen.
2042 1694 2106 1723 Sen.
2118 1694 2148 1722 in
2162 1693 2254 1730 Agam.
2273 1703 2314 1722 12.
2330 1696 2355 1722 6.

1312 1732 1454 1763 Exacuere
1473 1732 1619 1761 oculorum
1639 1734 1665 1762 ὃ(
1684 1733 1788 1770 ingenii
1811 1733 1899 1762 aciem
1912 1732 1947 1761 ad
1963 1732 2037 1760 bona
2055 1731 2221 1769 deligenda,
2242 1734 2269 1761 ὅ(
2285 1732 2435 1768 rejicienda

1333 1770 1477 1800 contraria.
1507 1769 1565 1799 Cic.
1590 1780 1618 1799 1.
1632 1770 1667 1799 de
1685 1770 1780 1808 Legib.
1800 1774 1845 1799 60.

1313 1808 1440 1838 Excitare
1453 1809 1541 1837 aciem
1561 1808 1715 1838 oculorum.
1746 1808 1813 1838 Plin.
1830 1807 1877 1837 lib.
1900 1818 1944 1837 20.
1963 1817 2062 1844 eap.4.

1313 1846 1438 1877 Flectere
1455 1845 1549 1883 aliquo
1574 1847 1697 1883 geminas
1717 1846 1863 1875 oculorum
1881 1846 1961 1875 acies.
1984 1846 2055 1882 Virg.
2073 1848 2099 1874 6.
2125 1844 2187 1875 AEn.
2210 1850 2273 1883 789.

1397 1884 1460 1913 Huc
1477 1885 1599 1921 geminas
1618 1893 1694 1913 nunc
1711 1884 1791 1913 flecte
1811 1885 1900 1913 acies!
1924 1884 1996 1912 hanc
2009 1883 2099 1920 aspice
2113 1890 2234 1920 gentem.

1314 1922 1438 1952 flectere
1456 1921 1602 1951 oculorum
1621 1923 1709 1951 aciem
1728 1931 1811 1951 retro.
1834 1922 1897 1951 Sen.
1922 1921 2003 1950 Herc.
2023 1931 2048 1957 9.
2068 1930 2111 1955 42.

1314 1960 1429 1997 Fugere.
1453 1959 1511 1989 Cic.
1527 1970 1549 1988 1.
1580 1958 1661 1989 Tusc.
1676 1971 1717 1995 50.
1746 1962 1788 1990 An
1805 1966 1882 1989 tanta
1896 1959 1928 1988 sit
1946 1959 2006 1995 ejus
2024 1959 2145 1988 tenuitas
2159 1981 2168 1995 ‚
2188 1965 2220 1988 ut
2238 1957 2325 1996 fugiat
2339 1959 2436 1988 aciem.

1335 1998 1367 2028 Id
1384 1998 1440 2033 est,
1462 1998 1556 2027 Videri
1571 2007 1629 2027 non
1649 1997 1741 2036 possit.

1314 2035 1464 2066 Intendere
1479 2034 1627 2065 oculorum
1643 2036 1739 2065 aciem.
1780 2035 1812 2066 V.
1833 2034 2015 2065 INTENno.

1316 2073 1424 2103 Ludere
1441 2074 1529 2103 aciem
1546 2073 1701 2103 oculorum.
1738 2073 1771 2103 ld
1782 2073 1837 2109 est,
1859 2073 2004 2110 Decipere.
2033 2072 2096 2101 Seii.
2116 2071 2200 2102 Herc.
2212 2080 2238 2107 9.
2253 2081 2295 2100 11.

1317 2111 1500 2180 ciffumffflre
1518 2112 1599 2141 acies.
1652 2112 1684 2142 Id
1705 2111 1760 2148 cst,
1782 2111 1906 2147 Oculos,
1921 2110 1966 2140 vel
1992 2109 2141 2140 oculorum
2163 2111 2259 2139 aciem.
2305 2108 2377 2147 Virg.
2397 2117 2438 2140 12.

1372 2160 1399 2178 n.
1439 2161 1446 2165 ·
1473 2173 1478 2179 .

1392 2156 1556 2225 Hiscgatque
1573 2188 1628 2217 hue
1651 2188 1724 2217 acies
1745 2185 1924 2221 circuntulit‚
1946 2185 2044 2224 aspicit
2065 2185 2171 2214 urbem.

1318 2226 1396 2255 Acies
1419 2225 1475 2263 ipsa
1495 2236 1547 2263 qua
1573 2226 1731 2261 cernimus,
1761 2235 1821 2263 quae
1851 2223 1958 2263 pupula
1988 2228 2123 2259 vocatur,
2147 2222 2185 2252 ita
2209 2232 2292 2261 parva
2313 2219 2367 2257 est,
2389 2223 2440 2251 ἃς.

1337 2263 1396 2293 Cic.
1418 2273 1444 2292 2.
1466 2264 1501 2293 de
1513 2264 1575 2293 Nat
1599 2263 1680 2293 Deor.
1695 2275 1737 2300 54.

1317 2302 1452 2332 Ardentes
1464 2301 1611 2331 oculorum
1630 2302 1702 2332 acies
1717 2308 1846 2340 torquere
1860 2300 1962 2338 aliquo.
1996 2298 2069 2337 Virg.
2089 2308 2131 2329 12.
2153 2297 2217 2328 AEn.
2239 2301 2302 2336 670.
2343 2293 2443 2336 Vulgo,

1339 2340 1497 2370 Oculorum
1515 2340 1603 2369 orbes.

1319 2378 1459 2407 Contenta
1478 2378 1625 2407 oculorum
1643 2378 1724 2407 acies.
1765 2376 1798 2406 Id
1819 2376 1873 2411 est,
1896 2376 2011 2406 intenta.
2032 2374 2142 2404 Lucret.
2166 2372 2215 2402 lib.
2231 2383 2254 2402 1.
2269 2381 2330 2410 325.

1318 2416 1412 2446 Firma
1424 2415 1571 2445 oculorum
1588 2416 1670 2445 acies.
1692 2414 1760 2445 Plin.
1773 2414 1821 2444 lib.
1838 2425 1878 2443 10.
1902 2424 1962 2452 cap.
1977 2423 2001 2450 3.
2026 2412 2186 2443 Clarissima.
2208 2410 2276 2440 ibid.
2361 2447 2367 2454 ι
2391 2445 2397 2453 .

1319 2453 1414 2521 Hebels
1429 2454 1576 2483 oculorum
1589 2454 1670 2483 acies.
1705 2453 1763 2483 Cic,
1783 2464 1810 2489 4.
1837 2452 1872 2481 de
1888 2452 1947 2482 Pin.
1973 2461 2034 2489 107.
2086 2450 2179 2481 Hebes
2191 2449 2264 2479 acies
2275 2448 2314 2478 est
2323 2457 2445 2487 cuipiam

1339 2502 1393 2521 ocu
1407 2502 1496 2521 orum.

1319 2531 1416 2560 Aciem
1433 2529 1580 2559 oculorum
1597 2529 1717 2559 offendit
1732 2527 1839 2558 claritas
1861 2526 1996 2556 colorum.
2019 2525 2086 2556 Plin.
2105 2525 2153 2554 lib.
2173 2534 2217 2562 35.
2229 2534 2290 2562 cap.
2305 2533 2347 2553 10.

1320 2569 1417 2598 Aciem
1428 2567 1575 2597 oculorum
1591 2567 1758 2605 protendere
1773 2567 1802 2595 in
1821 2575 1904 2595 mare.
1927 2564 2027 2594 Catull.
2040 2565 2069 2593 in
2081 2564 2181 2601 Argon.
2194 2566 2238 2598 64.
2255 2572 2315 2600 127.

1319 2607 1416 2636 Aciem
1426 2606 1573 2635 oculorum
1584 2606 1665 2635 succo
1675 2603 1802 2634 foeniculi
1812 2603 1940 2632 reficiunt
1949 2602 2098 2641 serpentes.
2126 2600 2194 2631 Plin.
2208 2598 2255 2630 lib.
2268 2610 2312 2630 20.
2327 2608 2387 2637 cap.
2400 2606 2443 2636 23.

1320 2645 1474 2674 Reflectere
1485 2644 1632 2673 oculorum
1649 2644 1747 2673 aciem.
1769 2642 1832 2671 Sen.
1855 2641 1936 2670 Herc.
1949 2646 1974 2675 8.

1320 2682 1459 2712 Hebetare
1469 2682 1616 2711 oculorum
1625 2683 1722 2711 aciem.
1744 2680 1813 2709 Plin.
1825 2679 1872 2708 lib.
1886 2688 1930 2708 20.
1944 2688 2005 2717 cap.
2017 2681 2043 2708 6.
2067 2679 2093 2708 Sc
2107 2686 2150 2713 32.
2175 2686 2235 2715 cap.
2250 2683 2275 2713 7.
2301 2714 2307 2719 .

1320 2720 1474 2750 Luniinuin
1495 2721 1567 2750 acies
1589 2726 1690 2758 torpet.
1731 2718 1765 2749 Id
1785 2718 1839 2754 est,
1878 2717 2004 2746 Acumen
2029 2715 2178 2746 oculorum
2199 2713 2328 2744 hebescit.
2380 2710 2445 2742 Seri.

1342 2759 1423 2788 Herc.
1462 2765 1468 2787 ι,

1322 2769 1479 2827 Hebesce9re
1497 2796 1586 2825 aciem
1601 2794 1775 2824 authoritatis
1795 2793 1904 2823 senatus
1927 2793 2056 2831 patimur.
2088 2790 2146 2820 Cic.
2158 2800 2183 2820 2.
2197 2790 2226 2820 in
2240 2789 2319 2820 Catil.
2331 2794 2374 2831 98:
2414 2788 2448 2830 At

1342 2845 1394 2864 nos
1405 2834 1567 2872 vigesimum
1580 2834 1636 2869 jam
1656 2833 1732 2862 diem
1741 2833 1861 2870 patimur
1872 2830 2017 2860 hebescere
2041 2829 2129 2859 aciem
2147 2829 2246 2858 horum
2266 2828 2444 2871 authoritatis.

1343 2872 1486 2903 Habemus
1500 2872 1577 2902 enim
1591 2868 2029 2905 huiusmodisenatusconsultum
2040 2890 2048 2903 ,
2078 2875 2258 2896 veruntamen
2273 2865 2407 2894 inclusum
2418 2872 2448 2891 in

1342 2910 1454 2945 tabulis,
1465 2917 1597 2947 tanquam
1608 2909 1732 2946 gladium
1741 2909 1769 2938 in
1776 2908 1874 2945 vagina
1884 2906 2061 2935 reconditum
2073 2915 2079 2934 :
2102 2915 2158 2942 quo
2170 2914 2205 2934 ex
2214 2900 2448 2933 senatusconsulto

1344 2949 1490 2978 confestim
1510 2948 1688 2977 intersectum
1703 2954 1731 2975 te
1749 2946 1802 2976 effe
1822 2944 1941 2974 Catilina
1958 2944 2098 2973 convenit.

1325 2987 1404 3017 Acies
1415 2986 1508 3015 animi.
1531 2985 1589 3015 Cic.
1604 2986 1634 3014 in
1646 2984 1752 3014 Catone
1766 2984 1872 3019 Maiore
1882 3005 1890 3018 ‚
1912 2993 1958 3018 94.
2000 2982 2103 3011 Nonne
2116 2980 2194 3009 vobis
2215 2979 2322 3022 videtur
2339 2976 2450 3020 animus

1344 3026 1367 3054 is
1376 3025 1423 3062 qui
1431 3024 1494 3062 plus
1505 3029 1615 3059 cernat,
1638 3024 1665 3052 δι
1682 3022 1793 3060 longius
1804 3044 1813 3057 ,
1834 3021 1928 3050 videre
1945 3016 1972 3049 se
1991 3020 2026 3049 ad
2041 3018 2155 3048 meliora
2170 3016 2320 3056 proficisci:
2341 3014 2390 3044 ille
2402 3025 2452 3045 au-

1344 3070 1404 3092 tem
1416 3063 1496 3098 cujus
1506 3061 1629 3091 obtusior
1640 3060 1672 3090 sit
1687 3061 1777 3095 acies,
1799 3069 1857 3089 non
1877 3058 1991 3088 videre?
2153 3093 2158 3098 ι
2289 3091 2294 3096 .
2367 3090 2373 3096 Ι

1326 3101 1408 3132 Acies
1421 3100 1536 3139 ingenii.
1560 3098 1617 3128 Cic.
1635 3109 1657 3128 1.
1676 3099 1759 3128 Acad.
1773 3107 1798 3128 2.
1822 3097 1900 3127 Idem
1916 3106 1938 3125 1.
1961 3095 1996 3125 de
2005 3094 2096 3132 Legib.
2113 3093 2190 3122 Acies
2208 3097 2319 3121 mentis.
2341 3089 2399 3120 Cic.
2422 3101 2449 3126 4.

1328 3139 1516 3214 Pagstqingeoe
1525 3176 1614 3205 aciem
1622 3175 1734 3213 ingenii.
1769 3174 1825 3204 Cic.
1839 3172 1874 3202 ad
1886 3172 2002 3202 Brutum
2022 3176 2064 3204 18.
2092 3165 2221 3210 ΜυΙῑίῑὶᾲ
2241 3165 2453 3210 depravandum

1350 3216 1438 3253 parati
1449 3237 1457 3249 .
1480 3215 1526 3252 qui
1536 3212 1747 3252 splendorefalsi
1757 3212 1870 3242 honoris
1881 3211 1992 3245 objecto
2002 3231 2010 3245 ,
2028 3208 2114 3238 aciem
2125 3206 2190 3234 bom
2205 3213 2312 3242 ingenii
2319 3204 2454 3242 praestrin-

1350 3254 1377 3291 gi
1396 3252 1472 3291 posse
1484 3253 1639 3286 considunt.
1680 3251 1711 3278 V.
1734 3260 1801 3279 mox
1820 3249 1949 3279 Mentis!

1332 3290 1638 3328 Contemplarialiquid
1651 3290 1730 3318 omni
1739 3289 1797 3317 acie
1807 3287 1920 3324 ingenii.
1950 3285 2006 3315 Cic.
2021 3294 2043 3312 1.
2070 3281 2104 3310 de
2120 3280 2196 3324 Orat.
2211 3289 2257 3317 73.
2297 3317 2302 3322 .
2363 3317 2369 3322 ¹

1330 3329 1410 3359 Acies
1423 3329 1597 3357 intentionis.
1618 3327 1715 3357 florus
1726 3327 1755 3355 in
1769 3325 1875 3364 prolog.
1887 3324 1935 3353 lib.
1956 3334 1977 3352 1.
1999 3322 2102 3352 Rerum
2115 3318 2351 3348 diversitasaciem
2361 3322 2454 3346 inten-

1350 3368 1435 3397 tionis
1452 3366 1600 3404 abrumpit.
1929 3399 1933 3404 ⁵

1331 3405 1476 3435 Abducere
1494 3405 1583 3433 aciem
1610 3402 1712 3432 mentis
1731 3412 1747 3431 a
1772 3399 1972 3431 consuetudine
1994 3394 2148 3426 oculorum.

1415 3453 1434 3471 r.
1455 3447 1471 3471 6
1493 3466 1498 3471 .
2252 3466 2256 3474 ,

1332 3443 1520 3518 Piiglciringgre
1529 3480 1618 3509 aciem
1626 3478 1737 3508 mentis.
1761 3477 1818 3506 Cic.
1832 3486 1854 3505 1.
1872 3472 2086 3515 deDivin31o9.
2108 3468 2170 3513 Nec
2180 3469 2275 3507 inopia
2284 3469 2390 3511 enetta,
2402 3475 2455 3496 nec

1351 3519 1475 3549 satietate
1493 3518 1627 3552 affluenti,
1637 3525 1755 3554 quorum
1771 3522 1906 3549 utrunque
1915 3510 2100 3549 prtcstrlngere
2109 3517 2199 3551 aciem
2212 3513 2313 3536 mentis
2322 3504 2456 3541 solensive

1354 3557 1430 3587 deest
1448 3563 1551 3585 naturae
1571 3555 1733 3593 quippiam,
1752 3553 1805 3581 sive
1817 3549 1939 3580 abundat
1956 3557 2038 3586 atque
2058 3545 2154 3576 affluit.

1335 3596 1414 3625 Acies
1428 3594 1568 3624 orationis.
1592 3593 1679 3622 Plaut.
1696 3591 1774 3628 Epid.
1793 3598 1862 3631 42¹:
1881 3597 1926 3629 ²0:
2340 3618 2346 3624 ⁵

1336 3634 1432 3667 Acies.
1454 3642 1504 3670 pro
1523 3630 1646 3662 Chalvbe
1659 3629 1722 3658 usus
1741 3627 1777 3656 est
1793 3626 1895 3655 Plinius
1908 3624 1956 3653 lib.
1978 3632 2023 3659 24.
2048 3631 2108 3660 cap.
2125 3631 2166 3657 14.
2205 3620 2245 3650 Ex
2270 3617 2399 3661 omnibus
2411 3626 2458 3658 au-

1356 3679 1414 3701 tem
1438 3664 1698 3708 generibus'palma
1717 3665 1810 3694 Serico
1834 3664 1903 3692 terro
1922 3662 1970 3691 est.
2019 3661 2097 3690 Seres
2116 3659 2255 3702 hoc-cum
2273 3654 2458 3697 vestibus—suis

1357 3708 1534 3747 pellibusque
1555 3707 1676 3735 mittunt.
1715 3701 1842 3732 Secunda
1860 3700 2005 3729 Parthico:
2036 3707 2127 3735 neque
2151 3696 2204 3725 alia
2221 3704 2322 3733 genera
2341 3696 2405 3722 rem
2427 3701 2463 3721 ex

1357 3756 1433 3776 mera
1450 3746 1509 3774 acie
1528 3748 1732 3781 temperantur,
1754 3739 1858 3768 caeteris
1881 3739 1956 3767 enim
1978 3736 2152 3766 admiscetur.
2236 3771 2241 3776 .
2266 3770 2271 3776 ι

1301 3788 1426 3818 Acras.
1450 3782 1613 3819 [πηοὶπιξις
1626 3802 1633 3814 ‚
1654 3776 1763 3811 wisera]
1784 3784 1815 3805 ut
1832 3775 1925 3813 Veget.
1940 3775 1987 3804 lib.
2011 3784 2034 3810 3.
2049 3783 2111 3816 cap.
2130 3782 2171 3807 14.
2193 3770 2305 3814 scribit,
2327 3767 2367 3810 est
2382 3766 2464 3809 Exer-

1339 3824 1412 3854 citus
1429 3820 1581 3849 instructus.
1605 3817 1662 3847 Cic.
1685 3825 1711 3845 2.
1733 3814 1814 3844 Tusc.
1842 3824 1902 3843 100.
1951 3811 2167 3842 Non'sentiunt
2192 3819 2242 3837 viri
2260 3808 2345 3836 sortes
2360 3815 2390 3833 m
2406 3813 2463 3833 acie

1342 3859 1464 3893 vulnera.
2033 3889 2037 3893 Ι
2139 3885 2144 3890 ,
2302 3882 2307 3887 ,
2361 3881 2365 3886 ,

1340 3898 1419 3930 Acies
1443 3894 1585 3923 interdum
1603 3901 1653 3930 pro
1672 3890 1732 3928 ipso
1750 3889 1884 3919 confliciu
1914 3891 1940 3919 δι
1962 3885 2058 3926 praelio
2076 3886 2200 3929 sumitur.
2239 3882 2329 3912 Tacit.
2348 3880 2396 3910 hb.
2418 3888 2461 3910 20.

1360 3934 1450 3966 Prima
1458 3932 1516 3962 acie
1536 3930 1628 3960 fusum
1644 3929 1805 3966 victumque
1824 3927 1991 3958 Romanum.
2013 3926 2031 3955 i.
2049 3935 2072 3955 e.
2091 3932 2182 3963 primo
2204 3918 2354 3958 congressu.

2350 165 2395 201 41

2078 568 2208 599 Eranam
2224 569 2300 599 falcis
2324 570 2413 600 aciem

2198 3392 2256 3424 Cic.
2277 3402 2304 3423 2.
2330 3392 2365 3421 de
2387 3391 2451 3423 Nat.

1914 4003 1935 4035 F
2387 3992 2470 4022 Exer-
