2600 4177
77 1439 297 1475 CLAtiorus,

0 3721 19 4053 ῥῑ.ῂ,.“,
0 3600 17 3682 ...V
2 3543 3 3546 „
0 3475 2 3492 ,.

466 158 494 194 C
591 157 619 192 L
715 159 740 194 A

96 236 350 276 Regillensesenim
360 239 487 271 Claudii,
509 239 576 269 item
591 238 699 267 Pulchri
716 241 741 269 ἃ
759 239 883 268 Nerones
900 241 1008 277 patricii
1020 240 1081 269 sunt
1093 262 1101 275 ,
1121 238 1217 269 Plebci

98 276 246 311 Marcelli,
268 277 303 306 de
320 288 372 314 qua
384 278 446 306 vide
458 277 536 313 plura
548 277 622 313 apud
643 277 813 307 Richardum
827 278 1006 307 Streinniuiii.
1048 278 1089 308 De
1108 280 1219 307 auclore

98 313 189 350 stirpis
205 314 384 343 Claudiorum
401 314 474 342 conf.
493 324 561 342 cLA
573 324 612 342 us
623 324 639 341 υ
651 324 671 342 s.

100 351 151 386 Ap.
165 350 296 380 Claudius
309 351 418 383 Ctecus,
441 352 540 380 Orator
561 351 654 379 Roma:
667 374 674 384 ,
696 352 774 382 cuius
794 353 881 380 oratio
899 352 1028 382 volubilis
1042 375 1049 387 ,
1071 352 1117 381 sed
1138 350 1220 387 paulo

120 388 252 416 fervidior
264 396 330 417 erat.
371 389 395 417 ls
410 389 541 425 Senatum
552 389 836 424 jamjaminclinatum
850 412 856 421 .
878 402 892 419 a
915 391 1007 427 Pyrrhi
1028 400 1095 427 pace
1111 398 1224 419 revoca-

121 427 179 459 vit,
200 434 252 453 nec
264 426 401 454 dubitavit
416 425 461 454 illa
475 426 566 454 dicere
579 436 636 462 qua²
651 427 771 455 verlibus
784 427 940 463 persecutus
954 429 992 457 est
1008 428 1111 457 Ennius
1121 449 1128 461 ,

183 462 247 498 Quo
256 464 333 491 vobis
344 471 451 491 mentes
461 484 468 494 ,
491 465 571 492 rectae
582 473 641 500 quae
655 464 721 492 stare
732 464 857 494 solebant

183 499 321 535 Antehac,
344 501 466 529 dementi
482 500 534 529 sese
552 501 654 530 flexere
669 502 769 530 ruina?
864 502 903 531 Ab
917 502 970 530 hoc
986 502 1074 539 Appia
1093 502 1135 530 via
1149 501 1223 530 dit‘la

123 535 179 571 est,
202 547 283 573 quam
294 537 476 566 Brunduliuin
490 536 573 573 usqne
590 538 727 575 lapidibus
743 539 833 567 stravit
846 561 853 573 ‚
876 548 905 568 ut
924 541 962 568 eit
976 541 1049 576 apud
1064 540 1119 568 Liv.
1134 539 1181 568 lib.
1196 548 1222 573 9.

124 584 184 611 cap.
197 583 242 609 29.
253 574 375 611 Reliquit
385 575 455 603 filios
467 577 584 614 Appium
598 577 622 605 ὑὶ
632 577 738 608 Caium.
750 586 866 612 quorum
883 579 1009 606 meminit
1021 576 1130 613 Dionys.
1145 576 1223 610 lib.9.

125 613 151 641 &
169 621 208 640 10.
222 612 257 641 de
269 613 356 648 Appio
375 613 427 641 Liv.
440 613 567 647 lib.2.56.
586 624 635 651 pro
646 614 713 647 Caio
726 614 869 643 Tiberium
881 615 959 651 ponit
969 616 1043 644 Suet.
1055 615 1118 643 Tib.
1132 623 1222 650 cap.3.

87 648 204 679 »Praeter
224 649 273 678 hos
284 650 416 680 Claudius
429 658 617 687 cognomento
632 650 746 679 Caudex
759 673 766 685 ,
788 662 802 680 a
822 654 934 680 navium
951 653 1112 681 caudicibus
1135 652 1169 680 sic
1186 651 1227 679 di-

125 688 194 721 cius,
214 687 295 716 frater
307 688 387 717 Caeci.
431 689 454 718 ls
466 688 703 725 Carthaginienses
715 687 837 718 Messana
853 690 970 726 expulit,
994 690 1145 719 Hieronem
1159 699 1228 726 prae-

125 723 164 753 lio
175 724 210 753 ad
221 724 399 761 Syracusasin
413 726 586 756 deditionem
597 727 714 764 accepit.
740 726 771 754 V.
797 728 897 756 Auctor
912 728 946 756 de
958 728 1009 756 Vir.
1024 727 1065 757 [il.
1079 737 1140 762 cap.
1153 735 1196 764 37.

108 763 158 800 Ap.
173 762 303 791 Claudius
322 763 482 800 Regillanus
499 766 547 801 Ap.
562 764 588 792 F.
611 766 659 801 Ap.
679 764 750 792 Caeci
766 764 799 792 N.
825 764 971 793 Dect-mvii·
988 766 1093 801 legibus
1110 765 1230 793 scriben-

129 800 172 829 dis
181 799 286 829 summa
302 802 373 830 inter
383 801 502 837 collegas
510 802 673 831 aut‘toritate
686 823 693 834 ,
716 802 853 838 postremo
870 802 907 830 ob
927 803 1038 838 Virginii
1052 803 1187 837 iudicium
1199 802 1229 830 in

112 872 114 874 Ι
128 847 263 866 carcerem
276 839 428 873 conjectus,
441 840 488 868 sihi
499 839 705 868 manusattulit.
731 839 852 876 Exponit
865 840 1021 883 pleniilinjq
1033 841 1133 873 livius,
1143 839 1189 868 lib.
1201 848 1226 874 3.

108 874 241 904 Claudius
254 875 420 911 Gentianus,
443 886 524 913 quem
537 876 665 906 nonnulli
677 877 864 905 Centimalum
877 900 883 910 ,
906 878 951 906 alii
965 877 1162 908 Centimanum
1180 877 1232 906 mi-

128 922 181 941 nus
193 913 266 942 rer‘te
275 913 404 943 scribunt.
445 915 469 944 ls
480 915 579 944 librum
591 915 619 943 in
633 915 693 950 jure
706 914 780 943 civili
799 915 911 944 tertium
922 926 937 944 a
952 916 977 945 i‘.
990 916 1096 953 Papirio
1108 915 1229 952 scripsit,

131 951 158 980 ἃ·
171 960 186 978 a
203 950 321 980 litteram
338 952 509 987 introduxit,
537 961 623 989 quum
638 952 713 989 prius
734 951 820 986 Fusii,
843 953 946 982 deinde
966 953 1039 983 Furii
1063 954 1230 982 dicerentur.

130 986 262 1018 Valerius.
304 989 392 1025 [Haec
401 990 500 1020 melius
510 997 695 1027 exequentem
718 989 748 1018 V.
769 989 885 1028 Rupert.
898 991 933 1020 ad
945 991 1038 1030 Pomp.
1055 991 1090 1020 de
1101 992 1136 1021 O.
1149 991 1170 1021 1.
1182 990 1231 1019 lib.

133 1034 157 1060 3.
173 1035 234 1063 cap.
247 1036 273 1056 2.

112 1062 246 1093 Claudius
269 1063 342 1093 Nero
362 1064 483 1099 Consul,
505 1064 574 1094 Livii
595 1064 754 1094 Salinatoris
772 1064 896 1103 collega,
918 1066 963 1102 qui
985 1066 1181 1095 advenientem
1199 1075 1235 1095 ex

132 1101 264 1137 Hispania
273 1111 337 1131 cum
349 1103 456 1132 auxilio
470 1102 646 1132 Asdrubalem
663 1103 811 1132 interfecit.
855 1104 907 1132 Hic
927 1104 1009 1133 Latiae
1023 1103 1129 1133 telluris
1143 1105 1234 1141 imago

134 1140 160 1168 8<
171 1138 331 1169 Clausorum
346 1141 431 1169 decus
441 1151 455 1169 a
466 1141 532 1170 Silio
544 1147 656 1170 vocatur
665 1140 713 1169 lib.
728 1151 737 1169 1
746 1151 769 1173 ς.
784 1151 845 1176 ς49.
870 1143 945 1178 quod
957 1143 1093 1180 originem
1110 1152 1125 1171 a
1135 1141 1234 1171 Clauso

132 1176 235 1205 Sabino
245 1177 325 1206 duxit
335 1200 342 1212 ,
365 1178 439 1207 unde
450 1178 549 1207 Clausii
561 1179 651 1215 prius,
674 1178 782 1207 Claudii
795 1179 887 1215 postea
899 1180 965 1208 dicti
978 1180 1047 1208 sunt.

114 1213 248 1244 Claudius
259 1215 334 1244 Nero
347 1224 474 1253 praeterea
486 1238 493 1250 ,
514 1216 620 1245 Tiberii
634 1216 765 1253 principis
778 1223 870 1253 pater,
896 1218 1021 1253 Qia‘stor
1038 1218 1068 1247 C.
1087 1216 1196 1247 Caesaris
1206 1217 1237 1245 in

135 1251 210 1281 bello
224 1253 411 1282 Alexandrino
424 1276 432 1287 ,
452 1256 478 1283 ἃ
490 1253 593 1282 deinde
610 1254 737 1282 Pontifex
751 1254 891 1284 Maximus
904 1256 933 1284 in
946 1256 972 1284 P.
985 1256 1123 1293 Scipionis
1141 1255 1236 1284 locum

133 1289 280 1325 fiiffet‘lus,
301 1292 345 1320 cui
361 1291 435 1320 Livia
445 1298 531 1329 nupta
541 1291 601 1320 fuit.
622 1292 697 1320 Suet.
710 1291 727 1320 l.
741 1301 764 1320 c.
778 1301 840 1330 cap.
853 1304 880 1325 4.

116 1327 251 1357 Claudius
262 1329 369 1365 Augusti
386 1329 538 1366 privignus.
560 1329 628 1358 Hor.
647 1339 668 1357 i.
682 1329 795 1366 Epist.3.
807 1339 833 1359 2.
855 1330 880 1359 ls
895 1330 932 1359 est
943 1330 987 1360 Ti.
1000 1330 1134 1361 Claudius
1149 1330 1235 1366 Nero,

136 1366 183 1402 qui
195 1365 228 1394 ab
242 1367 358 1404 Augusto
369 1367 396 1395 in
410 1367 545 1396 Caesarum
557 1366 690 1396 familiam
702 1367 849 1404 adoptatus
859 1390 866 1403 ,
889 1369 1038 1405 imperium
1050 1369 1167 1406 accepit.

119 1403 218 1433 Claudi
228 1405 327 1433 virtute
338 1404 459 1433 Neronis
468 1405 612 1433 Armenius
624 1405 734 1434 cecidit.
759 1406 824 1434 Hor.
841 1416 863 1434 1.
877 1406 958 1443 Epist.
973 1416 1015 1435 12.
1031 1411 1075 1435 26.

319 1439 499 1478 [κλαύὃιξῷν]
520 1443 632 1480 proprio
643 1443 758 1471 nomine
768 1443 857 1472 dictus
876 1444 977 1473 eirTi.
992 1443 1125 1473 Claudius
1145 1443 1237 1478 Nero,

119 1479 238 1509 Neronis
253 1479 360 1508 Claudii
377 1480 452 1508 Drusi
464 1480 640 1515 Germanici,
666 1481 773 1517 Augusti
785 1481 905 1519 privigni
916 1481 988 1511 filius
1002 1504 1008 1516 ,
1031 1482 1174 1512 Romanus
1183 1482 1238 1510 lin-

119 1523 240 1555 perator,
262 1519 287 1546 &
296 1517 428 1554 Caligula:
437 1524 557 1555 patruus.
600 1518 652 1547 Hic
663 1518 832 1548 Britanniam
844 1519 960 1549 insulam
970 1522 997 1549 in
1009 1520 1184 1549 deditionem
1195 1528 1239 1548 ac-

120 1555 213 1592 cepit,
229 1557 256 1584 Sc
268 1554 389 1584 Orcadas
401 1556 526 1585 Romano
537 1556 640 1591 adjecit
650 1556 779 1594 imperio.
821 1557 957 1587 Postremo
969 1558 1002 1587 ab
1015 1558 1162 1595 Agrippina
1171 1565 1240 1586 uxo-

121 1602 167 1626 re,
187 1600 326 1622 venenato
347 1593 441 1622 boleto
455 1593 575 1623 sublatus
589 1594 645 1628 est,
666 1600 697 1623 ut
717 1594 792 1623 Nero
811 1594 882 1624 filius
901 1596 1020 1633 imperio
1039 1596 1122 1632 potiri
1139 1594 1237 1632 poffet.

120 1630 183 1660 Fuit
197 1632 223 1660 St
239 1630 307 1660 alius
323 1631 471 1666 Claudius,
492 1629 683 1661 Romanorum
696 1631 764 1661 item
780 1632 947 1670 Imperator,
969 1634 1016 1670 qui
1036 1634 1142 1662 Gothos
1154 1632 1241 1670 lllyri-

140 1678 205 1698 cum
223 1669 374 1703 vastantes,
397 1669 471 1698 bello
492 1670 603 1699 adortus
616 1692 623 1705 ,
644 1670 804 1699 incredibili
820 1670 900 1699 clade
918 1670 1063 1709 superavit.
1110 1671 1192 1700 Unde
1209 1671 1240 1699 in

140 1707 217 1736 curia
227 1706 356 1744 clypeum
367 1716 490 1741 aureum,
512 1709 538 1736 δε
550 1708 578 1736 in
588 1708 728 1744 Capitolio
739 1717 846 1737 auream
857 1708 950 1738 sellam
963 1709 1064 1738 habere
1076 1709 1240 1746 promeruit.

139 1744 194 1773 Sed
205 1754 290 1781 quum
306 1745 415 1774 duobus
432 1745 488 1774 fere
507 1746 586 1774 annis
606 1745 781 1783 imperasset,
804 1746 879 1783 apud
891 1747 1035 1784 Smyrnam
1051 1746 1150 1775 morbo
1170 1747 1242 1775 inte·

142 1782 196 1811 riit.
220 1782 248 1811 V.
270 1783 355 1811 vitain
372 1783 431 1818 ejus
442 1782 540 1812 ultimo
553 1782 617 1812 loco
629 1793 644 1812 a
655 1783 797 1812 Trebellio
813 1784 935 1814 Pollione
946 1785 1122 1821 descriptam.

85 1819 135 1848 C-i.
144 1829 161 1848 A
174 1830 192 1848 u
202 1830 219 1848 o
229 1830 239 1848 1
250 1830 269 1848 A
278 1830 299 1849 N
308 1831 326 1849 u
335 1830 347 1850 s
358 1843 366 1854 ‚
387 1831 401 1849 a
410 1843 417 1855 ,
439 1831 494 1850 uni.
526 1821 585 1856 Adj.
609 1828 638 1850 ut
655 1821 807 1850 Claudiana
815 1823 936 1851 tonitrua
946 1822 1167 1860 appellabantur,
1179 1821 1244 1858 quia

124 1856 259 1887 Claudius
271 1858 386 1888 Pulcher
396 1858 521 1893 instituit,
542 1866 573 1888 ut
584 1858 657 1888 ludis
665 1859 724 1896 post
734 1859 843 1888 scenam
854 1859 982 1897 lapidum
998 1860 1186 1896 conjerftusita
1197 1857 1244 1888 fie-

125 1902 166 1924 ret
176 1917 183 1930 ,
205 1904 234 1924 ut
244 1897 301 1925 veri
312 1897 417 1925 tonitru
430 1896 639 1926 liniilitudinein
654 1897 815 1926 imitaretur.
840 1898 941 1928 Festus.

125 1932 310 1963 Claudianum
321 1934 592 1964 Senatusconsultum
606 1956 613 1969 ,
636 1945 722 1964 unum
737 1943 904 1965 memoratur
921 1936 956 1964 de
977 1935 1154 1970 mulieribus,
1183 1943 1244 1972 quae

143 1971 171 2000 se
179 1971 262 2001 servis
272 1973 439 2007 junxerunt.
461 1973 496 2001 de
510 1982 565 2009 quo
576 1972 686 2010 Ulpian.
705 1973 734 2001 in
745 1973 859 2002 institut.
880 1974 954 2003 titul.
970 1985 980 2003 i
990 1984 1011 2003 1.
1032 1975 1058 2003 δι
1069 1973 1142 2003 Paul.
1156 1972 1204 2002 lib.
1215 1984 1243 2008 4.

143 2009 257 2039 Senten.
271 2010 312 2039 tit.
328 2020 369 2038 io.
393 2010 514 2039 Alterum
524 2010 558 2039 de
568 2011 718 2047 quaestione
731 2010 852 2046 familiae,
871 2012 900 2040 iri
914 2011 987 2041 rubr.
1004 2012 1040 2041 de
1051 2010 1190 2041 Senatusc.
1204 2011 1246 2040 Si-

144 2047 345 2114 laasficuud.
368 2047 447 2076 Aliud
457 2048 525 2078 item
536 2048 571 2077 de
585 2049 692 2086 nuptiis
711 2050 1008 2087 quinquagenariorum
1020 2072 1028 2084 ,
1050 2049 1086 2078 de
1104 2059 1158 2086 quo
1180 2049 1244 2087 Ulp.

145 2085 173 2113 in
190 2085 217 2113 in
243 2086 272 2115 it.
286 2086 329 2114 tit.
344 2089 387 2114 16.

90 2122 136 2153 Cr.
146 2132 166 2152 A
175 2133 220 2151 uo
230 2133 239 2151 1
249 2133 268 2152 u
277 2133 289 2152 s
310 2124 332 2152 C
343 2134 358 2151 L
368 2133 387 2152 A
398 2133 416 2152 u
426 2134 444 2152 p
454 2134 462 2152 i
472 2133 491 2152 A
501 2132 522 2152 N
533 2133 570 2153 us
580 2145 588 2158 ,
610 2123 693 2153 Poeta
706 2124 817 2160 insignis
841 2124 948 2154 Arcadii
969 2126 994 2154 Sc
1008 2124 1159 2154 Theodosii
1178 2129 1249 2154 tem.

127 2161 240 2199 poribus
252 2161 360 2190 floruit:
383 2162 470 2198 patria
482 2161 534 2191 fuit
546 2161 746 2191 Alexandrinus
762 2161 928 2191 nobilissima
938 2163 1006 2192 urbe
1017 2163 1138 2200 AEgypti.
1177 2162 1247 2199 Qui-

127 2199 192 2228 dam
204 2198 396 2228 florentinum
408 2199 529 2234 faciunt,
550 2197 597 2228 sed
608 2199 683 2228 falso.
727 2202 857 2229 Auctores
872 2201 959 2229 Graeci
969 2201 1015 2238 qui
1027 2201 1062 2229 de
1072 2201 1155 2230 Poeta
1165 2200 1247 2229 Clau-

127 2237 211 2266 diano
227 2236 390 2275 scripserunt
401 2259 408 2271 ,
430 2237 646 2267 Alexandrinum
657 2238 815 2275 appellant:
839 2240 864 2267 Sc
875 2240 972 2267 anaor
987 2238 1042 2275 ipse
1054 2237 1151 2268 Nilum
1168 2237 1248 2268 suum

127 2281 219 2304 vocat.
259 2275 375 2312 Ingenio
384 2275 534 2304 excellenti
542 2275 611 2310 fuit,
633 2277 809 2312 maximeque
817 2283 882 2314 apto
898 2276 933 2305 ad
951 2285 1061 2305 carmen
1074 2285 1247 2313 componen-

127 2313 206 2342 dum.
247 2312 319 2342 Nam
331 2313 617 2350 &allurgitfeliciter,
637 2313 769 2351 variisque
783 2313 875 2351 figuris
887 2336 895 2348 ‚
918 2324 950 2343 ac
967 2313 1111 2344 sententiis
1128 2312 1250 2343 mirifice

103 2384 109 2389 ᾖ
129 2350 258 2380 delectat.
299 2350 334 2380 Hi
349 2351 407 2386 ejus
419 2351 508 2380 versus
519 2352 687 2389 praecipuam
697 2351 807 2380 laudem
828 2358 991 2381 meruerunt
1003 2373 1011 2387 ,
1033 2362 1102 2389 quos
1120 2352 1155 2380 de
1166 2351 1250 2381 laude

129 2389 156 2418 δι
169 2389 284 2456 victori}
293 2389 427 2455 principis
438 2389 692 2419 Theodosiicontra
703 2389 859 2427 Eugenium
874 2389 1018 2419 Gallorum
1028 2399 1122 2427 regem
1133 2389 1247 2428 scripsit.

130 2433 264 2456 meminit?
287 2436 313 2456 ui
338 2436 373 2455 as.

76 2485 79 2487 >
93 2463 117 2494 C
125 2475 142 2493 L
152 2474 171 2493 A
181 2475 197 2493 υ
208 2474 226 2493 ι)
236 2474 253 2494 o
263 2486 271 2499 ,
292 2464 310 2493 si
321 2487 328 2499 ,
350 2465 409 2493 sum
418 2485 425 2498 ,
447 2464 541 2500 [zaetas
551 2485 559 2500 ‚
577 2464 739 2500 ωπκλεὶω]
761 2466 815 2495 ere.
838 2465 970 2503 fignificat
983 2464 1140 2501 Includere,
1160 2465 1252 2504 inquit

129 2502 249 2532 Nonius.
271 2502 344 2539 Virg.
360 2512 384 2538 3.
398 2502 496 2538 Georg.
510 2512 574 2538 ²¹4-

210 2541 264 2569 Aut
271 2541 346 2569 intus
355 2539 459 2569 clausos
469 2540 556 2570 satura
566 2539 600 2570 ad
609 2539 737 2578 praesepia
747 2540 862 2569 servant.

129 2577 267 2608 Claudere
285 2580 310 2608 8<
322 2577 412 2608 Clavis
424 2588 457 2607 ex
472 2578 569 2607 Graeco
587 2578 775 2613 descendunt,
796 2579 876 2614 cuius
898 2577 937 2607 rei
955 2578 1071 2608 tutelam
1088 2587 1174 2617 penes
1188 2577 1253 2608 Por-

150 2622 279 2645 tumnum
293 2616 347 2645 eii'e
363 2617 516 2654 putabant,
537 2617 584 2654 qui
599 2615 699 2645 clavim
720 2626 804 2646 manu
823 2622 919 2646 tenere
939 2616 1114 2655 fingebatur,
1136 2618 1163 2646 &
1183 2617 1253 2647 deus

149 2654 299 2691 putabatur
308 2653 362 2683 effe
373 2661 524 2691 portarum.
557 2654 624 2683 Haec
639 2654 737 2683 Festus.

73 2727 75 2729 Ι
130 2691 269 2722 Claudere
283 2690 467 2725 &Reserare.
488 2693 633 2722 contraria.
674 2691 742 2720 Plin.
755 2691 802 2721 lib.
821 2701 862 2721 io.
880 2701 942 2729 cap.
955 2701 1000 2721 22.
1032 2691 1254 2730 Domosqueipsi

150 2729 210 2760 suas
220 2729 355 2760 claudunt
366 2736 412 2758 aut
422 2730 547 2759 reserarit.
586 2729 730 2759 Translate
753 2729 811 2759 Cic.
824 2739 850 2758 2.
861 2729 919 2758 Off.
935 2740 978 2765 54.
1002 2730 1061 2759 Nec
1071 2731 1109 2759 ita
1121 2730 1253 2760 clauden.

151 2768 187 2798 da
201 2768 239 2797 est
249 2778 292 2797 res
301 2767 443 2797 familiaris
456 2790 464 2803 ,
485 2774 516 2797 ut
526 2778 586 2797 eam
598 2768 752 2805 benignitas
764 2768 870 2806 aperire
878 2777 935 2796 non
945 2767 1045 2805 possit:
1070 2777 1123 2798 nec
1134 2771 1173 2798 ita
1184 2767 1256 2798 rese-

152 2807 238 2836 randa
249 2828 256 2842 ,
277 2812 307 2835 ut
315 2812 408 2843 pateat
418 2805 557 2835 omnibus.

132 2842 261 2874 Externis
275 2844 304 2873 in
315 2845 370 2873 oris
383 2843 522 2873 clauditur
531 2843 564 2873 ab
574 2843 650 2873 hoste
661 2843 749 2873 miles.
771 2842 874 2873 Lucan.
887 2842 935 2872 lib.
952 2852 976 2873 1.
992 2852 1023 2879 51
1031 2852 1055 2879 ς.

475 2897 513 2903 —-
521 2891 606 2918 quum
617 2881 720 2919 pressus
730 2880 764 2909 ab
774 2880 852 2910 hoste

213 2918 357 2948 Clauditur
367 2919 488 2949 externis
499 2919 579 2949 miles
593 2919 736 2949 Romanus
750 2920 779 2947 in
792 2919 855 2947 oris.

133 2957 174 2987 Ad
187 2957 278 2987 exitus
289 2957 392 2993 zdiqiiid
403 2956 524 2987 clausum
533 2957 596 2987 ess'e.
637 2957 696 2987 Cic.
707 2968 732 2993 7.
746 2957 818 2986 Verr.
834 2966 877 2993 57.
911 2955 989 2986 Nihil
1006 2961 1062 2985 tam
1079 2956 1202 2986 clausum
1218 2957 1255 2986 ad

153 2995 243 3025 exitus
257 3016 264 3029 ,
287 2995 357 3024 nihil
371 3002 425 3024 tam
438 2995 546 3033 septum
557 2995 698 3032 undique,
718 2993 790 3024 nihil
801 3001 858 3025 tam
878 2999 970 3024 tutum
991 2994 1026 3023 ad
1045 2995 1182 3024 custodias
1200 3003 1254 3024 nec

153 3033 212 3062 fieri
228 3054 236 3067 ,
258 3042 310 3062 nec
319 3033 432 3070 cogitari
445 3033 534 3071 potest
546 3055 554 3067 ‚
574 3035 625 3063 διε.

98 3096 101 3097 .
135 3070 249 3101 Clausus
260 3080 293 3100 ex
304 3072 381 3099 omni
394 3071 481 3101 aditu.
519 3071 577 3100 Cic.
589 3081 638 3109 pro
651 3070 723 3107 Lege
735 3069 830 3099 Manil.
844 3079 890 3099 21.
917 3069 1141 3107 Patefastumque
1158 3070 1256 3100 nostris

152 3108 308 3146 legionibus
318 3109 553 3145 eisel'onttim‚qui
564 3116 628 3138 ante
637 3108 836 3146 Pop.R0mano
847 3118 881 3137 ex
889 3108 967 3137 omni
975 3108 1051 3138 aditu
1061 3107 1167 3138 clausus
1177 3108 1253 3139 effet.

133 3146 167 3177 In
174 3146 318 3184 angustum
330 3146 431 3176 claudi.
453 3147 538 3176 Ovid.
560 3156 601 3183 ¹3-
615 3146 684 3176 Met.
696 3155 759 3183 407.

227 3184 337 3221 Longus
348 3186 375 3213 iri
384 3185 526 3221 angustum
537 3194 589 3222 qua
601 3183 738 3215 clauditur
749 3183 957 3222 Hellespontus.

133 3220 167 3252 In
178 3223 271 3251 antris.
294 3222 377 3251 Ovid.
397 3233 417 3251 1.
436 3223 504 3252 Met.
519 3226 582 3252 262.

134 3259 167 3290 In
184 3269 246 3289 arca
257 3259 371 3290 clausus.
393 3260 458 3290 Hor.
473 3269 498 3289 2.
510 3260 596 3290 Serm.
609 3270 634 3298 7.
647 3270 690 3297 59.

136 3297 169 3327 In
176 3298 265 3327 tectis.
288 3298 370 3327 Ovid.
386 3307 409 3334 3.
424 3298 492 3327 Met.
505 3302 569 3333 698.

137 3334 262 3365 Carcere.
284 3335 367 3365 Ovid.
383 3346 405 3365 1.
418 3336 452 3365 de
466 3336 543 3365 Pone.
557 3339 583 3366 6.
601 3344 645 3373 37.

138 3372 254 3403 Carcere
265 3375 291 3403 ἃ
305 3373 430 3404 vinculis.
454 3373 542 3403 Valer.
555 3383 578 3403 ι.
592 3375 692 3411 Argon.
706 3375 770 3403 602.

139 3410 254 3441 Carcere
263 3419 418 3440 ventorum.
441 3411 511 3449 Virg.
528 3422 551 3441 1.
567 3412 628 3442 AEn.
644 3421 705 3447 14¹·

140 3446 228 3478 Muris
241 3448 476 3484 clausaiuventus.
498 3449 599 3479 Lucan.
615 3449 663 3479 lib.
681 3459 705 3485 3.
723 3450 787 3485 446.

139 3485 240 3558 ΡὲΙαςᾶἰ
249 3483 373 3559 εΙειέιὲὶὶε,
394 3488 412 3516 i.
424 3497 448 3517 e.
470 3486 542 3516 Mari
553 3487 721 3525 impeditus,
743 3496 778 3516 ne
792 3482 996 3524 poffitulterius
1007 3484 1144 3523 progredi.
1169 3485 1256 3517 ovid.

181 3547 185 3553 .
243 3531 279 3554 et.
330 3536 352 3561 ς.

97 3599 99 3601 ¹
140 3559 227 3592 Terra
237 3564 360 3600 marique
372 3561 485 3592 clausus.
508 3562 579 3592 Hirt.
592 3561 659 3591 Bell.
673 3562 726 3592 Afr.
740 3570 784 3598 93.

141 3600 387 3667 Apitusdclaudere.
428 3601 486 3630 Cic.
502 3610 525 3630 1.
540 3600 658 3638 Philipp.
673 3609 717 3636 25-
739 3600 840 3629 Forum
851 3597 970 3635 sepietur
981 3619 990 3634 ‚
1011 3606 1109 3627 omnes
1126 3597 1262 3631 clauden.

174 3648 204 3667 ur
216 3648 230 3666 a
253 3646 315 3667 itus.

143 3675 241 3705 Aditus
254 3676 288 3704 ad
298 3675 411 3705 vulnera
424 3675 562 3705 claudere.
583 3675 649 3704 Stat.
664 3678 689 3704 6.
702 3674 793 3704 Theb.
806 3683 870 3710 749-

99 3717 102 3720 ·
144 3714 270 3742 Animam
280 3713 359 3742 dolor
368 3714 471 3743 clausit.
494 3713 595 3743 Lucan.
604 3712 682 3746 libs.
691 3723 731 3747 <9-
751 3713 769 3741 i.
782 3722 805 3741 e.
828 3712 886 3742 Prae
894 3710 991 3741 dolore
1001 3710 1136 3741 exanimis
1145 3711 1261 3743 cecidit.

143 3751 273 3780 Animam
286 3750 384 3788 laqueo
394 3751 531 3781 claudere.
554 3751 637 3780 Ovid.
652 3760 677 3786 7.
690 3750 758 3779 Met.
767 3754 832 3785 604.

145 3789 250 3818 Animae
260 3789 303 3817 via
313 3789 412 3825 laqueo
422 3789 519 3819 clausa.
542 3789 626 3818 Ovid.
637 3788 666 3817 in
678 3788 738 3818 Ibin
751 3809 759 3821 ,
775 3798 837 3831 550.

145 3827 249 3894 Λὲιίηὲε
258 3825 354 3856 clausae
367 3826 489 3858 tenebris
499 3849 507 3863 ,
528 3828 672 3857 &carcere
680 3835 764 3856 caeco.
786 3835 803 3855 i.
823 3833 848 3855 e.
870 3822 984 3855 inclusae
1000 3824 1172 3863 corporibus.
1185 3825 1260 3865 Virg.

186 3887 192 3893 .
242 3874 268 3892 n.
280 3872 343 3900 734.

147 3901 268 3939 Campus
279 3900 393 3931 elausus.
428 3901 515 3935 Catul.
529 3905 574 3932 66.
587 3905 632 3938 67.

241 3939 264 3968 ls
280 3938 400 3968 clausum
410 3939 465 3968 lato
475 3940 607 3977 patefecit
620 3938 709 3967 limite
720 3944 859 3975 campum.

91 3996 94 3997 ν
149 3976 248 4008 Cursus
259 3976 350 4006 effedo
359 3976 465 4008 clausus
474 3979 545 4009 intra
554 3977 651 4008 limen.
674 3975 913 4006 Martial.lib.12.
933 3982 976 4011 57.

202 4014 286 4046 Vnt..
325 4014 347 4046 I.

1721 152 1750 188 C
1848 153 1876 188 L
1974 153 2002 188 A

1308 238 1422 269 Domus.
1449 235 1522 273 Virg.
1540 244 1563 271 3.
1580 235 1638 264 liin.
1651 243 1715 270 213.

1421 291 1457 295 —
1469 274 1581 303 Phineia
1594 273 1736 310 postquam
2154 271 2238 302 ovid.
2251 277 2275 307 8.
2289 273 2357 303 Met.
2368 278 2431 311 629.

1402 313 1483 342 Mille
1497 312 1596 340 domos
1610 310 1731 340 clausere
1744 310 1816 339 serre.

1310 351 1418 380 Domus
1429 350 1518 379 clausa
1531 349 1629 385 pudori
1648 350 1674 378 Sc
1690 348 1888 377 sanc‘timoniae.
1929 348 1987 376 Cic.
2002 357 2052 384 pro
2067 346 2165 383 Quint.
2182 357 2225 382 9³-
2258 348 2322 377 Non
2337 349 2438 379 lizibere

1331 388 1446 416 domum
1462 386 1580 415 clausam
1598 387 1699 423 pudori
1719 388 1745 415 St
1762 385 1950 415 sanctimonia:
1965 407 1972 420 ‚
1994 394 2137 423 patentem
2151 391 2235 421 atque
2249 386 2319 415 adeo
2334 388 2440 424 exposi-

1332 432 1389 454 tam
1403 424 1548 461 cupiditati
1562 425 1587 452 Sc
1599 423 1798 461 voluptatibus.

1311 462 1421 492 Domus
1435 461 1522 491 clausa
1535 467 1633 490 contra
1644 461 1829 498 cupiditatem
1840 462 1865 490 St
1876 460 2021 490 audaciam
2032 461 2158 496 alicujus.
2181 460 2239 490 Cic.
2251 469 2278 497 7.
2303 461 2377 490 Verr.
2392 467 2437 498 38.

1314 500 1389 529 Enl'is
1402 499 1506 528 clausus
1518 521 1525 531 ,
1548 498 1729 527 Reconditus.
1754 499 1856 527 Lucan.
1870 498 1916 527 lib.
1931 509 1955 532 ς.
1969 509 2032 533 245.

1314 538 1426 567 Exitum
1436 536 1573 565 claudere.
1596 536 1654 564 Cic.
1670 546 1695 572 9.
1709 538 1760 565 Att.
1777 542 1818 570 18.
1830 536 1967 565 Claudere
1978 536 2044 565 mihi
2057 535 2166 565 videtur
2174 536 2328 566 maritimos
2336 537 2437 566 exitus.

1316 575 1449 605 Fenestrae
1458 583 1519 611 pars
1531 574 1662 609 adaperta
1674 596 1681 605 .
1702 584 1763 611 pars
1774 573 1872 603 clausa.
1895 574 1979 603 Ovid,
1996 585 2018 602 1.
2035 575 2123 603 Amor.
2144 584 2167 607 ς.
2182 583 2206 609 3.

1315 612 1439 642 Flamina
1449 610 1555 644 clausa,
1578 611 1647 646 Quae
1659 611 1696 639 est
1710 612 1739 639 in
1749 611 1868 641 clibano.
1892 611 1980 640 Valer.
1994 611 2043 640 lib.
2056 621 2082 641 2.
2097 612 2195 646 Argon.
2208 617 2270 646 338.

1410 649 1473 678 Nox⁷
1485 648 1561 676 dabit
1572 647 1629 684 ipsa
1641 648 1734 682 fidem,
1756 648 1852 678 clausae
1867 658 1952 686 quum
1961 659 2102 678 murmura
2111 649 2247 685 fiammae,

1415 685 1521 722 Hospes
1532 707 1539 720 ,
1562 687 1588 714 δε
1601 685 1710 714 incuss'ae
1721 686 1840 715 sonitum
1851 687 1986 716 mirabere
1998 687 2097 716 maffae.

1318 725 1402 755 Fores
1413 723 1535 752 cubiculi
1547 722 1685 754 claudere.
1709 723 1768 753 Cic.
1785 735 1808 759 ς.
1822 724 1902 753 Tusc.
1917 734 1960 759 59.

1317 763 1421 798 Fugam
1437 761 1518 789 alicui
1531 760 1670 789 claudere.
1710 761 1768 790 Liv.
1783 771 1808 798 7.
1820 761 1887 790 Bell.
1903 761 1968 790 Pun.
2002 761 2043 791 Ad
2058 761 2087 790 id
2105 762 2163 791 fore
2179 760 2355 798 altitudines,
2377 772 2445 800 quas

1338 797 1472 837 cepiffent
1490 798 1630 832 hostibus,
1659 804 1690 826 ut
1708 808 1756 836 per
1773 799 1925 836 princip-itia
1951 801 1977 829 ἃ
1995 805 2131 837 praerupta
2152 799 2279 830 salientes
2299 801 2442 838 fugerent:

1337 847 1399 866 eam
1411 845 1522 871 quoque
1533 835 1559 864 se
1570 834 1625 864 illis
1638 835 1731 871 fugam
1743 835 1906 865 clausurum.

1319 875 1424 912 Fugam·
1440 873 1563 903 custodia
1575 872 1687 902 claudit.
1712 873 1795 902 Ovid.
1806 877 1830 902 6.
1849 874 1916 903 Met.
1930 883 1992 911 572.

1322 913 1421 943 Hiatus
1432 934 1438 943 .
1471 910 1639 940 Occludere.
1661 910 1783 948 Propert.
1799 911 1848 940 lib.
1863 920 1888 946 3.
1904 921 1945 940 ιι.
1965 921 2006 941 ir.

1403 948 1582 984 Custodisque
1603 947 1677 977 feros
1691 949 1787 978 clausit
1796 948 1932 986 serpentis
1940 949 2041 978 hiatus.

1324 987 1433 1018 Hoedos
1445 986 1582 1015 claudere.
1606 986 1689 1014 Ovid.
1703 995 1724 1020 3.
1738 986 1806 1015 Fast.
1821 992 1884 1022 879.
1921 987 1966 1016 Sic
1978 988 2050 1016 infra
2059 987 2160 1024 Pecus,
2181 988 2320 1020 Armenta.

1321 1026 1411 1062 Janua
1423 1024 1478 1053 sera
1493 1023 1638 1052 clauditur.
1667 1023 1752 1053 sibul.
1769 1024 1815 1052 lib.
1835 1034 1856 1053 ι.
1868 1033 1894 1053 2.
1908 1028 1934 1053 6.

1416 1062 1563 1092 Clauditur
1578 1064 1601 1090 <ic
1610 1061 1680 1090 dura
1692 1063 1770 1095 ianua
1783 1061 1861 1091 firma
1871 1061 1937 1091 sera.

1323 1101 1441 1137 Januam
1454 1099 1665 1128 belliclaudere.
1690 1100 1735 1128 ⁴wil.
1752 1100 1798 1128 lib.
1819 1109 1858 1135 ¹7-
1876 1103 1937 1134 156.

1418 1138 1458 1166 Ad
1470 1137 1554 1166 finem
1571 1145 1685 1166 ventum
1697 1159 1705 1172 ,
1727 1139 1753 1167 ἃ
1765 1137 1922 1167 claudenda
1933 1137 1970 1167 est
1979 1138 2062 1174 janua
2074 1137 2152 1168 belli.

1324 1176 1380 1206 Iter
1389 1176 1472 1205 alicui
1482 1175 1620 1204 claudere.
1645 1175 1729 1204 Ovid.
1745 1181 1770 1209 8.
1788 1175 1857 1205 Met.
1875 1183 1936 1212 543.

1325 1215 1381 1245 lter
1393 1215 1475 1243 vocisv
1503 1212 1618 1241 Martial.
1638 1212 1676 1241 lib
1706 1223 1746 1242 ii.
1762 1222 1805 1245 ω..

1418 1252 1473 1281 Sed
1484 1260 1558 1279 niors
1569 1251 1646 1279 vocis
1657 1252 1708 1279 iter
1719 1251 1878 1288 properavit
1888 1250 2018 1280 claudere
2031 1250 2142 1281 blandae
2152 1273 2161 1287 ‚
2177 1252 2230 1282 ἃς.

1325 1289 1445 1320 Lumina
1457 1289 1588 1317 morienti
1601 1288 1739 1317 claudere.
1765 1289 1881 1318 Martial.
1895 1289 1942 1318 lib.
1954 1299 1997 1318 10.
2011 1293 2056 1323 62.

1419 1327 1553 1364 Quinque
1566 1327 1644 1355 dedit
1659 1337 1759 1363 pueros
1772 1350 1778 1359 ,
1802 1328 1921 1356 totidem
1935 1327 2003 1356 mihi
2021 1327 2096 1362 June
2112 1327 2235 1365 puellas:

1457 1364 1619 1393 Clauserunt
1633 1374 1729 1393 omnes
1743 1365 1848 1394 lumina
1860 1366 1949 1393 nostra
1961 1374 2068 1393 manus.
2147 1365 2204 1394 Nisi
2219 1365 2289 1395 forte
2303 1365 2456 1404 legendum

1346 1402 1501 1433 Manuhe.
1510 1402 1625 1431 iiiortuae
1636 1402 1702 1430 inihi
1713 1402 1870 1433 clauserunt
1879 1402 2016 1436 oculos‚&
2025 1402 2391 1440 supervixerunt.V.Oculos
2400 1408 2454 1436 otc.

1326 1439 1445 1508 Lumiffii
1453 1442 1567 1469 noctem
1580 1439 1609 1468 in
1619 1447 1750 1469 aeternam
1762 1441 1929 1470 clauduntur
1939 1462 1948 1476 ,
1971 1441 2084 1469 Dictum
2095 1441 2144 1469 ubi
2156 1442 2216 1477 quis
2228 1443 2356 1472 moritur.
2382 1443 2456 1481 Virg.

1354 1489 1396 1507 10.
1429 1479 1467 1506 *n.
1484 1482 1548 1514 7⁴⁶·

1326 1516 1409 1546 Mare
1421 1516 1554 1545 clausum.
1576 1515 1634 1546 Cic.
1646 1524 1671 1544 2.
1683 1515 1718 1552 Q
1732 1515 1792 1546 frat.
1808 1527 1831 1552 ς.
1845 1515 1920 1545 Tuas
1932 1516 2048 1545 mirifice
2060 1515 2164 1545 litteras
2176 1518 2306 1552 expecto.
2319 1524 2402 1555 atque
2411 1519 2459 1548 ad.

1349 1554 1404 1583 huc
1417 1553 1539 1583 clausurn
1549 1563 1623 1582 mare
1632 1554 1710 1582 fuisse
1719 1554 1790 1583 seio:
1814 1554 1859 1583 sed
1873 1554 2005 1591 quosdam
2014 1553 2116 1583 venisse
2127 1561 2219 1582 tamen
2232 1555 2365 1585 dicebant
2375 1578 2383 1590 ,
2403 1559 2456 1587 &c.

1327 1591 1437 1622 Moenia
1445 1591 1535 1621 clausa
1546 1592 1677 1621 dicuntur
1689 1601 1744 1619 non
1755 1592 1806 1625 iam
1819 1599 1912 1629 tegere
1922 1593 2039 1629 aliquos,
2061 1601 2147 1629 quum
2156 1592 2287 1629 adempta
2300 1594 2338 1622 est
2352 1604 2396 1623 ara
2408 1596 2459 1623 nii-

1349 1630 1520 1663 sericordiae,
1544 1639 1597 1659 nec
1606 1629 1643 1659 est
1656 1629 1743 1658 ullum
1758 1630 1916 1667 perfugium
1930 1631 1959 1658 in
1982 1630 2090 1664 castris,
2115 1629 2252 1667 siquidem
2273 1631 2345 1661 intra
2363 1642 2459 1662 muros

1352 1668 1438 1697 hostis
1450 1667 1569 1696 insultat.
1595 1668 1635 1697 Ex
1648 1668 1752 1696 Servio.
1777 1668 1848 1704 Virg.
1868 1679 1906 1696 io.
1928 1667 1984 1696 ffin.
2001 1677 2043 1696 22.

1530 1715 1632 1734 -non
1648 1704 1737 1734 clausa
1746 1712 1846 1743 tegunt
1857 1707 1911 1742 jam
1922 1707 2028 1734 inoeiiia
2039 1705 2175 1735 Teucros.

1330 1743 1438 1773 Oculos
1452 1743 1536 1772 morti
1548 1743 1670 1773 clausura
1683 1744 1788 1773 dextra.
1813 1744 1913 1773 Lucan.
1930 1743 1977 1772 lib.
1993 1754 2016 1779 5.
2030 1750 2093 1777 280.

1413 1782 1500 1818 Atque
1516 1781 1614 1810 oculos
1634 1782 1716 1810 morti
1736 1781 1888 1811 clausuram
1909 1791 2030 1817 quaerere
2054 1782 2189 1810 dextram.

1351 1819 1411 1854 Jam
1420 1820 1476 1855 jam
1487 1820 1620 1848 morituro
1630 1841 1638 1854 ,
1659 1819 1703 1847 vel
1716 1820 1853 1849 morienti.
1896 1819 1973 1848 Ritus
1984 1827 2067 1849 notus
2081 1819 2127 1848 est.

1331 1858 1474 1895 Olympus
1485 1857 1593 1886 clausus
1604 1879 1612 1892 ,
1634 1857 1735 1886 dicitur
1747 1857 1844 1893 Quum
1856 1858 1894 1887 est
1905 1867 1973 1886 nox.
2014 1858 2086 1887 Nam
2095 1858 2193 1887 dicunt
2202 1865 2293 1895 poetae
2305 1859 2403 1889 caelum
2412 1869 2462 1898 pet

1352 1897 1467 1924 noctem
1484 1894 1594 1929 claudi,
1619 1895 1644 1924 ἅ
1659 1896 1758 1932 aperiri
1773 1905 1823 1933 per
1835 1896 1919 1924 diem.
1944 1896 2016 1933 Virg.
2034 1905 2056 1925 1.
2072 1895 2134 1925 AEn.
2148 1901 2209 1932 378.

1418 1935 1484 1962 Ante
1498 1933 1572 1962 diem
1583 1931 1675 1961 clauso
1686 1940 1840 1970 componet
1851 1931 1951 1970 Vesper
1966 1933 2100 1971 Olympo.
2183 1934 2302 1965 Servius.

1334 1970 1392 2000 Ora
1402 1970 1543 2007 loquentis
1556 1970 1805 2008 clauseruntaquae.
1829 1971 1911 2001 Ovid.
1924 1980 1949 1999 2.
1967 1971 2003 2000 de
2015 1972 2078 2000 Arte
2094 1971 2152 2000 Am.
2167 1981 2211 2007 92.

1335 2009 1419 2038 Orbis
1431 2016 1565 2038 terrarum
1578 2009 1672 2037 claudi
1682 2009 1715 2037 iis
1727 2009 1844 2044 dicitur,
1867 2009 1923 2045 Qii
1933 2016 1995 2038 toto
2008 2008 2152 2047 pelluntur
2171 2009 2240 2040 orbe
2251 2031 2262 2047 ,
2283 2009 2464 2049 hospitiisque

1355 2047 1487 2076 omnibus
1497 2047 1690 2084 prohibentur.
1715 2046 1788 2084 Virg.
1804 2057 1826 2076 i.
1842 2047 1904 2077 AEn.
1917 2056 1980 2084 2³7·

1418 2084 1496 2122 Quid
1513 2084 1598 2114 Troes
1612 2091 1728 2121 potuere
1739 2106 1747 2119 ,
1768 2085 1868 2122 quibus
1879 2091 1922 2114 tot
1935 2085 2033 2114 funera
2045 2083 2133 2121 paffia

1417 2123 1540 2152 Cun6tus
1550 2122 1586 2151 ob
1600 2122 1707 2151 ltaliam
1717 2129 1849 2152 terrarum
1860 2122 1998 2152 clauditur
2008 2121 2101 2151 orbis‘?

1336 2159 1395 2189 Ore
1412 2160 1441 2189 in
1452 2160 1544 2189 clauso
1554 2166 1648 2189 tenere
1660 2160 1783 2197 linguam
1794 2182 1802 2196 ,
1824 2160 1920 2191 Silere.
1943 2160 2034 2190 Catul.
2050 2169 2094 2197 53.
2112 2165 2156 2196 18.

1337 2198 1416 2228 Ostia
1426 2197 1564 2227 claudere.
1589 2197 1678 2227 Catul.
1696 2208 1738 2233 59.
1753 2207 1816 2233 231.

1432 2236 1561 2265 Claudite
1570 2236 1638 2265 ostia
1652 2236 1771 2273 virgines
1783 2258 1792 2270 ,
1905 2234 2030 2265 Lusimus
2046 2234 2118 2266 satis.

1338 2273 1426 2304 Patria
1438 2273 1527 2303 clausa
1543 2274 1581 2303 est
1592 2273 1698 2302 misero.
1723 2274 1807 2303 Ovid.
1820 2285 1846 2309 4.
1857 2274 1893 2303 de
1901 2273 1979 2303 Pont.
1993 2279 2019 2308 8.
2030 2279 2076 2310 85.

1338 2312 1425 2342 Pecus
1443 2312 1573 2341 claudere
1583 2312 1666 2341 textis
1678 2312 1808 2342 cratibus.
1833 2312 1897 2341 Hor.
1917 2312 2005 2350 Epod.
2023 2321 2048 2341 2.
2060 2322 2108 2348 45.

1339 2350 1463 2380 Pecudes
1476 2350 1606 2379 claudere
1620 2350 1649 2378 in
1658 2350 1750 2387 aliquo
1760 2349 1833 2379 loco.
1859 2350 1929 2387 Virg.
1949 2359 1970 2384 z.
1989 2349 2050 2379 AEn.
2061 2353 2127 2385 642.

1432 2388 1505 2417 Nam
1516 2388 1603 2424 qualis
1616 2389 1788 2425 quantusque
1799 2397 1867 2417 cavo
1878 2388 2066 2426 Polyphemus
2075 2388 2104 2417 in
2121 2393 2201 2418 antm

1432 2426 1580 2463 Lanigeras
1592 2425 1698 2455 claudit
1712 2426 1843 2463 pecudes.

1337 2462 1461 2494 Pecudes
1472 2465 1632 2493 innumeras
1641 2464 1787 2499 claudere,
1809 2472 1876 2502 apes
1886 2485 1895 2498 ‚
1915 2473 2046 2501 gregesve
2055 2463 2174 2499 dicitur,
2194 2463 2252 2501 Qui
2261 2464 2362 2496 harum
2371 2473 2464 2496 rerum

1357 2503 1539 2532 multitudine
1550 2502 1588 2531 est
1598 2502 1724 2539 adprime
1737 2503 1823 2532 dives.
1847 2500 1935 2530 Valet.
1952 2512 1971 2529 1.
1994 2503 2091 2539 Argon.
2109 2511 2172 2538 395.

1338 2539 1453 2570 Penates
1465 2540 1563 2575 clausi,
1585 2540 1603 2568 i.
1615 2549 1638 2568 e.
1663 2540 1744 2569 lEdes
1755 2539 1858 2569 clausae.
1880 2539 1928 2568 Sil.
1941 2538 1988 2568 lib.
2006 2551 2015 2567 1
2026 2549 2047 2568 i.
2061 2545 2124 2574 228.

1421 2579 1445 2607 Ν
1449 2588 1486 2606 on
1496 2577 1576 2607 illuni
1588 2577 1652 2614 fuga
1661 2599 1669 2612 ,
1691 2587 1749 2607 non
1759 2578 1841 2608 clausi
1853 2577 2002 2607 occuluere
2010 2584 2136 2615 penates.

1340 2615 1427 2646 Portae
1442 2615 1549 2646 clausae.
1573 2615 1656 2645 Ovid.
1675 2625 1698 2652 3.
1713 2615 1783 2645 Met.
1800 2621 1861 2652 385.

1340 2653 1428 2684 Portae
1443 2653 1510 2683 belli
1521 2653 1698 2683 clauduntur.
1724 2654 1797 2691 Virg.
1810 2664 1831 2683 1.
1844 2654 1904 2684 AEn.
1921 2659 1985 2688 298.

1533 2692 1644 2720 ——dirae
1657 2692 1732 2720 ferro
1745 2693 1772 2721 δι
1784 2692 1966 2729 compagibus
1976 2692 2058 2721 arstis

1420 2728 1593 2760 Claudentur
1604 2729 1669 2758 belli
1679 2736 1772 2767 portae.
1869 2731 1886 2759 i.
1899 2739 1922 2759 e.
1946 2730 2033 2767 Quod
2044 2729 2121 2759 idem
2131 2727 2217 2767 paulo
2228 2734 2293 2759 ante
2303 2728 2384 2758 dixit.

1420 2768 1521 2806 Aspera
1530 2775 1589 2797 turn
1601 2767 1693 2804 positis
1705 2767 1851 2797 mitescent
1867 2767 1966 2797 saecula
1983 2767 2071 2797 bellis.
2155 2767 2232 2797 conf.
2261 2768 2379 2803 Januam
2398 2765 2466 2796 belli

1358 2805 1500 2836 claudere.
1541 2804 1662 2834 Allusum
1677 2806 1711 2834 ad
1721 2805 1783 2841 jani
1794 2806 1899 2843 gemini
1910 2812 2011 2844 portas.
2035 2805 2064 2833 V.
2088 2805 2162 2835 Serv.

1340 2843 1495 2874 Provincia.
1521 2842 1669 2880 Tanquam
1678 2844 1754 2872 enim
1762 2843 1852 2873 clausa
1866 2844 1922 2873 Asia
1931 2844 1970 2879 sit,
1980 2843 2017 2873 sic
2026 2843 2096 2872 nihil
2108 2843 2242 2881 perfertur
2251 2842 2286 2872 ad
2299 2852 2360 2876 nos,
2369 2848 2468 2880 praetet

1360 2891 1484 2912 rumores
1495 2881 1530 2911 de
1541 2881 1669 2919 oppreffo
1681 2881 1838 2911 Dolabella.
1859 2882 1918 2911 Cic.
1934 2891 1975 2911 12.
1989 2882 2061 2910 Fam.
2072 2892 2096 2916 9.

1340 2919 1461 2958 Pupulas
1471 2919 1505 2948 ad
1516 2919 1685 2948 claudendas
1694 2921 1720 2949 8(
1730 2920 1893 2956 aperiendas
1906 2921 1983 2949 fac‘tae
1994 2919 2139 2957 palpebrae.
2151 2918 2241 2948 Cic.2.
2256 2917 2292 2946 de
2302 2918 2366 2947 Nat.
2380 2918 2465 2948 Deor.

1363 2967 1424 2993 14²·
1444 2957 1651 2995 Palpebraeque,
1673 2967 1734 2995 quae
1748 2957 1811 2987 sunt
1825 2964 1966 2996 tegmenta
1977 2957 2131 2990 oculorum,
2153 2955 2318 2985 moiliss‘imae
2326 2957 2411 2990 tactu,
2430 2965 2467 2985 ne

1361 2995 1497 3025 laederent
1506 2996 1593 3024 aciem
1601 3017 1610 3029 ,
1631 2995 1768 3032 aptiffime
1777 2996 1865 3031 factae,
1884 2997 1910 3025 ὃς
1921 2996 1955 3025 ad
1967 2996 2139 3026 claudendas
2148 2993 2267 3032 pupulas
2279 3004 2314 3024 ne
2323 2994 2390 3033 quid
2398 2994 2469 3024 inci-

1363 3034 1463 3068 deret,
1486 3033 1557 3063 &ad
1572 3034 1746 3070 aperiendas.

1343 3071 1464 3102 Ramum
1475 3079 1523 3102 aut
1531 3071 1658 3101 arborem
1669 3071 1773 3101 umbrae
1783 3071 1926 3101 claudunt.
1948 3071 2022 3109 Virg.
2033 3074 2059 3101 6.
2079 3070 2142 3100 AEn.
2156 3078 2218 3106 139.

1631 3124 1668 3130 -—
1677 3109 1752 3138 hunc
1761 3111 1830 3147 tegit
1840 3110 1931 3139 omnis

1425 3146 1534 3177 Lucus:
1558 3148 1583 3177 &
1595 3146 1717 3176 obscuris
1726 3147 1860 3178 claudunt
1869 3146 2043 3177 convallibus
2055 3144 2168 3175 umbrae.

1346 3185 1432 3216 Rivos
1441 3185 1578 3215 claudere.
1603 3185 1674 3223 Virg.
1687 3195 1711 3220 3.
1726 3185 1782 3215 Ecl.
1800 3195 1860 3215 ixi.

1427 3223 1556 3252 Claudite
1570 3223 1625 3258 jam
1639 3225 1711 3252 rivos
1722 3223 1817 3261 pueri,
1839 3223 1876 3252 sat
1885 3228 1962 3260 prata
1973 3221 2114 3251 biberunt.

1346 3261 1422 3292 Rura
1437 3261 1499 3299 gelu
1509 3261 1615 3290 claudit
1625 3261 1721 3290 hiems.
1746 3261 1816 3298 Virg.
1829 3271 1854 3290 2.
1868 3260 1967 3297 Georg.
1979 3268 2041 3297 317.

1345 3299 1421 3330 Sella
1431 3299 1528 3328 clausa.
1551 3299 1668 3328 Martial.
1684 3299 1732 3328 lib.
1749 3308 1790 3327 11.
1801 3309 1845 3333 99.
2289 3332 2298 3339 .

1428 3338 1487 3367 Nec
1496 3337 1656 3367 vendicabit
1666 3336 1729 3366 sella
1738 3336 1834 3374 saepius
1843 3333 1941 3365 clausa.
2035 3333 2077 3363 De
2087 3331 2154 3363 sella
2162 3331 2324 3364 Gestatoria.

1346 3375 1522 3412 Sepulcrum.
1545 3375 1631 3404 Ovid.
1648 3385 1690 3409 15.
1704 3375 1773 3403 Met.
1786 3379 1849 3410 389.

1345 3413 1485 3443 Taberna.
1507 3413 1573 3442 Hor.
1590 3423 1611 3441 i.
1625 3413 1710 3441 Serm.
1724 3421 1749 3448 3.
1770 3420 1831 3447 131.

1346 3451 1435 3481 Teifta
1444 3450 1582 3481 claudere.
1606 3450 1689 3479 Ovid.
1703 3459 1727 3484 ς.
1741 3449 1808 3479 Met.
1823 3453 1887 3485 287.

1347 3488 1500 3519 Thalamos
1512 3488 1606 3517 clausit
1615 3494 1743 3516 noxatra.
1767 3486 1813 3515 Sil.
1826 3486 1873 3516 lib.
1890 3494 1933 3522 15.
1947 3494 2011 3521 545.

1348 3527 1506 3557 Transitum
1516 3526 1654 3555 claudere.
1676 3525 1734 3554 Liv.
1745 3533 1788 3560 ²7·
1798 3527 1844 3559 46.

1349 3565 1440 3594 Viam.
1466 3564 1520 3593 Liv.
1532 3573 1576 3599 ²9-

1348 3603 1411 3632 Vias
1426 3602 1556 3631 incendia
1568 3600 1710 3630 claudunt.
1733 3599 1801 3628 Stat.
1811 3607 1837 3628 2.
1852 3597 1944 3628 Theb.
1960 3600 1987 3627 6.

1349 3640 1426 3670 Uteri
1438 3638 1519 3669 clausi
1527 3638 1632 3667 solvere
1643 3647 1733 3665 moras
1745 3659 1752 3670 ,
1776 3637 1863 3665 Edere
1877 3644 1995 3673 partum.
2016 3633 2080 3664 Sen.
2090 3631 2181 3665 Theb.
2194 3642 2219 3664 1.

1350 3678 1460 3709 Tenere
1470 3677 1496 3706 se
1512 3676 1634 3705 clausum
1646 3675 1727 3703 vallo.
1750 3674 1852 3703 Sil.lib.
1868 3684 1890 3708 ς.
1905 3682 1966 3703 ηπ.

1431 3717 1488 3749 An,
1510 3714 1644 3746 Corvine,
1665 3712 1762 3748 sedet,
1783 3711 1907 3741 clausum
1918 3711 1945 3741 se
1955 3709 2059 3740 Consul
2073 3710 2158 3739 inerti

1432 3752 1470 3781 Ut
1481 3758 1573 3780 teneat
1583 3750 1675 3779 vallo?

1353 3790 1451 3822 Clausa
1465 3789 1575 3818 stabulis
1587 3795 1682 3816 tenere
1695 3791 1830 3816 armenta.
1852 3786 1925 3824 Virg.
1935 3796 1960 3823 3.
1972 3786 2072 3823 Geerg.
2086 3794 2150 3822 352.

1434 3827 1493 3856 lllic
1503 3825 1592 3855 clausa
1601 3832 1700 3854 tenent
1713 3824 1824 3853 stabulis
1834 3831 1968 3854 armenta.

1354 3864 1482 3897 Clausum
1493 3863 1635 3892 adversum
1644 3864 1700 3891 vim
1710 3863 1811 3891 veneni
1827 3872 1938 3899 corpus.
1980 3860 2072 3892 Tacit.
2089 3860 2268 3898 15.Ann.62.
2302 3858 2477 3897 Allatumque

1373 3903 1461 3933 hausit
1471 3901 1565 3931 frustra
1580 3922 1588 3935 ‚
1609 3900 1715 3937 frigidis
1728 3901 1785 3935 jam
1795 3900 1910 3930 artubus
1928 3901 1955 3930 δι
1966 3900 2058 3931 clauso
2072 3909 2190 3938 corpore
2202 3897 2346 3928 adversum
2363 3899 2419 3928 vim
2432 3907 2478 3927 ve-

1375 3941 1451 3969 neni.
1487 3939 1528 3968 De
1540 3944 1629 3967 morte
1641 3940 1761 3968 Senecae.

1358 3977 1493 4009 Claudere
1503 3998 1511 4014 ‚
1532 3976 1551 4006 F
1553 3976 1622 4006 inire
1633 3997 1641 4013 ‚
1663 3982 1694 4006 ut

2360 169 2428 207 539

1841 271 1937 301 Clausa
1949 273 2058 302 domus.

2276 1781 2363 1812 Morti
2376 1805 2384 1818 ‚
2404 1783 2422 1812 i.
2433 1786 2463 1814 e.'

1880 4012 1904 4045 Y
1911 4023 1928 4052 y
1937 4022 1955 4052 y
1974 4021 1992 4045 2
2344 4007 2480 4040 Claudere
