2667 4145
713 116 741 150 A
833 113 858 148 B
953 111 982 145 E

705 195 822 224 obviam.
852 193 915 222 Ter.
926 192 996 220 Eun.
1011 200 1034 223 ς.
1050 198 1072 222 5.
1086 192 1130 219 28.
1160 186 1238 215 ldem
1250 185 1327 215 A-del.

700 234 759 265 Pro,
773 232 848 263 istuc,
861 239 936 258 more
946 228 1067 262 antiquo.
1091 225 1168 253 lde-m
1181 225 1249 253 Euri.
1264 235 1287 257 5.
1301 233 1326 252 2.

677 272 754 300 ldeni
767 268 843 298 Adel.
858 279 881 301 5.
895 278 917 299 5.
933 276 955 293 1.
987 264 1076 298 Rogat
1086 262 1182 296 trater,
1204 272 1238 290 ne
1248 261 1329 290 abeas

783 306 834 335 Illo
852 305 970 332 abeunte¹
991 309 1119 338 peregre,
1149 298 1275 327 umbram
1294 308 1329 327 eir

767 343 846 372 lineis
863 337 1070 374 circumscripsit.
1107 336 1171 366 Ter.
1185 337 1286 366 Heaut.
1301 346 1326 366 2.

216 203 311 239 Intro,
334 204 417 236 istuc,
438 202 537 238 longe,
557 206 687 241 peregre,

237 252 262 271 2.
279 252 301 270 1.
320 252 360 275 15.
383 238 582 269 Nimiumiito'c
592 236 676 264 abisti.

239 290 250 307 1
259 290 281 312 ς.
305 278 425 308 Obsecro
435 277 564 305 abeamus
574 275 654 302 intro.

235 316 353 352 longius.
394 314 462 343 Plin.
482 312 528 341 lib.
552 320 675 353 35301112-
693 318 733 351 ¹.²·

233 354 307 382 facie
325 354 382 388 ejus
396 352 429 379 ad
445 351 585 379 lucernam
603 358 631 375 in
648 352 764 387 pariete·

238 397 300 425 3.8.
343 389 471 418 iibidum
482 384 691 416 tuDroiiioillis
702 383 820 423 obviam.
874 415 879 420 .
914 415 918 419 .
978 413 983 418 ⁸

215 426 261 457 Tu
272 427 362 456 miii‘us
374 426 470 455 abibis.
491 424 558 453 Hor.
572 424 627 452 Sat.
640 432 664 450 2.
680 431 701 449 1.
714 423 758 453 36.
779 429 796 446 i.
808 427 831 445 e.
853 415 1008 444 dimitteris.

214 465 430 502 Abireimpune.
471 462 502 491 In
521 469 667 489 IMPUNE.

213 502 335 535 Pereere.
374 501 407 530 ln
427 508 593 528 PEREGRF..
720 530 725 536 ¹
970 525 975 531 ι
1265 525 1270 530 Β

211 540 259 569 Sic
277 531 325 576 per
337 537 545 576 metaphoram,
566 534 640 563 abire
652 532 777 567 longius,
804 536 854 564 pro
871 535 994 563 evagari,
1016 525 1042 554 &
1054 534 1069 553 a
1086 524 1225 562 proposito
1243 524 1328 554 disce-

233 577 308 605 dere.
341 577 396 604 Cic.
412 585 460 612 pro
472 573 550 603 Rosc.
753 604 758 609 ¹
1029 601 1033 606 ι
1106 600 1111 605 .
1239 601 1244 605 .
1267 599 1271 606 ι

230 620 275 643 tos
285 614 448 642 nominatim
460 611 578 648 proferre
589 630 596 643 ,
618 608 672 639 (ne
686 605 793 640 longius
804 602 901 631 abeam
913 604 921 630 i
942 600 986 629 vel
1002 600 1143 633 tribuleis,
1164 600 1209 628 vel
1220 610 1326 629 Vicinos

233 661 326 685 meos,
348 653 398 680 ἃς.
439 643 723 682 Nelongiusabeam,
745 640 836 675 idest,
858 639 962 668 alienos
973 639 1064 667 dicam
1074 637 1118 666 vel
1129 637 1304 675 longinquos.

209 687 279 719 Non
296 688 377 723 longe
394 687 508 719 abieris,
529 693 579 721 pro
597 682 687 710 aberiS.
727 679 758 708 ld
769 678 822 711 est.
844 687 901 706 non
921 676 1003 713 longe
1020 683 1130 713 petatur
1145 675 1322 712 exemplum:

231 736 289 755 non
301 718 429 763 petantur
441 720 567 758 exempla
576 719 732 748 remotiora.
765 716 824 745 Cic.
838 715 913 744 Fam.
932 714 979 743 lib.
992 723 1017 750 7.
1031 723 1074 742 20.
1116 713 1202 749 Quod
1218 713 1322 743 Lucan.

231 763 279 792 lib.
296 774 316 792 1.
330 774 373 797 94·
393 762 463 789 dixit
473 782 480 794 ,
502 760 561 788 Nec
576 756 658 790 longe
669 754 797 791 exempla
807 759 944 791 petantur.

209 800 294 830 Abire
311 801 338 829 in
351 799 496 828 infinitum.
526 795 594 824 Plin.
609 786 654 822 lib.
671 801 712 829 17.
733 802 793 829 cap.
806 801 850 825 25.
874 799 908 819 ne
925 790 954 818 in
966 789 1105 832 infinitum
1117 787 1255 817 abeamus.

209 838 310 872 Abire,
330 833 602 872 iinepraepolitione:
624 830 772 869 praesertim
783 830 811 858 in
822 828 933 857 urbium
946 826 1122 861 nominibus,
1143 833 1175 854 ut
1192 826 1324 856 Latinitas

227 876 321 911 exigit.
344 874 414 906 Vire.
433 883 453 900 1.
467 882 530 906 415.
544 870 605 899 ffiri.
636 868 694 906 lpsa
702 867 826 905 Paphum
836 865 958 908 sublimis
968 864 1032 907 abit.
1054 864 1133 893 ldem
1143 867 1168 892 6.
1182 864 1244 893 AEn.
1258 873 1319 902 375.

228 913 361 949 Ripamve
373 904 486 942 iniussus
498 908 608 937 abibis?
635 906 702 940 Pro,
723 905 758 934 ad
769 905 857 942 ripum
865 903 909 932 vel
921 912 1066 944 inripam,
1087 902 1209 945 figurate.
1225 940 1229 945 ἰ

205 949 361 986 Praepofitio
380 948 426 976 ..lit
435 946 528 976 nando
538 945 648 983 gemina
663 943 790 973 additur:
812 950 860 977 ut,
881 941 914 970 lri
924 941 1010 970 Aliam
1020 940 1054 968 ad
1070 949 1162 976 regem
1172 939 1322 969 militatum

225 987 300 1016 abiit.
330 986 393 1015 Ter.
408 958 508 1014 lleaut.
524 994 545 1012 1.
562 993 584 1012 1.
599 986 643 1017 65.
973 1015 978 1020 q
1074 1015 1077 1020 .
1113 1015 1118 1019 .

204 1024 304 1059 Abire,
325 1034 390 1052 cum
408 1023 498 1060 priore
515 1021 622 1058 supino.
660 1018 747 1049 Plaut.
768 1017 854 1047 Merc.
870 1026 912 1045 12.
952 1015 979 1044 Si
1000 1020 1133 1053 opprimit
1149 1021 1226 1052 pater
1244 1014 1321 1052 quod

223 1063 311 1095 dixit,
332 1060 476 1090 exulatum
489 1059 557 1088 abiit
571 1058 649 1087 saliis.

202 1099 285 1129 Abire
296 1098 514 1128 deambulatum.
543 1096 607 1125 Ter.
622 1095 721 1124 Heaut.
735 1103 759 1130 3.
778 1103 800 1121 1.
814 1094 859 1121 26.
1029 1128 1034 1133 ῃ
1051 1127 1056 1132 .
1181 1128 1186 1133 ι

202 1137 285 1167 Abire
303 1136 445 1166 exulatum
456 1158 464 1171 ,
485 1134 595 1171 aliquo,
617 1133 652 1161 ad
668 1132 806 1168 aliquem,
828 1129 857 1158 id
874 1128 928 1162 est.
949 1127 980 1157 In
992 1126 1116 1156 exilium.
1156 1127 1214 1156 Liv.
1227 1137 1252 1156 2.
1274 1137 1317 1162 15.

220 1174 388 1212 Tarquinius
398 1197 406 1208 ,
423 1173 469 1211 spe
488 1172 564 1201 omni
580 1171 683 1200 reditus
694 1168 778 1198 incisa
787 1190 795 1204 ,
816 1166 959 1197 exulatum
969 1165 1003 1194 ad
1013 1175 1145 1203 generum
1158 1165 1318 1195 Mamilium

219 1213 369 1242 Octavium
379 1210 530 1241 Tusculum
543 1209 619 1237 abiit.
994 1240 1009 1245 ..

199 1250 283 1280 Abire
293 1250 407 1288 pefl'um.
429 1248 515 1278 Plaut.
527 1246 641 1276 Trucul.
658 1255 680 1274 1.
697 1254 718 1273 1.
735 1254 776 1279 15.
818 1240 940 1278 Quando
956 1238 1023 1269 abiit
1033 1246 1091 1269 rete
1106 1239 1222 1277 pessum.

199 1288 276 1317 Abiit
292 1298 334 1317 res
351 1286 460 1324 aliqua,
480 1284 603 1315 absolute
617 1284 740 1317 dictum,
761 1287 801 1315 ut,
826 1318 831 1323 .
857 1317 862 1323 η
1094 1316 1099 1321 .

218 1326 307 1355 Fides.
338 1325 394 1354 Liv.
415 1324 462 1353 lib.
476 1333 499 1358 3.
520 1322 555 1351 ab
567 1322 634 1351 urbe
645 1343 653 1356 ,
683 1320 758 1356 Quia
772 1317 919 1347 occidione
935 1325 1023 1354 prope
1040 1315 1144 1345 occisos
1158 1314 1268 1345 Volscos
1288 1317 1315 1345 δε

217 1364 321 1401 AEquos
332 1372 442 1391 movere
459 1362 505 1390 sua
515 1361 615 1398 sponte
626 1368 701 1388 arma
715 1356 790 1395 posse
800 1379 808 1392 ,
829 1356 904 1384 idem
918 1354 986 1383 fides
1003 1353 1108 1383 abierit.
1149 1354 1181 1383 ld
1191 1354 1245 1389 est,
1268 1354 1315 1383 de-

216 1401 259 1430 siit
271 1401 345 1430 credi
356 1423 363 1434 ,
385 1402 411 1430 Sc
422 1399 475 1428 effe
485 1397 638 1427 verisimile.

197 1439 313 1468 Animus
332 1438 400 1467 abiit
419 1438 448 1466 in
463 1437 553 1466 varios
578 1433 679 1464 cursus.
714 1431 797 1462 Ovid.
810 1441 835 1468 9.
854 1430 924 1460 Met.
940 1439 999 1466 152.

195 1475 310 1506 Ferrum
322 1477 351 1504 in
368 1484 476 1513 corpus.
507 1474 572 1503 Stat.
586 1472 632 1501 lib.
649 1482 690 1500 11.
710 1469 799 1500 Theb.

196 1514 279 1544 Hasta
295 1520 369 1543 trans
386 1515 491 1551 peetus.
522 1512 600 1541 ldem
617 1509 708 1539 Theb.
892 1544 898 1549 ¹
972 1543 988 1549 ..
1168 1540 1183 1548 ..

196 1552 343 1582 Memoria.
365 1551 421 1580 Liv.
435 1561 459 1580 2.
482 1549 516 1579 ab
527 1548 611 1583 urbe,
631 1546 764 1576 vetustate
782 1552 917 1574 memoria
934 1541 1011 1572 abiit.
1048 1542 1100 1572 Pro
1115 1548 1216 1581 periit,
1237 1543 1314 1572 efflu-

214 1590 272 1624 xit,
294 1589 439 1618 obliterata
448 1588 494 1617 est.

194 1627 309 1657 Modus.
332 1627 384 1656 Ov.
400 1637 442 1655 11.
460 1626 529 1656 Met.
544 1634 568 1662 3.
935 1655 951 1663 ..
1245 1657 1250 1662 ι

194 1664 312 1694 Nausea.
334 1664 392 1694 Cic.
405 1665 458 1693 Att.
472 1663 519 1692 lib.
536 1673 576 1698 14.
619 1660 725 1691 Nausea
735 1660 792 1695 jam
799 1657 882 1696 plane
898 1656 973 1686 abiit.
1004 1656 1066 1686 Hoc
1077 1657 1132 1691 est,
1154 1656 1273 1686 cessavit.

194 1701 282 1732 Pedes
291 1709 354 1732 tres.
377 1702 427 1731 Pro
437 1701 562 1731 mensura
571 1700 655 1728 trium
666 1698 778 1736 pedum.
809 1696 878 1725 Cato
890 1694 924 1724 de
936 1694 968 1724 R.
980 1694 1012 1723 R.
1026 1705 1086 1732 cap.
1102 1704 1129 1730 13
1139 1705 1163 1729 5.
1193 1694 1226 1723 ln
1236 1704 1313 1724 com-

213 1740 322 1769 milsuni
332 1739 448 1769 abibunt
478 1739 543 1768 edes
554 1745 616 1766 tres.
652 1737 685 1767 Id
696 1736 734 1765 est
742 1757 750 1770 ,
772 1734 964 1763 diminuentur
974 1734 1000 1762 Sc
1010 1731 1198 1761 detrahentur.

192 1777 357 1808 Pestilentia.
388 1777 445 1807 Cic.
458 1749 539 1806 ksam.
559 1775 661 1818 lib314.
680 1784 702 1803 1.
731 1811 736 1816 .
954 1808 958 1813 ⁵
1257 1808 1263 1814 .

192 1815 315 1846 Pretium
326 1822 397 1845 retro
409 1815 484 1844 abiit.
508 1813 575 1843 Plin.
590 1812 638 1841 lib.
652 1821 676 1848 3.
692 1810 768 1849 epist.
784 1819 825 1846 19.
856 1809 894 1838 Ut
902 1808 1006 1838 reditus
1015 1816 1141 1845 agrorum
1151 1830 1159 1844 ‚
1180 1808 1216 1838 fic
1226 1814 1311 1837 etiam

234 1854 334 1883 retium
351 1860 422 1883 retro
441 1852 517 1881 abiit.
554 1851 621 1885 Pro,
642 1850 823 1878 imminutum
840 1847 887 1876 est.

214 1891 250 1920 ol.
272 1891 358 1920 Plaut.
370 1891 458 1921 Merc.
473 1901 496 1926 5.
507 1899 533 1919 2.
549 1899 592 1926 32.
923 1922 928 1927 ι
1170 1919 1175 1926 .
1279 1919 1285 1927 ι

192 1929 211 1959 S
222 1939 269 1958 ies.
292 1928 394 1958 Lucan.
410 1928 458 1957 lib.
472 1937 495 1964 3.
512 1938 573 1964 504.
604 1926 672 1964 Spes
680 1924 758 1955 vietis
768 1922 874 1952 telluris
885 1921 951 1951 abit.
972 1920 1035 1950 Hoc
1045 1920 1098 1957 est,
1117 1926 1199 1959 pent,
1212 1921 1310 1950 effluit.

191 1967 477 2042 SiCY.X.biizlt‹2etffll5³{}.'
499 2009 547 2032 aut
559 2001 634 2031 aliud
646 1979 750 2029 nomen
759 2006 870 2036 tempus
887 1996 1048 2034 significans.
1089 1995 1157 2031 Pro,
1178 1997 1308 2034 praeterit,

209 2042 302 2078 cedit,
331 2043 426 2071 effluit.
467 2041 524 2070 Cic.
544 2050 594 2079 pro
613 2039 716 2068 Sextio,
746 2038 810 2067 Ter.
832 2036 939 2065 Eunuc.
961 2044 986 2063 2.
1010 2043 1033 2070 3.
1057 2044 1111 2077 49..
1151 2033 1225 2063 Dum
1250 2034 1311 2064 haec

209 2079 298 2115 dicit,
319 2080 387 2109 abiit
400 2080 474 2108 hora.
514 2079 593 2110 ldem
609 2075 687 2108 Adel.
706 2088 732 2112 4.
756 2086 779 2112 5.
802 2083 844 2111 57.
879 2072 1033 2103 Haecrdum
1045 2071 1172 2108 dubitas,
1201 2073 1310 2102 menses

209 2117 336 2147 abierunt
348 2118 455 2146 decem.

189 2154 225 2185 Et
235 2155 309 2184 abire
321 2156 422 2184 dicitur
432 2177 439 2189 ,
480 2154 537 2183 uod
547 2152 682 2191 paulatim
693 2161 744 2180 nos
756 2150 863 2179 deserit.

189 2192 288 2222 Timor
300 2193 376 2222 abiit.
399 2165 522 2222 Liv.ql.ib.
535 2201 560 2220 2.
600 2190 667 2220 Urbi
684 2199 749 2218 cuni
764 2198 832 2226 pace
842 2187 931 2216 laxior
941 2186 1025 2215 etiam
1041 2195 1152 2214 annona
1160 2185 1259 2221 rediit,
1280 2187 1308 2215 δε

208 2231 325 2260 advecto
336 2240 371 2259 ex
389 2230 540 2267 Campania
551 2229 692 2257 frumento
702 2249 709 2261 ‚
731 2228 757 2256 ὃς
769 2226 913 2263 postquam
924 2225 1007 2253 timor
1024 2222 1074 2252 sibi
1091 2223 1191 2260 cuique
1207 2223 1307 2252 futurae

189 2269 311 2336 Ᾱὲῗῖὶῗ
322 2268 406 2335 ‘ibfitd'
428 2278 461 2334 ἷῗ
470 2266 690 2334 ΞΕΟἳοῖἓωῖῗὲΤ
700 2265 789 2330 fiiss‘sst
798 2285 805 2298 '
813 2262 945 2336 affl·
956 2304 1009 2333 218

187 2317 265 2374 Abiit
274 2316 449 2381 dlpssiiiliiimiiii
458 2316 545 2372 isillils.
578 2327 646 2371 Prin.
666 2325 715 2370 lib.
727 2325 755 2376 3..
767 2323 827 2376 cap.
843 2349 867 2374 5.
889 2323 906 2366 i.
918 2322 942 2366 e.
961 2321 1129 2375 pro'oppido
1140 2334 1211 2365 villae
1219 2336 1306 2366 modo

187 2381 442 2456 Afflirigr'susrgguenoe
458 2417 640 2447 nominativo.
670 2415 728 2445 Liv.
748 2423 774 2444 2.
812 2413 935 2450 Praeceps
951 2412 1051 2441 Fabius
1068 2412 1097 2440 in
1111 2410 1212 2440 vulnus
1228 2411 1304 2441 abiit.

206 2457 238 2487 Id
259 2457 315 2492 est,
366 2466 450 2485 ronus
472 2455 574 2484 cecidit
592 2455 621 2482 iri
636 2454 746 2483 vulnus.
795 2451 919 2488 Quidam
938 2451 1049 2479 codices
1067 2449 1188 2485 habent,
1218 2449 1304 2484 obiit,

206 2493 280 2532 Virg.
295 2505 318 2529 5.
342 2495 345 2497 ’
371 2504 398 2523 n.
418 2497 478 2523 166.
507 2493 572 2529 Quo
584 2491 704 2521 diversus
715 2490 796 2519 abis?
1120 2524 1125 2530 .

185 2532 332 2563 Abireare
341 2532 440 2568 aliqua.
462 2531 519 2560 Cic.
532 2542 558 2566 4.
570 2530 654 2560 Acad.
683 2528 739 2559 Sed
751 2525 994 2557 abeoasenfibus:
1016 2524 1089 2562 quasi
1098 2525 1189 2560 dicat,
1210 2525 1304 2554 desino

204 2569 284 2607 plura
295 2570 330 2598 de
339 2569 457 2598 sensibus
467 2569 568 2597 dicere.
931 2602 936 2606 η

185 2607 226 2636 Ab
242 2608 394 2645 emptione.
435 2606 539 2643 Vulgus
557 2605 641 2639 dicit,
662 2604 728 2634 Non
739 2608 834 2632 tenere
851 2608 1041 2643 emptionem,
1063 2596 1123 2629 nori
1133 2600 1235 2644 habere
1253 2611 1304 2638 pro

203 2652 270 2674 rata.
300 2645 398 2674 Paulus
412 2643 559 2680 ,Iuriscons
579 2642 686 2672 abitum
703 2641 741 2670 est
759 2640 774 2670 a
787 2641 878 2678 priore
893 2645 1044 2676 emptione.
1085 2638 1117 2668 Id
1132 2638 1187 2673 est,
1208 2638 1304 2668 disces:

203 2683 264 2712 sum
275 2693 290 2711 a
306 2684 397 2721 priore
415 2683 566 2711 contrastu.
606 2680 659 2709 Hic
676 2677 857 2716 impersonale
871 2677 918 2720 est.

183 2720 226 2751 Ab
239 2721 306 2755 iure.
328 2721 386 2750 Cic.
416 2720 458 2749 De
470 2719 523 2748 suis
540 2718 621 2747 bonis
638 2718 675 2746 ita
687 2717 750 2751 dat,
771 2722 803 2745 ut
819 2715 853 2744 ab
870 2724 930 2750 Jure
941 2724 998 2743 non
1010 2713 1100 2744 abeat.
1139 2713 1172 2743 Id
1190 2713 1245 2750 est,
1266 2713 1302 2743 ab

204 2759 261 2791 iure
273 2768 331 2787 non
342 2757 481 2792 discedat,
502 2763 534 2786 ut
544 2755 648 2785 nemini
660 2754 789 2790 injuriam
800 2753 889 2782 faciat.

182 2795 205 2826 E
225 2796 336 2830 medio,
366 2795 388 2825 E
406 2796 481 2830 vita,
511 2794 551 2823 Ex
570 2793 755 2822 matrimonio.
786 2791 849 2820 Ter.
871 2790 949 2819 Phor.
964 2800 986 2825 5.
1001 2795 1026 2823 8.
1042 2799 1085 2826 30.
1126 2789 1165 2818 Ea
1181 2795 1301 2819 mortem

202 2833 289 2867 obiit.
311 2844 326 2863 e
338 2833 431 2862 medio
448 2832 523 2862 abiit.
556 2831 613 2860 Cic.
633 2830 681 2859 lib.
699 2841 720 2859 1.
740 2829 822 2859 Tusc.
864 2828 932 2857 Cato
952 2834 1045 2856 autem
1062 2827 1098 2856 sic
1115 2827 1184 2856 abiit
1202 2837 1218 2855 e
1235 2828 1299 2856 vita.

202 2871 264 2900 Hoc
274 2872 327 2907 est,
350 2877 475 2900 mortuus
485 2870 531 2899 est.
558 2869 645 2898 Plaut.
657 2867 741 2897 Milit.
752 2878 778 2904 4.
790 2878 817 2903 4.
831 2876 875 2902 29.
908 2865 992 2901 Quasi
1001 2874 1036 2894 ex
1052 2865 1106 2894 hoc
1123 2864 1301 2894 matrimonio

179 2908 491 2984 'ATibi'iireriibpinionem
520 2944 579 2974 Cic.
596 2943 644 2972 lib.
658 2952 682 2979 3.
702 2939 758 2973 Off.
797 2941 829 2971 Id
839 2942 892 2976 est,
913 2940 1053 2970 Accedere
1064 2940 1182 2977 advulgi
1192 2939 1302 2978 opinio-

200 2993 284 3019 nem,
306 2985 332 3014 &⁷
349 2984 494 3012 demittere
508 2983 534 3011 se
552 2982 586 3010 ad
601 2981 765 3019 opinionem
781 2979 865 3016 vulgi.

183 3020 265 3050 Abire
277 3022 447 3057 magistratu,
477 3019 645 3054 Consulatu,
667 3020 718 3048 &a
740 3027 809 3055 pro,
830 3017 977 3054 Deponere
991 3015 1177 3053 magistratum
1189 3038 1197 3051 ,
1228 3015 1301 3044 Con-

201 3057 337 3093 sulatum.
359 3061 410 3088 ἃς.
440 3058 497 3088 Liv.
511 3067 534 3094 3.
555 3057 589 3086 ab
601 3055 669 3085 urbe
684 3065 726 3091 51.
758 3055 816 3084 Cic.
833 3054 907 3084 Fam.
928 3053 974 3082 lib.
989 3065 1012 3088 5.
1033 3063 1057 3082 2.
1090 3054 1211 3082 Honore.
1233 3054 1299 3082 Sue-

200 3101 260 3124 ton.
281 3097 347 3133 Aug.
370 3106 392 3125 c.
406 3100 450 3125 26.
487 3096 547 3125 Imo
564 3094 656 3124 abiisse
677 3094 832 3129 magistratu
853 3092 937 3121 etiam
954 3090 1000 3120 ille
1018 3091 1135 3125 dicitur,
1157 3091 1299 3128 quiquam

201 3133 341 3170 deponere
351 3133 471 3162 debebat
479 3133 642 3171 potestatem
650 3132 677 3160 vi
691 3131 808 3165 retinet,
830 3136 860 3158 ut
869 3130 960 3158 fecere
970 3129 1129 3157 decemviri.
1170 3128 1300 3165 Depone-

200 3177 262 3199 rent
273 3171 386 3207 inlignia
402 3172 460 3204 eius
471 3171 656 3207 magistratus.
677 3178 732 3206 quo
745 3178 818 3196 :inno
835 3168 891 3203 jam
906 3173 986 3195 antea
1002 3166 1136 3209 abiissent.
1166 3165 1223 3195 Liv.
1241 3165 1259 3195 l.
1272 3176 1295 3195 c.

200 3208 485 3237 Exercuer.int2uiteiii
496 3209 531 3237 ad
545 3218 609 3237 eum
621 3208 696 3236 diem
707 3206 869 3244 potestatem
882 3203 1103 3233 decemviralem.

180 3244 309 3283 Incoepto
320 3268 327 3280 ‚
350 3245 485 3274 Omittere
498 3247 653 3283 incoeptum
664 3267 671 3280 ,
693 3245 819 3281 increpto
831 3242 964 3271 desistere.
986 3241 1042 3270 Liv.
1054 3253 1080 3277 4.
1094 3240 1162 3270 Bell.
1175 3240 1243 3270 Pun.

180 3282 262 3312 Abire
274 3283 397 3320 incoepto
409 3283 525 3320 longius.
547 3283 636 3312 Tacit.
651 3283 721 3312 Anu.
734 3281 782 3310 lib.
795 3285 819 3310 6.
833 3290 877 3309 22.

179 3319 300 3350 Abirein
310 3330 367 3349 rem
380 3319 514 3356 aliquam:
536 3331 602 3358 pro,
620 3321 718 3349 ineam
728 3329 784 3348 rem
795 3318 923 3351 tranlire,
946 3316 1043 3346 mutari
1055 3339 1062 3350 ,
1081 3315 1176 3351 redigi.
1200 3315 1256 3345 Liv.
1272 3326 1294 3346 1.

199 3357 399 3424 giv·ss³11{izicta
414 3357 473 3395 spes
491 3359 519 3386 in
534 3359 575 3387 avi
586 3368 675 3388 mores
685 3364 766 3395 atque
778 3354 1024 3385 institutaTulluiii
1036 3364 1128 3392 regem
1146 3353 1293 3384 abiturum.

228 3405 254 3423 vi
278 3418 282 3423 .
332 3405 350 3423 ³.
371 3401 466 3430 15.81.

272 3406 334 3461 Sivti
350 3432 453 3461 abeunt
468 3432 555 3460 studia
572 3433 601 3461 in
617 3441 724 3467 mores,
746 3438 816 3461 artes
836 3441 871 3460 ue
889 3429 1035 3467 magistras.

178 3467 210 3498 In
222 3469 319 3498 Seruni
338 3469 405 3498 Pliii.
422 3474 462 3498 16.
480 3479 520 3498 12.
552 3469 584 3498 ln
593 3470 691 3498 Salem.
706 3479 748 3506 31.
764 3480 788 3507 7.
833 3469 859 3498 d.
872 3469 901 3496 in
913 3468 1023 3497 Semen.
1045 3466 1086 3496 ld.
1098 3476 1142 3496 21.
1160 3476 1201 3496 11.

178 3506 211 3536 In
228 3506 329 3535 malam
347 3516 455 3535 crucem
467 3528 474 3541 ,
497 3508 522 3535 ὃ(
539 3506 650 3542 similia,
680 3507 836 3537 locutiones
854 3506 917 3535 sunt
933 3504 1113 3542 imprecandi.
1142 3503 1206 3533 Ter.
1221 3504 1291 3534 And.

195 3553 223 3574 2.
241 3554 262 3572 1.
284 3555 324 3580 ¹9·
367 3544 416 3573 Alii
437 3544 501 3573 hinc
520 3544 547 3572 in
566 3544 665 3572 mulum
683 3554 802 3574 cruceni.
834 3545 911 3574 ldem
930 3543 1008 3572 Phor.
1021 3552 1046 3571 2.
1061 3551 1084 3578 3.
1102 3553 1125 3577 5.
1166 3541 1219 3570 Ubi
1239 3541 1295 3570 Do-

195 3587 294 3615 natuS,
324 3581 531 3610 adverbialiter:
561 3588 608 3615 ut.
637 3581 691 3610 huc
708 3583 825 3611 vicinius.
866 3581 906 3611 Ex
924 3581 1002 3616 cujus
1020 3579 1110 3609 verbis
1127 3586 1239 3616 apparet
1257 3578 1294 3607 le-

195 3619 317 3655 gendum
337 3619 409 3653 else,
437 3618 487 3648 Abi
507 3618 572 3647 hinc
591 3618 690 3647 malain
707 3629 835 3655 crucem,
857 3619 959 3655 absque
990 3617 1171 3655 raepositione.
1214 3616 1293 3646 Unde

197 3657 223 3685 ἅ
242 3657 269 3684 in
289 3656 357 3685 Eun.
380 3666 403 3691 3.
422 3665 444 3692 3.
467 3665 509 3689 30.
560 3655 663 3685 Malam
681 3666 738 3684 reni
758 3657 823 3685 hinc
842 3657 921 3685 abis‘?
981 3655 1046 3684 latit.
1070 3654 1129 3684 Aul.
1151 3663 1175 3689 3.
1198 3663 1221 3688 3.
1249 3664 1289 3683 11.

196 3695 251 3722 Aut
260 3693 302 3721 abi
316 3694 343 3721 in
355 3693 459 3722 malum
471 3693 622 3721 cruciatum
640 3693 674 3721 ab
687 3694 800 3723 aedibus.
831 3694 888 3723 Cic.
902 3693 1000 3731 Philip.
1018 3702 1058 3730 13.
1100 3692 1178 3729 Quin
1193 3699 1222 3720 tu
1234 3691 1293 3721 abis

195 3731 223 3758 in
236 3730 335 3758 malam
347 3731 450 3767 pestem
460 3752 468 3764 ,
489 3730 647 3765 mulumque
657 3731 808 3759 cruciatum
818 3732 831 3759 i>

176 3766 259 3797 Abire
272 3769 299 3796 in
318 3767 454 3795 creditum
464 3789 471 3801 ‚
493 3777 549 3796 non
561 3768 676 3795 omnino
687 3768 760 3796 idem
773 3769 810 3796 eii
826 3768 899 3804 quod
917 3768 1030 3797 credere
1039 3790 1047 3803 ,
1069 3767 1115 3796 sed
1126 3773 1235 3796 tuntum
1245 3775 1291 3796 eas

195 3815 236 3833 res
247 3805 375 3839 credere,
396 3805 625 3841 quzeaecipientis
643 3805 722 3833 liunt.
763 3804 824 3833 Hoc
840 3806 894 3839 est,
917 3815 976 3841 quae
996 3806 1167 3834 functionem
1186 3814 1243 3833 non
1262 3804 1292 3834 in

193 3842 210 3871 s
225 3843 301 3877 ecie,
322 3842 413 3870 sedin
432 3852 531 3877 genere
544 3842 696 3878 recipiunt:
729 3841 814 3870 veluti
832 3843 997 3879 pecuniam,
1025 3843 1215 3877 frumentum,
1236 3843 1288 3872 &Q

221 3879 257 3916 lp.
281 3879 336 3908 l.v.
355 3879 443 3915 §..Xviii.
475 3878 507 3907 D.
520 3879 702 3907 Hotomanus.

175 3916 257 3946 Abire
267 3917 295 3945 in
304 3915 523 3945 desuetudinem.
547 3915 577 3943 V.
597 3925 830 3950 Dasutruno,
851 3916 881 3944 in
897 3925 1042 3946 Dasuso.
1072 3916 1154 3946 Abire
1165 3917 1194 3946 in
1203 3917 1288 3948 diem.

562 573 621 600 Am.
663 566 744 604 Quasi
762 574 826 594 vero
843 564 910 593 mihi
923 562 1034 592 difficile
1046 563 1093 597 iit,
1115 563 1239 599 quamvis
1257 563 1328 591 niul-

1738 107 1767 142 A
1863 108 1887 143 B
1982 107 2009 142 E
2025 107 2030 115 “

1433 185 1498 215 Ter.
1518 185 1627 215 Phorm.
1648 197 1672 218 ς.
1693 197 1718 216 2.
1742 191 1783 216 16.
1830 188 1947 217 Praesens
1965 188 2040 225 quod
2059 188 2149 217 fuerat
2165 186 2287 220 malum,
2318 185 2346 213 in
2364 184 2440 213 diem
2457 183 2534 213 abiit.

1434 223 1466 252 ld
1477 224 1514 253 est
1525 243 1532 256 .
1554 225 1583 253 in
1596 224 1670 252 aliud
1682 232 1792 262 tenipus
1806 226 1922 255 dilatum
1935 226 1980 254 est.

1415 260 1446 290 In
1458 267 1506 290 ora
1524 263 1677 290 hominum.
1708 261 1764 291 Liv.
1778 273 1802 291 2.
1825 268 1867 297 36.
1899 273 1933 292 ne
1951 264 1979 292 in
1998 273 2044 291 ora
2063 263 2211 291 hominum
2228 270 2277 298 pro
2296 259 2417 288 ludibrio
2437 257 2532 287 abiret.

1436 299 1467 328 Id
1479 300 1516 328 est
1526 321 1533 333 ,
1554 299 1637 328 Ne.in
1647 298 1797 328 ludibrium
1808 302 1833 330 Sc
1846 301 1997 330 irrisionem
2005 301 2110 330 veniret
2120 322 2127 334 ,
2150 299 2193 328 Ne
2204 298 2337 327 rideretur
2347 296 2381 325 ab
2392 295 2535 332 omnibus,

1435 336 1480 365 Ne
1491 337 1567 365 fieret
1578 336 1652 373 vulgi
1664 335 1764 366 fabula.

1416 373 1448 402 In
1460 374 1620 403 satietatem.
1652 374 1719 403 Plin.
1738 374 1785 403 lib.
1798 381 1822 408 8.
1843 385 1903 413 cap.
1921 380 1961 405 16.

1416 411 1448 440 In
1466 411 1599 477 sumptus.
1629 411 1686 441 Cic.
1703 413 1754 441 Att.
1775 412 1822 442 lib.
1836 424 1877 443 11.
1891 424 1916 443 2.
1956 413 1989 443 In
2000 422 2069 450 quos
2086 411 2162 441 enim
2179 410 2303 447 sumptus
2315 407 2420 437 abeunt
2429 408 2538 438 fruetus

1436 459 1501 486 prl‘ss(
1514 459 1609 477 lorum.

1415 485 1447 515 ln
1459 495 1572 520 ventos.
1593 486 1625 515 ld
1637 485 1690 521 est,
1712 487 1741 516 in
1752 486 1923 517 oblivionem
1935 489 2040 517 venirer
2069 487 2153 516 Ovid.
2173 484 2222 514 lib.
2236 494 2259 513 1.
2277 482 2357 513 Trist.
2370 492 2394 520 7.
2411 493 2454 520 35.

1415 523 1471 553 Sub
1484 525 1587 559 jugum.
1610 522 1666 552 Liv.
1681 533 1704 559 3.

1416 561 1527 590 Abeunt
1544 560 1644 589 sursum
1662 562 1784 598 radices,
1813 573 1863 600 pro
1878 562 1981 592 sursum
2001 562 2129 591 tendunt.
2162 561 2231 590 Cato
2247 559 2283 588 de
2302 558 2335 588 R.
2355 557 2389 588 R.
2410 568 2471 596 cap.
2485 563 2530 589 61.

1436 600 1462 627 Si
1475 599 1545 627 mule
1556 598 1659 633 arabit,
1679 600 1784 629 radices
1800 600 1902 629 sursum
1916 596 2040 629 abibunt.

1415 636 1460 665 Sic
1473 636 1555 665 abire.
1585 636 1648 665 Ter.
1663 637 1733 666 And.
1747 647 1770 666 1.
1782 648 1807 667 2.
1821 650 1847 674 4.
1887 638 2023 671 Mirabar,
2042 637 2096 665 hoc
2107 636 2126 665 fi
2138 635 2174 664 sic
2185 634 2282 663 abiret.
2315 633 2347 662 Id
2357 632 2412 668 est,
2433 634 2462 663 Si
2472 633 2534 663 haec

1434 684 1476 702 res
1489 675 1523 702 ita
1534 675 1691 711 praeteriret.
1722 674 1779 704 Cic.
1791 677 1819 704 iri
1832 675 1942 705 Catilin.
1983 676 2049 705 Non
2058 675 2112 703 hoc
2122 673 2173 702 tibi
2183 672 2217 701 sic
2227 670 2322 700 abibit.
2358 671 2390 701 Id
2401 671 2454 706 est,
2473 682 2533 701 non

1433 711 1487 741 hoc
1500 710 1614 751 impune
1631 712 1708 741 feres.
1740 712 1839 743 Catull.
1854 724 1895 749 14.
1921 717 1962 742 16.
2002 712 2085 748 Non,
2115 710 2201 740 modo
2218 705 2272 738 hoc
2287 706 2356 744 tibi,
2384 708 2465 744 saise,
2495 709 2533 738 {ic

1433 749 1529 778 abibit.
1551 750 1614 778 Seri.
1628 749 1677 787 Ep.
1692 759 1716 785 3.
1756 751 1818 780 Hoc
1828 751 1926 780 abierit
1937 750 2089 788 Eleganter.
2111 749 2152 779 Id.
2171 748 2220 786 Ep.
2237 757 2279 776 10.
2315 743 2403 782 Vide,
2425 757 2480 784 ‘11¹⁰
2489 747 2532 783 ju·

1434 787 1538 815 dicium
1557 796 1651 815 meum
1669 787 1756 817 abeat.

1412 824 1511 860 Abire,
1533 824 1567 853 de
1577 823 1700 853 sermone
1711 825 1824 855 dietum.
1855 825 1912 855 Cic.
1924 835 1975 863 pro
1986 822 2065 855 Rosc.
2079 824 2170 854 Amer.
2209 821 2287 859 Quid
2297 822 2333 851 ad
2342 821 2402 850 istas
2412 820 2532 859 ineptias

1432 862 1507 895 ubis,
1528 863 1658 898 inquies‘.>
1686 862 1718 892 Id
1730 863 1784 899 est,
1814 863 1993 900 quamobrem
2004 862 2158 892 sermonem
2171 860 2255 889 habes
2271 860 2306 889 de
2323 857 2378 889 istis
2394 860 2531 898 ineptiis?

1433 899 1488 928 Cur
1500 901 1592 928 tranlis
1603 900 1637 928 ad
1649 900 1709 929 istas
1721 899 1860 939 ineptius?
1881 901 1982 930 omissis
1995 901 2076 930 rebus
2087 898 2250 929 necessariis.
2521 932 2529 941 δ

1412 937 1494 967 Abire
1507 948 1578 974 prae,
1599 947 1649 975 pro
1665 939 1777 976 praeire,
1807 939 1860 968 five
1900 941 2044 969 rzecedeie.
2080 938 2166 968 Plaut.
2187 935 2288 973 Amph.
2302 945 2326 964 1.
2347 943 2372 972 3.
2392 946 2438 972 45.
2476 934 2532 964 Abs.

1452 985 1486 1004 rae
1499 976 1587 1010 Solia,
1608 976 1665 1011 jam
1675 985 1726 1012 ego
1737 976 1839 1013 sequar.
1891 977 1907 1006 s.
1931 987 2010 1006 PRAE.

1411 1013 1433 1042 A
1452 1014 1494 1055 'ire
1514 1012 1605 1047 viam,
1633 1011 1650 1041 fi
1670 1019 1746 1042 urate
1763 1015 1887 1049 dietum,
1918 1015 1986 1044 sicut
2002 1013 2041 1043 ire
2059 1012 2141 1042 viam.
2186 1010 2273 1041 Plaut.
2293 1008 2367 1042 Rud.
2386 1021 2413 1046 4.
2437 1019 2462 1048 3.
2482 1014 2530 1045 88.

1430 1051 1495 1080 Sine
1509 1061 1552 1079 me
1565 1051 1629 1079 hinc
1639 1061 1655 1079 a
1676 1052 1714 1080 ire
1723 1073 1731 1087 ,
1752 1058 1783 1081 tu
1794 1052 1839 1081 abi
1849 1053 1949 1082 tacitus
1960 1058 2036 1081 tuam
2047 1052 2131 1080 viam.

1411 1088 1493 1118 Abire
1504 1088 1575 1125 fuga.
1606 1088 1637 1117 ld
1649 1089 1687 1117 est
1697 1111 1705 1124 ,
1726 1089 1828 1127 fugere.
1857 1090 1930 1128 Virg.
1942 1102 1968 1126 4.
1988 1090 2050 1120 AEn.
2063 1094 2126 1123 281.

1505 1126 1587 1156 Ardet
1598 1125 1672 1155 abire
1685 1127 1764 1164 fuga,
1786 1127 1946 1165 dulceisque
1957 1128 2112 1164 relinquere
2127 1133 2221 1156 terras.

1410 1162 1510 1193 Abiiffe
1521 1186 1529 1198 ,
1549 1174 1600 1202 pro
1611 1163 1700 1193 Abiffe
1712 1166 1822 1202 poetice
1834 1163 1890 1194 dici
1902 1171 1983 1204 putat
2000 1165 2109 1194 Servius
2119 1187 2128 1201 ‚
2157 1164 2237 1200 cujus
2251 1162 2312 1192 haec
2321 1161 2385 1192 sunt
2398 1160 2483 1191 verba
2497 1160 2529 1192 in

1429 1212 1455 1231 2.
1468 1202 1530 1231 AEn.
1543 1212 1586 1236 25.
1609 1201 1657 1230 ubi
1669 1201 1714 1231 hic
1724 1203 1761 1231 est
1769 1203 1869 1237 versus,

1502 1240 1560 1270 Nos
1571 1236 1663 1268 abiisse
1674 1241 1741 1276 rati,
1760 1242 1785 1270 6<
1795 1248 1879 1270 vento
1889 1239 1995 1279 petiisse
2006 1239 2156 1278 Mycaenas.
2361 1266 2364 1270 ,

1427 1275 1535 1311 Abiise.
1557 1278 1663 1314 inquit,
1686 1279 1711 1307 ἃ
1725 1278 1820 1315 petisse
1833 1278 1970 1314 dicimus,
1991 1277 2037 1307 sed
2053 1288 2103 1315 pro
2125 1284 2166 1306 ter
2176 1282 2297 1306 metrum
2312 1275 2343 1305 fit
2354 1274 2527 1313 Epenthesis..

1426 1325 1492 1381 gum
1521 1316 1639 1344 dicimus
1667 1315 1767 1345 Abiiffe
1795 1318 1821 1346 ὅ(
1850 1316 1966 1346 Periisse.
2017 1314 2110 1345 Consi(
2120 1314 2208 1345 erabis
2235 1322 2330 1344 tamen
2357 1314 2412 1343 hoc
2440 1313 2530 1342 Servii

1446 1352 1540 1382 ictum.
2128 1380 2129 1383 ,

1406 1389 1475 1425 Abi.
1498 1396 1528 1419 iit
1545 1391 1582 1420 ait
1595 1390 1721 1421 Donatus
1732 1413 1741 1427 ,
1762 1392 1800 1421 est
1814 1391 1948 1428 verbum,
1972 1389 2017 1421 vel
2033 1390 2101 1426 sibi.
2120 1390 2172 1420 vvel
2188 1387 2267 1419 alteri
2284 1399 2350 1418 cum
2365 1387 2529 1417 laudatione

1426 1428 1601 1458 blandientis.
1640 1424 1703 1458 Ter.
1722 1429 1800 1458 Adel.
1820 1441 1846 1465 4.
1866 1440 1891 1459 2.
1912 1439 1956 1465 25.
2006 1428 2147 1458 Patrissas:
2178 1428 2240 1463 abi,
2268 1427 2358 1456 virum
2374 1433 2402 1455 te
2417 1424 2525 1462 judico.

1424 1466 1495 1496 lbid.
1519 1477 1541 1502 5.
1565 1477 1586 1495 1.
1610 1477 1632 1495 1.
1660 1467 1788 1505 AEdepol.
1829 1467 1932 1505 Syrisce
1948 1474 1977 1496 te
1994 1466 2091 1496 curasti
2109 1466 2248 1501 molliter,
2277 1465 2407 1502 lauteque
2423 1473 2530 1493 munus

1424 1503 1613 1533 administrasti
1631 1510 1718 1534 tuum.
1741 1505 1794 1534 abi.

1405 1542 1476 1577 Abi,
1505 1543 1571 1571 item
1587 1552 1637 1580 per
1651 1549 1844 1580 contemptum
1861 1543 1971 1572 dicitur.
2007 1541 2073 1571 Ter.
2094 1541 2172 1571 Adel.
2192 1551 2217 1571 2.
2240 1551 2266 1571 2.
2289 1550 2331 1578 13.
2372 1540 2526 1577 Nunquam

1397 1615 1400 1617 .
1425 1590 1484 1609 rem
1494 1580 1592 1609 facies:
1615 1580 1677 1616 abi,
1700 1580 1785 1610 nescis
1796 1580 1916 1610 inescare
1925 1580 2061 1609 homines.

1403 1617 1474 1653 Abi,
1494 1618 1547 1646 abi.
1577 1618 1641 1647 Ter.
1654 1618 1768 1654 Adel.=4.
1779 1630 1805 1654 4.
1821 1629 1862 1647 10.
1901 1618 2005 1653 -Abi,
2025 1617 2070 1647 abi
2079 1616 2282 1653 jamAEschffle,

1497 1656 1565 1685 Satis
1584 1656 1631 1685 diu
1648 1656 1731 1685 verba
1748 1656 1845 1685 dedisti
1863 1656 1953 1685 nobis.

1403 1693 1456 1723 Abi
1467 1692 1584 1722 dicimus
1594 1694 1667 1731 quasi
1675 1694 1982 1732 haerentimorantique.
2005 1693 2069 1723 Ter.
2081 1693 2152 1724 And.
2168 1703 2191 1723 1.
2208 1703 2231 1722 1.
2246 1702 2271 1722 1.
2306 1689 2361 1722 Vos
2370 1689 2525 1721 istaecintro

1422 1731 1543 1760 auferte:
1565 1731 1647 1761 abite.

1366 1770 1390 1800 A
1398 1780 1413 1798 Β
1422 1780 1430 1797 1
1439 1772 1474 1798 Βὶ
1486 1780 1500 1797 r
1508 1780 1526 1798 υ
1534 1780 1550 1797 R
1560 1792 1568 1805 ‚
1589 1769 1785 1807 impersonale.'
1807 1769 1894 1799 Plaut.
1906 1769 1993 1799 Mete.
2004 1780 2031 1805 4.
2043 1780 2070 1805 4.
2083 1773 2127 1806 36.

1404 1826 1448 1831 --
1457 1807 1512 1836 scio
1527 1808 1583 1842 jam
1599 1808 1666 1844 quid
1681 1807 1759 1843 velis,

1402 1845 1513 1882 Nempe
1523 1854 1567 1873 nie
1579 1845 1643 1874 hinc
1652 1844 1726 1874 abire
1736 1845 1784 1875 vis.
1807 1857 1831 1874 L.
1851 1845 1915 1874 volo
1927 1846 2049 1882 inquam.
2072 1854 2095 1873 c.
2114 1843 2244 1873 abibitur.

1364 1883 1515 1917 ABrrNs,
1538 1883 1619 1912 ontis.
1648 1883 1745 1921 partic.
1773 1878 1984 1920 [dvigzissQ&]
2012 1882 2171 1912 Discedens.
2211 1881 2277 1911 Ter.
2295 1878 2366 1910 And.
2386 1891 2410 1911 r.
2432 1889 2456 1910 1.
2476 1882 2520 1917 56.

1422 1920 1607 1950 Observabam
1617 1931 1698 1950 mane
1708 1920 1818 1950 illorum
1828 1920 1948 1950 servulos
1956 1921 2101 1950 venientes
2110 1943 2118 1956 ,
2137 1926 2185 1949 aut
2194 1919 2336 1948 abeuntes.
2520 1942 2524 1951 „

1400 1957 1505 1988 Abiens
1521 1959 1684 1996 magistratu.
1707 1959 1764 1988 Cic.
1775 1957 1804 1988 in
1813 1958 1901 1988 Pison.
1915 1968 1938 1995 3.
1969 1958 2027 1996 Ego
2037 1980 2045 1994 ‚
2064 1967 2129 1987 cum
2144 1958 2173 1986 in
2184 1957 2322 1987 concione
2332 1979 2340 1991 ,
2358 1955 2454 1986 abiens
2465 1965 2524 1985 ma-

1420 1997 1548 2033 gistratu,
1568 1997 1771 2026 dieereaTrib.
1782 1994 1871 2035 plebis
1879 1995 2059 2034 prohiberer,
2079 2005 2140 2033 quae
2151 1996 2356 2026 constitueram.
2395 1994 2458 2025 Hoc
2472 1993 2520 2029 esi„

1419 2034 1564 2071 deponens
1582 2035 1775 2071 magistratum.

1401 2072 1505 2102 Abiens
1521 2082 1623 2101 currus.
1654 2072 1749 2102 Horat.
1768 2072 1823 2102 Od.
1836 2081 1859 2109 3.
1873 2075 1898 2101 6.
1911 2083 1956 2108 44.

1492 2109 1615 2139 Mutaret
1627 2110 1737 2140 umbras
1746 2133 1754 2146 ,
1775 2112 1801 2140 Sc
1811 2111 1875 2148 juga
1885 2111 2011 2140 demeret

1491 2147 1583 2177 Bobus
1593 2148 1711 2185 fatigatis
1719 2171 1726 2183 ,
1748 2149 1870 2177 amic'um

1527 2185 1652 2223 Tempus
1667 2196 1767 2223 agens,
1789 2186 1909 2215 abeunte
1922 2195 2013 2216 curru.

1398 2222 1534 2253 Abeuntia
1543 2223 1611 2253 vela.
1635 2223 1718 2253 Ovid.
1730 2223 1780 2262 Ep.
1793 2235 1816 2260 5.
1831 2235 1873 2259 55.

1489 2260 1638 2298 Prosequor
1654 2261 1752 2291 infelix
1763 2261 1857 2291 'oculis
1874 2260 2004 2291 abeuntia
2021 2260 2091 2297 vela,

1530 2299 1593 2336 Qua
1610 2299 1693 2334 licet,
1715 2301 1741 2329 Sc
1758 2299 1884 2337 lacrymis
1902 2300 1999 2329 humet
2015 2309 2097 2328 arena
2114 2297 2191 2328 meis.

1397 2335 1539 2366 Abeuntes
1551 2337 1625 2367 anni.
1646 2338 1713 2367 Stat.
1725 2337 1815 2367 Theb.
1828 2349 1854 2373 4.
1869 2343 1912 2373 38.
1952 2357 1985 2361 ---
1993 2346 2041 2366 rex
2050 2336 2129 2366 tristis
2141 2338 2167 2367 &
2181 2345 2254 2374 aegei:

1489 2375 1613 2404 Pondere
1624 2385 1752 2404 curarum
1761 2398 1769 2411 ,
1790 2376 1957 2413 propiorque
1969 2374 2135 2404 abeuntibus
2146 2374 2236 2410 annis,

1488 2411 1562 2442 lnter
1573 2413 1749 2442 adhortantes
1760 2413 1807 2442 vix
1816 2411 1913 2459 sponte
1924 2412 2028 2442 incedit
2039 2412 2174 2443 Adrastus.

1358 2450 1507 2485 A131T10,
1529 2450 1599 2480 onis.
1630 2451 1746 2480 Verbale
1767 2451 1942 2487 [ammam]
1970 2450 2029 2488 lpse
2046 2450 2168 2480 abeundi
2185 2451 2281 2484 aetus,
2309 2448 2365 2479 hoc
2383 2448 2437 2484 est,
2466 2447 2520 2478 dii:-

1414 2486 1510 2531 cessus.
1546 2488 1610 2518 Ter.
1630 2489 1730 2519 Heaut.
1753 2499 1776 2519 1.
1797 2498 1822 2519 2.
1846 2490 1887 2517 16.
1936 2488 2050 2526 Propter
2067 2498 2130 2518 eam
2147 2488 2207 2517 haec
2225 2487 2307 2517 turba
2331 2494 2413 2525 atque
2430 2486 2517 2516 abitio

1415 2532 1516 2555 evenit.

1394 2562 1554 2593 Abitionem
1566 2565 1671 2602 antiqui
1683 2563 1813 2594 dicebant
1823 2569 1950 2592 mortem.
1981 2563 2073 2593 Festus
2088 2573 2110 2592 1.

1356 2601 1515 2637 Aristus,
1537 2612 1576 2631 υς.
1599 2612 1635 2631 m.
1666 2599 1782 2631 Verbale
1809 2599 1983 2638 [ἀπέλώσπ]
2013 2601 2091 2631 idem
2105 2601 2180 2638 quod
2192 2600 2293 2630 Abitio.
2324 2600 2389 2630 Ter.
2410 2597 2514 2629 Heaut.

1417 2648 1440 2674 3.
1457 2649 1479 2668 1.
1493 2651 1519 2675 4.
1549 2640 1619 2669 Cum
1629 2640 1738 2669 videam
1749 2639 1877 2669 miserum
1888 2639 1964 2668 hunc
1980 2646 2037 2668 tam
2047 2639 2229 2668 excruciarier
2239 2639 2298 2675 ejus
2314 2638 2399 2667 abitu,

1392 2676 1490 2706 Abitus
1501 2699 1508 2712 ,
1537 2688 1594 2706 non
1606 2675 1703 2707 Solum
1719 2678 1757 2707 est
1773 2677 1829 2716 ipse
1847 2676 1975 2706 discessus
1994 2679 2020 2707 ἃ
2034 2677 2138 2710 abitio,
2159 2676 2257 2706 Abitus
2274 2674 2515 2713 iinportuniffimae

1434 2715 1527 2782 estis),E
1537 2715 1594 2745 Cic.
1606 2716 1635 2744 in
1645 2716 1668 2744 V
1670 2726 1719 2746 err.
1731 2713 1749 2745 l.
1765 2725 1788 2753 3.
1803 2725 1864 2751 125.
1885 2713 1932 2744 sed
1944 2715 2028 2744 etiam
2036 2714 2114 2744 locus
2123 2724 2172 2752 per
2181 2724 2265 2752 quem
2276 2713 2351 2744 abire
2360 2713 2514 2751 possumus*

1435 2762 1458 2781 1r
1478 2775 1484 2781 .
1530 2763 1556 2781 ri.
1588 2777 1593 2782 .
1665 2776 1671 2783 .

1459 2762 1476 2789 g
1486 2763 1750 2829 Objieiiiiit7gqiiites
1766 2788 1820 2820 sese
1837 2789 1872 2819 ad
1889 2790 2006 2819 divortia
2023 2796 2098 2824 nota,

1483 2826 1556 2857 Hinc
1568 2836 1649 2866 atque
1661 2830 1725 2858 hinc
1735 2851 1742 2863 ,
1764 2837 1932 2865 omnemque
1943 2828 2049 2857 abitum
2060 2827 2173 2857 custode
2184 2832 2328 2856 coronant.

1391 2864 1489 2895 Abitus
1500 2866 1595 2904 sepire.
1624 2867 1714 2897 Tacit.
1728 2866 1775 2895 lib.
1792 2876 1831 2902 14.
1845 2875 1888 2902 37.
1929 2865 2103 2901 Circrinjecta
2113 2865 2242 2894 vehicula
2258 2864 2395 2902 sepserant
2410 2862 2511 2893 abitus.

1353 2903 1487 2939 Aizr‘m,
1509 2908 1554 2933 are
1571 2904 1615 2933 vel
1627 2907 1681 2934 ere.
1715 2905 1859 2947 Frequent.
1879 2903 1965 2933 Plaut.
1982 2903 2055 2933 Rud.
2072 2913 2095 2939 3.
2115 2914 2141 2939 4.
2162 2912 2206 2940 72.
2247 2902 2331 2932 Hunc
2348 2912 2459 2939 quoque
2475 2901 2514 2931 afi-

1411 2940 1485 2970 serva
1496 2942 1601 2979 ipsum,
1623 2952 1658 2972 ne
1670 2952 1725 2980 quo
1735 2941 1828 2971 abitat.

1353 2978 1445 3008 Anno
1456 2989 1520 3014 NA,
1542 2981 1568 3009 Sc
1587 2980 1739 3009 ADEONA
1750 3002 1757 3015 ,
1786 2979 1845 3008 dese
1862 2977 1943 3007 cultae
1959 2978 2072 3007 fuerunt
2089 2977 2123 3006 ab
2141 2978 2277 3015 antiquis,
2308 2987 2369 3014 quae
2389 2976 2514 3006 adeundi

1390 3017 1416 3046 ἂ
1435 3016 1567 3083 pilgerindii
1581 3017 1743 3047 facultatem
1760 3017 1923 3055 praestarent.
1974 3016 2080 3046 Harum
2101 3016 2229 3045 meminit
2248 3015 2358 3053 August.
2382 3014 2410 3044 in
2429 3027 2456 3050 4.
2484 3016 2512 3044 ἃ

1352 3063 1420 3120 Aiz7ss
1428 3092 1560 3127 qoi‘ro,
1582 3088 1767 3129 [ἀφιππᾶζω]
1791 3101 1844 3120 are.
1873 3089 1952 3128 Equo
1962 3090 2054 3127 abire,
2073 3091 2117 3120 vel
2130 3091 2268 3129 aufugere.
2291 3089 2347 3120 Liv.
2360 3089 2427 3120 Bell.
2441 3090 2508 3120 Puri.
2550 3112 2552 3114 -

1390 3139 1434 3165 24.
1450 3139 1492 3165 31.
1524 3129 1561 3159 Ut
1571 3137 1700 3168 prsetores
1710 3129 1802 3167 pavidi
1811 3130 1882 3157 inter
1893 3128 2043 3158 tumultum
2054 3129 2245 3166 abequiturent
2256 3128 2406 3167 Syracusas.

1351 3167 1535 3205 Astacep,
1558 3169 1602 3202 ui,
1622 3169 1709 3203 itum⁷
1732 3167 1868 3203 [oimigw]
1890 3169 1945 3196 Ere.
1977 3168 2092 3201 Areere,
2113 3166 2277 3205 prohibere,
2295 3166 2410 3196 authore
2421 3166 2507 3196 Festo.

1443 3204 1529 3234 Plaut.
1560 3206 1648 3243 Atque
1659 3215 1720 3234 eam
1729 3204 1838 3233 abercet
1848 3205 1942 3232 domo.
1975 3204 2006 3233 V.
2027 3215 2046 3233 A
2055 3215 2068 3233 s
2077 3215 2095 3233 A
2106 3215 2119 3232 R
2129 3215 2146 3234 c
2155 3215 2168 3233 Ε
2176 3214 2203 3234 o.
2430 3218 2442 3234 ι

1350 3242 1513 3277 Ananim,
1543 3254 1589 3278 as,
1626 3238 1819 3280 [ἀφαμμςπένω
1832 3260 1838 3269 ,
1868 3235 2032 3284 oimwsplm,
2065 3238 2246 3277 ἐξοιμθορπὶνω]
2282 3252 2335 3273 are.
2385 3241 2429 3271 Est
2447 3250 2510 3279 pm-

1387 3279 1447 3318 prie
1467 3290 1482 3309 a
1497 3280 1540 3310 via
1562 3283 1633 3310 reeta
1671 3290 1700 3309 er
1720 3287 1838 3309 errorem
1857 3279 1981 3315 digredi,
2003 3280 2168 3315 deflectere,
2199 3280 2357 3314 discedere3
2390 3279 2464 3315 quod
2482 3280 2508 3308 ἃ

1386 3328 1474 3347 errare
1493 3319 1602 3348 dicitur.
1634 3318 1652 3348 P
1666 3324 1719 3347 aut.
1739 3317 1819 3348 Men.
1838 3316 1944 3354 prolog.
1967 3327 2009 3354 31.
2051 3318 2119 3348 Puer
2138 3317 2272 3348 aberravit
2290 3316 2361 3347 inter
2379 3315 2508 3346 homines

1385 3365 1401 3384 a
1439 3364 1503 3385 titre.

1385 3366 1516 3422 Abperriire
1541 3404 1590 3432 per
1607 3393 1798 3431 metaphoram
1815 3392 1927 3422 venuste
1948 3390 2075 3423 dicimus.
2118 3391 2175 3423 Cic.
2198 3403 2220 3428 5.
2254 3391 2336 3422 Tusc.
2358 3394 2402 3421 66.
2452 3390 2508 3420 Sed

1404 3432 1515 3466 redeat,
1535 3432 1610 3461 unde
1620 3431 1753 3461 aberravit
1763 3431 1859 3460 oratio.
1901 3427 1932 3460 Id
1949 3429 2005 3465 est,
2027 3431 2061 3459 ad
2075 3429 2146 3460 illud
2163 3431 2324 3465 redeamus,
2346 3440 2361 3459 a
2372 3439 2427 3466 quo
2448 3427 2508 3457 lon-

1405 3466 1465 3504 gius
1478 3466 1586 3506 digressi
1602 3469 1703 3499 sumus.
1734 3469 1812 3499 Idem
1824 3478 1849 3497 2.
1864 3467 1899 3497 de
1910 3468 1986 3497 Orat.
2028 3468 2049 3497 A
2066 3478 2121 3505 quo
2138 3467 2251 3506 quidem
2269 3468 2383 3497 homine
2398 3467 2507 3503 jamdu-

1405 3505 1472 3535 dum
1483 3528 1490 3541 ,
1512 3507 1633 3543 Antoni,
1655 3517 1712 3536 non
1724 3506 1831 3535 aberrat
1840 3506 1927 3534 oratio
1941 3512 1997 3534 tua.
2551 3506 2556 3511 '

1385 3543 1516 3573 Aberrare
1534 3554 1548 3573 a
1559 3544 1652 3588 regula
1664 3546 1690 3575 ὁὶ
1700 3542 1905 3582 praescriptione
1915 3544 1986 3572 vitm.
2016 3542 2073 3572 Cic.
2086 3555 2112 3579 4.
2132 3541 2214 3573 Acad.
2230 3553 2291 3579 140.

1385 3581 1500 3610 Aberrat
1516 3582 1550 3610 ad
1569 3582 1620 3611 alia
1639 3584 1735 3611 oratio.
1769 3581 1826 3610 Cic.
1846 3580 1893 3609 lib.
1911 3591 1933 3610 1.
1951 3590 2010 3616 135.
2031 3580 2088 3610 Off.
2130 3581 2229 3610 Danda
2248 3580 2330 3618 igitur
2347 3589 2431 3618 opera
2448 3579 2504 3615 est,

1404 3626 1435 3647 ur
1444 3619 1547 3648 etiamsi
1559 3619 1682 3649 aberrare
1695 3620 1729 3648 ad
1740 3618 1793 3648 alia
1804 3619 1920 3656 coeperit
1928 3641 1935 3653 ,
1954 3618 1987 3646 ad
1999 3619 2057 3647 baee
2067 3628 2211 3648 revocetur
2223 3619 2319 3648 oratio.

1384 3654 1499 3685 Aberrat
1509 3658 1616 3686 animus
1628 3667 1643 3686 a
1655 3657 1797 3686 sententia.
1820 3656 1876 3685 Cic.
1890 3665 1915 3692 7.
1933 3655 2030 3722 Philirp.

1384 3693 1516 3722 Aberrare
1527 3696 1694 3724 aeommuni
1706 3693 1831 3723 utilitate.
1863 3693 1920 3722 Cic.
1931 3703 1981 3730 pro
2005 3694 2110 3730 Agririo.
2128 3704 2169 3730 19.

1383 3730 1449 3760 Non
1468 3731 1587 3761 multum
1604 3732 1637 3761 ab
1655 3732 1751 3761 Herilli
1770 3731 1879 3760 levitate
1897 3727 2093 3760 aberrabimus.
2134 3731 2166 3760 Id
2184 3730 2239 3767 est,
2266 3729 2340 3761 Pene
2356 3735 2414 3760 tam
2429 3729 2504 3760 leves

1403 3769 1504 3797 erimus
1515 3791 1523 3804 ,
1545 3779 1625 3806 quani
1639 3770 1676 3798 est
1689 3769 1817 3799 lierillus.
1848 3769 1905 3797 Cic.
1918 3779 1943 3803 4
1955 3779 1999 3803 40.
2019 3768 2053 3797 de
2065 3766 2125 3797 Pin.

1382 3805 1514 3835 Aberrare
1536 3816 1551 3835 a
1571 3807 1685 3836 miseria.
1734 3807 1791 3836 Cic.
1819 3806 1873 3835 Att.
1894 3805 1941 3834 lib.
1968 3815 2009 3834 12.
2029 3816 2074 3841 45.
2123 3804 2209 3835 Nullo
2235 3806 2311 3835 enim
2334 3805 2390 3835 alio
2417 3805 2503 3834 modo

1402 3853 1417 3872 a
1438 3843 1542 3873 miseria
1570 3845 1644 3881 quasi
1673 3844 1795 3874 aberrare
1823 3843 1939 3881 polsum.
1990 3843 2021 3872 Id
2042 3844 2080 3872 est
2091 3865 2098 3877 ,
2134 3845 2153 3872 A
2174 3842 2280 3873 miseria
2305 3843 2503 3880 cogitationem

1401 3888 1523 3910 avertere
1541 3903 1549 3917 ,
1589 3883 1615 3911 S<
1636 3882 1706 3919 quali
1728 3881 1926 3918 subterfugium
1947 3889 1994 3909 aut
2022 3880 2195 3910 occasionem
2215 3890 2334 3918 quaerere
2354 3882 2413 3916 ejus
2433 3879 2503 3908 obli-

1401 3918 1545 3948 viscendae.
1595 3919 1765 3949 Subauditur
1782 3920 1808 3949 δε
1827 3917 1969 3949 ablativus.
2009 3918 2067 3947 Cic.
2088 3919 2144 3948 Att.
2165 3918 2215 3948 lib.
2238 3928 2280 3949 12.
2303 3923 2344 3956 38-
2395 3919 2431 3948 At
2449 3927 2502 3986 ἷξον

2485 3965 2501 3985 c

2070 2070 2152 2101 -sol
2167 2070 2218 2101 ubi
2232 2070 2373 2101 montium
