2604 4222
169 175 238 215 382
629 175 657 209 C
747 174 775 208 A
866 173 899 205 D

213 256 245 286 ln
257 265 321 285 eum
332 258 407 286 cadit
417 257 544 295 suspicio.
584 255 641 285 Cic.
658 265 699 291 ¹3·
717 255 769 283 Aet.
786 263 827 282 io.
848 253 882 295 Jn
897 259 979 289 quem
992 271 1000 285 ‚
1020 258 1057 279 ne
1069 248 1086 277 fi
1101 246 1205 276 insidiis
1219 246 1333 284 quidem

234 294 280 323 ille
293 295 452 326 interfectus
462 295 527 325 esset
538 317 546 328 ,
567 294 679 322 caderet
691 292 747 322 ulla
756 291 884 328 suspicio.
1063 324 1068 329 ¹
1243 322 1248 328 .
1274 321 1279 326 Ι

215 331 246 362 In
264 333 386 361 eundem
408 343 466 361 non
485 333 596 362 videtur
614 331 713 360 cadere
728 331 754 359 &
768 333 946 364 contemptus
967 333 1094 363 pecuniae
1107 344 1115 358 ,
1136 324 1162 352 ἃ
1185 320 1333 361 cupiditas.

236 370 356 405 Quintil.
375 370 423 399 lib.
437 378 462 407 7.
478 380 538 407 cap.
552 378 575 404 3.

217 407 248 438 ln
260 408 389 437 {heminas
400 407 483 437 eadit.
506 405 663 446 Quintihin
676 413 793 441 prooem.
805 402 894 446 'lib-6.

218 445 249 475 In
266 445 352 474 malos
363 446 468 475 cadunt
478 444 690 473 oniniascelera.
711 440 832 478 Quintil.
845 439 891 468 lib.
906 448 929 475 7.
943 448 1004 475 cap.
1017 446 1041 473 3.
1056 474 1061 479 .
1246 471 1252 476 .
1317 470 1323 477 .

218 482 252 513 In
262 490 385 512 naturam
394 492 484 512 rerum
494 482 569 511 cadit
582 503 590 515 ,
611 488 641 509 ut
655 480 724 509 duos
734 478 869 516 sapientes
887 475 1037 514 aliquando
1052 473 1127 511 Justae
1142 471 1227 502 causae
1244 481 1275 500 m
1295 468 1336 500 di..

238 521 344 549 versum
356 521 471 549 trahant.
494 518 710 556 quintillius.
728 526 788 554 cap.
810 525 852 551 17.
1057 550 1063 556 ι

219 557 249 589 In
264 569 328 587 reni.
370 556 427 587 Cic.
441 567 464 589 1.
479 558 561 586 [lead.
585 555 649 585 Non
663 554 737 591 quod
750 554 843 582 omnia
857 561 917 590 quae
929 550 1031 585 essent,
1056 559 1085 579 in
1103 558 1132 578 re
1153 546 1336 585 comprehen-

239 596 334 629 deret,
355 592 400 624 sed
411 596 473 632 quia
483 594 552 623 nihil
563 592 637 629 quod
649 592 784 621 caderein
797 601 859 620 eam
872 588 978 627 posset·,
998 588 1182 624 relinqueret,
1201 587 1253 628 810ζ

220 633 252 664 In
264 633 414 671 sapientem
426 633 444 661 si
453 632 527 661 cadit
538 631 623 660 animi
634 629 733 659 dolor:
755 629 801 667 qui
811 629 937 666 profecto
946 626 1029 656 cadit.
1047 624 1106 655 Cic.
1117 626 1153 655 de
1165 625 1274 652 Anii-cit.
1286 626 1332 658 48.

241 672 258 700 i.
274 681 298 700 e.
321 671 347 700 Si
360 669 488 708 sapientis
502 669 539 698 est
549 667 654 697 dolere.
1133 702 1138 706 ¹

219 709 251 739 In
263 709 351 737 virum
366 708 469 736 bonum
481 707 556 735 cadit
568 705 679 735 mentiri
689 704 874 734 emolumenti
887 703 926 733 sui
936 701 1016 732 causa
1034 703 1085 731 &c.
1106 700 1165 730 Cic.
1178 708 1204 742 3.
1220 697 1277 742 Oss-
1288 702 1332 731 81.

221 746 328 812 liqueusni
346 746 421 812 Cffdit
441 746 495 774 hoc
514 744 629 773 verbum
646 744 785 778 maxime,
807 743 870 780 qui,
893 743 944 772 &a
975 741 993 770 i.
1006 749 1031 770 e.
1059 739 1207 768 Convenit.
1228 736 1286 766 Cic.
1300 735 1337 764 de

263 794 292 812 ru
327 799 333 811 ·.
379 793 393 811 e
427 805 433 811 .
469 787 494 811 6.

220 793 477 857 lniiiolibum,ppr50
489 819 625 849 Incidere.
663 817 724 848 Cic.
737 828 760 848 1.
781 811 921 854 Tuse.79.
943 815 1030 853 Qiod
1047 820 1141 844 autem
1160 814 1189 842 in
1210 810 1337 841 morbum

239 859 335 893 cadat,
358 858 386 886 id
401 859 484 886 etiam
496 857 683 886 interiturum.
1210 885 1216 890 ⁴

218 895 251 927 In
273 897 459 925 narrationem
480 896 578 924 cadere
609 903 668 923 non
686 893 820 932 abrupte,
854 892 994 931 optimum
1018 890 1065 921 est.
1107 888 1228 926 Quintil.
1248 886 1297 916 lib.
1309 896 1336 922 4.

237 944 269 963 ca
293 957 298 962 .
322 943 343 962 Ι.

218 971 250 1002 In
272 944 456 1000 ssffenfionem
476 970 601 1006 alicujus.
642 969 699 999 Cic.
717 979 741 999 1.
760 969 796 998 de
808 967 876 998 Nat.
894 967 975 998 neor.
993 969 1039 1000 86.
1069 964 1238 1001 Quanquam
1253 962 1338 992 video

237 1009 381 1038 nonnullis
390 1009 477 1037 videri
488 1008 655 1046 Epicurum,
678 1017 713 1036 rie
733 1008 763 1036 in
782 1006 967 1037 offensionem
981 1003 1189 1034 Atheniensium
1208 1001 1335 1036 caderet,

236 1047 330 1076 verbis
337 1046 473 1083 reliquisse
484 1047 552 1075 deos
564 1068 572 1081 ‚
594 1056 621 1075 re
634 1044 772 1074 sustulisse.
905 1039 928 1054 ⁸

216 1084 249 1116 In
260 1094 358 1114 omnes
368 1084 443 1113 cadit
454 1083 559 1121 aliquid
569 1084 603 1113 de
619 1083 670 1120 his.
710 1081 826 1119 Quintil.
847 1080 898 1110 lib.
912 1091 937 1118 7.
952 1090 1012 1117 cap.
1025 1088 1050 1115 3.
1081 1077 1114 1109 In
1131 1078 1287 1107 orationem
1305 1080 1337 1105 ut

237 1123 282 1159 qui
295 1123 415 1151 maxime
427 1122 546 1156 cadant,
567 1123 585 1151 i.
600 1132 623 1151 e.
647 1120 833 1151 Conveniam.
856 1119 915 1148 Cic.
926 1120 956 1148 in
966 1118 1043 1148 Orat.
1062 1122 1122 1151 188.
1306 1152 1311 1157 Ι

215 1159 248 1191 111
261 1161 425 1198 potestatem
436 1159 562 1195 alicujus.
604 1158 662 1188 Cic.
672 1164 696 1193 8.
713 1160 766 1188 Att.
781 1167 805 1193 3.
842 1156 956 1187 Accedit
974 1155 1064 1188 illud,
1086 1154 1105 1183 sl
1123 1163 1243 1188 maneo,
1267 1153 1292 1182 dt
1304 1151 1336 1181 il-

234 1198 291 1227 lum
302 1199 467 1227 comitatum
479 1199 649 1235 optimorum
659 1198 684 1226 Sc
695 1196 905 1226 clarill'iin‘orum
916 1195 1022 1224 civium
1033 1192 1145 1223 desero:
1175 1190 1335 1221 cadendum

235 1236 273 1265 est
285 1237 312 1264 in
320 1236 402 1265 unius
411 1236 583 1273 potestatem.
1184 1262 1188 1265 .

215 1273 249 1304 In
259 1283 317 1303 rem
328 1281 390 1311 apte
400 1275 499 1303 cadere
513 1273 606 1302 sortes.
648 1271 706 1302 Cic.
723 1281 745 1301 1.
757 1271 792 1300 de
803 1270 895 1305 Divin.
910 1278 954 1307 34.
975 1269 1047 1306 Quae
1064 1273 1159 1297 tamen
1175 1267 1283 1301 ductae,
1303 1270 1335 1294 ut

234 1312 263 1340 in
275 1321 331 1341 rem
341 1318 405 1349 apte
415 1311 534 1347 cadant,
555 1311 612 1340 fieri
623 1311 707 1339 credo
717 1308 793 1347 posse
804 1307 948 1337 divinitus.

215 1349 247 1380 ln
263 1349 370 1387 sensum
382 1350 525 1379 cernendi.
566 1348 624 1378 Cic.
640 1348 676 1383 de
688 1346 812 1377 Univers.
824 1355 850 1384 7.
881 1343 1026 1382 Quicquid
1036 1341 1335 1381 eratquodincernen-

233 1387 263 1416 di
275 1385 380 1416 sensum
393 1387 521 1422 caderet,
542 1386 571 1415 id
586 1386 631 1415 sibi
645 1383 791 1422 affumpsit.

213 1425 247 1459 In
259 1424 379 1462 speciem
391 1424 547 1455 soloecismi.
573 1423 691 1461 Quintil.
704 1423 753 1452 lib.
770 1432 792 1452 1.
805 1431 863 1459 cap.
875 1431 899 1455 ς.
1252 1454 1254 1457 .

214 1462 247 1494 In
258 1463 451 1530 suspicioniem.
490 1462 549 1492 Cic.
561 1472 613 1500 pro
623 1458 725 1493 Milon.
739 1470 782 1497 50.
804 1459 889 1490 Multi
898 1458 983 1488 etiam
993 1458 1053 1487 haec
1064 1456 1196 1486 timentes
1205 1455 1235 1486 in
1251 1455 1336 1494 suspi-

249 1501 320 1530 ione‘
352 1510 383 1530 ca
406 1510 434 1530 er
454 1505 493 1530 nt.

211 1510 246 1570 lg.
257 1537 305 1568 sus
300 1509 451 1583 pridionen‘l²
455 1537 730 1568 Lacedaemoniorum
750 1536 867 1566 cadere:
889 1544 940 1569 pro
954 1532 1120 1572 Suspectum
1134 1531 1194 1562 fieri
1206 1530 1334 1561 Lacedae.-

231 1577 344 1607 moniis.
366 1575 450 1606 Corn.
461 1575 532 1614 Nep.
550 1576 580 1604 in
591 1574 728 1605 Pausania.
755 1584 779 1604 0.
792 1583 819 1603 2.
836 1580 908 1609 extr.
1040 1601 1043 1604 .
1293 1606 1300 1612 ,

213 1614 245 1645 In
256 1612 499 1652 vituperationem.
539 1612 599 1642 Cic.
614 1621 657 1647 14.
670 1613 725 1642 Att.
739 1621 781 1642 12.
802 1610 858 1641 Sed
868 1610 978 1640 casurus
987 1609 1017 1639 in
1024 1608 1143 1646 aliquam
1152 1607 1332 1645 vituperano-

232 1662 299 1682 nem
310 1674 318 1688 ,
338 1652 414 1690 quod
430 1651 509 1689 Reip.
523 1648 659 1681 defuerim
668 1656 725 1680 tam
732 1650 804 1689 gravi
819 1656 957 1688 tempore.

211 1688 245 1722 In
259 1700 343 1720 unam
351 1689 449 1720 cadere
459 1689 571 1733 possunt
581 1688 673 1727 plures
682 1688 845 1726 quaestiones
852 1709 861 1722 ,
884 1697 945 1726 quae
954 1685 1031 1716 velut
1038 1683 1212 1728 subjacentes
1224 1704 1233 1720 ,
1254 1684 1289 1714 ad
1299 1683 1332 1713 il-

231 1727 300 1763 lud,
321 1738 376 1772 quo
385 1728 521 1763 judicium
533 1727 711 1762 continetur,
731 1726 896 1757 referuntur.
919 1722 1040 1762 Quintil.
1048 1719 1135 1790 111λέ
1151 1731 1211 1760 cap.
1222 1724 1248 1752 6.
1266 1759 1274 1767 .

210 1765 244 1797 In
254 1765 448 1795 aliemffimum
457 1771 568 1802 tempus
576 1774 611 1794 ne
627 1764 708 1794 cadat
717 1764 852 1794 adventus
864 1770 937 1793 tuus.
962 1762 1023 1793 Cic.
1038 1770 1082 1797 15.
1121 1770 1175 1791 am.
1188 1769 1233 1796 14.
1265 1770 1284 1790 1.
1303 1768 1330 1790 e.

231 1803 275 1833 Ne
285 1803 415 1833 advenias
424 1825 433 1839 ,
453 1813 540 1840 quum
550 1802 667 1832 minime
676 1802 728 1831 erit
741 1811 822 1839 opus.

211 1841 244 1873 In
254 1838 357 1871 cassum
368 1840 472 1870 cadunt
481 1840 611 1879 promiss'a
627 1840 731 1870 omnia.
752 1839 838 1870 Plaut.
858 1836 936 1869 Poen.
953 1848 977 1867 1.
988 1838 1015 1868 2.
1029 1838 1091 1874 147.
1229 1872 1237 1880 ·

210 1879 268 1909 Sub
277 1879 309 1908 as
324 1880 419 1909 ectum
429 1901 437 1914 ,
459 1880 485 1908 ἃ
494 1877 543 1908 sub
553 1877 651 1908 oculos
660 1878 773 1908 cadunt.
814 1877 873 1907 Cic.
884 1877 920 1906 de
927 1875 1048 1906 Univerfi
1061 1886 1088 1912 9.
1117 1873 1153 1906 Et
1160 1883 1255 1904 omma
1269 1883 1330 1911 quae

229 1917 278 1946 sub
289 1927 304 1946 a
316 1917 429 1955 peetum
442 1917 561 1952 cadunt,
581 1916 868 1953 comprehenduntur.
1073 1943 1076 1944 ⁷

210 1954 268 1985 Sub
278 1955 424 1992 imperium
437 1956 463 1984 ἂ
472 1954 609 1984 ditionem
617 1953 743 1989 alicujus.
782 1952 842 1983 Cic.
875 1962 905 1982 ro
916 1951 997 1982 Font.
1009 1961 1036 1981 2.
1056 1948 1204 1987 Multoque
1217 1944 1329 1986 05113111-

229 1993 296 2022 dore
308 2002 341 2022 ac
350 1992 444 2022 labore
451 1991 500 2021 sub
509 2002 576 2030 pop.
590 1992 670 2021 Rom.
683 1992 833 2030 imperium
844 1963 1037 2027 dpitionemque
1047 1989 1218 2019 ceciderunt.

208 2029 266 2061 Sub
274 2031 410 2066 judicium
417 2029 547 2067 sapientis
554 2029 601 2059 illa
610 2029 723 2059 cadunt.
762 2029 820 2060 Cic.
831 2038 856 2066 3.
874 2029 908 2058 de
923 2028 984 2059 Fin.
999 2031 1044 2058 60.
1067 2026 1156 2057 Prima
1170 2031 1264 2056 autem
1280 2024 1330 2055 illa

227 2075 332 2135 {tatum
343 2068 424 2135 ‚dsive
431 2065 569 2104 secunda,
588 2068 643 2097 fiv'e
664 2067 804 2098 contraria
815 2089 824 2103 ,
845 2066 895 2096 sub
909 2066 1048 2103 iudicium
1063 2064 1194 2104 sapientis
1210 2064 1236 2093 ἃ
1253 2062 1329 2094 dele·

258 2116 304 2135 um
318 2116 350 2136 ca
372 2112 430 2136 unt.

206 2143 264 2174 Sub
274 2143 429 2174 mensuram
439 2143 546 2174 aurium
556 2142 664 2176 cadere.
693 2143 752 2174 cic.
764 2143 795 2172 in
807 2142 883 2175 Orat.
898 2144 943 2181 67.
965 2141 1109 2209 (kuicquid
1118 2140 1156 2169 est
1165 2140 1241 2169 enim.
1251 2139 1329 2177 quod

225 2181 275 2211 sub
285 2182 392 2211 aurium
404 2181 561 2211 mensuram
576 2180 697 2218 aliquam
713 2179 807 2216 cadit,
828 2182 912 2211 etiam
928 2180 947 2209 fi
964 2190 980 2209 a
1001 2180 1039 2209 est
1056 2190 1072 2209 a
1083 2178 1161 2209 versu
1190 2178 1278 2215 (nam
1295 2177 1327 2208 id

206 2217 659 2287 sflffffaisszsszssffssllzi‘i'vssffl.)
679 2225 993 2291 Eiffi‘uieviffiaefi'i'ss

206 2295 266 2325 Sub
274 2292 406 2332 regulam.
426 2295 491 2324 Sen.
504 2295 540 2324 de
549 2293 643 2324 Benef.
653 2293 702 2325 lib.
734 2315 740 2323 .
754 2304 815 2331 cap.
829 2304 872 2324 11.

206 2331 264 2363 Sub
276 2332 394 2362 sensum.
425 2332 482 2362 Cic.
495 2343 522 2366 4.
533 2332 682 2369 Acad.105.
706 2304 806 2363 Iisdem
815 2331 935 2362 sensibus
941 2331 1047 2368 reliqua
1056 2340 1116 2368 quae
1125 2329 1174 2360 sub
1186 2330 1325 2368 quemque

225 2370 334 2400 sensum
348 2370 452 2400 cadunt
463 2391 472 2406 ‚
494 2369 602 2404 sentiet.
867 2399 870 2401 .

205 2408 313 2438 Cadere
323 2431 332 2444 ‚
352 2418 403 2446 pro
413 2408 540 2438 Evenire.
561 2407 620 2437 Cic.
635 2415 659 2444 3.
676 2407 728 2438 Att.
740 2415 767 2444 7.
788 2407 905 2438 Sancita
915 2406 1034 2441 cadebat
1044 2411 1075 2435 ut
1087 2404 1198 2436 vellem.

205 2445 294 2514 guod
306 2446 410 2475 cecidit
423 2446 495 2475 forte
504 2467 513 2481 ‚
534 2445 562 2474 id
573 2452 630 2475 arte
639 2451 669 2474 ut
680 2446 749 2475 corri
770 2455 806 2475 as.
833 2441 898 2475 Ter.
912 2445 990 2475 Adel.
1001 2454 1028 2481 4.
1038 2450 1065 2482 7.
1076 2453 1122 2481 23.

236 2483 287 2513 ihil
295 2484 364 2513 milii
373 2484 495 2522 optatius
506 2483 605 2520 cadere
614 2484 715 2521 potuit.
737 2455 796 2512 die.
807 2492 831 2521 3.
847 2484 900 2512 Att.
909 2493 936 2518 4.
1009 2520 1011 2522 Ι
1284 2516 1289 2519 ‚

207 2522 325 2552 Gratum
335 2522 438 2551 cecidit
447 2521 540 2551 alicui.
578 2521 636 2551 Cic.
651 2530 703 2559 pro
714 2521 813 2551 Milon.
826 2527 872 2555 8²·
902 2519 958 2550 Sed
974 2524 1068 2549 tamen
1083 2518 1101 2548 {i
1113 2518 1205 2548 minus
1216 2517 1327 2548 fortissi-

226 2560 265 2589 mi
278 2560 328 2589 viri
337 2560 422 2589 virtus
436 2559 543 2589 civibus
552 2558 776 2596 gratacecidisset
788 2581 796 2595 ,
816 2568 918 2597 magno
934 2558 1029 2587 animo
1042 2557 1232 2594 constantique
1243 2557 1326 2587 cede-

224 2604 266 2628 ret
281 2608 315 2627 ex
324 2598 430 2635 ingrata
441 2597 563 2630 civitate.

204 2634 498 2673 Incommodialiquid
506 2634 610 2665 cecidit
618 2633 653 2665 ei.
676 2633 735 2664 Cic.
746 2644 798 2672 pro
809 2631 906 2671 Quint.
921 2643 966 2670 51.
1003 2665 1009 2672 ,

204 2673 317 2705 Irritum
326 2672 433 2703 cadere.
472 2672 564 2702 Tacit.
578 2682 621 2706 15.
640 2674 711 2702 Ann.
726 2683 769 2708 51.
791 2671 864 2702 Dum
877 2673 975 2702 merita
985 2681 1048 2709 erga
1061 2666 1204 2701 Neronem
1217 2669 1280 2711 sua,
1297 2670 1325 2699 δε

224 2710 607 2749 quamirritumcecidiffent,
628 2711 725 2748 aperit.
765 2709 936 2740 Subauditur
953 2708 1108 2748 praepofitio
1124 2708 1167 2738 In.
1206 2708 1327 2745 [Quam

225 2752 252 2779 &
265 2749 372 2778 addunt
382 2746 445 2778 libri
457 2746 608 2779 emendati.
722 2778 724 2783 .

205 2787 329 2817 Honesta
340 2787 498 2824 &jucunda
511 2785 674 2815 ceciderunt
681 2784 751 2814 mihi
764 2792 825 2816 ate.
847 2784 907 2816 Cic.
924 2794 947 2814 1.
961 2785 998 2822 Q.
1013 2781 1072 2814 frat.
1086 2792 1111 2820 3.

204 2826 346 2863 Augurum
356 2824 496 2863 praedictis
506 2823 592 2853 multa
604 2823 805 2859 incredibiliter
815 2833 878 2853 vera
892 2822 1030 2853 cecidiss'e.
1064 2822 1122 2852 Cic.
1135 2831 1162 2851 2.
1181 2821 1217 2850 de
1226 2821 1322 2858 Legib.

226 2871 269 2898 3³·
290 2863 308 2892 i.
321 2872 344 2892 e.
367 2860 570 2896 Veraevafiffe,
591 2869 622 2890 ut
633 2860 668 2890 de
679 2861 741 2892 Div.
754 2871 780 2893 ι.
800 2871 861 2896 109.

204 2899 335 2930 Promissa
347 2910 402 2938 quo
411 2900 523 2935 cadant,
532 2909 590 2928 non
597 2905 683 2929 curat.
693 2898 791 2929 Hora.
802 2897 885 2937 Epist.
893 2897 1043 2934 r.52.conf.
1057 2897 1088 2927 ln
1100 2896 1203 2927 cassum
1213 2897 1323 2926 cadere.

203 2938 259 3007 Rgs
267 2938 494 3005 ceeidifffmqu‘)
504 2937 600 2967 modu.
639 2935 698 2969 Cic.
711 2942 738 2972 8.
753 2938 807 2967 Att.
819 2946 842 2974 3.
875 2936 997 2974 Quoquo
1006 2936 1092 2966 modo
1099 2945 1131 2965 ea
1140 2944 1182 2965 res
1191 2933 1258 2964 huic
1265 2935 1325 2973 qui-

244 2986 288 3005 em
300 2985 359 3006 ceci
392 2983 410 3006 t.

204 3013 259 3044 Res
269 3022 435 3051 quocunque
443 3009 555 3043 cadent.
577 3011 652 3050 Virg.
663 3021 690 3043 2.
706 3011 768 3043 AEn.
780 3020 844 3049 709·

206 3051 281 3082 Belle
292 3052 402 3082 cecidit.
424 3050 482 3081 Cic.
500 3060 542 3088 13.
556 3051 609 3081 Att.
624 3059 666 3086 13.

203 3088 332 3120 Feliciter
340 3089 443 3119 cecidit
453 3088 522 3120 alea.
543 3087 724 3132 proverbium
742 3087 777 3117 de
797 3087 838 3118 Re
853 3092 951 3125 optato
961 3081 1138 3117 adveniente.
1160 3086 1278 3116 tracium
1288 3085 1325 3116 ab

225 3127 400 3158 aleatoribus.
422 3126 454 3157 V.
477 3126 617 3156 Chiliadas
626 3126 737 3156 Erasmi.

205 3164 332 3195 Fortuito
344 3165 455 3195 cecidit.
497 3164 555 3194 Cic.
570 3174 596 3193 2.
615 3164 651 3194 de
662 3162 754 3193 Divin.
768 3172 830 3199 107.
864 3160 934 3192 Satis
948 3163 987 3191 est
1003 3162 1038 3191 ad
1053 3161 1272 3191 confirmandam
1284 3161 1324 3190 di.

224 3203 397 3269 {magonem
406 3225 415 3238 ,
435 3202 520 3233 semel
530 3202 636 3240 aliquid
646 3202 684 3232 ita
693 3201 747 3231 effe
756 3201 910 3231 divinatum
921 3222 931 3236 ,
952 3199 1023 3232 nihil
1039 3206 1069 3230 ut
1085 3200 1201 3231 fortuito
1211 3199 1324 3231 cecidis-

236 3250 251 3268 6
265 3250 289 3269 Vl
311 3247 396 3271 eatur.

206 3277 281 3308 Male
291 3279 399 3308 cadere.
437 3275 470 3308 In
491 3285 621 3308 matus.
738 3313 740 3315 ‚
806 3310 807 3314 ,

206 3314 310 3345 Melius
320 3316 395 3352 quod
407 3316 519 3346 caderet
530 3338 538 3350 .
559 3315 632 3345 nihil
642 3315 710 3345 vidi.
738 3313 797 3344 Cic.
807 3318 832 3348 8.
844 3313 919 3344 Fam.
932 3320 975 3343 12.

205 3352 407 3382 Percommode
419 3353 503 3383 cadit.
525 3352 584 3383 Cic.
599 3363 625 3383 2.
644 3353 719 3383 Verr.
734 3363 758 3388 ς.

207 3389 415 3427 Peropportune
426 3391 530 3421 cecidit
541 3391 610 3421 mihi
621 3391 684 3420 hoc.
706 3390 766 3420 Cic.
777 3398 803 3419 2.
818 3389 854 3419 de
865 3389 944 3420 Orat.
959 3395 1001 3425 15-

206 3426 456 3463 Perquamvenuste
464 3429 575 3458 cecidit.
598 3429 656 3459 Cic.
671 3434 698 3463 8.
718 3428 793 3458 Fam.
805 3438 832 3463 4.

208 3464 295 3493 Valde
304 3466 410 3502 optanti
420 3467 522 3496 cecidit
536 3489 544 3502 ,
566 3473 617 3502 ut,
637 3469 689 3497 διε.
711 3464 770 3495 Cic.
786 3475 809 3495 1.
823 3465 858 3495 de
868 3464 948 3494 Orat.
958 3466 1003 3499 96.
1024 3462 1158 3492 Hoclooo
1169 3458 1322 3501 Sulpicius,

226 3501 476 3545 Insperantimihi,
496 3505 604 3541 inquit,
627 3504 751 3534 &Cottae
762 3526 770 3539 ,
790 3502 837 3532 sed
857 3502 937 3532 valde
953 3501 1063 3539 optanti
1080 3499 1188 3538 utrique
1199 3501 1323 3530 nostrum

226 3539 397 3605 l‹·;eci·di·t,.‘ut
412 3541 440 3570 in
454 3541 533 3570 istum
544 3541 718 3578 sermonem,
739 3539 848 3577 Crasse,
868 3539 1077 3570 delaberemini.
1117 3539 1163 3568 Sic
1183 3547 1249 3567 cum
1262 3538 1323 3568 alii:

247 3582 323 3606 artie!
346 3587 388 3606 13.

207 3613 314 3643 Cadere
328 3587 371 3643 rile
391 3614 430 3645 Re
442 3616 613 3652 nummaria,
635 3618 710 3655 quod
733 3616 804 3647 Galli
826 3616 924 3645 dicunt
941 3614 1029 3642 ochoir·
1062 3611 1183 3648 ,Cic-15.
1206 3613 1318 3642 litt-²0.

224 3651 362 3695 Equidem
371 3652 452 3682 video
462 3654 646 3691 mihiquoque
654 3655 707 3684 esse
725 3665 795 3693 opus
805 3654 953 3684 viaticum:
975 3650 1023 3681 sed
1039 3649 1069 3680 id
1087 3660 1121 3680 ex
1136 3650 1246 3687 praediis
1259 3672 1267 3685 ,
1290 3650 1321 3680 'ut

226 3688 326 3722 cadet,
346 3689 519 3719 itasolvetur.
543 3691 624 3721 Conf.
649 3693 677 3722 ln
688 3691 763 3721 diem
775 3692 881 3722 cadere.

208 3726 314 3756 Cadere
322 3747 330 3759 ‚
352 3736 401 3763 pro
412 3726 539 3756 Desinere
550 3730 575 3757 &
584 3730 733 3759 terminari.
774 3729 832 3759 Cic.
845 3729 874 3758 in
885 3728 961 3758 Orat.
979 3737 1040 3764 194.
1073 3725 1159 3763 Quod
1170 3724 1252 3755 verba
1261 3735 1322 3756 mc·

227 3764 280 3793 lius
290 3764 317 3791 in
329 3762 589 3801 syllabaslongiores
602 3767 713 3795 cadunt.
735 3768 752 3796 i.
770 3778 794 3796 e.
818 3767 972 3796 Finiuntur.

207 3801 312 3831 Cadere
323 3800 451 3830 similiter.
492 3801 610 3838 Quintil.
624 3802 671 3832 lib.
688 3815 710 3832 i.
722 3815 782 3841 cap.
793 3806 828 3834 de
840 3801 1046 3841 Orthographia
1058 3823 1067 3837 ,
1087 3801 1270 3838 Eandemque
1290 3801 1321 3830 in

225 3839 344 3871 ceteriS,
365 3847 429 3881 quae·
443 3838 696 3881 similiter'cadant,
717 3842 832 3871 modum
850 3842 964 3871 tenuit?
986 3841 1063 3871 ldern
1081 3839 1130 3868 lib.
1147 3849 1173 3875 9.
1196 3838 1318 3876 ca'p.ult.

224 3876 274 3906 Illa
285 3884 395 3912 quoque
405 3884 470 3904 vitia
480 3876 540 3904 sunt
550 3876 671 3911 ejusdem
679 3876 733 3907 loci
744 3901 752 3913 ,
773 3879 790 3907 ii
802 3879 930 3908 cadentia
943 3878 1066 3907 similiter
1082 3879 1107 3907 &
1118 3876 1238 3905 iimiliter
1252 3875 1322 3905 deli-

224 3914 337 3946 neritia,
359 3913 586 3941 &eodemmodo
598 3914 751 3949 declinam,
773 3915 1028 3953 multajungantur.
1068 3915 1200 3945 Similiter
1219 3913 1321 3944 caden-

224 3952 261 3980 tia
275 3956 372 3983 vocat,
393 3950 462 3986 Quae
470 3950 661 3985 suntejusdein
669 3953 872 3982 terminationis
886 3975 894 3987 ,
915 3962 946 3982 ut
963 3953 1081 3987 Dica'm,
1103 3953 1210 3981 faciam.

205 3988 340 4019 Articulus
349 3987 451 4018 cadens
460 3997 518 4017 non
529 3989 564 4017 ad
574 3997 732 4020 numerum.
754 3989 813 4020 Cic.
830 3991 861 4022 in
872 3989 949 4020 Orat.
967 4000 1009 4026 59.
1031 3991 1066 4020 de
1079 3990 1161 4021 Geitu
1171 3989 1298 4028 loqueris.

1883 165 1912 199 C
2009 167 2037 200 A
2133 167 2166 202 D

1419 242 1509 286 Verba
1521 243 1645 287 quaedam
1657 243 1733 274 fonte
1745 245 1842 276 Graeco
1853 246 1965 276 cadunt.
2006 248 2072 277 Hor.
2088 249 2116 278 in
2127 249 2189 278 Arte
2198 247 2272 278 Poet.
2285 258 2327 285 53.
2350 249 2377 278 h.
2391 257 2414 278 e.
2437 248 2531 283 tom.

1441 291 1474 324 co
1487 291 1519 324 in¹
1528 281 1654 310 Latinum
1668 284 1799 315 derivata.
1841 285 2014 322 Porphyrius.
2589 287 2591 290 ’

1421 317 1551 348 Privatim
1564 320 1669 362 cadere.
1711 320 1768 350 Cic.
1785 325 1824 350 i6.
1840 323 1891 351 litt.
1906 333 1947 352 ii.
1970 323 2145 352 Veniendum
2161 323 2199 352 est
2216 324 2297 360 igitur
2317 324 2344 352 in
2363 323 2445 361 ipsam
2458 324 2531 357 flam.

1440 366 1524 386 niam.
1543 358 1697 400 'turpiusest
1705 360 1779 388 enim
1792 360 1919 397 privatim
1932 361 2032 390 cadere
2043 384 2051 394 ,
2072 371 2154 397 quam
2164 362 2284 398 publice.
2325 361 2466 398 Privatim,
2483 364 2529 394 i.e.

1444 395 1504 423 ffire
1515 395 1605 424 alieno
1615 396 1788 432 oppressum:
1812 396 1924 427 Publice
1935 420 1942 432 ,
1965 398 2136 432 Reipublicae
2145 398 2231 427 causa.

1423 431 1545 475 Cadere,
1567 432 1650 461 Mori·
1672 433 1735 468 [vel
1750 435 1844 472 potius
1854 435 1978 471 Occidi]
2008 436 2072 465 Caes.
2086 445 2109 471 3.
2124 435 2191 465 Bell.
2203 436 2286 465 Civil.
2301 445 2343 473 53.
2368 436 2407 465 Ad
2417 436 2531 469 duorum

1441 469 1561 499 millium
1575 480 1693 516 nurnero
1706 481 1740 500 ex
1757 472 1932 510 Pompeianis
1947 473 2077 503 cecidisse
2090 473 2305 511 reperiebamus.
2338 470 2424 504 Plaut.
2435 475 2530 514 Amph.

1444 517 1467 536 1.
1482 517 1504 537 1.
1518 513 1562 551 83.
1590 508 1687 537 crebri
1703 508 1792 539 hostes
1802 511 1914 540 cadunt.

1422 544 1492 612 Agite
1509 546 1587 589 diem
1606 546 1713 576 cadere.
1755 547 1826 585 Virg.
1839 560 1864 584 4.
1881 548 1943 578 1Ε11.
1956 552 2020 580 620.
2051 548 2070 577 i.
2082 558 2107 578 e.
2129 549 2200 579 Ante
2214 548 2262 579 fati
2274 548 2479 587 necessitatem,
2496 551 2532 583 ait

1458 592 1558 612 ervms.

1421 618 1549 650 Fataliter
1559 620 1667 650 cadere.
1689 621 1775 651 Ovid.
1788 631 1829 652 12.
1844 623 1913 655 Met.
1927 627 1973 658 68.

1594 691 1597 695 ,
1615 675 1652 679 —
1663 660 1690 689 ἃ
1703 659 1953 699 Hectorea-primus
1963 661 2081 691 fataliter
2090 660 2164 692 hasta
2175 684 2184 698 ,

1512 695 1671 732 Protesilae,
1681 697 1767 727 cadis.

1420 732 1486 764 Acie
1496 735 1604 764 cadere.
1625 735 1709 764 Ovid.
1722 744 1748 772 7.
1767 736 1838 766 Met.
1852 746 1914 774 142.

1515 771 1654 809 Civilique
1665 773 1769 803 cadunt
1780 775 1846 804 acie.

1421 809 1550 847 Bipenni.
1572 809 1657 840 Ovid.
1672 820 1714 840 12.
1730 811 1799 841 Met.
1812 816 1877 843 611.

1420 847 1499 876 Ense.
1521 847 1609 877 Valer.
1623 858 1646 877 1.
1668 849 1702 878 Ar
1723 859 1768 882 on.
1782 855 1846 886 812.

1420 884 1529 915 Fraude
1539 885 1680 916 muliebri.
1699 858 1790 917 iacit.
1801 897 1826 917 2.
1846 889 1917 919 Ann.
1931 897 1976 926 71.

1416 922 1528 959 Jaculo.
1560 923 1647 953 Ovid.
1662 932 1685 961 3.
1703 924 1771 954 Met.
1787 934 1848 961 119.
1999 953 2001 956 .

1550 998 1556 1004 .
1597 999 1603 1004 .
1614 962 1753 998 -jaculo
1764 964 1839 993 cadit
1846 960 2029 1002 0111111031ρῖ0-

1420 998 1511 1029 Manu
1520 994 1646 1035 alicujus.
1667 1000 1733 1030 Sen.
1745 1001 1845 1031 Odtav.
1862 1011 1923 1039 174.

1418 1037 1508 1073 Manu
1518 1035 1563 1066 sua
1577 1037 1685 1068 cadere.
1706 1038 1796 1068 Tacit.
1813 1049 1855 1076 ις’.
1871 1040 1940 1070 Α1111.

1418 1075 1511 1105 Marte
1522 1074 1666 1105 foemineo.
1689 1075 1774 1106 Ovid.
1788 1086 1829 1107 12.
1842 1078 1915 1108 Met.
1934 1080 1999 1108 610.

1424 1146 1428 1149 Δ
1513 1113 1548 1142 At
1559 1113 1577 1142 si
1588 1113 1712 1143 femineo
1722 1114 1812 1145 fuerat
1822 1116 1872 1144 tibi
1881 1116 1972 1149 Marte
1981 1114 2150 1147 cadendum..

1418 1151 1511 1181 Marte
1519 1150 1568 1180 suo
1579 1151 1684 1181 cadunt
1693 1152 1795 1184 fratres.
1817 1153 1902 1184 Ovid.
1913 1162 1939 1190 3.
1958 1153 2028 1184 Met.
2040 1162 2103 1191 123.

1419 1189 1526 1226 Cadere
1537 1199 1587 1226 per
1596 1189 1678 1220 acies.
1718 1190 1751 1220 In
1773 1201 1792 1220 A
1801 1201 1818 1220 c
1827 1202 1837 1220 1
1847 1201 1861 1220 3
1870 1201 1891 1221 3.

1418 1227 1526 1256 Cadere
1537 1237 1588 1264 pto
1600 1228 1695 1265 patria.
1717 1228 1837 1265 Quintil.
1848 1229 1896 1260 lib.
1907 1238 1934 1260 2.
1946 1239 2007 1267 cap.
2023 1239 2067 1266 ις.

1417 1262 1514 1294 Hostia
1524 1265 1624 1308 cadere
1634 1265 1736 1296 dicitur
1745 1273 1808 1297 ante
1818 1277 1885 1297 aras.
1924 1267 1997 1307 Virg.
2011 1277 2035 1297 1.
2047 1267 2109 1302 IEn.
2123 1273 2186 1305 334.
2216 1266 2236 1296 i.
2247 1275 2272 1298 0.
2293 1265 2459 1304 Occidlmr‘,
2476 1268 2532 1300 hh

1438 1305 1526 1332 <tatur
1540 1324 1548 1338 ,
1569 1303 1736 1334 immolatur.

1418 1341 1488 1370 Ovis
1498 1341 1573 1370 cadit
1585 1341 1638 1370 deo
1649 1341 1765 1373 Somno.
1786 1342 1871 1373 Ovid.
1883 1353 1909 1378 4.
1924 1340 1992 1374 Fast-
2004 1349 2068 1381 895·
2093 1343 2112 1373 ἱ·
2123 1351 2148 1374 θ·
2169 1341 2343 1374 Imm0¹³tu²²

1417 1371 1504 1409 ‘Pleno
1514 1388 1588 1408 anno
1601 1378 1711 1409 hoedus.
1732 1380 1800 1410 Hor.
1834 1403 1841 1411 .
1858 1380 1949 1412 Carm.
1969 1387 2011 1416 18.
2030 1392 2055 1419 5.

1496 1417 1526 1453 81
1539 1423 1617 1461 tener
1627 1417 1713 1455 pleno
1727 1418 1803 1448 cadit
1835 1419 1916 1449 oedus
1926 1429 2010 1450 anno.
2104 1419 2124 1450 1.
2140 1427 2166 1449 0.
2187 1418 2267 1450 Anno
2281 1417 2424 1457 completo
2433 1419 2529 1452 ma&
2593 1422 2604 1453 9

1435 1460 1479 1484 tur
1489 1477 1497 1491 ,
1518 1452 1565 1485 seu
1581 1455 1751 1487 immolatur.

1415 1493 1508 1523 Stellae
1519 1492 1592 1522 Oriri
1604 1494 1630 1523 81
1641 1493 1747 1523 Cadere
1757 1494 1898 1525 dicuntur.
1919 1492 2006 1526 ovid.
2020 1504 2045 1528 1.
2061 1493 2129 1525 Fast.
2143 1503 2208 1530 295.

1414 1532 1546 1567 A16turus
1556 1531 1668 1563 caderis.
1689 1531 1757 1562 Hor.
1770 1541 1793 1569 3.
1807 1532 1898 1563 Carm.
1913 1543 1936 1564 1.
1950 1542 1995 1571 ²7·
2017 1533 2036 1564 i.
2051 1543 2076 1565 e.
2097 1533 2131 1563 In
2141 1531 2271 1564 occasum
2283 1531 2414 1563 tendent.
2593 1532 2601 1570 l

1413 1569 1635 1600 Astracadentia.
1655 1568 1729 1607 Virg.
1740 1575 1766 1605 8.
1784 1570 1846 1600 AEn.
1861 1581 1905 1607 59.
2595 1572 2601 1609 ’ρ

1413 1606 1518 1637 Bootes
1526 1607 1638 1638 cadens.
1660 1606 1733 1645 Virg.
1747 1618 1770 1638 1.
1788 1608 1887 1646 Georg.
1898 1618 1961 1646 ²29-

1495 1645 1578 1675 Haud
1591 1644 1707 1676 obscura
1720 1646 1824 1677 cadens
1837 1647 1929 1677 mittet
1936 1647 1990 1678 tibi
1998 1647 2072 1686 signa
2081 1645 2193 1677 Bootes.
2591 1642 2598 1660 '

1412 1682 1480 1713 Dies
1492 1683 1605 1713 cadens.
1629 1683 1713 1713 Ovid.
1724 1694 1751 1720 4·.
1768 1684 1839 1715 Met.
1851 1688 1915 1715 626.
2590 1684 2599 1720 li

1411 1721 1505 1755 Orion
1516 1721 1600 1751 cadit.
1622 1721 1691 1751 Hor.
1705 1721 1725 1751 E
1748 1722 1796 1752 od.
1811 1732 1855 1753 10.

1411 1759 1532 1803 Phoebus
1547 1759 1639 1789 oriens
1649 1781 1657 1795 ,
1676 1732 1786 1790 medius
1797 1782 1806 1796 ‚
1826 1762 1853 1791 &
1864 1753 1975 1791 cadens.
1995 1756 2083 1792 Ovid.
2097 1760 2141 1790 11.
2152 1759 2223 1791 Met.
2238 1768 2302 1797 395.

1412 1797 1510 1827 Sidera
1519 1797 1593 1835 lapsa
1608 1797 1724 1827 cadunt.
1746 1798 1869 1837 Propert.
1886 1798 1934 1828 lib.
1943 1809 1970 1835 4.
1979 1809 2006 1835 4.
2017 1801 2064 1836 64.

1410 1835 1509 1866 Sidera
1521 1836 1662 1865 cadentia.
1683 1835 1756 1874 Virg.
1769 1847 1796 1873 4.
1812 1836 1874 1867 AEn.
1886 1842 1932 1871 81.

1512 1905 1515 1908 ,
1606 1888 1643 1893 —-—
1654 1872 1824 1912 suadentque
1835 1874 1964 1905 cadentia
1977 1873 2061 1904 sidera
2070 1874 2193 1905 somno's.

1409 1909 1460 1940 Sol
1470 1911 1582 1941 cadens.
1602 1910 1675 1949 Virg.
1687 1922 1713 1947 4.
1728 1912 1868 1949 1Ε11.4101.
2296 1939 2298 1942 .
2493 1931 2509 1945 «.

1410 1948 1554 1979 Obscoeno
1565 1949 1709 1980 intellectu
1719 1949 1835 1980 sumitur
1844 1950 1873 1979 in
1881 1949 1934 1984 illo,
1944 1949 2030 1981 Plaut.
2047 1948 2117 1981 Pers.
2132 1959 2159 1986 4.
2169 1958 2197 1986 4.
2212 1958 2274 1985 104.
2294 1947 2394 1978 Libera
2411 1944 2485 1986 etis,
2504 1946 2524 1978 fi
2567 1947 2570 1955 ‘

1432 1987 1529 2016 crebro
1541 1987 1632 2017 cades.
1654 1988 1672 2017 i.
1689 1998 1713 2017 e.
1736 1988 1807 2018 Viris
1818 1988 1990 2019 succumbes.
2389 1984 2390 1995 ¹

1375 2024 1398 2055 C
1406 2034 1425 2053 A
1434 2035 1454 2053 D
1462 2034 1477 2054 iz
1486 2034 1506 2053 N
1516 2035 1527 2054 s
1538 2047 1547 2061 ,
1568 2025 1666 2056 Partic.
1684 2027 1703 2062 [
1711 2026 1825 2062 ἐξείπωζι
1848 2024 1933 2062 Cujus
1942 2025 2021 2064 plura
2030 2024 2094 2055 sunt
2105 2024 2234 2063 exempla
2244 2024 2274 2054 in
2285 2023 2344 2061 ipso
2354 2022 2450 2055 verbo.

1411 2062 1548 2101 Excipere
1556 2063 1714 2093 cadentem.
1736 2064 1803 2094 Stat.
1819 2073 1843 2094 1.
1854 2064 1921 2094 Silv.
1932 2073 1958 2093 2.
1976 2073 2038 2100 109.
2061 2063 2146 2093 Ovid.
2167 2072 2210 2099 ις.
2230 2062 2314 2100 Epist.
2328 2069 2391 2100 179.

1453 2100 1498 2130 Tu
1510 2111 1639 2138 quoque,
1660 2101 1754 2131 mollis
1766 2103 1849 2131 Amor
1861 2124 1868 2138 ‚
1890 2111 1996 2139 pennas
2015 2101 2144 2139 suppone
2163 2100 2285 2131 cadenti.

1405 2137 1551 2171 Sustinere
1562 2139 1721 2170 cadentem.
1743 2139 1826 2169 Ovid.
1836 2146 1862 2175 8.
1874 2140 1943 2170 Met.
1958 2145 2020 2176 148.

1374 2173 1398 2206 C
1407 2179 1422 2205 Κ
1433 2186 1444 2205 s
1452 2187 1471 2205 U
1482 2186 1494 2206 S
1505 2199 1514 2212 ,
1536 2178 1574 2207 fis.
1598 2187 1636 2207 m.
1666 2174 1829 2214 [oilpfflawo
1841 2196 1849 2207 2
1873 2177 2014 2212 οαῖπμψιίσι
2026 2199 2034 2213 ‚
2053 2176 2158 2212 orwm]
2189 2176 2291 2206 dicitur
2309 2174 2432 2205 maxime
2442 2172 2523 2211 Quofl
2578 2197 2583 2203 .

1409 2214 1528 2255 fortuito
1538 2215 1701 2245 hominibus
1710 2216 1822 2245 accidit.
1863 2215 1922 2246 Cic.
1935 2215 1971 2245 de
1982 2215 2091 2245 Amicit.
2102 2223 2149 2251 4²·
2170 2214 2208 2244 Ut
2217 2214 2235 2244 ii
2246 2214 2274 2243 in
2285 2213 2425 2253 ejusmodi
2435 2211 2523 2242 amiei—
2562 2223 2563 2242 i
2574 2224 2589 2240 ¹..

1411 2253 1560 2290 tiasignari
1574 2253 1635 2282 casu
1647 2253 1741 2290 aliquo
1752 2254 1904 2283 inciderint
1916 2275 1924 2288 ,
1945 2255 1998 2283 &c.
2019 2253 2087 2284 Hor.
2103 2263 2128 2283 1.
2143 2252 2231 2283 Serm.
2244 2256 2271 2283 6.
2287 2260 2330 2290 53.

1604 2306 1642 2325 ,-
1651 2291 1763 2328 felicem
1772 2291 1865 2321 dicere
1877 2301 1935 2323 non
1946 2291 2000 2321 hoc

1501 2328 1552 2358 Me
1563 2328 1672 2367 p'ossum
1682 2328 1745 2358 casu
1755 2351 1764 2365 ,
1784 2329 1860 2366 quod
1872 2335 1899 2359 te
1910 2328 2020 2359 sortitus
2030 2328 2162 2358 amicum.

1407 2366 1551 2398 Levamen
1562 2366 1648 2397 casus.
1671 2367 1742 2404 Virg.
1756 2376 1778 2403 3.
1791 2367 1854 2398 AEn.
1866 2376 1930 2404 709.
1987 2401 1992 2403 Δ

1489 2401 1553 2434 Heu
1571 2405 1740 2441 genitorem,
1761 2405 1854 2435 onmis
1867 2411 1940 2435 curae
1955 2403 2085 2442 casusque
2096 2400 2226 2435 levamen

1490 2443 1594 2472 Amitto
1606 2442 1750 2472 Anchisen.

1407 2480 1496 2511 Maris
1509 2480 1622 2510 casuum
1633 2481 1754 2517 ignarus.
1780 2479 1871 2511 Tacit.
1883 2489 1910 2510 0.
1924 2480 1993 2511 Ann.
2006 2488 2051 2517 23.
2090 2479 2123 2510 V.
2146 2477 2248 2509 Marini
2262 2477 2347 2510 casus.

1409 2518 1510 2548 Mortis
1520 2519 1596 2548 durae
1607 2519 1692 2548 casus.
1715 2518 1785 2555 Virg.
1798 2529 1842 2548 10.
1854 2518 1914 2549 AEn.
1926 2527 1990 2555 791.
2013 2517 2087 2548 conf.
2110 2517 2221 2550 Habere
2235 2515 2320 2547 casus.

1408 2556 1511 2594 Pugnae
1521 2555 1613 2586 casum
1628 2556 1759 2595 praebere.
1781 2556 1870 2586 Tacit.
1885 2565 1926 2585 11.
1945 2557 2015 2586 Ann.
2052 2591 2056 2594 1

1408 2593 1538 2623 Victoriae
1548 2594 1641 2623 casum
1649 2595 1790 2627 invenire..
1807 2593 1913 2624 Sallust.
1925 2594 1956 2623 in
1968 2593 2095 2632 jugurth.
2110 2602 2172 2634 cap.
2183 2601 2230 2630 ις.

1408 2629 1531 2663 Acerbus
1544 2631 1627 2662 casus.
1650 2632 1720 2670 Virg.
1738 2643 1762 2668 ς.
1781 2632 1843 2667 AEn.
1873 2641 1919 2662 00.

1407 2669 1586 2699 admirabilis
1597 2670 1682 2700 casus.
1704 2669 1824 2706 Quintil.
1838 2669 1858 2699 li
1880 2692 1887 2699 .
1900 2679 1926 2701 2.
1939 2679 2001 2707 cap.
2013 2669 2057 2708 1'7.

1410 2706 1519 2745 Anceps
1528 2708 1603 2737 casus
1614 2707 1689 2737 belli.
1711 2707 1814 2737 Lucan.
1827 2706 1876 2737 lib.
1887 2719 1914 2745 4.
1928 2716 1992 2746 771.

1406 2745 1502 2776 Brevis
1519 2745 1604 2775 casus.
1625 2746 1690 2776 Sen.
1702 2746 1732 2774 in
1742 2745 1844 2775 Trffad.
1857 2755 1884 2781 4.
2571 2755 2587 2776 κ.
2602 2757 2604 2766 ⁴

1406 2783 1504 2813 Caecus
1513 2783 1597 2812 casus.
1638 2784 1695 2814 Cic.
1705 2783 1780 2826 aude
1789 2783 1884 2818 Divin.
1900 2793 1943 2819 ις.
1973 2782 2038 2819 Quo
2054 2781 2141 2812 modo
2152 2790 2217 2819 ergo
2229 2780 2258 2810 id
2274 2778 2350 2818 quod
2361 2785 2462 2810 temere
2473 2776 2518 2814 fito
2571 2777 2587 2810 ll
2602 2787 2604 2804 1

1428 2831 1502 2850 caeco
1514 2821 1574 2850 casu
1585 2823 1611 2851 &
1621 2819 1799 2851 volubilitate
1809 2821 1927 2850 fortunae
1936 2843 1946 2857 ,
1967 2819 2118 2859 praesentiri
2131 2821 2157 2850 Sc
2166 2819 2281 2858 praedici
2292 2818 2404 2857 potest?
2585 2830 2587 2832 ’
2601 2823 2604 2830 ’

2009 750 2046 759 -
2060 747 2111 776 per
2121 743 2216 768 mutua
2225 735 2340 768 vulnera
2349 737 2444 768 {intres
2452 753 2462 773 ⁵

1406 2857 1500 2898 Durus
1514 2858 1599 2890 casus.
1622 2859 1695 2896 Virg.
1707 2861 1733 2888 6.
1752 2859 1814 2890 ffin.
1831 2868 1863 2895 37
1886 2881 1892 2888 .
2443 2892 2445 2894 ³
2583 2863 2604 2883 i:

1405 2893 1530 2927 Fatalem
1544 2896 1637 2926 casum
1645 2894 1724 2926 ferre.
1763 2896 1822 2926 Cic.
1833 2869 1994 2934 al‘hilipp.
2009 2904 2052 2931 19.
2072 2894 2136 2926 Fuit
2157 2893 2256 2932 aliquis
2274 2892 2364 2923 fatalis
2381 2891 2471 2928 casus,
2488 2893 2519 2922 ut
2552 2898 2553 2919 1
2575 2901 2603 2931 ,i

1427 2935 1464 2963 ita
1476 2935 1568 2964 dicam
1579 2957 1587 2968 ,
1609 2944 1693 2973 quem
1709 2934 1832 2964 tulimus.
2595 2941 2604 2958 1

1406 2972 1525 3003 Fortuiti
1536 2972 1620 3002 casus.
1651 2972 1683 3002 V.
1705 2971 1869 3005 Oriundus,
1890 2969 1921 3001 in
1941 2981 2062 3000 0R10R.
2550 2997 2551 3002 ,
2583 2978 2604 3008 ¹i

1405 3010 1503 3040 Gravis
1514 3010 1711 3049 &miserabilis
1727 3009 1811 3039 casus.
1849 3010 1906 3039 Cic.
1919 3018 1944 3039 ει.
1959 3009 1995 3038 de
2007 3009 2085 3038 Orat.
2101 3015 2162 3047 197.
2182 3006 2246 3036 Vim
2258 3029 2266 3042 ‚
2287 3006 2380 3044 fugam
2392 3027 2401 3041 ,
2420 3002 2516 3071 lapida-
2548 3010 2552 3048 4*
2571 3004 2585 3038 11
2599 3016 2604 3041 {¹

1425 3049 1554 3084 tionem,
1576 3048 1771 3078 crudelitatem
1791 3047 1987 3083 tribuniciam,
2009 3047 2039 3076 in
2049 3046 2189 3084 Caepionis
2207 3045 2302 3082 gravi,
2322 3041 2445 3087 miserabi
2458 3045 2517 3078 ique
2548 3050 2551 3071 ι
2576 3041 2604 3073 ili

1426 3086 1505 3122 casu,
1526 3086 1554 3115 in
1568 3086 1705 3122 judicium
1716 3085 1841 3115 vocabas.
1882 3085 1940 3114 Cic.
1950 3096 1976 3120 4.
1990 3084 2063 3120 Fam.
2077 3087 2103 3114 6.
2124 3083 2182 3120 Ego
2193 3087 2259 3112 vero
2270 3103 2279 3118 ‚
2299 3083 2393 3118 Servi,
2411 3079 2516 3115 vellem.
2548 3086 2551 3118 ξ
2567 3079 2604 3112 ,eli

1425 3131 1457 3154 ut
1467 3124 1562 3154 scribis
1575 3145 1583 3159 ,
1605 3124 1634 3153 iri
1649 3133 1713 3153 meo
1725 3123 1878 3160 gravissimo
1896 3122 1957 3152 casu
1971 3120 2099 3155 affiiissee.

1406 3161 1571 3192 Horrendos
1582 3161 1657 3191 casus
1667 3162 1726 3191 fari.
1748 3161 1813 3190 Seri.
1829 3161 1914 3190 Herc.
1923 3160 1991 3190 furc.
2002 3170 2028 3196 9.
2282 3190 2285 3191 ⁷
2548 3184 2549 3192 ,
2591 3178 2604 3188 1

1404 3195 1519 3268 Ῑῐὲςεῑῑὲ
1548 3199 1611 3229 casu
1640 3199 1766 3238 pendere
1796 3208 1838 3228 res
1860 3198 1980 3234 dicitur,
2012 3198 2091 3234 cujus
2111 3196 2204 3226 exitus
2222 3196 2252 3225 in
2273 3194 2360 3225 dubio
2380 3193 2428 3224 est.
2454 3192 2514 3224 Seu·
2546 3205 2559 3221 .’
2577 3203 2598 3257 sW

1452 3248 1499 3268 roa
1522 3261 1528 3267 .
1548 3247 1589 3267 10.
2590 3245 2604 3263 ..a

1405 3276 1539 3306 Infandus
1551 3274 1635 3305 casus.
1658 3274 1730 3312 Virg.
1746 3278 1772 3309 8.
1787 3273 1848 3304 AEn.
1863 3278 1924 3310 578.
2178 3309 2181 3312 Ι
2316 3310 2319 3311 ⁷
2546 3270 2548 3302 'r
2589 3269 2604 3302 ii,

1404 3314 1521 3345 Infestus
1531 3313 1615 3343 casus.
1658 3312 1716 3342 Cic.
1729 3322 1780 3350 pro
1794 3310 1861 3349 Syll.
1876 3322 1900 3342 1.
1922 3310 1977 3340 Sed
1991 3311 2124 3348 quoniam
2133 3310 2170 3339 ita
2179 3307 2243 3338 tulit
2255 3307 2329 3338 casus
2343 3305 2469 3340 infestus,
2486 3305 2516 3333 nt
2544 3306 2547 3357 l
2578 3308 2604 3340 :Q

1426 3351 1592 3389 amplissimo
1604 3352 1633 3380 in
1645 3350 1753 3380 honore
1763 3372 1772 3385 ,
1793 3351 1844 3379 ecc.
2062 3385 2064 3387 ‚
2441 3377 2447 3386 ¹
2544 3368 2547 3381 ,
2589 3345 2604 3379 ti.

1405 3387 1520 3433 Iniquus
1531 3389 1616 3419 casus.
1657 3388 1715 3418 Cic.
1727 3397 1777 3426 pto
1786 3387 1878 3417 Domo
1891 3384 1951 3420 sua,
1965 3392 2010 3422 84.
2042 3386 2076 3415 At
2094 3384 2159 3415 vide
2171 3383 2238 3423 quid
2249 3381 2352 3413 interfit
2360 3381 2431 3411 inter
2438 3376 2513 3409 illum
2543 3387 2546 3424 j
2588 3381 2604 3416 ia

1413 3423 1624 3464 ,iniquissimum
1635 3426 1719 3464 patris
1730 3425 1770 3454 tui
1781 3446 1790 3456 ‚
1810 3424 1901 3454 casum
1912 3446 1920 3458 ,
1942 3425 1994 3454 Sto.
2543 3425 2545 3456 ἕ

1405 3464 1529 3501 Magnus
1540 3464 1625 3494 casus.
1664 3463 1695 3494 V.
1717 3462 1826 3494 Habere
1840 3461 1940 3491 casum.
2543 3471 2557 3496 ⁴,
2588 3468 2604 3492 rer

1406 3503 1511 3533 Marini
1521 3502 1605 3532 casus.
1628 3500 1700 3538 Virg.
1715 3511 1740 3530 2.
1756 3501 1853 3536 Georg.
1869 3504 1914 3532 68.
2600 3498 2602 3501 ’

1497 3555 1536 3562 —
1545 3539 1620 3569 casus
1630 3537 1706 3568 abies
1715 3538 1804 3567 visura
1813 3537 1943 3566 marinos.

1406 3577 1559 3608 mirificum
1572 3577 1679 3607 casum!
1703 3576 1760 3606 Cic.
1775 3585 1800 3614 7.
1815 3575 1889 3605 Fam.
1904 3585 1928 3610 ς.

1407 3615 1555 3652 Nefandus
1567 3615 1651 3646 casus.
1674 3615 1738 3643 Seri.
1756 3614 1785 3642 in
1797 3613 1830 3642 Hi
1875 3611 1911 3641 ol.
2590 3618 2604 3643 ffi-

1405 3650 1480 3683 Novi
1492 3651 1575 3683 casus.
1617 3652 1674 3681 Cic.
1687 3661 1737 3689 pro
1750 3651 1822 3688 Lege
1866 3649 1931 3678 anil.
1944 3652 1991 3678 60.
2011 3644 2169 3691 Semperad
2180 3655 2269 3676 novos
2278 3644 2353 3677 castis
2362 3644 2511 3681 temporum
2573 3636 2604 3684 'iij

1426 3699 1563 3720 novorum
1574 3690 1751 3725 consiliorum
1762 3689 1880 3724 rationes
1893 3687 2122 3716 accommodasse.

1406 3726 1532 3758 Rariores
1544 3734 1651 3757 ceteros
1660 3727 1736 3756 casus
1745 3726 1828 3756 habet
1837 3721 1896 3754 liaec
1908 3724 1962 3761 ipsa
1972 3725 2090 3753 fortuna.
2113 3723 2172 3753 Cic.
2184 3732 2210 3751 2.
2224 3719 2281 3764 Off.
2297 3730 2338 3756 19.

1407 3765 1584 3803 Repentinus
1595 3765 1680 3795 casus.
1712 3762 1742 3794 V.
1764 3763 1847 3802 paulo
1859 3762 1933 3800 post,
1955 3762 2059 3799 Lugere
2073 3761 2165 3792 casum
2180 3759 2307 3795 alicujus.

1406 3802 1519 3832 Sinister
1529 3803 1614 3832 casus.
1635 3804 1701 3832 Stat.
1715 3806 1741 3831 6.
1758 3801 1848 3832 Theb.
1861 3810 1923 3836 7²3-

1405 3840 1520 3870 Subitus
1532 3840 1616 3870 casim.
1636 3840 1734 3876 Juven.
1768 3840 1841 3869 ,Sat
1855 3847 1918 3874 273.
2582 3836 2604 3872 lii

1408 3877 1577 3907 Variicasus.
1600 3878 1673 3914 Virg.
1691 3888 1713 3906 1.
1726 3849 1787 3908 ffiln.
1802 3887 1865 3911 204.
2323 3887 2325 3889 ·
2364 3904 2370 3913 ,
2413 3902 2419 3910 ,
2587 3882 2603 3906 ῑῖῑ

1408 3914 1484 3946 Varii
1495 3915 1569 3944 casus
1581 3916 1738 3945 fefellerunt
1750 3915 1835 3953 spem.
1849 3913 1906 3942 Cic.
1915 3922 1935 3941 1.
1951 3912 1986 3941 de
1996 3912 2103 3941 Orata.
2118 3910 2210 3948 Quam
2220 3908 2297 3947 spem
2310 3906 2510 3945 cogitationum»
2591 3938 2604 3949 .-

1427 3954 1453 3982 ἃ
1462 3953 1637 3982 consiliorum
1649 3963 1789 3987 meorum,
1811 3955 1874 3981 cum
1885 3960 1977 3988 graves
1988 3949 2181 3979 communium
2198 3955 2356 3985 temporum
2365 3966 2374 3980 ,
2400 3948 2456 3971 tum
2468 3946 2510 3968 va-
2581 3947 2603 3985 ςη

1426 3990 1461 4020 rii
1471 3991 1554 4020 nostri
1564 3991 1639 4021 casus
1650 3990 1815 4020 fefellerunt.
2476 4013 2482 4019 .
2585 3999 2602 4020 rr

2424 4013 2512 4046 Varios

2025 3533 2099 3566 conf.
2111 3535 2190 3574 supra
2200 3533 2294 3565 Maris.
