2604 4222
182 84 252 118 104.
634 67 672 104 AE
761 66 794 101 T
886 65 915 99 A

219 155 318 185 Locus.
341 152 464 183 Celslib.
482 157 506 186 8.
530 150 609 181 Locis
623 158 717 179 tamen
730 147 846 178 aestuosis
858 144 964 175 facilius
973 140 1120 171 invenitur.
1142 138 1161 167 i.
1177 147 1202 166 e.
1228 135 1329 173 Regio-

239 193 321 222 nibus
336 190 521 221 calidioribus.
1211 211 1216 217 ³

221 230 321 266 Syrtes.
342 229 409 258 Hor.
425 239 447 258 1.
470 228 558 256 Carm.
571 235 614 254 22.
628 235 651 258 ς.
704 224 768 252 Sive
777 231 825 258 per
833 220 923 256 Syrtes
934 218 985 246 iter
995 215 1126 245 aestuosas
1163 211 1217 240 Ubi
1230 212 1329 253 Acron,

240 267 374 299 AEstuosas
388 289 395 302 ,
415 267 433 295 i.
454 276 478 294 e.
499 262 678 297 Procellosas,
700 268 748 289 aut
756 258 850 289 Nimio
865 256 921 284 sole
931 255 1076 283 ferventes.
1116 249 1198 279 Unde
1216 249 1287 291 V1rg.
1300 259 1327 290 4.

239 306 301 336 AEn.
318 314 363 340 41.
455 319 493 323 —
512 300 684 337 &inhospita
692 298 785 335 Syrtis.
824 292 972 322 Lambinus
983 300 1057 326 vero,
1068 286 1212 323 AEstuosas,
1230 292 1329 323 inquit,

241 350 330 376 vocat,
342 347 453 379 propter
466 339 542 368 aestus
559 338 641 366 maris
655 335 818 365 accedentes
832 332 858 360 Sc
875 329 1046 358 recedentes.

220 380 327 411 Animal
339 377 557 408 aestuofissimum.
591 371 727 403 Columel.
739 371 786 399 lib.
797 378 822 405 7.
837 377 897 404 cap.
916 377 958 395 10.
975 367 1010 395 de
1024 365 1079 395 sue.

220 418 286 448 Dies
298 415 479 446 aessuofiffimi.
500 413 567 443 Plin.
579 412 626 441 lib.
641 420 683 448 34.
722 409 788 438 Non
799 406 830 435 fit
838 406 892 434 hoc
908 404 958 433 nisi
967 402 1156 433 aestuosissimis
1166 401 1264 431 diebus
1281 401 1331 430 cir-

241 466 273 485 ca
282 455 362 484 Canis
373 461 471 482 ortum.

185 493 218 524 ΖΕ
227 504 238 522 s
247 503 266 522 T
274 503 293 522 υ
303 503 319 521 0
327 502 338 520 s
349 501 362 519 a
373 513 381 526 ,
402 490 470 519 Adv.
481 488 566 517 Plaut.
579 485 676 516 Bacch.
690 493 714 521 3.
730 491 752 519 3.
768 485 812 519 67.
834 479 972 510 Acerrime
982 485 1064 516 atque
1073 476 1183 508 aestuose
1194 475 1328 506 absorbet.

221 529 376 562 AEstuofius.
415 527 481 556 Hor.
500 525 623 562 Epod.3.
642 528 682 556 18.

296 568 356 596 Nec
373 573 473 594 munus
489 562 611 592 humeris
629 559 746 589 efficacis
764 556 892 587 Herculis

293 604 385 634 Inarlit
399 600 541 631 aestuosms.
635 598 706 627 Sunt
724 596 772 633 qui
791 605 842 633 pro
863 593 924 629 Adj.
945 592 1059 622 habent.

185 643 217 675 ΞΕ
226 653 238 673 s
247 652 266 672 T
274 644 287 671 ῖ
296 653 309 671 1*
318 652 332 670 r
341 651 357 669 R
369 663 378 675 ,
400 641 445 668 era
454 660 461 672 ,
480 639 563 666 erum.
584 636 764 672 [mtpvdq&‚
773 631 987 667 nuvwwvdeQG
997 630 1067 667 Virg.
1081 638 1106 658 2.
1120 628 1220 665 Georg.
1232 636 1242 662 3
1252 636 1294 662 52.

295 677 409 708 Hocubi
422 675 514 705 hiulca
523 674 561 702 siti
572 673 653 701 findit
668 672 750 701 Canis
758 671 854 700 aestifer
861 679 930 699 arva.
994 667 1149 697 AEstiferum
1169 675 1264 694 canem
1282 672 1330 692 vo-

221 724 273 753 cat,
284 716 359 754 quod
369 714 472 744 IEstum
487 712 590 746 aflerat,
601 712 619 740 i.
631 721 656 740 e.
672 709 800 739 Calorem
815 705 1094 737 vehementissimum.
1127 704 1185 733 Cic.
1198 704 1228 732 in
1239 704 1308 731 Atat.

292 753 429 784 ffistiferos
443 749 541 779 validis
557 748 678 786 erumpit
690 747 800 777 flatibus
816 747 901 783 ignes.
1018 743 1090 772 Ibid.

293 791 398 821 ffistiter
414 788 452 817 est
467 787 592 824 pandens
604 786 737 815 ferventia
747 784 832 814 sidera
845 783 959 812 Cancer.

220 830 328 866 AEstifer
338 850 346 864 ,
366 827 393 856 h.
408 836 431 856 e.
454 825 558 855 AEstum
567 825 656 853 ferens
667 846 674 859 ,
694 823 739 853 seu
751 823 867 860 patiens.
888 820 989 849 Lucan.
1006 817 1054 847 lib.
1066 827 1089 845 1.
1103 819 1167 846 206.

372 880 410 884 —
428 863 495 892 ficut
509 862 706 900 squallentibus
720 860 812 890 herbis
989 858 992 859 ⁷

290 902 421 933 AEstiferae
436 901 536 938 Libyes
554 900 610 929 viso
630 899 675 929 leo
696 898 852 928 comminus
865 895 951 925 hoste.
1005 893 1072 923 Stat.
1086 901 1110 928 3.
1124 890 1196 928 Sylv.
1211 899 1288 927 3.91.

368 956 405 960 —
425 939 501 976 quod
516 937 645 967 messibus
661 937 729 966 Afris

288 978 411 1007 Vertitur
424 999 432 1012 ,
454 976 560 1006 aestiferi
578 975 710 1012 quicquid
726 974 789 1003 terit
802 981 864 1001 area
882 969 951 1000 Nili.
1082 1005 1086 1009 ·

217 1018 316 1054 Campi
331 1015 446 1046 aestiferi.
468 1014 494 1044 h.
516 1024 540 1043 e.
561 1014 666 1044 AEstum
682 1013 810 1046 ferentes,
826 1009 871 1039 seu
882 1008 1027 1046 patientes.
1059 1004 1108 1034 Sil.
1121 1003 1181 1034 Ital.
1194 1002 1213 1032 l.
1228 1012 1251 1032 1.
1264 1013 1324 1040 194.

215 1056 323 1086 AEstifer
339 1053 418 1091 ignis.
441 1052 548 1082 Lucret.
571 1051 619 1080 lib.
631 1061 654 1080 1.
668 1054 731 1085 663.

288 1090 396 1123 AEstifer
414 1091 484 1128 ignis
498 1091 539 1119 uti
555 1089 652 1119 lumen
669 1089 735 1124 jacit
746 1108 753 1121 ,
774 1092 856 1122 atque
869 1091 1009 1121 vaporem.

178 1132 374 1165 AEsrirrss,
395 1139 425 1158 ae.
456 1128 512 1156 Viri
532 1128 685 1166 proprium.
720 1124 761 1154 Ex
780 1123 861 1159 hujus
874 1120 1000 1158 sepulcro
1016 1118 1051 1147 ad
1066 1117 1181 1153 Troiam
1200 1117 1326 1146 extructo

214 1167 406 1207 speculabatur
418 1165 520 1195 Polites
531 1166 598 1202 quid
608 1165 637 1193 in
647 1164 700 1193 suis
709 1161 823 1191 navibus
832 1160 955 1188 facerent
971 1157 1058 1186 Graeei
1077 1156 1192 1191 Trojam
1201 1154 1328 1184 obsiden-

213 1213 264 1236 tes.
302 1206 414 1236 Homer.
429 1213 454 1233 2.
475 1203 554 1233 Iliad.
571 1202 658 1232 Strab.
677 1200 724 1229 lib.
744 1209 785 1235 13.

176 1245 229 1277 AEs
238 1255 259 1274 Y
267 1255 288 1273 M
297 1253 315 1272 Α
324 1265 331 1279 ,
355 1238 454 1274 Λὶσῦκφ
464 1241 614 1279 Stephano,
629 1239 699 1268 Urbs
709 1236 843 1270 Thraciae,
864 1234 951 1272 patria
959 1231 1128 1266 Castianirae‚
1142 1240 1177 1260 ex
1192 1240 1245 1268 qua
1256 1230 1327 1259 Pria-

213 1292 275 1312 mus
290 1279 509 1318 Gorgythionem
525 1278 659 1316 suscepit,
681 1275 766 1314 quiin
779 1273 853 1303 bello
869 1272 992 1308 Trojano
1008 1270 1042 1299 ab
1052 1270 1134 1306 Ajace
1147 1268 1200 1298 fuit
1215 1268 1328 1297 interfe-

214 1323 281 1350 ctus.
301 1319 416 1349 Homer.
429 1322 454 1350 8.
476 1316 553 1346 Iliad.
570 1325 631 1352 304.

175 1358 208 1390 ΗΞ
217 1369 229 1387 s
238 1368 258 1388 Y
266 1369 287 1387 M
294 1367 312 1386 N
322 1360 338 1386 ἒ
347 1365 366 1384 T
376 1366 399 1385 [ιτ.
409 1377 416 1390 ,
439 1356 454 1390 [
463 1353 632 1389 Αἰσυμνῆται]
656 1350 820 1381 dicebantur
826 1347 901 1386 apud
914 1347 1023 1376 Graecos
1033 1345 1081 1382 qui
1095 1353 1191 1382 parem
1197 1344 1278 1381 regia>
1286 1342 1327 1371 di-

212 1396 308 1434 gnitati
324 1393 485 1432 potestatem
494 1391 634 1421 habebant
647 1400 653 1419 :
675 1400 690 1418 a
700 1398 755 1426 quo
765 1387 889 1420 nomine,
901 1384 1048 1414 Dictatoris
1059 1382 1207 1420 imperium
1218 1380 1325 1410 traxisse

213 1434 350 1471 originem
365 1431 494 1460 creditur.
526 1429 555 1458 V.
567 1429 646 1466 plura
655 1427 728 1465 apud
738 1426 814 1455 Alex.
826 1424 859 1454 ab
872 1422 948 1465 Alex:
964 1422 980 1451 1.
995 1433 1021 1457 4.
1038 1430 1062 1450 c.
1077 1429 1119 1457 23.
1175 1418 1326 1455 [Transla-

211 1479 273 1501 tum
285 1471 314 1500 id
325 1478 429 1498 nomen
444 1467 536 1506 postea
552 1467 587 1495 ad
603 1467 623 1495 A
644 1465 790 1494 onothetas
800 1485 808 1497 ,
826 1468 857 1491 ut
867 1461 963 1490 docuit
982 1461 1041 1488 Ant.
1059 1468 1113 1488 van
1122 1456 1191 1486 Dale
1208 1456 1274 1486 Diff.
1290 1456 1325 1486 de

211 1508 392 1547 Agonothetis
403 1508 454 1536 ἃς,
467 1515 526 1542 quae
538 1504 575 1534 est
588 1476 645 1534 Vlf.
659 1501 844 1541 Syntagmatis
856 1498 961 1528 doctiss.
977 1497 1008 1527 C.
1023 1507 1046 1540 ¹:
1056 1507 1083 1534 p.
1097 1499 1159 1530 516.

173 1547 207 1578 AE
217 1557 229 1577 s
240 1557 259 1576 Y
269 1558 289 1576 M
301 1556 320 1575 Ν
330 1556 340 1574 1
351 1555 370 1574 U
380 1555 392 1574 s
401 1566 410 1580 ,
434 1543 490 1573 Viri
503 1541 671 1580 Megarenfis
684 1549 790 1570 nomen
799 1540 825 1568 δε
834 1537 960 1574 ejusdem
972 1535 1094 1564 nominis
1104 1531 1239 1563 tumulus.
1259 1531 1327 1562 Pau-

210 1585 266 1615 san.
285 1585 315 1614 in
335 1583 417 1613 Attic.

172 1622 206 1654 AE
211 1633 237 1690 Is·I
236 1633 256 1652 Y
264 1633 285 1652 M
295 1632 315 1650 N
324 1632 342 1651 U
350 1631 362 1650 s
374 1643 382 1656 ‚
403 1619 482 1687 Enuds
504 1629 519 1649 e
538 1617 712 1656 principibus
723 1615 881 1647 Graecorum
892 1612 927 1642 ab
937 1611 1058 1642 Hectore
1067 1609 1237 1645 interfectus,
1258 1607 1328 1637 testo

239 1670 323 1690 omer.
345 1668 387 1689 11.
432 1668 457 1687 ia
480 1680 486 1686 .
501 1666 563 1693 303.

171 1698 207 1729 JE
218 1709 230 1729 s
238 1709 258 1728 Y
266 1709 283 1727 R
293 1709 314 1727 M
323 1708 341 1726 U
353 1707 364 1726 s
372 1719 380 1732 ,
402 1696 471 1725 Urbs
487 1695 611 1725 Thraciae
621 1716 629 1729 ,
650 1692 718 1723 teste
732 1691 846 1721 Homer.
860 1695 885 1724 8.
897 1688 975 1718 Iliad.

171 1736 232 1767 AET
240 1747 260 1766 A
271 1758 280 1772 ,
301 1735 470 1765 Colchorum
481 1743 528 1762 rex
543 1755 551 1768 ,
564 1732 673 1762 Medeae
694 1732 720 1760 δι
731 1728 836 1766 Absyrti
845 1734 931 1766 pater.
971 1725 1003 1754 V.
1025 1735 1049 1753 Ε
1058 1734 1072 1753 s
1080 1733 1100 1753 τ
1108 1733 1137 1753 Α.

170 1773 299 1808 AETAs,
320 1773 380 1803 atis.
401 1772 419 1802 f.
443 1770 567 1807 [νῖλικίκ]
587 1770 621 1799 ab
638 1769 707 1799 AEvo
720 1767 884 1801 deducitur,
905 1763 977 1800 quasi
993 1763 1103 1793 AEvitas.

207 1812 329 1845 ,I-Etatein
338 1811 421 1840 Varro
431 1809 520 1838 divilit
530 1809 560 1837 in
573 1807 718 1837 infantiam
727 1828 735 1842 ‚
755 1804 902 1843 pueritiam
913 1824 921 1837 ,
934 1800 1158 1834 adolescentiam,
1172 1799 1326 1834 juventam,

225 1850 362 1879 senectam
378 1858 384 1877 :
413 1857 527 1885 quarum
536 1852 629 1875 tamen
637 1843 747 1882 lingulae
754 1842 886 1872 trifariam
896 1840 1068 1873 dividuntur,
1077 1844 1109 1867 ut
1115 1838 1203 1875 prima
1214 1846 1274 1873 pars
1287 1837 1327 1865 vi-

225 1888 294 1918 ridis
304 1887 335 1916 iit
347 1909 354 1922 ,
377 1885 480 1915 deinde
493 1884 587 1914 adulta
597 1906 606 1919 ,
631 1884 726 1921 postea
740 1889 873 1919 praeceps.
912 1878 986 1908 Hinc
996 1877 1035 1906 est
1046 1876 1121 1914 quod
1133 1875 1261 1912 Virgilius
1272 1874 1324 1909 ait,

298 1942 336 1946 —
357 1924 505 1960 viridisque
523 1923 642 1959 juventa.
683 1921 759 1950 Serv.
771 1919 837 1954 in5.
858 1916 921 1947 AEn.
938 1925 1001 1952 295.
1019 1914 1073 1944 Alii
1090 1914 1169 1943 aliter
1180 1911 1327 1950 descripse-

225 1970 290 1993 runt
298 1985 306 1999 ‚
327 1962 362 1991 de
373 1961 472 1999 quibus
482 1960 622 1990 Censorin.
632 1959 667 1988 de
675 1958 728 1988 Die
738 1955 831 1988 Natal.
843 1965 903 1993 cap.
919 1965 961 1990 14.

208 2001 312 2033 AEtates
329 2000 364 2029 sic
382 1999 472 2028 finivit
480 1999 588 2029 Servius
599 1996 709 2026 Tullius
720 2005 768 2024 rex
779 2017 787 2030 ,
808 2003 894 2031 quum
903 1991 999 2022 census
1011 1989 1133 2020 faciendi
1143 1989 1228 2026 gratia
1237 2011 1246 2024 ,
1264 1987 1326 2017 illas

227 2041 350 2077 quinque
363 2037 456 2067 claffes
468 2035 566 2075 populi
579 2035 698 2065 Romani
706 2033 859 2067 instrueret,
873 2036 904 2060 ut
915 2039 1015 2068 pueros
1027 2028 1080 2058 effe
1090 2028 1267 2062 existimaret,
1279 2027 1326 2063 qui

225 2077 347 2107 minores
357 2075 442 2105 essent
458 2075 536 2104 annis
548 2072 745 2111 septendecim.
780 2070 850 2101 Inde
861 2068 895 2098 ab
905 2077 978 2097 anno
992 2065 1221 2103 decimoseptimo
1233 2087 1240 2099 ,
1257 2073 1327 2101 quos

225 2115 344 2144 idoneos
351 2114 407 2150 jam
424 2112 476 2142 effe
489 2111 647 2150 reipublicae
662 2110 844 2149 arbitraretur,
863 2106 965 2136 milites
975 2104 1096 2144 scripsit:
1119 2112 1222 2140 eosque
1236 2103 1271 2131 ad
1280 2111 1328 2131 an-

225 2163 295 2183 num
308 2149 651 2189 quadragefimumsextum
663 2148 786 2184 juniores
794 2146 867 2175 dixit
877 2167 884 2179 ,
904 2143 1039 2182 supraque
1055 2151 1120 2172 eum
1129 2150 1278 2170 numerum
1288 2139 1328 2169 se-

224 2191 318 2220 niores
331 2189 487 2227 appellavit.
502 2188 606 2217 Author
613 2186 726 2216 Tubero
744 2185 762 2214 l.
778 2195 800 2214 1.
811 2183 912 2213 Histor.
933 2181 1010 2219 apud
1017 2179 1088 2210 Gell.
1099 2179 1117 2209 l.
1132 2189 1174 2208 10.
1186 2188 1210 2208 c.
1224 2184 1268 2212 28.

208 2229 284 2296 Pii]tas
307 2227 415 2294 inigniia
430 2236 579 2293 pluerorum
592 2247 600 2262 ,
621 2223 792 2263 puellarum,
810 2221 943 2258 senioque
963 2218 1156 2249 confectorum
1165 2216 1322 2246 hominum.

239 2290 245 2296 .
261 2275 320 2296 122.
368 2288 374 2294 .
411 2274 425 2293 e
454 2274 468 2293 e
489 2270 523 2293 at.
540 2274 562 2293 1.

205 2305 280 2337 JEtas
299 2274 487 2332 aedjficiorunii
510 2301 528 2331 l.
548 2307 590 2337 58.
610 2299 644 2330 D.
673 2300 708 2329 de
730 2298 812 2336 legat.
830 2307 854 2326 1.

206 2343 281 2374 AEtas
295 2342 325 2370 in
334 2341 410 2370 vino.
432 2340 501 2369 Plin.
516 2339 564 2368 lib.
578 2348 622 2375 23.
642 2347 702 2375 cap.
718 2347 741 2366 1.
765 2336 820 2365 Sua
829 2335 929 2371 cuique
940 2340 1003 2362 zetas
1019 2333 1086 2362 vino
1098 2329 1255 2369 gratiffima,
1272 2329 1328 2358 hoc

226 2380 265 2410 est
277 2401 285 2414 ,
312 2378 412 2407 media.
434 2377 509 2407 unde
522 2377 641 2407 AEtatem
656 2376 726 2405 ferre
738 2397 746 2411 ,
769 2375 795 2404 ἃ
815 2373 874 2403 Pati
891 2381 999 2407 aevum,
1021 2370 1123 2400 dicitur
1141 2369 1176 2398 de
1194 2367 1329 2397 fruetibus

227 2428 287 2447 non
300 2415 479 2454 fugientibus.
500 2415 626 2444 Budaeus.

211 2456 287 2487 AEtas
306 2464 357 2492 pro
373 2452 542 2483 Hominibus
556 2453 585 2482 in
603 2458 683 2481 aetate
699 2449 873 2488 degentibus.
895 2447 980 2477 Ovid.
998 2456 1023 2476 2.
1036 2445 1106 2475 Met.
1118 2449 1182 2481 418.

290 2493 386 2530 Quum
402 2491 473 2521 subit
488 2490 535 2520 illa
548 2500 663 2526 nemus,
684 2488 761 2527 quod
771 2487 848 2517 nulla
868 2485 1008 2515 ceciderat
1018 2490 1089 2513 aetas.
1162 2482 1190 2512 h.
1214 2491 1238 2511 e.
1260 2479 1331 2511 Nul-

228 2531 282 2561 lius
302 2530 387 2559 aetatis
404 2529 542 2558 homines.

210 2570 285 2601 ffitas
295 2591 303 2604 ‚
323 2578 373 2606 pro
383 2567 540 2603 Juventute.
563 2565 620 2595 Cic.
631 2574 656 2601 7.
677 2563 750 2593 Verr.
764 2563 828 2592 Erat
843 2572 876 2592 ea
884 2562 963 2591 navis
973 2559 1056 2598 plena
1066 2557 1218 2595 juventutis
1227 2557 1330 2586 formo-

229 2607 351 2641 sissimae,
372 2604 567 2643 plcnaargenti
587 2602 653 2632 fasti
672 2607 754 2639 atque
770 2601 875 2638 signati.
904 2598 987 2629 Paulo
997 2597 1073 2635 post,
1095 2596 1180 2632 Siqui
1194 2595 1270 2625 senes
1281 2601 1329 2623 aut

229 2645 367 2675 deformes
379 2650 471 2677 erant,
491 2652 538 2671 eos
552 2642 582 2670 in
595 2640 714 2670 hostium
723 2648 839 2668 numero
850 2638 928 2667 ducit
940 2646 946 2666 :
969 2636 1015 2673 qui
1025 2634 1131 2672 aliquid
1140 2634 1245 2669 formae,
1267 2639 1330 2662 aeta-

229 2683 264 2713 tis
276 2705 284 2718 ‚
306 2681 470 2718 artificiique
485 2679 643 2713 habebant,
661 2677 776 2706 abducit
794 2685 901 2705 omnes.

210 2722 259 2752 Or.
273 2721 303 2750 in
312 2718 406 2749 Salust.
419 2724 488 2747 extr.
500 2717 627 2746 omnium
643 2714 836 2745 cubiculorum
845 2714 875 2742 in
885 2718 963 2742 aetate
975 2711 1069 2750 pellex
1081 2732 1089 2746 ,
1105 2719 1156 2748 pro
1166 2709 1258 2739 Prima
1268 2713 1330 2738 aeta-

230 2766 266 2790 te.
296 2757 332 2788 H.
344 2757 383 2786 St.
420 2755 451 2784 V.
466 2756 492 2785 δι
516 2755 590 2784 Cort.
612 2753 681 2783 adl.

209 2797 286 2829 AEtas
299 2818 307 2831 ,
330 2804 380 2833 pro
392 2792 457 2823 Solo
471 2803 545 2822 anno
562 2791 703 2821 interdum
717 2789 840 2827 ponitur.
861 2788 935 2817 Varr.
948 2787 1069 2817 AEtatem
1077 2786 1124 2816 vix
1139 2785 1278 2815 decimam
1289 2784 1330 2813 in-

229 2834 338 2873 greffus.
373 2831 446 2869 Virg.
460 2840 483 2867 3.
505 2831 604 2867 Georg.
622 2839 682 2864 190.
832 2850 841 2862 ,

288 2873 323 2902 At
335 2869 424 2900 tribus
443 2869 562 2903 exactis,
583 2867 631 2896 ubi
646 2872 739 2904 quarta
756 2862 897 2903 accesserit
915 2869 987 2897 aetas,

290 2910 410 2947 Carpere
426 2916 493 2936 mox
511 2915 609 2944 gyrum
626 2903 752 2941 incipiat.
794 2903 868 2930 Serv.
888 2902 906 2930 i.
928 2910 952 2930 e.
976 2900 1095 2936 Quartus
1116 2909 1215 2928 annus.
1255 2897 1330 2927 Nam

227 2948 349 2979 IEtatem
366 2945 522 2984 plerunque
536 2942 699 2981 generaliter
722 2940 842 2970 dicimus
858 2949 908 2977 pro
923 2939 1004 2967 Anno
1015 2959 1023 2972 ‚
1045 2947 1095 2975 pro
1119 2937 1231 2974 triginta
1242 2958 1250 2971 ,
1279 2944 1330 2973 pro

230 2995 344 3016 centum
355 3007 363 3020 ,
384 2992 434 3021 pro
447 2982 544 3020 quovis
563 2988 699 3018 tempore.

211 3026 285 3056 Jfitas
296 3046 303 3059 ,
322 3032 373 3061 pro
387 3022 538 3059 Tempore.
573 3018 642 3048 Plin.
658 3017 705 3046 lib.
720 3025 763 3045 12.
773 3025 833 3053 cap.
848 3024 871 3044 1.
900 3013 964 3043 Hoc
972 3015 1064 3043 aerum
1075 3013 1148 3042 circa
1156 3011 1232 3040 urbis
1242 3018 1329 3049 captae

229 3069 345 3091 aetatem.
367 3060 413 3089 Sic
427 3058 537 3093 usitate,
559 3056 658 3086 Nostra
674 3060 753 3084 aetate
768 3054 887 3083 dicimus
902 3074 910 3086 ,
931 3061 981 3089 pro
998 3051 1097 3080 Nostro
1112 3057 1246 3087 tempore.

210 3100 301 3135 AEtas,
322 3108 372 3136 pro
391 3095 508 3131 Seculo,
536 3095 554 3124 i.
577 3103 601 3123 e.
624 3093 745 3122 Centum
761 3092 847 3120 annis.
872 3090 930 3119 Cic.
950 3089 985 3118 de
999 3089 1106 3118 Senect.
1131 3097 1174 3124 31.
1204 3087 1330 3117 Tertiam

230 3138 306 3166 enim
334 3137 389 3172 jam
408 3140 518 3164 aetatem
534 3132 683 3162 hominum
710 3128 830 3159 vivebat.
876 3127 918 3156 De
938 3126 1054 3156 Nestore
1074 3126 1197 3159 dietum,
1227 3125 1273 3162 qui
1292 3124 1331 3153 se-

230 3174 354 3204 cundum
378 3179 475 3211 poetas
497 3176 637 3200 trecentos
654 3176 741 3197 annos
758 3167 837 3196 vixit.
873 3164 947 3194 unde
971 3164 1030 3202 ipse
1047 3163 1122 3202 apud
1140 3162 1224 3192 Ovid.
1245 3162 1282 3192 sic
1291 3162 1330 3192 ait

232 3221 273 3241 12.
300 3211 369 3240 Met.
387 3216 446 3247 187.
618 3222 656 3227 -
674 3205 732 3234 vixi
814 3241 819 3246 ¹
841 3240 847 3246 ‚

291 3249 384 3278 Annos
400 3248 442 3277 bis
454 3253 585 3276 centum:
606 3253 681 3274 nunc
697 3243 778 3272 tertia
794 3246 894 3270 vivitur
914 3247 987 3268 aetas.

210 3287 284 3319 AEtas
299 3296 348 3323 pro
368 3296 410 3322 30.
427 3286 515 3314 annis.
537 3284 603 3313 Hor.
624 3281 713 3319 Epod.
739 3283 781 3309 16.
807 3288 830 3307 1.

291 3323 379 3353 Altera
394 3324 449 3359 >iam
468 3323 565 3352 teritur
583 3319 665 3349 bellis
684 3317 813 3348 civilibus
830 3322 902 3345 aetas.
985 3314 1050 3348 μνεὰ
1062 3312 1117 3347 est,
1139 3322 1199 3348 quae
1209 3312 1330 3349 appella-

229 3367 273 3391 tur
291 3362 391 3390 Graecis
406 3383 413 3396 ,
437 3370 479 3397 30.
502 3368 656 3392 annorum,
677 3365 709 3386 ut
722 3354 874 3385 Lambinus
897 3351 1118 3388 Torrentiusque
1131 3350 1327 3381 demonstrant.

227 3400 331 3430 Statius
349 3399 433 3428 etiam
449 3407 499 3436 pro
516 3397 568 3426 Die
582 3396 664 3434 ponit
683 3404 706 3430 3.
735 3391 825 3423 Theb.
842 3395 903 3427 562.

368 3452 405 3456 —
424 3436 491 3473 quid
507 3434 620 3464 crastina
637 3432 759 3463 volveret
774 3437 837 3460 aetas
847 3451 855 3465 ,

289 3474 363 3503 Scire
382 3474 457 3502 nefas
484 3473 600 3501 homini.

210 3512 295 3546 AEtas,
311 3521 360 3549 pro
367 3511 429 3539 Vita
436 3511 557 3539 hominis
565 3510 720 3545 frequenter
730 3509 755 3536 ἃ
764 3504 876 3535 venuste
884 3502 1028 3540 accipitur.
1050 3500 1094 3529 Est
1104 3505 1197 3528 autem
1207 3510 1268 3537 pars
1278 3510 1328 3538 pro

230 3557 299 3584 toto,
313 3558 362 3586 per
372 3547 583 3586 synecdochen:
599 3547 662 3583 quia
675 3552 766 3574 aetates
776 3544 838 3573 sunt
851 3543 913 3571 vitae
924 3547 1023 3578 partes».
1037 3538 1124 3568 Plaut.
1136 3538 1208 3567 Rud.
1221 3547 1325 3575 4.7.10.

367 3602 404 3607 —
425 3586 454 3613 in
472 3591 550 3613 aetate
568 3584 714 3612 hominum
740 3582 867 3619 plurima:

246 3624 330 3653 Fiunt
342 3623 513 3656 transennae,
535 3621 584 3650 ubi
604 3621 783 3657 decipiuntur
802 3618 883 3648 dolis.

210 3662 284 3692 AEtas
296 3662 360 3690 item
379 3659 456 3689 aliter
474 3667 596 3696 accepta.
623 3658 693 3693 Virg.
711 3663 736 3690 8.
759 3658 821 3687 ffin.
845 3666 908 3684 200.

288 3697 386 3727 Attulit
403 3700 428 3727 Sc
448 3697 546 3731 nobis,
579 3695 727 3731 aliquando
742 3694 904 3732 optantibus
924 3696 987 3721 aetas

289 3735 445 3769 Auxilium,
473 3735 677 3768 adventumque
705 3732 759 3760 dei.
817 3732 843 3760 h.
866 3742 889 3760 e.
918 3727 1088 3759 Beneficium
1118 3725 1269 3764 temporis,
1289 3724 1328 3754 ait

229 3774 347 3804 Servius.
391 3773 448 3800 Nos
468 3771 550 3807 vulgo
570 3777 679 3806 tempus
699 3779 838 3798 vocamus.

211 3811 308 3842 Cursus
319 3810 414 3839 aetatis.
426 3810 483 3837 Cic.
496 3809 530 3837 de
541 3810 648 3837 Senect.
668 3816 709 3841 33.
731 3806 828 3835 Cursus
839 3806 877 3834 est
888 3812 979 3834 certus
987 3803 1083 3833 aetatis,
1094 3804 1119 3832 ἃ
1136 3802 1241 3831 vianna
1251 3807 1328 3829 natu-

228 3860 273 3883 rae,
285 3857 370 3884 eaque
386 3846 500 3883 iimplex
515 3856 521 3874 :
547 3845 647 3882 suaque
658 3845 759 3880 cuique
772 3844 839 3880 parti
851 3843 948 3875 retritis,
961 3841 1156 3878 tempestivitas
1167 3839 1204 3868 est
1217 3840 1287 3867 data.

211 3886 342 3917 Fabulam
356 3885 442 3915 aetatis
455 3893 593 3921 peragere.
615 3881 672 3912 Cic.
688 3881 722 3910 de
734 3881 842 3910 Senect.
861 3884 906 3915 64.
943 3879 1013 3916 Quae
1024 3878 1086 3907 sunt
1103 3878 1187 3914 igitur
1203 3876 1330 3915 volupta-

1813 54 2098 91 AET.A

1440 140 1481 179 tes
1493 143 1640 177 corporum
1649 143 1712 178 curn
1723 135 1894 179 authoritatis
1904 138 2024 175 praemiis
2036 136 2248 175 comparandae‘?
2291 136 2370 166 uibus
2382 135 2428 173 qui
2439 134 2526 174 splene

1441 174 1506 216 dide
1525 172 1633 216 uli—sunt
1647 195 1657 215 ,⁵
1680 183 1703 215 11·
1714 173 1920 216 nnhiyidentur
1933 175 2053 204 fabulam
2070 175 2154 204 retatis
2166 175 2256 210 peregi
2281 184 2313 209 e,
2331 184 2382 203 nec
2398 183 2526 211 tanquam

1442 218 1616 254 inexercitati
1632 210 1775 253 lilitriones
1789 222 1817 239 in
1838 220 1960 242 extremo
1975 214 2036 242 actu
2053 212 2188 242 corruisse.
2231 210 2419 247 Congruenter
2434 219 2527 242 autem

1441 257 1503 277 vita*
1516 257 1640 291 tempora
1656 247 1754 291 tabulis
1775 258 1983 287 comparantur:
2006 251 2069 287 quia
2086 250 2152 278 licut
2167 249 2259 277 fabula
2280 249 2400 286 quinque
2422 249 2528 279 actibus

1442 286 1547 315 constat
1556 308 1576 328 ,η
1587 293 1624 328 lta
1637 285 1758 314 honnms
1770 287 1824 315 vita
1836 287 1956 324 quinque
1966 288 2090 317 stratibus
2105 287 2150 316 scu
2161 286 2297 324 gradibus.

1424 324 1489 353 Fata
1507 332 1591 352 aetatis
1604 321 1731 365 ¹implere.
1754 323 1838 353 Ovid.
1856 329 1879 354 6.
1900 325 1982 363 Epist.
1997 329 2039 359 36.

1423 361 1523 391 Fervor
1540 369 1632 403 retritis.
1654 360 1712 389 Cic.
1727 360 1761 389 de
1772 361 1878 392 Senect⁴
1895 374 1938 398 45.
1976 362 2113 400 Epulabar
2125 362 2207 399 igitur
2216 370 2281 390 cum
2290 359 2428 389 sodalibus
2439 361 2530 390 omni-

1443 410 1481 428 no
1497 399 1606 441 modrce
1618 419 1625 432 ,
1645 396 1693 439 sed
1709 405 1767 442 erat
1780 407 1873 429 tamen
1889 399 2001 437 quidam
2018 401 2106 429 fervor
2120 399 2220 428 fetatis:
2243 408 2296 436 qua
2312 399 2526 439 progrediente,

1444 446 1538 465 omma
1549 438 1618 464 hunt
1632 442 1715 464 etiam
1734 444 1762 464 1n
1778 437 1837 466 dies
1854 439 1971 467 mitiora.

1423 473 1532 504 Plcxus.
1562 473 1620 501 Cic.
1634 483 1657 500 1.
1667 472 1702 502 de
1711 473 1785 503 Orat.
1801 485 1823 504 1.
1860 476 1887 505 Si
1897 474 2020 504 infinitus
2034 474 2182 503 forensium
2197 484 2286 504 rerum
2296 474 2389 508 labor,
2409 475 2435 504 δε
2446 473 2530 503 ambi-

1442 512 1528 540 tionis
1542 510 1690 553 occupatio
1700 533 1707 545 ,
1727 511 1840 541 decursu
1852 513 1992 542 honorum
2012 514 2037 542 ἃ
2059 512 2144 542 aetatis
2159 512 2232 542 fleim
2245 511 2414 542 constitisset.

1424 549 1503 578 Flore
1516 554 1601 576 aetatis
1615 548 1676 576 frm.
1694 548 1801 579 Lucret.
1812 550 1861 580 lib.
1875 562 1900 586 4.
1922 560 2000 585 1094.

1425 586 1534 616 Florem
1554 586 1639 614 fetatis
1651 592 1771 623 tangere.
1792 587 1899 618 Lucret.
1916 587 1964 616 lib.
1978 597 2001 623 3.
2018 596 2081 624 771.

1504 623 1604 669 Quove
1623 624 1708 653 modo
1720 626 1823 662 poterit
1843 626 1942 664 pariter
1959 635 2024 654 cum
2038 634 2168 662 corpore,
2190 635 2300 663 quoque

1502 660 1670 704 Confirmata
1686 663 1811 700 cupitum
1825 665 1911 694 aetatis
1925 672 2036 702 tangere
2052 663 2149 692 florem
2164 678 2168 679 ν

1501 697 1548 727 V1s
1562 708 1656 728 ammi.

1422 735 1532 767 Florem
1547 736 1633 779 fetatis
1644 737 1800 774 pervadere.
1821 738 1928 768 Lucret.
1945 738 1994 767 lib.
2009 748 2031 767 1.
2049 742 2110 773 556.

1421 774 1502 803 Freta
1517 775 1770 818 zetat1s,·Feryores
1790 777 1884 806 aetatis.
1922 776 2029 806 Lucret.
2053 775 2100 805 lib.
2117 786 2143 811 4.
2165 785 2246 811 1024.

1422 811 1517 854 Homo
1530 812 1559 840 ld
1569 820 1655 856 aetatis
1665 834 1672 846 ,
1693 813 1723 841 1d
1734 815 1820 843 aetatis
1828 814 1919 844 sumus
1931 837 1938 849 ,
1952 824 2001 853 pro
2016 814 2081 849 Ejus
2092 814 2185 843 aetatis.
2208 814 2266 844 Cic.
2278 816 2303 843 6.
2320 814 2395 843 Fam.
2411 823 2456 842 20.
2491 813 2535 843 Ita

1441 859 1562 899 vixi-nlius
1576 871 1583 884 ,
1604 850 1629 879 ἃ
1641 850 1770 894 1d⁴aetatis
1783 853 1836 886 iam
1845 852 1952 887 sumus,
1972 859 2005 881 ut
2014 852 2108 880 omnia
2122 862 2181 889 quae
2194 862 2251 880 non
2264 852 2354 881 nostra
2362 851 2444 889 eulpa
2452 850 2533 880 nobis

1443 887 1718 930 acerimum-fortiter
1732 889 1800 918 ferre
1817 890 1975 919 debeamus.
2016 889 2047 918 V.
2068 891 2094 919 Sc
2108 899 2131 925 3.
2156 889 2229 918 Verr.
2245 894 2290 918 66.
2308 891 2334 919 &
2353 901 2379 924 4.
2397 898 2440 925 37.

1423 924 1518 954 Homo
1533 931 1621 954 aetat1s
1633 925 1685 969 suae
1699 948 1706 961 ,
1729 926 1786 963 Qui
1802 929 1888 964 major
1897 929 1977 957 annis
1988 927 2033 957 est.
2054 927 2228 956 Modestinus
2242 926 2298 956 inl.
2313 936 2347 956 ex
2359 926 2475 956 duobus.
2495 925 2532 956 D.

1442 963 1478 991 de
1493 970 1585 1005 negot.
1604 963 1694 1007 gestis.
1710 964 1751 994 Ex
1763 965 1870 995 duobus
1886 966 2028 1000 fratribus,
2049 975 2106 994 uno
2123 966 2237 1002 quidem
2254 964 2307 994 suae
2325 965 2411 994 aetatis
2422 987 2429 998 .
2449 964 2534 993 altero

1441 1010 1507 1029 vero
1516 1009 1623 1044 minore
1630 1011 1722 1031 annis:
1745 1012 1831 1039 quum
1842 1003 1976 1032 haberent
1993 1004 2154 1031 communia
2167 1003 2265 1032 rustica
2274 1002 2385 1040 praedia.
2405 1004 2457 1031 ἃς.

1421 1037 1501 1080 Idem
1520 1044 1692 1082 atatim-pro
1708 1039 1838 1075 Ejusdem
1849 1042 1942 1070 aetatis.
1963 1040 2053 1070 Tacit.
2074 1050 2115 1077 13.
2135 1041 2205 1069 Ann.
2227 1044 2266 1069 16.
2304 1040 2368 1069 Mos
2383 1039 2536 1068 habebatur

1441 1085 1603 1114 princlpum
1613 1076 1725 1120 liberOS,
1735 1087 1799 1108 cum
1813 1079 1917 1109 caeteris
1929 1078 2006 1108 idem
2018 1079 2104 1108 aetatis
2112 1077 2265 1114 nobilibus,
2285 1077 2412 1107 sedentes
2423 1076 2536 1107 vesciin

1443 1113 1553 1156 aspectu
1568 1124 1797 1152 propinquorum.

1424 1151 1555 1180 Gramtas.
1579 1151 1637 1182 Cic.
1653 1153 1688 1182 de
1699 1154 1806 1183 Senefft.
1822 1163 1865 1191 33.

1423 1189 1604 1233 Imbecillitas
1624 1191 1718 1220 aetatis.
1747 1191 1804 1221 Cic.
1826 1193 1862 1221 ad
1880 1192 1956 1222 Brut.

1422 1226 1596 1295 irgefitrrtmtas&
1610 1227 1668 1258 Cic.
1689 1232 1730 1259 16.
1764 1230 1818 1260 Att.
1838 1241 1862 1266 5.
1907 1230 1935 1260 Si
1951 1239 2010 1267 quae
2021 1229 2113 1259 minus
2127 1235 2208 1259 antea
2222 1234 2335 1268 propter
2348 1227 2537 1258 infirmitatem

1480 1275 1494 1294 a
1508 1275 1530 1294 rs
1541 1287 1549 1300 ,
1598 1275 1621 1295 c.

1422 1301 1573 1340 Lanuginis
1589 1304 1684 1342 primae
1699 1310 1770 1335 aetas.
1798 1306 1826 1335 h.
1852 1315 1876 1335 e.
1897 1304 2032 1342 juventus
2046 1306 2076 1334 in
2091 1313 2143 1342 qua
2161 1304 2245 1334 barba
2263 1305 2364 1342 incipit
2378 1302 2533 1342 pubescere.
2573 1294 2579 1298 ¹

1442 1341 1526 1371 Ovid.
1544 1351 1588 1370 21.
1609 1341 1692 1379 Epist.
1705 1349 1750 1379 ὃς.

1504 1379 1583 1415 Quid
1597 1380 1698 1409 mirum
1709 1403 1717 1416 ,
1741 1381 1760 1410 s1
1780 1391 1825 1411 me
1842 1382 1938 1419 primae
1955 1377 2094 1418 languihis
2112 1386 2176 1410 aetas

1502 1455 1507 1460 .
1542 1417 1676 1454 Abstulit,
1696 1428 1777 1456 atque
1792 1421 1875 1455 anni,
1897 1429 1966 1456 quos
1984 1421 2026 1449 vir
2045 1429 2136 1448 amare
2154 1418 2264 1457 potest?

1424 1453 1583 1484 Lubrrcum.
1624 1455 1655 1485 V.
1679 1467 1875 1486 Lus-meus.

1424 1492 1579 1536 maturitas.
1602 1493 1659 1536 Cic..
1680 1505 1706 1529 4.
1728 1494 1801 1524 Fam.
1820 1506 1845 1538 4.
1880 1493 1933 1523 Etsi
1950 1494 2024 1524 abest
2041 1494 2182 1523 maturitas
2196 1494 2282 1523 aetatis
2292 1498 2386 1523 tamen
2393 1492 2539 1532 personare

1443 1540 1521 1559 aures
1537 1540 1595 1567 ejus
1608 1531 1893 1567 hujusmodivocrbus
1905 1543 1962 1562 non
1980 1532 2018 1561 est
2033 1532 2140 1561 inutile.

1422 1567 1554 1599 Peractio.
1578 1568 1635 1598 Cic.
1650 1570 1684 1599 de
1694 1570 1869 1605 Senecam-
1896 1571 2030 1600 Senectus
2049 1577 2142 1600 autem
2161 1569 2283 1608 peradtio
2303 1569 2389 1599 aetatis
2405 1568 2444 1599 est
2457 1590 2465 1605 ,
2479 1573 2541 1598 tan-
2584 1606 2587 1608 -

1444 1616 1526 1642 quam
1544 1605 1651 1637 fabulae.

1422 1643 1519 1687 Robur
1536 1645 1621 1673 aetatis
1644 1655 1725 1682 quam
1736 1646 1936 1675 maturrimum.
1957 1645 2049 1675 Tacit.
2065 1654 2106 1683 13.
2128 1646 2200 1676 Ann.
2211 1655 2255 1682 29.

1423 1681 1526 1712 Ruina.
1559 1682 1643 1712 Ovid.
1660 1693 1682 1712 1.
1705 1683 1740 1712 de
1754 1683 1831 1713 Pont.
1855 1695 1878 1719 5.
1895 1688 1920 1714 6.

1504 1720 1653 1764 Νεεῆῐηᾳῑι
1663 1721 1753 1750 subito
1771 1722 1865 1751 videas
1881 1721 2045 1759 cognoscere
2059 1720 2158 1759 poffis:

1495 1796 1500 1801 ,
1544 1759 1641 1801 sistatis
1659 1759 1730 1788 fa6ta
1748 1759 1785 1788 est
1806 1766 1882 1789 tanta
1894 1761 1974 1789 ruina
1991 1769 2068 1788 meae.

1423 1795 1560 1838 Spatium.
1584 1795 1643 1839 Clc.
1654 1797 1689 1840 de
1698 1797 1804 1826 Senect.
1819 1801 1863 1827 60.
1886 1798 1921 1826 de
1930 1796 2037 1826 Valerio
2052 1796 2182 1826 Corvino.
2222 1796 2318 1834 Itaque
2335 1802 2469 1833 quantum
2481 1795 2538 1833 spa-

1442 1842 1514 1877 tium
1526 1841 1612 1876 astatis
1633 1844 1750 1870 majores
1758 1835 1842 1864 nostri
1851 1836 1887 1865 ad
1905 1835 2052 1865 seneclutis
2064 1835 2177 1864 initium
2194 1834 2248 1865 effe
2258 1834 2407 1864 voluerunt
2417 1856 2427 1870 ,
2447 1840 2540 1863 tantus

1442 1871 1485 1900 1111
1495 1872 1590 1914 'curius
1610 1872 1748 1902 honorum
1767 1873 1828 1902 fuit.

1423 1909 1551 1952 Spatium
1565 1910 1709 1940 vetustum.
1737 1910 1844 1940 Lucret.
1865 1910 1914 1940 lib.
1927 1920 1952 1940 2.
1968 1920 2049 1948 1171.

1423 1947 1525 1985 Speme
1540 1948 1626 1977 aetatis
1642 1949 1692 1977 uti.
1715 1949 1799 1978 Ovid.
1816 1960 1839 1984 ς.
1862 1949 1928 1978 Fast.
1941 1958 2003 1985 353.

1503 1985 1538 2015 Et
1553 1994 1649 2015 monet
1665 1987 1750 2016 fetatis
1766 1986 1857 2024 specie
1872 2009 1880 2022 ,
1902 1987 1969 2016 dum
1989 1987 2102 2022 floreat,
2122 1986 2164 2016 uti
2182 1996 2191 2016 ι

1550 2024 1742 2067 Contemnunt
1758 2024 1864 2062 spinam
1882 2034 1967 2061 quum
1986 2025 2113 2054 cecidere
2135 2024 2209 2053 rosae.

1425 2060 1666 2102 Tempusaetatis.
1688 2062 1746 2092 Cic.
1757 2063 1791 2092 de
1805 2062 1912 2092 senen.
1926 2066 1971 2098 69.
2008 2062 2095 2092 Breve
2115 2068 2227 2101 tempus
2245 2062 2332 2092 aetatis
2352 2061 2415 2091 satis
2428 2060 2468 2091 est
2482 2060 2542 2090 lon-

1446 2109 1511 2135 gum
1530 2104 1565 2128 ad
1581 2100 1652 2129 bene
1674 2100 1840 2137 honesteque
1862 2101 2023 2130 vivendum.
2425 2116 2427 2118 ·

1426 2137 1560 2180 Tempus.
1573 2145 1745 2176 extremum„
1767 2138 1824 2167 Cic.
1843 2139 1878 2167 de
1895 2139 2003 2168 Senedt.

1425 2175 1576 2213 Temporis
1586 2176 1671 2205 futuri
1684 2183 1756 2206 zetas.
1778 2176 1861 2206 Ovid.
1878 2186 1919 2212 15.
1940 2176 2009 2205 Met.
2024 2181 2086 2211 835.

1426 2212 1552 2251 Tempus
1569 2214 1709 2257 infinitum
1729 2214 1822 2243 fetatis.
1860 2213 1917 2243 Cic.
1938 2223 1963 2243 2.
1980 2214 2015 2243 de
2026 2214 2086 2243 Fin.
2107 2219 2151 2248 88.
2192 2214 2288 2251 Quum
2311 2208 2388 2243 enim
2404 2212 2543 2242 summum

1447 2251 1554 2294 bonum
1569 2262 1599 2294 in
1612 2252 1755 2290 voluptate
1766 2258 1853 2290 ponat
1864 2274 1872 2287 ,
1893 2258 1975 2289 negat
1997 2251 2108 2281 infinito
2123 2259 2250 2290 tempore
2267 2252 2354 2281 aetatis
2372 2251 2543 2289 voluptatem

1446 2290 1506 2318 heri
1523 2299 1655 2323 malorem
1667 2312 1674 2325 ,
1696 2300 1776 2327 quam
1790 2289 1869 2318 finito
1891 2298 1973 2326 atque
1994 2290 2117 2319 modico.

1427 2326 1553 2364 Tempus
1565 2328 1686 2356 nostrum
1696 2329 1790 2357 aetatis.
1813 2327 1871 2361 Cic.
1892 2337 1916 2364 3.
1930 2328 1966 2364 Q.
1982 2328 2043 2356 frat.
2059 2339 2082 2364 5.
2105 2328 2195 2364 Angor
2206 2349 2214 2363 ,
2231 2327 2270 2356 mi
2280 2326 2432 2359 suaviffime
2440 2326 2541 2361 frater,

1427 2373 1435 2401 r
1448 2375 1533 2408 angor
1547 2388 1554 2400 ,
1576 2365 1682 2409 nullam
1695 2365 1748 2395 effe
1762 2376 1849 2403 remp.
1866 2365 1943 2394 nulla
1955 2366 2060 2401 judicia
2072 2376 2079 2401 3
2105 2366 2282 2402 nostrumque
2297 2365 2351 2394 hoc
2361 2371 2471 2401 tempus
2481 2369 2545 2393 aeta-

1447 2409 1483 2445 tis
1494 2425 1502 2437 ,
1526 2403 1601 2446 quod
1612 2413 1640 2431 in
1655 2403 1701 2433 llla
1715 2403 1880 2433 authoritate
1894 2404 2036 2433 Senatoria
2048 2404 2147 2433 florere
2157 2403 2242 2432 debet
2251 2425 2259 2439 ,
2279 2410 2327 2432 aut
2339 2402 2438 2432 forensi
2448 2401 2543 2431 labore

1449 2443 1540 2474 iactari
1548 2463 1555 2477 ,
1577 2448 1624 2470 aut
1636 2441 1792 2471 domesticis
1803 2440 1888 2470 literis
1900 2441 2050 2471 sustentari.

1429 2478 1570 2517 Tempora
1585 2480 1671 2509 aetatis
1687 2480 1772 2516 queri.
1794 2479 1913 2515 Propert.
1932 2479 1979 2508 lib.
1998 2488 2053 2516 1-7.
2066 2484 2088 2511 8.

1428 2517 1554 2584 Ttempus
1569 2517 1701 2560 ultimum
1717 2517 1811 2547 aetatis.
1831 2517 1889 2547 Cic.
1902 2526 1927 2546 2.
1948 2516 1983 2546 de
1998 2516 2058 2547 Fin.
2073 2523 2117 2554 87.
2158 2515 2258 2554 Neque
2268 2517 2398 2554 expectat
2412 2513 2543 2544 ultimum

1460 2565 1557 2592 empus
1571 2562 1666 2584 aetatis.

1427 2592 1481 2622 Ver
1491 2592 1574 2621 breve
1587 2593 1680 2622 aetatis.
1702 2592 1783 2622 Ovid.
1800 2603 1841 2622 10.
1858 2591 1927 2621 Met.
1941 2597 1984 2627 85.
2044 2608 2082 2612 —-
2101 2592 2223 2629 citraque
2240 2591 2383 2627 juventam

1508 2630 1606 2660 ffitatis
1621 2631 1702 2660 breve
1719 2640 1779 2665 ver,
1801 2632 1827 2660 S:
1844 2630 1948 2667 primos
1968 2639 2080 2667 carpere
2099 2630 2188 2659 flores.

1428 2668 1530 2711 Adulta
1543 2675 1621 2697 aetate
1640 2668 1710 2698 filius
1724 2690 1732 2704 ,
1753 2668 1827 2706 apud
1842 2667 1899 2697 Cic.
1941 2667 1972 2697 V.
1994 2678 2039 2697 AD
2050 2677 2145 2697 ULTU
2156 2677 2178 2696 s.

1428 2707 1534 2736 aflet-ta
1547 2714 1618 2735 zetas.
1655 2706 1686 2735 V.
1710 2716 1749 2735 Ar
1761 2715 1874 2735 sacru
1885 2715 1906 2734 s.

1428 2744 1526 2773 Annua
1541 2752 1614 2774 fetas.
1644 2744 1712 2774 Plin.
1731 2743 1780 2773 lib.
1801 2749 1826 2777 8.
1843 2752 1903 2782 cap.
1914 2753 1960 2779 40.

1428 2782 1523 2811 Avida.
1546 2783 1644 2811 Senec.

1508 2820 1542 2849 Et
1565 2819 1695 2857 quicquid
1709 2819 1788 2848 avida
1806 2828 1856 2856 per
1876 2825 1918 2847 tot
1935 2828 2072 2849 annorum
2089 2817 2188 2856 gradus

1508 2857 1661 2886 Abscondit
1679 2866 1750 2886 aetas.

1427 2895 1523 2941 Aurea.
1564 2896 1604 2924 lta
1613 2896 1688 2924 enim
1698 2895 1749 2924 fuit
1763 2892 1900 2937 appellata
1915 2915 1922 2928 ,
1944 2893 2019 2931 quod
2033 2894 2148 2931 optimis
2157 2893 2281 2923 moribus
2291 2892 2341 2923 illo
2350 2899 2478 2932 tempore
2487 2903 2542 2931 quo
2565 2903 2571 2906 “

1446 2934 1578 2963 Saturnus
1588 2934 1711 2970 regnavit
1721 2955 1729 2968 ,
1749 2932 1877 2961 homines
1890 2932 2042 2961 floruerint.
2081 2932 2123 2961 De
2132 2938 2212 2961 aetate
2222 2942 2304 2961 aurea
2313 2954 2321 2967 ,
2342 2938 2480 2970 argentea,
2492 2933 2556 2962 &0-

1446 2971 1600 3007 Hesiodus,
1621 2972 1767 3008 caeterique
1788 2972 1876 3008 poetic
1891 2970 1995 3008 passim.
2019 2969 2101 2999 Ovid.
2126 2980 2148 2998 1.
2170 2969 2240 2999 Met.
2257 2975 2302 3006 89.

1509 3010 1595 3040 Aurea
1606 3010 1694 3047 prima
1709 3009 1762 3038 sata
1775 3008 1812 3037 est
1826 3015 1888 3037 aetas
1900 3030 1908 3043 ,
1934 3018 1993 3044 quie
2003 3008 2116 3037 vindice
2130 3007 2208 3036 nullo

1508 3048 1614 3085 Sponte
1627 3047 1671 3077 sua
1684 3047 1737 3075 sine
1747 3046 1806 3082 lege
1815 3045 1899 3074 fidem
1910 3047 2070 3082 rectumque
2085 3045 2202 3074 colebat.

1428 3085 1521 3120 Bona,
1544 3095 1593 3122 pro
1614 3084 1819 3114 Adolescentia:
1852 3094 1911 3120 quae
1932 3083 2065 3112 videlicet
2084 3083 2191 3112 felicior
2209 3083 2271 3113 vita?
2282 3092 2343 3121 pars
2361 3083 2540 3113 existimatur.

1448 3123 1506 3152 Cic.
1529 3124 1563 3152 de
1576 3124 1684 3152 Senect.
1715 3121 1799 3158 Quod
1810 3121 1827 3150 fi
1839 3121 1900 3158 iplis
1908 3121 2096 3158 voluptatibus
2111 3121 2183 3150 bona
2199 3128 2262 3151 aztas
2271 3122 2368 3150 fruitur
2379 3143 2387 3156 ,
2407 3120 2542 3151 libentius
2593 3131 2595 3133 ’

1448 3162 1570 3198 primum
1587 3160 1706 3198 parvulis
1723 3160 1822 3188 fruitur
1840 3159 1928 3188 rebus.
1966 3159 1999 3188 Et
2014 3159 2080 3188 Hor.
2094 3169 2118 3188 2.
2137 3159 2219 3196 Epist.
2243 3169 2269 3188 2.
2283 3163 2346 3188 216.

1429 3199 1571 3228 Constans.
1594 3199 1651 3228 Cic.
1662 3198 1696 3226 de
1708 3198 1870 3232 Senect33.
1896 3196 1930 3225 Ut
1945 3197 2020 3225 enim
2039 3197 2180 3225 infirmitas
2189 3206 2353 3234 puerorum,
2377 3196 2541 3226 &ferocitas

1446 3237 1596 3272 juvenum,
1618 3238 1643 3266 ἃ
1657 3236 1772 3278 ςμνὶωε
1784 3235 1836 3269 iam
1852 3235 2003 3263 constantis
2013 3235 2114 3264 fetatis:
2136 3234 2170 3263 lic
2180 3235 2327 3264 seneftutis
2339 3234 2481 3263 maturitas
2493 3243 2542 3263 na-

1447 3274 1533 3318 turale
1553 3274 1684 3311 quiddam
1695 3273 1794 3307 habet,
1817 3272 1892 3309 quod
1907 3272 1954 3301 suo
1969 3279 2096 3310 tempore
2105 3273 2211 3310 percipi
2226 3272 2331 3301 debeat.

1427 3312 1473 3341 Sic
1492 3312 1613 3345 1b1dem,
1638 3311 1713 3340 Num
1723 3320 1755 3338 ea
1774 3310 1828 3345 jam
1844 3310 1969 3339 constans
1989 3310 2104 3347 requirit
2125 3312 2210 3340 aetas?
2231 3310 2302 3347 Quae
2317 3309 2414 3339 Media
2428 3309 2538 3340 dicitur.

1448 3350 1482 3379 H.
1504 3350 1541 3378 St.
1584 3348 1713 3385 [Locum
1734 3348 1790 3377 Cic.
1811 3357 1868 3375 non
1885 3348 2051 3377 invenimus,

1428 3387 1584 3416 Consularis
1596 3394 1668 3416 artas.
1708 3386 1739 3415 V.
1759 3384 1914 3414 Consularis
1938 3386 1968 3415 in
1989 3395 2142 3415 CONSUL.

1428 3426 1557 3455 Crastina.
1580 3425 1646 3454 Stat.
1665 3434 1688 3460 3.
1711 3422 1800 3453 Theb.
1817 3426 1877 3457 562.

1585 3479 1623 3483 ——
1640 3461 1708 3498 quid
1727 3460 1840 3490 crastina
1854 3459 1977 3490 volveret
1999 3467 2072 3496 vetas,

1507 3501 1581 3530 Scire
1598 3500 1675 3529 nefas
1695 3498 1810 3528 homini.

1425 3538 1582 3576 Decrepita.
1623 3537 1654 3567 V.
1677 3537 1806 3567 Provecta
1819 3542 1892 3565 atas.

1427 3576 1508 3605 Dura.
1541 3576 1606 3605 Hor.
1632 3586 1654 3604 1.
1677 3575 1764 3603 Carm.
1785 3583 1826 3609 ῖς.
1841 3583 1884 3610 35.
1905 3573 1923 3602 i.
1946 3583 1969 3603 e.
1991 3575 2096 3605 Ferrea.

1426 3613 1512 3643 Edax.
1534 3613 1635 3642 Lucan.
1658 3612 1705 3642 lib.
1718 3621 1742 3642 7.
1763 3620 1823 3648 397.

1505 3652 1570 3680 Non
1585 3657 1647 3679 aetas
1668 3651 1726 3679 haec
1746 3648 1844 3686 carpsit
1860 3647 1940 3678 edax.

1424 3687 1533 3718 Effoeta.
1556 3689 1622 3717 Stat.
1641 3692 1666 3718 6.
1692 3687 1781 3717 Theb.
1796 3696 1859 3721 252.

1423 3725 1559 3769 Extrema.
1583 3725 1640 3754 Cic.
1654 3726 1688 3754 de
1703 3726 1810 3755 Senect.
1820 3727 1864 3759 46.
1885 3723 1976 3759 Hujus
1992 3730 2114 3754 extrema
2136 3731 2199 3754 aetas
2214 3724 2243 3754 in
2264 3725 2318 3754 hoc
2338 3724 2444 3754 beatior
2457 3731 2538 3761 quam

1442 3764 1536 3792 media
1548 3786 1554 3798 ,
1577 3764 1652 3800 quod
1670 3761 1841 3792 authoritatis
1856 3761 1917 3798 plus
1934 3761 2054 3791 habebat
2065 3785 2073 3798 ,
2094 3762 2195 3792 laboris
2206 3763 2305 3792 minus.

1423 3800 1521 3843 Iserox.
1543 3801 1609 3830 llor.
1628 3811 1651 3835 3.
1674 3801 1762 3829 Carm.
1788 3808 1864 3835 5.13.

1423 3838 1542 3881 }irinarn
1555 3846 1663 3868 ¹atatem
1683 3839 1739 3866 dici
1755 3844 1832 3874 putat
1841 3835 1976 3872 Galenus,
1999 3847 2095 3866 corum
2105 3838 2152 3874 qui
2169 3836 2289 3866 mediam
2305 3837 2483 3866 consistentiae
2492 3835 2538 3865 seu

1441 3886 1542 3914 Vigons
1554 3883 1663 3906 aetatem
1673 3898 1681 3913 ,
1702 3878 1727 3906 δε
1737 3875 1883 3905 senectutis
1898 3881 1983 3913 agunt
1996 3884 2002 3905 :
2026 3885 2111 3913 quum
2122 3876 2178 3912 jam
2192 3874 2332 3905 crescendi
2350 3881 2412 3905 aetas
2428 3876 2453 3905 ἃ
2470 3882 2538 3903 tem·

2485 3919 2537 3949 pus
