2667 4145
216 113 281 151 m
779 72 1368 137 PRAEFATIO

221 204 246 222 “
270 198 428 237 ligendas
448 199 514 241 jam
539 192 604 229 esse
623 191 766 228 sarcinas
794 186 1021 223 admoneret,
1048 177 1243 233 diffitionum
1261 175 1369 210 inter-

222 253 246 270 “
274 233 489 295 psetamenta
508 243 596 278 olim
614 239 756 287 quidem
781 248 799 271 a
821 246 878 269 me
899 232 988 267 edita
1007 237 1182 282 proximis
1204 235 1290 260 vero
1311 235 1371 258 an-

224 300 248 318 “
274 298 326 332 nis
345 294 463 331 incudi
486 290 621 326 reddita
640 289 674 324 δε
693 286 872 332 aliquanto
892 280 1094 324 diligentius
1108 272 1285 310 amufitata
1295 271 1372 308 col-

223 350 248 366 “
276 345 362 390 legi,
391 341 561 386 effecique
573 345 611 374 ut
633 334 847 381 castigatiora
869 329 904 363 Sc
922 327 1085 363 uberiora
1104 325 1140 359 in
1162 333 1286 358 manus
1305 321 1372 376 h'o-

224 397 249 415 “
277 395 410 429 minum
434 390 528 424 exire
547 385 694 432 possent.
745 381 827 418 Hoc
848 387 933 411 vero
957 371 1128 422 quicquid
1155 373 1201 407 est
1233 381 1371 425 opens,

224 445 250 463 “
277 440 434 488 quamvis
455 434 579 482 &ipse
604 431 743 469 nomini
770 436 832 464 tuo
862 424 978 459 dicare
1004 429 1232 469 exoptarem,
1267 418 1374 466 idque

224 492 250 510 “
275 488 386 535 ipsum
410 483 562 531 religiosi
586 484 764 529 quotquot
782 473 951 519 Bergorni
972 471 1108 519 degunt
1124 469 1284 515 Collegae
1308 478 1374 503 no-

226 541 252 559 “
277 538 333 573 stri
351 547 416 582 pro
432 534 486 570 sua
513 531 655 579 quisque
673 529 709 563 in
728 533 760 560 te
781 525 911 570 pietate
927 533 946 557 a
966 532 1023 556 me
1046 520 1206 556 certatim
1226 523 1375 552 conten-

228 590 252 608 “
279 586 421 624 derent,
447 582 620 618 haerebam
647 583 783 613 tamen,
819 582 935 618 neque
967 570 1101 616 ingenii
1125 569 1175 604 tui
1201 565 1374 613 judicium

228 639 251 658 “
275 633 478 681 praesertim,
503 636 541 665 ut
563 623 742 664 Secundus
759 623 823 662 ait,
850 617 1040 655 laceffitum
1060 617 1171 653 subire
1189 614 1373 650 audebam.

228 689 251 707 “
276 683 403 729 Neque
429 681 523 715 enim
549 676 593 712 sic
624 679 722 712 toto,
749 677 788 706 ut
812 669 883 705 dici
914 667 1019 708 solet,
1047 665 1134 701 caelo
1155 664 1312 701 errabam
1337 668 1376 697 ut

229 739 254 756 “
279 743 351 767 non
375 729 529 764 viderem
552 734 633 759 eum
666 720 731 756 effe
760 726 794 754 te
820 729 926 765 quem
952 714 1044 764 quali
1074 714 1311 753 Lucillianum
1335 711 1377 746 il-

229 787 254 804 ἰ
279 781 351 816 lum
372 775 520 815 Persium
547 772 711 808 omnium
729 766 961 804 dottissimum
985 770 1142 800 metuere
1170 763 1274 798 etiam
1299 771 1378 796 eru-

231 837 256 853 “
281 829 343 864 diti
377 827 534 861 debeant.
585 820 676 865 Qiis
705 819 820 857 enim,
856 814 992 863 quoeso,
1027 813 1082 848 vel
1107 813 1249 848 unicam
1279 809 1377 845 oden

231 884 256 902 “
280 885 372 913 tuam
390 872 506 920 Egidii
525 870 681 907 Romani
702 866 821 903 laudes
843 865 1088 900 continentem
1110 861 1227 906 legere
1245 858 1375 905 potuit,

229 932 255 951 “
280 932 318 961 ut
337 931 370 959 te
389 924 563 958 summum
592 920 629 954 in
656 916 800 954 Poetica
832 925 907 949 non
938 908 1167 959 agnosceret?
1217 908 1308 952 Quis
1336 906 1377 941 li-

229 980 254 999 “
280 975 381 1010 brum
406 970 449 1006 de
467 966 627 1006 Ecclesiae
645 968 869 1002 incremento
888 972 905 996 a
920 968 953 996 te
971 959 1210 1005 conscriptum
1232 958 1267 992 Sc
1287 955 1377 991 divi-

230 1029 254 1048 “
280 1034 323 1058 na
340 1017 521 1057 Pontificis
551 1016 704 1054 Maximi
736 1024 826 1049 voce
852 1010 1031 1046 laudatum
1061 1019 1136 1043 non
1163 1004 1375 1042 admiratur?

229 1077 254 1096 “
280 1070 371 1116 Quis
391 1067 603 1115 eloquentiae
628 1072 692 1100 tuae
708 1062 853 1099 fulmina
873 1056 1090 1106 aequaverit?
1132 1055 1222 1100 Quis
1246 1053 1287 1090 ad
1309 1064 1375 1099 po-

229 1125 253 1144 “
279 1119 383 1166 pulos
403 1125 437 1154 te
460 1116 736 1152 concionantem
757 1110 889 1146 audivit
907 1108 967 1155 qui
981 1118 1058 1142 non
1078 1117 1186 1141 voces
1201 1110 1275 1139 tuas
1290 1102 1376 1139 Pau-

229 1174 255 1192 “
281 1169 306 1204 li
335 1166 400 1203 esse
429 1164 623 1202 tonitrua†
652 1173 727 1197 non
763 1155 1032 1195 existimaverit?
1068 1154 1159 1199 Quis
1190 1160 1257 1189 tuae
1283 1151 1375 1187 illius

229 1223 255 1241 “
281 1205 1025 1253 dialefflcaesubtilitatisceratinas&soritas
1037 1202 1228 1250 effugerit?
1254 1201 1377 1246 Quem

230 1271 256 1290 “
279 1276 390 1313 porro
411 1264 514 1299 lateat
533 1267 703 1310 quantum
721 1260 757 1294 in
780 1258 820 1293 iis
841 1266 917 1303 quae
948 1251 1100 1301 Physica,
1122 1262 1269 1300 quaeque
1289 1252 1377 1285 item

230 1320 256 1339 “
282 1311 520 1360 Metaphysica
547 1311 797 1346 nominantur,
833 1309 1004 1353 quantum
1029 1301 1183 1349 denique
1210 1301 1247 1335 in
1271 1298 1378 1334 sacra-

230 1369 256 1388 “
281 1375 359 1400 rum
377 1363 554 1398 literarum
575 1357 693 1395 studiis
713 1355 847 1401 semper
868 1350 1099 1389 excellueris?
1133 1348 1234 1394 Quid
1254 1345 1377 1395 plura?

229 1417 257 1437 “
280 1420 315 1449 te
340 1422 449 1448 unum
467 1407 709 1455 intelligebam
731 1405 789 1441 cui
812 1401 899 1438 nihil
921 1411 996 1436 non
1013 1399 1163 1440 lectum,
1190 1397 1280 1433 nihil
1303 1408 1379 1432 non

226 1467 256 1486 “
279 1460 495 1498 intelle6tu1n
513 1456 603 1494 esset.
651 1454 720 1491 Sed
741 1454 832 1489 bene
852 1460 959 1499 quem
979 1449 1111 1485 summa
1129 1446 1286 1483 doffiirina
1307 1445 1380 1481 for-

229 1515 256 1534 a
282 1509 486 1547 midabilem
507 1503 709 1545 effinxerat,
737 1501 891 1538 eundem
909 1501 987 1534 vitae
1012 1496 1165 1533 sanctitas
1189 1494 1379 1531 amabilem

230 1564 257 1584 “
284 1558 446 1596 reddidit.
495 1555 622 1602 Neque
651 1555 747 1589 enim
774 1549 862 1586 mihi
891 1547 1049 1594 quamvis
1075 1558 1094 1582 a
1118 1552 1153 1582 te
1177 1542 1378 1591 longiffime

211 1614 257 1634 -“
282 1608 474 1646 constituto
494 1603 623 1640 nescire
647 1601 861 1649 permittitur
879 1608 984 1645 quam
1009 1595 1125 1632 bonus
1144 1591 1317 1631 commisti
1337 1593 1381 1628 ti-

231 1663 258 1681 “
283 1659 319 1693 bi
335 1656 451 1704 gregis
469 1654 583 1701 pastor
602 1651 742 1691 existas,
769 1647 1023 1694 utlanguentes
1036 1644 1175 1685 foveas,
1202 1641 1379 1679 utdemis-

231 1711 258 1730 ‘⁶
283 1707 336 1742 sos
359 1707 488 1751 erigas,
516 1709 554 1738 ut
582 1700 772 1736 salubribus
802 1695 950 1732 medelis
977 1700 1035 1730 aut
1064 1693 1220 1729 venienti
1245 1691 1378 1727 morbo

230 1760 258 1778 “
283 1764 468 1793 occurras,
495 1757 553 1788 aut
578 1749 731 1786 eundem
757 1746 781 1782 si
807 1746 896 1781 sorte
928 1743 1180 1779 irroboraverit
1201 1751 1377 1777 amoveas.

230 1810 255 1828 “
281 1803 408 1841 Noster
421 1800 533 1841 ordo,
568 1798 666 1846 quod
680 1797 741 1834 diu
760 1794 1026 1842 exoptavimus,
1053 1798 1087 1828 te
1104 1790 1243 1827 anaore
1261 1789 1309 1825 est
1327 1790 1380 1824 in-

231 1858 257 1877 “
282 1858 452 1900 tegratus,
482 1855 516 1885 te
544 1844 713 1895 Magistro
753 1843 814 1880 fibi
849 1842 1041 1879 restitutus,
1074 1847 1109 1877 te
1136 1838 1379 1876 intercedente

231 1908 257 1926 “
282 1901 424 1938 summis
447 1896 640 1945 privilegiis
666 1894 886 1934 honestatus,
913 1902 991 1939 quae
1013 1901 1095 1926 cnm
1117 1890 1238 1924 animo
1258 1887 1379 1923 volve-

231 1956 259 1975 “
282 1962 356 1987 rem
381 1948 479 1985 facile
503 1945 759 1994 percipiebam,
785 1949 819 1978 te
840 1942 900 1989 qui
918 1939 1096 1976 universos
1120 1940 1167 1974 ita
1192 1937 1379 1983 dirigeres,

234 2005 258 2024 ‘¹
283 1998 438 2046 singulos
467 2008 540 2031 non
575 2003 817 2031 contemnere.
865 1988 950 2027 Hoc
967 1988 1121 2035 denique
1149 1985 1241 2034 quasi
1263 1984 1381 2021 addita

232 2053 258 2072 “
283 2045 437 2093 obrepsit
454 2044 616 2085 audacia,
643 2053 770 2088 meque
793 2039 878 2076 illuc
894 2038 1036 2085 impulit
1050 2043 1088 2072 ut
1104 2035 1147 2071 ad
1171 2042 1204 2071 te
1228 2033 1319 2083 quasi
1338 2033 1381 2070 ad

235 2103 259 2120 ‘¹
285 2107 418 2134 numen
453 2092 599 2140 aliquod
627 2091 859 2137 confugerem
892 2087 927 2123 &
955 2085 1212 2135 qualescunque
1244 2083 1380 2131 vigilias

236 2151 261 2169 ‘¹
288 2156 380 2182 meas
398 2145 461 2179 tibi
483 2142 646 2178 dicarem.
696 2138 808 2184 Quod
827 2136 1094 2177 fadiumvmeum
1116 2134 1203 2170 boni
1224 2132 1382 2169 consulas

233 2200 260 2218 “
283 2192 450 2234 obsecro,
476 2189 745 2237 meminerisque
769 2199 827 2223 me
854 2183 947 2234 quali
974 2196 1050 2220 non
1075 2183 1259 2230 postremae
1289 2188 1384 2218 notae

236 2249 263 2267 ‘¹
287 2243 445 2278 villicum
462 2241 527 2276 hac
549 2239 619 2287 ipsa
641 2238 819 2274 dicatione
842 2237 1017 2271 rationem
1039 2234 1105 2269 otii
1126 2233 1196 2267 mei
1215 2230 1383 2266 exhibere

237 2298 262 2316 ‘³
284 2293 347 2328 tibi
365 2289 512 2326 voluiss'e
526 2316 534 2330 ‚
563 2299 668 2336 quem
687 2293 724 2323 tu
749 2285 804 2322 vel
826 2292 866 2321 ut
890 2283 1040 2330 diligens
1067 2280 1312 2328 paterfamilias
1331 2280 1385 2315 in-

237 2347 261 2364 “
287 2341 417 2389 spicere
449 2349 523 2374 non
555 2336 769 2384 gravaberis,
796 2333 851 2369 vel
876 2339 970 2368 certe
1001 2339 1039 2368 ut
1061 2330 1176 2366 bonus
1202 2329 1316 2375 pastor
1338 2340 1383 2364 ne

240 2395 264 2413 “
288 2388 417 2437 pusillae
443 2385 586 2435 quidem
615 2386 692 2421 ovis
717 2384 844 2421 foetum
867 2382 930 2417 tibi
957 2378 1264 2417 contemnendum
1286 2384 1384 2424 puta-

238 2444 264 2462 “
290 2440 362 2479 bis,
388 2436 444 2472 sed
466 2436 587 2473 umbra
607 2435 725 2481 potius
744 2434 794 2468 tui
814 2430 970 2468 nominis
986 2434 1164 2476 proteges.
1216 2426 1328 2473 Qiod
1347 2425 1383 2468 fi,

239 2493 263 2511 “
286 2495 324 2524 ut
346 2486 469 2533 spero,
496 2485 638 2524 feceris,
664 2482 708 2518 ad
731 2481 903 2518 summam
929 2486 1098 2515 votorum
1123 2487 1287 2512 meorum
1307 2487 1386 2523 per-

205 2578 207 2580 ,
238 2542 265 2560 “
290 2534 417 2572 veniffe
435 2533 522 2569 mihi
540 2531 708 2573 videbor,
735 2541 775 2566 ac
800 2537 862 2566 tuo
889 2526 982 2576 quasi
1011 2525 1250 2572 Colophonio
1273 2523 1385 2561 suffra-

240 2591 265 2607 “
289 2587 371 2633 gio,
398 2590 437 2619 ut
454 2584 489 2618 in
508 2583 612 2618 veteri
633 2581 743 2616 verbo
772 2579 817 2615 est
832 2603 840 2615 ‚
864 2577 1019 2623 adjutus,
1046 2577 1084 2611 in
1107 2573 1249 2622 singulis
1280 2575 1385 2610 etiam

240 2639 265 2656 “
289 2634 398 2670 tribus
417 2630 542 2678 puncta
571 2630 691 2665 onmia
713 2627 823 2664 tulisse
847 2638 906 2662 me
929 2623 1156 2665 existimabO,
1185 2634 1253 2659 nec
1278 2624 1385 2659 aetatis

239 2687 265 2705 “
291 2688 426 2718 tantum
462 2680 585 2715 nostrae
614 2678 866 2717 oblatratores,
891 2673 948 2711 sed
975 2675 1009 2710 &
1043 2673 1259 2709 celebratum
1282 2671 1385 2708 illum

239 2736 262 2753 “
288 2731 462 2766 veteribus
482 2727 631 2764 modum
655 2733 895 2762 contemnam.
943 2721 1032 2760 Vale
1054 2728 1151 2768 pater
1176 2719 1217 2757 R.
1242 2721 1278 2757 &
1299 2731 1386 2756 con-

241 2784 264 2805 “
289 2780 535 2828 gregationem
562 2775 713 2811 nostram
730 2785 768 2810 ac
784 2772 972 2820 praesertim
992 2769 1264 2817 Bergomensem
1289 2768 1388 2807 Con·

240 2833 265 2850 “
289 2836 435 2864 ventum
455 2826 543 2862 habe
569 2821 962 2861 commendatissimum.
1011 2819 1105 2856 Nam
1127 2819 1163 2854 &
1187 2825 1221 2854 te
1236 2845 1246 2860 ,
1273 2825 1312 2855 ut
1327 2818 1387 2855 de-

240 2882 265 2899 “
288 2878 393 2918 bent,
421 2885 546 2911 omnes
567 2871 714 2908 mirifice
730 2877 849 2907 amant
863 2882 902 2907 ac
922 2875 1125 2906 reverentur
1143 2867 1177 2903 δι
1202 2879 1247 2901 me
1265 2867 1388 2909 decrepi-

241 2930 264 2947 “
290 2935 354 2959 tum
377 2926 439 2970 jam
461 2924 560 2968 senem
585 2930 674 2967 atque
707 2920 792 2953 oculis
821 2928 937 2963 captum
967 2919 1055 2953 mira
1077 2918 1206 2964 pietate
1227 2916 1388 2964 comple-

241 2977 266 2995 “
291 2974 437 3010 fiuntur.
482 2970 649 3018 Bergomi
668 2967 835 3007 Kalendis
855 2965 1023 3005 Octobris
1048 2968 1214 3002 MDlx.'’

308 3022 454 3059 Sublato
477 3032 496 3058 e
517 3021 604 3055 vivis
624 3018 858 3055 CALEP1N0
888 3015 1036 3053 studiose
1069 3013 1323 3063 quamplurimi
1351 3014 1390 3049 in

243 3072 314 3116 ejus
340 3069 480 3106 messem
499 3069 569 3105 suas
589 3067 693 3103 falces
714 3067 875 3113 injecere.
928 3064 1107 3102 Oneratur
1130 3063 1267 3110 prelum
1290 3061 1326 3098 δε
1346 3062 1389 3098 ad

242 3120 429 3155 satietatem
457 3117 562 3166 usque
595 3122 798 3156 exercetur,
824 3113 1029 3161 prodiitque
1059 3111 1222 3149 Lexicon
1252 3111 1391 3149 CALE-

242 3179 340 3206 MN!
365 3168 419 3202 vel
439 3167 556 3203 saltem
573 3165 793 3208 calepinianum
814 3174 948 3199 nomen
967 3161 1155 3208 profitens,
1181 3166 1237 3196 tot
1255 3161 1389 3197 vicibus

242 3223 280 3252 ut
297 3227 386 3262 pene
406 3216 545 3251 taedium
564 3213 645 3251 esset
664 3223 878 3249 enumerare.
930 3211 1028 3257 Quas
1047 3209 1220 3246 editiones
1235 3208 1290 3244 vel
1304 3220 1390 3245 ocu-

243 3266 285 3300 lis
307 3264 562 3310 usurpavimus,
589 3263 645 3298 vel
665 3261 710 3297 de
728 3263 767 3297 iis
784 3259 938 3308 legendo
958 3258 1150 3308 quidquam
1176 3259 1388 3305 accepimus,

242 3312 479 3350 subnectemus
494 3340 502 3353 ‚
528 3312 643 3358 plures
666 3308 803 3347 fortasse
832 3308 1001 3350 addituri,
1027 3306 1052 3343 fi
1073 3308 1122 3343 rei
1144 3306 1273 3343 utilitas
1294 3306 1392 3343 labo-

243 3373 318 3397 rem
337 3361 494 3396 nostrum
516 3359 792 3396 commendaret.
819 3356 957 3395 Prodiit
972 3359 1087 3404 itaque
1103 3356 1268 3402 proxime
1287 3366 1390 3398 1510.

243 3409 337 3457 apud
355 3410 470 3451 Ascenfi
491 3408 588 3445 Paris.
616 3409 651 3443 &
672 3413 774 3451 1516.
802 3406 894 3453 apud
918 3406 1045 3440 Wechel.
1067 3403 1166 3442 Paris
1189 3414 1290 3450 1534.
1306 3404 1391 3441 ibid.

246 3469 349 3503 1535.
373 3457 408 3493 ὃς
436 3469 537 3502 ¹539·
572 3456 666 3493 Balil.
692 3468 795 3503 1544.
823 3455 859 3491 ἃ
881 3462 984 3500 1560.
1017 3452 1390 3499 Venet.1545.1548.

242 3561 514 3634 TrgssnTrecaffium
523 3560 559 3595 ἢ
572 3559 728 3596 Campaniae
738 3561 802 3591 urbs
815 3570 875 3599 quae
891 3559 1020 3598 Sequano
1030 3557 1117 3587 fluvio
1127 3556 1293 3587 interluitur.
1302 3555 1391 3595 Vulgo

277 3653 322 3690 [b]
341 3653 404 3683 Hoc
424 3651 598 3689 Epitaphium
617 3650 690 3679 inter
709 3651 806 3680 ultima
826 3652 882 3681 fere
902 3650 1017 3688 suspiria
1031 3647 1090 3686 ipse
1114 3647 1163 3677 fibi
1183 3648 1371 3678 concinnavit.

276 3708 320 3742 [c]
345 3707 491 3742 &aligerum
514 3705 619 3742 semper
646 3705 764 3741 excipio.
821 3706 840 3718 “
862 3704 976 3734 Pafferat
1008 3703 1076 3738 estoit
1098 3702 1153 3739 fort
1177 3704 1310 3738 ignorant,
1345 3703 1392 3731 vix

239 3743 261 3758 “
281 3746 346 3772 octo
370 3745 470 3779 legerat
492 3743 574 3770 libros
593 3751 601 3770 :
643 3741 714 3769 bene
738 3741 896 3770 instituebat
912 3743 1105 3778 juventutem,
1126 3741 1183 3769 duo
1202 3739 1286 3769 verba
1307 3739 1394 3770 latine

291 3846 310 3881 †
329 3845 376 3874 Sic
403 3845 431 3873 in
453 3843 617 3887 Londinensi
634 3844 741 3887 codice.
783 3843 862 3873 Error
880 3845 987 3874 videtur
1005 3843 1203 3882 descriptoris,
1222 3850 1254 3875 ut
1273 3846 1300 3875 ἃ
1317 3844 1394 3883 quod

234 3883 319 3921 paulo
330 3882 395 3920 post
414 3891 465 3919 pro
483 3880 621 3910 lubntius
635 3901 644 3913 ,
670 3883 765 3909 lubus
784 3881 895 3918 legitur·

1439 63 1562 121 Edit.
1599 66 1793 117 Londin.
1834 78 1859 118 1
1873 83 1909 131 7
1924 76 1950 129 3
1966 74 2009 131 ς.

1424 172 1459 208 &
1484 180 1586 213 1592.
1613 168 1726 215 Lugd.
1747 167 1818 205 Bat.
1839 179 1914 203 non
1935 165 2057 207 semel,
2090 175 2193 210 1570.
2221 167 2323 209 1581.
2346 167 2448 208 1647.
2470 166 2573 205 1663.

1426 226 1531 260 1681.
1558 229 1625 253 nec
1649 229 1723 252 non
1753 229 1797 252 ex
1825 215 1967 252 officina
1997 220 2043 249 Fr.
2067 215 2173 260 Haclq‘i
2198 226 2231 260 4.
2258 211 2329 248 fine
2349 218 2436 247 nota
2455 212 2573 246 aetatis.

1424 269 1528 306 Antv.
1556 277 1657 310 1572.
1693 265 1828 302 Genev.
1853 271 1955 301 1620.
1983 264 2018 300 δε
2042 263 2124 299 alibi
2142 262 2274 309 saepius.

1491 316 1586 354 Inter
1611 321 1756 350 caeteros
1789 314 1849 361 qui
1881 312 2098 349 Thesaurnm
2134 311 2354 354 Calepinianum
2381 311 2576 347 auxerunt,

1426 367 1460 402 &
1485 364 1724 400 celebritatem
1745 362 1893 403 dedere,
1920 373 1995 397 non
2014 361 2181 407 postremi
2195 359 2266 395 loci
2281 356 2336 393 vel
2355 355 2490 392 ordinis
2506 359 2580 390 erat

1424 414 1568 460 Joharmes
1583 411 1747 457 Paffieratius
1765 409 1983 447 Trecaffinus
1997 408 2041 456 [a]
2054 411 2089 445 in
2114 408 2303 445 Academia
2311 402 2485 443 Parifienfi
2495 402 2580 440 Pro-

1427 462 1531 500 fessor
1548 461 1690 507 Regius.
1741 458 1897 497 Caeteros
1920 458 2017 499 dixi,
2043 457 2162 505 quales
2190 462 2288 493 erant
2313 458 2378 499 Jac.
2403 455 2580 492 Montanus,

1428 512 1513 546 Paul.
1529 512 1707 547 Manutius,
1733 511 1822 542 Laur.
1848 507 2012 552 Chifletiur,
2039 509 2067 540 S.
2082 510 2105 540 I.
2133 509 2164 549 J.
2178 505 2253 539 Lud.
2269 505 2305 538 de
2321 503 2349 536 la
2365 500 2475 536 Certim
2502 502 2580 533 Con-

1427 559 1491 594 rad.
1520 559 1656 600 Gesnerus
1678 560 1847 602 Tigurinus,
1876 555 2012 596 Rudaeus,
2036 554 2180 597 Aftenfius
2200 554 2347 601 aliique,
2371 562 2452 586 nam
2481 546 2584 596 quod.

1428 608 1539 644 hodie
1561 606 1711 653 legimus
1726 633 1735 646 ,
1763 612 1802 642 ut
1832 604 2028 641 observavit
2054 603 2189 638 dudum
2215 604 2370 636 Manutius
2389 598 2517 646 praefat.
2538 595 2585 632 ad

1428 656 1520 695 Edit.
1548 656 1673 697 Calepin.
1699 661 1802 700 1548.
1835 654 1896 689 vix
1920 653 1966 688 est
1991 650 2240 693 cirrum,
2265 649 2322 686 sed
2349 648 2500 684 aliorum
2521 645 2586 693 qui

1430 709 1502 752 ejus
1520 704 1595 740 solo
1609 702 1879 740 inaedificarunt:
1908 705 1931 721 “
1949 700 2091 739 Bonum
2111 700 2220 736 fatum
2245 695 2456 745 (inquitille
2476 696 2584 731 etiam

1431 759 1456 774 “
1483 766 1521 789 ea
1543 759 1642 789 aetate
1661 764 1766 799 quam
1789 763 1881 798 pene
1901 749 2031 786 dixeris
2058 748 2221 795 Calepini
2242 744 2454 794 pueritiam)
2480 742 2582 780 Cale-

1430 807 1457 824 “
1481 804 1585 850 pinus
1604 801 1744 837 sortitus
1766 801 1831 841 est,
1861 801 1918 836 cui
1936 797 2097 847 quotidie
2112 798 2183 833 fere
2207 808 2333 832 omnes
2352 794 2517 831 homines
2538 791 2585 828 de

1432 855 1457 872 “
1481 852 1541 888 suo
1567 850 1766 896 largiantur.
1818 847 1924 886 Certe
1958 849 2055 883 enim
2085 846 2178 883 illius
2207 844 2466 883 Difflonarium
2505 852 2584 878 non

1430 904 1456 921 “
1483 907 1554 937 tam
1572 898 1721 935 auetoris
1745 897 1928 938 industria,
1956 908 2061 944 quam
2080 895 2232 931 aliorum
2253 893 2375 929 labore
2397 889 2587 938 studioque

1431 952 1458 970 ‘¹
1482 951 1519 985 in
1542 955 1674 984 tantam
1693 947 1915 983 altitudinem
1937 946 2105 982 excrevit.
2120 947 2138 962 ''
2184 942 2240 981 Ad
2265 941 2456 988 Pffir.1tium
2483 937 2587 987 quod.

1428 1000 1572 1040 attinet,
1609 998 1650 1033 iis
1677 1004 1749 1032 erat
1769 996 1929 1036 naribus,
1966 1000 2066 1030 tanto
2092 994 2227 1041 ingenii
2254 990 2438 1031 acumine,
2474 994 2585 1024 tanta-

1431 1059 1501 1095 que
1517 1046 1710 1093 elegantia,
1737 1052 1809 1080 tam
1833 1044 1924 1080 male
1943 1050 2060 1080 autem
2084 1044 2217 1078 interea
2245 1039 2420 1080 consutae,
2453 1038 2489 1073 &
2511 1044 2585 1073 tam

1430 1097 1593 1142 impigrae
1613 1094 1813 1131 additiones
1840 1104 1917 1141 quae
1941 1092 1985 1128 ad
2013 1091 2045 1130 C
2054 1100 2299 1128 ALEPINUM
2324 1087 2520 1127 habentur,
2544 1092 2585 1122 ut

1430 1145 1578 1192 cujusvis
1602 1145 1723 1191 potius
1741 1153 1848 1192 quam
1875 1141 2022 1188 Piffiratii
2054 1140 2167 1177 videri
2195 1139 2356 1176 debeant.
2408 1139 2431 1154 “
2454 1134 2585 1173 Homo

1432 1197 1453 1215 ⁶·
1477 1194 1572 1230 enim
1591 1192 1761 1229 emunitae
1775 1192 1866 1228 naris
1885 1191 1921 1227 ὃς
1940 1191 1997 1227 cui
2019 1188 2131 1226 aliena
2145 1190 2206 1225 vix
2225 1188 2427 1236 placerent,
2453 1183 2585 1221 ultimo

1433 1246 1456 1261 “
1482 1242 1605 1289 elogio
1627 1243 1729 1278 vovit
1756 1252 1801 1277 ne
1823 1251 1944 1275 manes
1968 1238 2018 1276 sui
2037 1238 2138 1276 malis
2161 1236 2375 1275 carminibus
2396 1243 2586 1273 onerarem

1432 1295 1458 1311 “
1477 1299 1542 1329 tur.
1555 1294 1573 1308 '¹
1607 1290 1719 1326 Thuan.
1735 1290 1794 1328 lib.
1814 1300 1893 1335 127.
1918 1288 1977 1325 fin.

1593 1389 1656 1423 Hic
1666 1384 1738 1429 fitur
1757 1389 1788 1421 in
1806 1396 1900 1431 parva
1917 1389 2009 1432 Janm
2032 1384 2180 1434 Paffirtius
2198 1395 2276 1421 urna

1644 1436 1767 1480 Ausonii
1789 1435 1882 1471 doHor
1898 1439 1986 1481 regim
2003 1435 2128 1483 eloquii3

1593 1484 1737 1528 Discipuli
1753 1496 1890 1519 memores
1908 1483 2023 1519 tumulo
2044 1484 2112 1518 date
2123 1483 2204 1527 serta
2223 1481 2371 1527 magistri,

1647 1536 1690 1567 Ut
1707 1536 1790 1568 vario
1798 1533 1913 1579 florum
1932 1545 2050 1567 munere
2067 1539 2170 1567 vernet
2187 1530 2299 1564 humus.

1594 1584 1662 1618 Hoc
1681 1582 1761 1616 culta
1777 1581 1866 1624 officio
1885 1593 1949 1616 mea
1969 1581 2089 1615 molliter
2108 1580 2161 1628 offla
2182 1579 2346 1628 quiefient,

1642 1630 1723 1668 Sint
1740 1629 1855 1668 modo
1874 1631 2088 1667 carminibus
2105 1641 2182 1667 non
2199 1634 2343 1666 onerata
2362 1625 2461 1663 malis
2477 1622 2539 1673 [121.

1434 1727 1510 1768 Vix
1525 1726 1597 1765 dici
1617 1725 1733 1776 potest
1752 1735 1881 1778 quanta
1904 1729 2109 1765 animorum
2132 1727 2387 1768 contentione,
2415 1724 2590 1772 omnique

1435 1779 1729 1827 praedicationum
1753 1790 1885 1828 genere
1918 1777 1963 1815 ad
1988 1777 2134 1824 Paffiratii
2173 1776 2344 1813 sermonis
2377 1775 2589 1822 puritatem,

1436 1836 1593 1865 nitorem
1630 1827 1835 1874 elegantiae,
1870 1828 2077 1875 ingeniique
2106 1826 2310 1863 felicitatem
2343 1820 2593 1861 celebrandam

1436 1876 1644 1914 confluxere
1675 1878 1747 1921 ejus
1775 1877 1883 1914 aetatis
1910 1877 1977 1912 viri
2009 1873 2194 1913 dostiffimi
2221 1872 2273 1920 [c].
2323 1873 2436 1911 Natus
2455 1877 2528 1908 erat
2549 1870 2590 1907 A.

1442 1938 1545 1973 1534.
1594 1924 1771 1962 Lutetiam
1791 1924 1960 1962 accedens
1980 1925 2022 1961 iis
2041 1926 2102 1973 qui
2120 1923 2324 1960 minoritate
2340 1923 2377 1959 &
2391 1922 2501 1970 gratia
2514 1919 2593 1967 plu-

1437 1978 1568 2012 rimum
1603 1974 1807 2022 pollebant,
1838 1976 1930 2011 inter
1960 1985 2093 2021 paucos
2121 1973 2266 2014 charus,
2293 1974 2378 2006 Petro
2393 1976 2482 2013 Rama
2509 1968 2593 2006 Elo-

1438 2026 1591 2074 quentiae
1614 2023 1800 2061 Profess'ori
1818 2022 1992 2064 suffetius,
2020 2021 2338 2059 commendatione
2353 2022 2475 2055 Hem-ici
2492 2021 2594 2053 Mem-

1439 2079 1490 2108 mii
1510 2074 1716 2111 Maecenatis
1734 2074 1882 2120 optimi,
1910 2072 1946 2108 ἃ
1969 2070 2148 2120 stipendiis
2169 2073 2276 2119 regiis
2295 2066 2496 2107 honorifice
2516 2066 2595 2103 sub.

1438 2125 1563 2165 nixus,
1590 2129 1765 2170 praccepta
1787 2121 2000 2169 eloquentiae
2028 2121 2139 2157 multa
2157 2132 2240 2156 cum
2257 2120 2422 2156 omnium
2443 2116 2594 2153 admira»

1440 2175 1539 2210 tione
1559 2172 1703 2208 infinitis
1722 2183 1814 2219 pene
1838 2169 2016 2218 discipulis
2044 2169 2196 2206 tradidit.
2248 2166 2398 2216 Egregia
2416 2165 2495 2203 sunt
2515 2175 2594 2213 quae

1440 2222 1485 2258 de
1502 2222 1566 2258 illo
1587 2221 1731 2268 posteris
1751 2219 2020 2257 commendavit
2029 2220 2081 2255 vir
2102 2217 2408 2266 ingeniiacerrimi
2434 2214 2494 2262 [d].
2521 2217 2543 2232 “
2557 2213 2594 2251 Si

1440 2273 1464 2288 ‘⁶
1490 2272 1591 2308 illum
1612 2270 1737 2306 dixero
1755 2269 1922 2305 omnibus
1937 2268 2047 2304 ferme
2066 2266 2317 2305 Grammaticis
2330 2263 2594 2303 &Rhetoribus

1440 2323 1464 2338 “
1488 2323 1594 2358 aetatis
1616 2319 1681 2356 suae
1708 2318 1802 2355 fuisse
1832 2317 2040 2358 clariorem,
2064 2316 2160 2364 fique
2187 2314 2359 2353 addidero
2378 2314 2520 2349 ultimum
2542 2316 2594 2355 Ro-

1438 2372 1461 2391 “
1484 2381 1635 2404 manorum
1653 2367 1748 2416 apud
1766 2379 1832 2403 nos
1850 2365 1994 2408 obiisse,
2021 2364 2192 2402 verissime
2205 2389 2216 2406 ‚
2243 2371 2282 2402 ut
2299 2365 2452 2412 opinor,
2482 2359 2595 2398 sensis-

1439 2420 1464 2435 “
1490 2420 1521 2456 se
1542 2419 1656 2455 debeo
1682 2417 1833 2453 videri.'’
1885 2414 2008 2458 Cafimb.
2037 2413 2142 2462 Epist.
2175 2413 2219 2450 ad
2243 2417 2308 2458 Jac.
2337 2412 2487 2447 GiLlotium
2512 2417 2592 2457 164

1440 2470 1463 2485 “
1484 2469 1529 2507 At
1546 2466 1767 2506 Passeratium
1788 2476 1865 2501 non
1883 2462 2034 2505 videbo,
2062 2465 2158 2509 cujus
2174 2474 2289 2511 nuper
2307 2460 2424 2498 audivi
2441 2460 2609 2497 obitum:

1439 2519 1465 2534 ‘⁶
1487 2519 1551 2555 Nae
1567 2517 1675 2554 vestra
1696 2513 1886 2554 Academia
1906 2513 1961 2550 vel
1985 2515 2222 2560 praecipuum,
2248 2509 2312 2547 nifi
2332 2509 2454 2551 fallor,
2480 2509 2596 2545 tibici-

1440 2568 1464 2583 “
1489 2579 1571 2604 nem
1586 2565 1720 2607 amisit,
1749 2574 1821 2612 quo
1845 2562 2061 2599 fulciebatur.
2115 2560 2219 2599 Nunc
2251 2566 2367 2597 autem
2398 2559 2475 2606 quis
2506 2558 2596 2594 tanti

1440 2617 1465 2633 “
1494 2618 1557 2653 viri
1580 2615 1702 2651 locum
1723 2613 1923 2659 occupabit.
1975 2610 2144 2658 Stephani
2165 2611 2271 2646 etiam
2301 2608 2409 2645 nostri
2431 2607 2592 2648 obitum,

1443 2666 1467 2681 “
1490 2672 1598 2713 puto,
1637 2660 1848 2700 intellexisti.
1910 2659 2132 2697 Commelini
2176 2670 2330 2707 quoque.
2388 2656 2443 2693 An
2471 2661 2595 2703 parant

1443 2715 1467 2731 ‘⁶
1490 2715 1598 2752 Musae
1617 2713 1736 2761 sugam
1759 2709 2004 2756 exEuropa?‘’
2054 2710 2143 2742 Scaev.
2168 2705 2348 2742 sammarth.
2372 2703 2475 2752 Elog.
2494 2705 2593 2751 lib.4.

1436 2765 1467 2780 '“
1493 2763 1558 2800 His
1577 2764 1670 2799 enim
1694 2760 1860 2797 extremis
1883 2759 1934 2794 rei
1953 2757 2111 2793 literariae
2134 2755 2373 2804 teinporibUS‚
2408 2753 2470 2790 nifi
2488 2753 2595 2790 Scali-

1443 2814 1467 2829 “
1492 2814 1587 2860 geri,
1613 2809 1739 2858 Lipsii,
1767 2807 1986 2848 Casauboni,
2013 2805 2116 2842 Fabri
2132 2817 2214 2842 cum
2231 2804 2304 2840 aliis
2316 2802 2524 2851 paucissimis
2535 2801 2597 2839 ad·

1444 2863 1469 2879 “
1490 2862 1562 2899 huc
1581 2859 1764 2908 supersint,
1793 2858 1870 2905 quis
1894 2855 2061 2892 ultimum
2084 2854 2263 2902 politioris
2283 2853 2467 2888 literaturae
2488 2851 2595 2888 decus

1445 2912 1469 2928 '⁵‘
1493 2912 1530 2946 in
1553 2911 1653 2957 hujus
1674 2909 1761 2945 tanti
1785 2907 1851 2942 viri
1874 2911 1990 2941 morte
2007 2902 2197 2939 concidisse
2216 2914 2290 2938 non
2312 2900 2505 2937 fateatur?”
2529 2900 2595 2945 Jul.

1444 2960 1517 3003 Caes
1531 2959 1678 3004 Bulenger.
1706 2956 1836 2995 Histor.
1863 2953 1912 2990 sui
1937 2953 2109 3000 temporis
2127 2951 2186 2988 lib.
2207 2963 2262 2988 ιι.
2313 2953 2334 2967 “
2355 2949 2487 2987 Latinae
2506 2951 2597 2986 inte-

1446 3010 1470 3026 “
1495 3009 1630 3056 gritatis
1651 3009 1687 3043 in
1711 3003 1935 3053 eloquendo,
1963 3000 1988 3037 fi
2006 3002 2082 3049 quis
2097 3000 2202 3041 alius,
2231 3000 2404 3040 retinens,
2432 3000 2595 3035 oratione

1447 3060 1471 3075 ‘⁶
1497 3065 1616 3094 acutus
1634 3057 1667 3092 Sc
1688 3055 1802 3092 tersus.
1818 3055 1836 3069 '’
1863 3056 1912 3087 Fr.
1931 3054 2082 3085 Parentius
2098 3051 2136 3086 in
2160 3048 2335 3087 Oratione
2360 3048 2405 3084 de
2426 3049 2520 3095 regia
2541 3047 2596 3084 sua

1445 3105 1677 3153 proiessione,
1704 3105 1744 3141 A.
1771 3111 1874 3147 1595.
1926 3103 1948 3116 “
1971 3098 2013 3136 In
2037 3098 2146 3134 literis
2176 3097 2445 3134 humanioribus
2469 3097 2596 3133 verbo-

1446 3159 1469 3173 “
1496 3167 1645 3203 rumque
1677 3152 1893 3201 proprietate
1919 3160 1960 3184 ac
1987 3146 2241 3195 significatione
2272 3145 2486 3186 evolvenda,
2522 3157 2597 3182 rara

1447 3207 1471 3222 ⁶‘
1496 3203 1555 3240 illa
1574 3205 1609 3241 &
1630 3203 1732 3240 omni
1761 3201 1890 3236 artium
1914 3209 2045 3245 genere
2070 3194 2298 3232 excultislima
2329 3192 2500 3231 Pass'eratii
2530 3195 2596 3230 do-

1446 3257 1467 3274 “
1494 3253 1619 3293 ctrina,
1649 3262 1717 3300 qua
1738 3248 1796 3285 ille
1812 3246 1910 3283 velut
1924 3245 2079 3283 Phoenix
2100 3245 2135 3281 ὃς
2154 3252 2193 3281 ut
2211 3244 2394 3281 Romanus
2410 3243 2495 3278 alter
2507 3242 2597 3279 Var-

1446 3306 1471 3321 “
1496 3313 1561 3345 ro,
1585 3301 1719 3350 judicio
1742 3298 1907 3334 omnium
1930 3294 2080 3331 excellit.
2093 3297 2111 3312 '’
2160 3291 2314 3331 Decessit
2340 3291 2485 3328 Lutetiae
2502 3290 2597 3329 Pari-

1446 3348 1578 3388 siorum
1604 3356 1661 3391 68.
1698 3358 1793 3384 anno
1834 3345 1960 3384 aetatis,
1999 3350 2053 3384 18.
2086 3341 2159 3380 Cal.
2188 3341 2266 3380 Oti.
2303 3341 2408 3378 Anno
2445 3351 2462 3375 a
2495 3347 2597 3388 partu

1447 3398 1623 3447 Virgineo
1650 3404 1752 3435 1602.
1788 3396 1896 3442 inque
1919 3391 2166 3430 Dominicano
2185 3389 2322 3439 templo
2338 3389 2381 3426 ad
2394 3386 2597 3438 Jacobaeam

1447 3457 1588 3497 portam
1604 3446 1786 3496 sepelitur,
1814 3454 1897 3480 cum
1918 3441 1990 3480 hoc
2005 3440 2149 3489 elogio,
2529 3485 2586 3526 IO

1447 3544 1469 3568 ‘⁴
1490 3553 1609 3587 sciebat,
1628 3559 1728 3581 omnes
1749 3547 1990 3588 reprehendebat,
2017 3558 2075 3579 non
2099 3554 2159 3579 erat
2181 3553 2274 3578 tantus
2295 3552 2413 3585 quantus
2433 3545 2598 3577 habebatur.

1448 3588 1470 3606 ‘⁶
1490 3590 1658 3620 Tricaffinus
1677 3597 1754 3623 erat,
1775 3589 1866 3617 bonus
1890 3588 2014 3617 Pedanus
2035 3588 2070 3617 ad
2084 3587 2280 3616 instituendam
2303 3587 2487 3622 juventutem.
2499 3584 2516 3596 ”
2542 3588 2600 3611 scn-

1448 3629 1469 3644 “
1488 3629 1606 3663 ligeram.
1646 3627 1751 3656 Contra
1772 3626 1812 3654 vir
1832 3625 2011 3655 decurrimus.
2050 3627 2070 3639 “
2092 3626 2114 3652 lt
2135 3626 2208 3652 avoir
2220 3625 2294 3656 joint
2323 3623 2341 3649 A
2362 3632 2410 3649 une
2430 3623 2523 3657 grande
2541 3623 2600 3648 e‘ru-

1446 3665 1470 3718 ἀἱ
1487 3667 1672 3732 ῗὲιῖνοιῐῖῃὲἱηξ,
1687 3674 1744 3691 rare
1761 3661 1867 3700 poltteffe
1889 3663 1921 3695 (9·
1940 3665 1960 3690 il
1982 3663 2083 3691 n'avcn't
2106 3662 2166 3692 rien
2187 3662 2224 3690 de
2237 3660 2344 3698 pedam:
2364 3669 2418 3698 que
2439 3659 2466 3688 la
2482 3659 2548 3689 robe
2573 3659 2600 3689 ἅ

1485 3740 1535 3776 [a]
1555 3744 1584 3769 e.
1608 3725 1731 3776 mkffom„
1745 3738 1776 3768 in
1797 3736 1910 3774 Elogiis.

1505 3844 1543 3881 Ἠ
1567 3843 1684 3880 Trecae,
1702 3842 1750 3873 vel
1767 3841 1917 3874 Trecaffes.
