2600 4177
529 92 560 127 C
658 92 694 127 0
789 93 827 128 M

127 173 246 203 officere
257 173 413 203 commodis
425 173 550 209 aliquus.
585 172 616 202 V.
639 183 656 201 o
666 184 679 201 r
688 184 718 201 rr
728 183 745 202 c
756 184 765 202 r
774 183 800 203 o.

125 212 298 248 Oppugnare
313 211 463 240 commoda
475 211 588 248 patriae,
609 211 654 239 cui
669 212 837 248 opponitur,
860 210 911 241 Pro
931 212 974 243 his
986 222 1118 252 pugnare.
1141 212 1199 244 cic.
1216 223 1240 244 ι.

145 249 180 276 de
193 249 298 277 invent.
318 259 339 277 ι.

126 285 336 315 Praetermittere
346 285 502 314 commoda.
527 284 584 314 Cic.
596 284 630 313 ad
643 284 677 321 Q
694 286 754 314 frat.

127 322 239 352 Referre
260 324 409 353 amicitiam
426 323 460 352 ad
476 322 549 352 illius
562 323 720 358 commoda,
739 333 822 360 quem
838 323 986 362 diligimus.
1008 325 1066 355 Cic.
1085 334 1111 355 2.
1132 326 1169 356 de
1178 325 1242 356 Nat.

145 360 228 390 Deor.
249 370 279 390 12
303 383 309 390 .

127 398 234 427 Servire
248 370 402 428 cosnmodis
411 396 580 432 utilitatique
590 396 715 432 alicujus.
738 398 796 428 Cic.
815 408 837 427 r.
863 399 897 436 Q
912 400 971 429 frat.
988 410 1010 430 1.

127 435 302 469 Commoda,
323 437 352 463 in
379 444 407 463 re
429 434 540 463 militari
556 434 740 469 dicebantur,
763 435 806 464 vel
824 437 958 471 Munera,
980 437 1023 467 vel
1047 437 1159 468 Praemia
1172 460 1181 474 ,
1200 438 1246 469 vel

148 474 208 511 Agri
223 473 342 509 denique
353 473 397 509 qui
409 471 545 501 dabantur
557 472 700 501 militibus.
723 473 806 502 Ovid.
822 483 844 503 1.
857 474 892 503 de
904 477 966 504 Arte
979 479 1036 505 Am.
1057 485 1114 510 ¹31·

221 510 357 543 Romule,
379 509 513 538 militibus
525 509 595 538 scisti
607 510 671 538 dare
684 512 833 540 commoda
847 512 929 542 solus.
1013 513 1164 547 Etiterum,
1182 523 1244 550 13²·

259 548 324 576 Haec
332 545 398 575 mihi
412 547 428 575 fi
443 547 554 576 dederis
565 548 724 581 commoda,
745 549 824 578 miles
836 559 891 579 ero.
975 550 1042 580 Haec
1054 551 1177 581 Turneb.
1190 562 1245 587 5.5.

147 585 335 616 Commodum
351 585 435 613 etiam
455 592 512 614 erat
524 585 614 614 Praeda
626 607 634 620 ,
655 595 706 622 qua
728 587 816 615 onusti
838 588 954 616 domum
975 589 1104 617 redibant
1121 590 1244 625 milites,

149 623 207 653 Liv.
218 632 244 651 2.
260 631 304 655 2ς.
329 622 458 659 fiveilgcr
468 623 592 660 captivus
603 645 611 658 ,
633 624 679 659 qui
690 623 760 660 saepe
775 624 910 654 militibus
920 626 1008 654 dividi
1023 626 1145 660 solebat,
1167 627 1247 657 ldem

147 670 174 690 2.
197 669 242 695 41.
261 660 315 688 sive
334 660 530 696 Stipendium,
561 660 592 688 V.
615 670 862 690 STIPRNDIUM.
885 663 936 692 slve
961 664 1082 701 denique
1104 665 1247 702 Privilegia

146 698 251 731 omnia,
273 698 372 734 quibus
385 705 526 727 uterentur
536 698 656 733 milites;
680 698 760 735 quale
776 698 845 728 illud
860 701 935 737 apud
950 701 1007 730 Liv.
1024 711 1049 731 2.
1063 711 1107 736 24.
1130 703 1173 732 Ne
1185 704 1248 739 quis

149 735 254 768 militis,
277 736 344 764 dum
359 735 386 763 in
404 736 496 764 castris
507 736 582 770 effet,
603 736 676 764 bona
694 736 845 771 venderet,
866 745 912 767 aut
929 739 1041 773 liberos,
1064 740 1116 769 ssve
1131 747 1248 778 nepotes

148 779 306 803 moraretur.
348 774 428 809 [Sed
443 774 618 811 probandum
629 780 686 803 erat
701 796 708 807 ,
728 773 788 802 haec
798 775 895 804 eadem
912 777 1078 806 nominatim
1091 777 1249 807 Commoda

147 810 253 840 militiae
266 810 299 839 ab
311 810 368 839 ullo
387 812 502 848 antiquo
520 813 633 841 auftore
650 811 722 840 dieta
741 811 829 841 fuisse.
869 814 925 850 Qui
943 821 1039 843 contra
1056 814 1213 845 Commoda
1232 826 1249 845 a

148 848 240 878 Praeda
253 849 432 885 acStipendio
443 857 569 878 accurate
578 849 760 886 distinguunt,
772 860 857 886 quum
869 851 927 881 haec
937 852 994 881 duo
1006 852 1139 882 militibus
1149 855 1247 890 quovis

149 892 276 924 tempore
288 886 436 921 darentur,
458 887 504 915 illa
520 887 633 916 demum
651 888 766 916 emerita
785 887 921 925 stipendia
941 889 1015 925 sequi
1043 890 1246 922 consueverint.

148 924 226 961 Quin
250 925 333 953 etiam
349 925 532 954 Emeritorum
545 927 570 954 &
587 925 765 954 Praemiorum
780 925 937 957 Commoda
955 928 1086 965 distingui
1107 929 1248 960 consuesse

151 963 237 991 docet
246 961 376 991 Torrent.
389 963 424 992 ad
437 963 511 992 Suet.
524 964 589 999 Aug.
601 972 661 1000 cap.
675 972 718 996 24.
741 973 766 999 q.
782 963 812 992 V.

129 1000 218 1036 Quod
231 1001 381 1029 commodo
391 1000 511 1037 Reipub.
528 1000 618 1029 facere
638 1000 737 1038 pollis:
761 1000 848 1037 Quod
868 1003 1020 1032 commodo
1040 1009 1088 1033 tuo
1103 1004 1167 1040 fiat,
1191 1004 1209 1034 i.
1221 1015 1246 1036 e.

149 1037 240 1067 Facile
251 1059 258 1072 ,
281 1040 306 1067 ἃ
319 1037 373 1066 sine
386 1037 518 1068 molestia.
541 1047 600 1076 quae
610 1037 731 1067 clausula
741 1038 797 1067 fere
809 1038 916 1077 semper
934 1041 1019 1070 veluti
1034 1052 1083 1079 per
1102 1043 1250 1080 parenthe-

148 1075 187 1104 {in
199 1075 337 1112 profertur
353 1078 378 1105 &a
391 1076 553 1105 includitur.
593 1076 651 1105 Cic.
666 1086 689 1104 1.
707 1076 779 1105 Fam.
795 1086 817 1105 1.
849 1078 903 1106 Sed
918 1088 953 1107 ex
973 1079 1022 1107 illo
1041 1090 1062 1108 s.
1074 1090 1100 1109 c.
1122 1081 1198 1117 quod
1221 1088 1249 1111 te

149 1113 286 1142 referente
297 1114 447 1143 factumest
463 1136 470 1148 ,
491 1113 543 1142 tibi
556 1113 723 1143 decernitur
734 1123 827 1151 regem
844 1116 960 1145 reducas
971 1139 978 1151 ,
1000 1118 1076 1154 quod
1096 1119 1248 1148 commodo

148 1151 268 1188 Reipub.
284 1151 375 1180 facere
385 1151 477 1189 possis.
500 1151 589 1181 Verba
599 1150 660 1180 sunt
675 1151 775 1189 quibus
786 1160 890 1183 veteres
902 1154 1050 1184 utebantur
1063 1177 1072 1190 ‚
1094 1162 1125 1186 ut
1136 1157 1165 1185 id
1173 1158 1249 1194 quod

147 1189 310 1218 faciendum
324 1190 524 1223 decernerent,
545 1190 583 1218 ita
601 1189 715 1219 demum
735 1190 793 1219 fieri
815 1190 887 1220 velle
905 1192 1104 1229 ostenderent,
1125 1193 1143 1223 fi
1161 1195 1249 1225 modo

149 1227 230 1264 Reip.
241 1228 392 1256 commodo
406 1227 463 1256 fieri
472 1226 570 1264 posset.
621 1261 626 1270 Ι

95 1264 119 1295 C
129 1274 146 1294 o
156 1275 176 1293 M
185 1276 204 1293 Μ
216 1268 232 1293 ὀ
243 1274 260 1292 ι)
271 1274 288 1293 υ
297 1274 310 1293 s
320 1286 328 1299 ,
350 1263 525 1300 [ω’σφοξῶν
535 1286 542 1299 ,
562 1262 702 1294 immin&-
711 1284 719 1297 ‚
737 1262 813 1298 ὅῖξιῖς
823 1287 831 1301 ‚
854 1267 996 1303 λυστπλῆς]
1024 1268 1086 1305 Adj.
1123 1270 1181 1307 Qui
1196 1270 1251 1301 sese

129 1302 165 1332 ad
177 1302 295 1331 aliorum
304 1311 394 1331 mores
405 1302 447 1331 vel
456 1302 503 1331 suo
511 1302 619 1339 judicio
630 1304 824 1332 accommodat
832 1325 840 1337 ,
861 1304 904 1333 vel
914 1306 952 1335 est
962 1307 1190 1338 accommodatus
1202 1319 1251 1339 na·

129 1348 209 1375 tura,
232 1341 258 1370 δι
281 1341 327 1376 qui
341 1339 401 1369 aliis
421 1339 502 1369 facile
524 1341 551 1370 Sc
571 1340 689 1369 libenter
711 1340 885 1377 obsequitur,
908 1344 934 1372 ἃ
954 1344 1075 1381 prodest.
1116 1345 1174 1375 Cic.
1197 1356 1250 1385 pro

129 1378 243 1408 Muren.
258 1380 303 1407 66.
336 1378 428 1407 Nemo
449 1377 555 1407 Catone
568 1388 672 1414 proavo
693 1385 742 1408 tuo
760 1380 936 1410 commodior
949 1403 958 1417 ,
979 1383 1104 1419 comior,
1125 1384 1251 1416 modera-

127 1416 183 1445 tior
191 1416 244 1445 fuit
253 1415 287 1445 ad
298 1425 412 1445 omnem
421 1416 556 1446 rationem
568 1416 756 1447 humanitatis.

129 1453 264 1492 Capillus.
289 1453 373 1483 Plaut.
391 1453 471 1483 Most.
489 1464 511 1484 ι.
524 1460 602 1491 3.98.

209 1490 263 1520 Ubi
276 1497 305 1520 tu
318 1491 468 1520 commoda
479 1501 508 1521 es
522 1513 531 1525 ‚
551 1492 683 1530 capillum
695 1493 880 1524 commodum
894 1493 949 1525 effe
960 1494 1076 1526 credito.

129 1528 254 1559 Conviva
267 1550 275 1563 ‚
296 1528 598 1560 Facilisfflraetabilis.
637 1530 721 1559 Plaut.
736 1531 794 1560 Mil.
808 1540 831 1568 3.
847 1543 923 1568 r,47.

224 1566 273 1596 Vel
286 1566 432 1596 cavillator
443 1567 563 1604 facetus,
584 1567 629 1597 vel
639 1569 756 1598 conviva
764 1571 940 1601 commodus.

132 1603 232 1642 Cynthi
245 1605 411 1641 commodi,
433 1606 450 1635 i.
466 1615 490 1635 e.
511 1606 567 1642 Qui
578 1606 678 1642 justum
689 1607 795 1637 habent
805 1609 929 1639 modum.
941 1609 1008 1640 Hor.
1023 1619 1046 1646 3.
1060 1609 1250 1648 Carm.19.12.

447 1658 485 1664 ——
495 1644 581 1673 tribus
589 1651 635 1673 aut
646 1654 751 1675 novem
760 1668 768 1681 ,

223 1679 376 1710 Miscentur
396 1681 502 1719 cyathis
522 1682 624 1720 pocula
643 1683 810 1714 commodis.

149 1718 276 1748 modum.

128 1754 252 1786 Exilium
263 1756 451 1787 commodius.
473 1757 557 1787 Ovid.
573 1767 600 1788 2.
613 1758 648 1788 de
660 1758 737 1788 Pont.
750 1763 775 1793 8.
788 1767 833 1796 72.

128 1794 233 1824 Homo.
257 1794 320 1824 Ter.
335 1795 403 1824 And.
423 1806 447 1831 ς.
459 1805 485 1825 2.
498 1805 522 1832 3.

212 1832 268 1870 Ego
277 1834 501 1863 commodiorem
509 1833 654 1864 hominem
666 1856 674 1868 ,
695 1835 848 1865 adventum
857 1857 865 1870 ,
885 1842 999 1875 tempus
1008 1847 1067 1868 non
1078 1839 1146 1869 vidi.

131 1869 226 1900 Homo
242 1872 582 1909 commodiormitiorque.
622 1872 680 1902 Cic.
700 1883 722 1902 1.
746 1873 781 1910 Q.
799 1873 858 1903 frat.
874 1885 896 1904 1.
927 1878 1013 1913 Atque
1033 1878 1062 1907 in
1081 1877 1136 1908 hoc
1149 1886 1251 1916 genere

150 1908 241 1937 multo
252 1915 280 1938 te
291 1909 345 1937 effe
356 1910 413 1944 jam
424 1910 646 1939 commodiorem
661 1911 858 1948 mitioremque
871 1914 1010 1944 nuntiant.

130 1945 241 1975 Litterae
252 1947 416 1976 commodae.
439 1947 498 1978 Cic.
513 1956 536 1981 3.
554 1948 590 1984 Q.
605 1948 665 1977 frat.
683 1959 704 1978 1.

131 1983 223 2013 Locus
235 1985 420 2014 commodior.
443 1985 527 2014 Ovid.
542 1994 565 2022 3.
578 1986 613 2014 de
625 1986 704 2015 Pont.
716 1995 739 2021 3.
754 1990 799 2023 64.

132 2022 268 2052 Meretrix
279 2023 430 2052 commoda
440 2024 464 2052 &
473 2023 571 2053 faceta.
594 2023 658 2053 Ter.
671 2024 770 2054 Heaut.
785 2034 809 2061 3.
823 2034 848 2055 2.
865 2035 907 2056 ιο.

132 2059 296 2089 Commodis
306 2060 431 2090 moribus
441 2060 535 2091 homo.
567 2061 627 2090 Cic.
637 2062 672 2091 de
685 2063 792 2092 timicit.
805 2074 847 2099 54.
871 2065 959 2102 Atque
966 2065 1022 2095 hoc
1029 2066 1144 2103 quidem
1153 2066 1252 2098 videre

149 2097 236 2132 licet,
257 2107 304 2127 eos
316 2099 363 2134 qui
378 2106 457 2128 antea
476 2100 634 2130 commodis
650 2101 763 2130 fuerunt
774 2102 916 2139 moribus,
938 2103 1057 2142 imperio
1069 2127 1076 2141 ‚
1097 2106 1251 2144 potestate,

150 2135 288 2174 prosperis
297 2136 378 2166 rebus
395 2138 544 2167 immutari.

131 2174 194 2204 Nec
207 2174 301 2211 pecori
313 2182 473 2212 opportuna
485 2175 571 2213 seges,
584 2185 638 2205 nec
651 2177 803 2206 commoda
817 2177 935 2208 Baccho.
947 2177 1020 2217 Virg.
1031 2191 1057 2216 4.
1074 2179 1174 2220 Georg.
1187 2191 1248 2218 1²9·

118 2210 240 2241 ‘Statura
249 2212 407 2241 commoda.
430 2213 515 2242 Plaut.
536 2213 605 2243 Asin.
620 2223 645 2243 2.
660 2223 684 2247 3.
696 2223 741 2244 21.

131 2250 217 2280 Stella
226 2249 337 2278 homini
349 2251 515 2285 commoda,
537 2258 627 2281 contr.
650 2251 734 2281 Mala.
757 2252 880 2290 Propert.
896 2263 922 2283 2.
937 2263 982 2291 27.
994 2265 1022 2291 4..

225 2287 297 2324 Quae
308 2287 339 2317 fit
350 2288 424 2317 stella
435 2289 545 2318 homini
554 2289 702 2319 commoda
715 2312 723 2325 ,
744 2300 860 2328 quaeque
869 2291 949 2321 mala.

133 2324 285 2392 T²}e¹¹tum
301 2327 485 2356 commodum
500 2349 508 2363 ‚
531 2327 695 2357 Commodae
713 2329 805 2358 minae.
846 2330 862 2358 i.
875 2339 899 2359 e.
919 2329 988 2366 Justi
1003 2332 1144 2368 ponderis.
1166 2333 1254 2365 Plaut.

153 2364 173 2392 A
186 2373 223 2392 in.
256 2385 262 2393 .
294 2386 300 2392 .
321 2373 331 2392 1
359 2375 380 2399 ς.

132 2401 219 2469 Τᾶττει
233 2371 291 2430 1310132
303 2372 453 2431 eoinmoda
461 2401 571 2432 Baccho
583 2424 591 2438 ‚
613 2402 679 2433 Non
695 2409 855 2442 opportuna
867 2405 970 2436 vitibus
986 2406 1118 2437 serendis.
1143 2408 1216 2448 Virg.
1227 2420 1255 2447 4.

180 2449 226 2468 eor
248 2462 253 2468 .
268 2447 329 2474 1²9·

133 2448 443 2506 Valetuiiiocommoda.
464 2476 533 2507 Cels.
546 2476 595 2507 lib.
608 2483 632 2511 8.
644 2487 706 2516 cap.
721 2489 745 2509 1.

133 2515 272 2545 Valetudo
290 2515 476 2544 commodior.
517 2515 637 2552 Quintil.
652 2520 676 2546 6.
694 2527 756 2555 cap.
775 2525 798 2553 3.
821 2527 885 2556 pag.
905 2528 966 2555 553.
997 2519 1122 2551 Vatinius
1137 2522 1257 2559 pedibus

150 2562 226 2590 {eger
237 2575 245 2586 ,
266 2563 352 2588 quum
360 2552 444 2582 vellet
453 2553 542 2582 videri
553 2554 753 2584 commodioris
762 2555 929 2586 valetudinis
941 2557 1028 2588 fac'tus
1038 2580 1046 2594 ‚
1067 2561 1093 2588 ἂ
1113 2560 1218 2591 diceret
1230 2562 1257 2591 se

110 2614 115 2617 .
152 2591 208 2627 jam
227 2590 292 2619 bina
313 2590 401 2620 millia
439 2590 543 2620 assuum
555 2591 703 2622 ambulare.
742 2593 810 2622 Plin.
828 2593 877 2624 lib.
890 2604 914 2629 3.
930 2595 1013 2633 Epist.
1030 2600 1071 2625 16.
1102 2597 1179 2634 Quin
1199 2600 1258 2629 imo

152 2630 179 2658 ἃ
190 2629 300 2665 quoties
314 2628 412 2658 cubicu
429 2638 474 2658 um
483 2630 542 2665 ejus
552 2630 668 2659 intraret
679 2652 687 2664 ,
709 2631 802 2660 vivere
811 2631 898 2661 filium
910 2655 918 2668 ,
940 2640 1022 2671 atque
1033 2635 1120 2665 etiam
1131 2645 1257 2667 commo-

155 2667 264 2695 diorem
274 2666 329 2695 effe
339 2666 489 2696 fimulabat.
529 2668 548 2697 i.
562 2677 587 2697 e.
610 2668 776 2698 Meliuscule
786 2668 812 2698 se
823 2669 932 2701 habere.

134 2704 221 2734 'Vestis
231 2705 381 2733 commoda
392 2705 426 2733 ad
438 2704 555 2735 cursum.
578 2706 662 2735 Ovid.
676 2716 701 2735 2.
715 2707 780 2736 Fast.
793 2713 857 2741 288.

134 2742 293 2773 Inhumano
313 2743 499 2779 commodus,
529 2744 646 2773 Barbaro
669 2744 786 2774 disertus
805 2746 966 2783 opponitur.
1007 2747 1065 2778 Cic.
1079 2759 1102 2783 ς.
1121 2749 1196 2780 Verr.
1208 2760 1255 2786 23.

153 2780 212 2817 Qui
224 2780 285 2810 aliis
300 2780 469 2811 inhumanus
483 2791 515 2810 ac
525 2781 656 2812 barbarus
672 2804 680 2818 ‚
699 2783 744 2812 isti
755 2783 803 2812 uni
819 2784 989 2815 commodus
1001 2795 1035 2816 ac
1051 2786 1168 2818 disertus
1180 2789 1259 2820 vide-

153 2825 239 2848 retur.
692 2840 697 2846 ·

135 2856 277 2887 Donarem
289 2856 463 2886 commodus.
486 2856 553 2887 Hor.
568 2867 595 2893 4.
612 2857 700 2888 Carm.
716 2864 741 2892 8.
756 2869 778 2887 r.

230 2894 372 2924 Donarem
380 2900 491 2932 pateras
499 2916 508 2930 ,
529 2902 660 2932 grataque
670 2895 838 2926 commodus
847 2919 857 2932 ‚

229 2931 399 2967 Censoriae,
421 2933 490 2962 meis
504 2942 556 2962 aera
573 2933 722 2963 sodalibus.
809 2935 827 2963 i.
840 2945 865 2964 e.
895 2934 928 2965 In
946 2946 983 2966 eo
1007 2946 1055 2966 me
1074 2939 1258 2971 commodum

154 2969 319 3008 praeberem,
330 2971 355 2999 ἂ
364 2971 392 2999 in
405 2980 439 2999 eo
447 2971 613 3001 commodus
626 2971 709 3001 effem
719 2994 727 3007 ,
748 2973 824 3010 quod
834 2973 968 3003 donarem
979 2982 1087 3011 pateras
1099 2977 1168 3006 meis
1181 2977 1258 3009 soda.

155 3007 239 3038 libus.
279 3007 324 3037 Est
338 3014 430 3037 autem
447 3008 578 3038 usitatum
595 3009 709 3039 Horatio
721 3019 787 3040 cum
802 3011 887 3040 verbo
901 3021 1006 3041 nomen
1023 3012 1137 3050 aliquod
1151 3017 1259 3053 epithe.

149 3046 395 3083 tumconjungere
405 3046 480 3083 quod
492 3046 568 3075 verbi
586 3047 813 3083 fignificationem
827 3055 941 3087 augeat,
959 3057 1010 3080 aut
1029 3058 1104 3080 certe
1125 3053 1258 3091 adjuvet,

155 3090 188 3114 ut
199 3083 325 3122 pluribus
336 3084 405 3113 locis
416 3083 510 3113 videre
524 3084 568 3113 est.
599 3081 758 3115 Lambinus.

136 3121 244 3159 Quum,
265 3121 309 3150 vel
319 3122 431 3158 quando
441 3123 623 3152 commodum
635 3123 681 3153 est.
723 3123 782 3153 Cic.
794 3132 818 3160 3.
829 3124 864 3153 de
875 3124 953 3154 Orat.
963 3130 1008 3160 87.
1030 3125 1125 3163 Quum
1135 3128 1173 3157 est
1183 3139 1260 3159 com.

154 3159 292 3194 modum,
310 3166 415 3189 cantat.
457 3159 589 3189 Asconius
604 3161 632 3189 in
642 3170 707 3190 eum
718 3161 813 3191 locum
835 3162 892 3191 Cic.
906 3173 931 3197 4.
954 3162 1027 3192 Verr.
1045 3173 1087 3200 33.
1124 3167 1177 3195 Aut
1194 3177 1260 3197 eum

155 3198 281 3234 judicem
293 3218 301 3230 ,
322 3206 405 3234 quem
415 3198 598 3227 commodum
610 3205 682 3234 erat,
697 3200 748 3229 &c
772 3199 882 3230 Vetuste
896 3199 1003 3239 posuit,
1023 3202 1132 3240 inquit,
1153 3215 1203 3242 pro
1219 3205 1259 3235 Eo

151 3244 240 3273 quem
252 3234 371 3264 volebat.
411 3235 458 3264 Sic
468 3235 533 3264 Ter.
546 3236 623 3266 Adel.
638 3247 660 3266 ι.
673 3247 698 3266 2.
713 3243 756 3273 38.

234 3273 331 3302 Amat?
352 3272 462 3302 dabitur
475 3283 490 3302 a
504 3283 551 3303 mc
561 3282 705 3311 argentum
716 3297 724 3310 ‚
746 3275 813 3304 dum
830 3275 881 3304 erit
898 3277 1092 3308 commodum.
1187 3279 1260 3310 Nam

156 3311 297 3340 meretrici
315 3310 398 3346 dare,
428 3312 541 3348 quando
561 3312 599 3341 est
624 3313 827 3343 commodum?
864 3312 911 3343 sed
931 3315 969 3344 cst
990 3316 1109 3353 politum
1133 3327 1184 3355 pro
1206 3328 1260 3354 eo,

159 3348 294 3386 Quandiu
305 3347 425 3377 libuerit.
460 3348 527 3378 Haec
539 3348 634 3379 Ascon.

138 3386 285 3423 Quantum
296 3385 479 3415 commodum
487 3387 533 3416 est.
570 3387 628 3416 Cic.
643 3398 666 3424 5.
677 3387 756 3417 Verr.
771 3391 832 3424 165.
855 3387 993 3419 Postremo
1005 3390 1023 3419 si
1033 3392 1078 3420 cui
1089 3393 1192 3423 civitati
1210 3393 1262 3424 sol-

155 3425 215 3459 vit,
236 3430 344 3454 tantum
364 3424 499 3490 degraxit.
521 3432 654 3462 quantum
671 3426 854 3456 commodum
876 3427 946 3458 fuit:
975 3427 1046 3458 nulli
1060 3451 1068 3464 ‚
1089 3431 1165 3468 quod
1186 3432 1263 3461 debi-

157 3467 219 3491 tum
233 3462 271 3491 est
287 3483 294 3497 ,
315 3463 393 3491 reddi
419 3463 446 3491 it.

136 3499 168 3529 Si
179 3499 360 3529 commodum
373 3500 418 3529 est.
457 3498 522 3529 Ter.
537 3499 607 3530 Eun.
621 3509 645 3536 3.
659 3510 684 3530 2.
702 3510 747 3536 29.
768 3501 827 3530 Cic.
843 3510 867 3531 ι.
879 3502 915 3531 dc
928 3502 1020 3532 Divin.
1035 3513 1096 3534 ιιι.
1127 3505 1264 3537 Ostende.

157 3544 199 3566 ret
210 3538 294 3566 etiam
304 3537 504 3575 philosophum
515 3559 523 3572 ,
545 3538 562 3566 s1
574 3540 599 3566 ei
609 3539 791 3568 commodum
808 3538 874 3569 esset
883 3562 891 3575 ‚
912 3542 1063 3578 pecuniam
1075 3542 1165 3574 facere
1173 3545 1260 3583 posse.

137 3575 330 3605 Commodum
349 3576 386 3604 est
399 3575 448 3604 illi.
490 3575 554 3605 Ter.
566 3575 676 3606 Phorm.
694 3587 717 3611 ς.
732 3588 757 3612 9.
771 3586 815 3614 37.

211 3612 357 3648 Exequias
366 3613 530 3647 Chremeti,
553 3614 652 3650 quibus
663 3614 701 3643 est
711 3615 894 3644 commodum
903 3637 911 3649 ,
935 3615 974 3644 ire
985 3616 1040 3652 jam
1052 3623 1164 3656 tempus
1176 3620 1223 3650 est.

139 3650 325 3681 Commodius
355 3651 423 3687 effe,
448 3653 477 3680 ἃ
508 3652 765 3682 commodissimum
791 3652 847 3682 esse
873 3652 979 3690 aliquid
1011 3664 1099 3693 agere.
1142 3657 1200 3688 Cic.
1218 3667 1262 3696 η.

159 3689 215 3717 Art.
235 3692 275 3716 16.

139 3726 226 3763 Quod
239 3726 290 3754 erit
301 3725 368 3754 mihi
382 3725 485 3755 bonum
498 3733 579 3764 atque
590 3727 781 3756 commodum.
805 3727 870 3757 Ter.
890 3728 999 3758 phorm.
1014 3740 1037 3759 1.
1052 3739 1078 3760 2.
1090 3736 1136 3766 81.

220 3764 292 3799 Qum
303 3770 390 3792 mater
403 3786 410 3798 ,
432 3767 479 3801 qui
490 3773 606 3801 cognata
619 3766 667 3794 tibi
682 3765 711 3793 iit
721 3787 728 3799 ‚
751 3766 917 3795 omniahaec

218 3800 401 3837 confingam:
424 3804 499 3838 quod
521 3804 573 3832 erit
590 3802 659 3831 mihi
679 3803 786 3832 bonum
806 3813 888 3839 atque
912 3805 1102 3835 commodum.
1209 3807 1266 3839 Ubi

157 3839 301 3873 Donatus,
326 3841 433 3872 ευφκμίσι
448 3861 455 3874 ,
477 3840 563 3875 Quod
574 3840 660 3872 mihi.
688 3841 795 3876 inquit.
816 3841 936 3871 faustum
946 3851 978 3871 ac
987 3842 1053 3872 felix
1063 3845 1129 3874 erit:
1151 3844 1208 3876 hoc
1227 3847 1266 3876 est

157 3876 318 3913 confingere
328 3884 408 3912 atque
418 3879 538 3906 mentiri.
579 3878 625 3908 Sic
632 3879 708 3908 enim
717 3884 824 3909 veteres
833 3901 842 3915 ,
865 3879 951 3916 Quod
963 3880 1080 3911 faustum
1091 3882 1216 3921 felixque
1223 3885 1265 3922 fit,

160 3914 294 3945 dicebant
303 3914 408 3981 {liquid
419 3914 574 3952 aggressuri.

182 3953 201 3983 V
216 3961 263 3982 οι.
316 3973 324 3981 .

912 1684 1033 1723 Cuning.
1058 1687 1148 1717 edidit
1168 1688 1251 1719 Com-

1317 2600 1597 2638 Corrmoni‘rns,
1619 2605 1679 2633 atis.
1702 2604 1720 2633 f.

1700 99 2001 138 COM
2392 124 2461 159 595

1346 178 1530 210 Commodius
1541 179 1579 210 est
1590 203 1598 217 ,
1616 180 1660 209 vel
1673 180 1856 211 Commodius
1868 182 1953 211 visum
1970 184 2026 217 est,
2050 184 2102 214 five
2128 186 2389 223 Commodissimum
2408 195 2469 225 scri.

1368 217 1431 245 berc
1444 240 1451 248 ,
1471 219 1579 247 mittere
1592 241 1599 253 ,
1620 222 1670 249 &o
1711 219 1876 257 Frequenter
1890 220 1964 257 apud
1980 224 2114 251 auctores.

1347 253 1530 285 Commodius
1547 258 1672 293 &aptius
1685 257 1763 286 nihil.
1805 258 1862 286 Cic.
1880 268 1919 293 13.
1934 261 1986 287 Λα.
2007 264 2048 288 ι6.
2072 261 2150 290 Nihil
2160 265 2248 300 potest
2259 266 2316 295 fieri
2328 277 2380 298 nec
2392 279 2467 301 com-

1366 294 1477 322 modius
1488 304 1540 322 nec
1550 296 1640 332 aptius
1649 316 1656 328 ,
1678 304 1760 331 quam
1773 301 1802 324 ut
1815 296 1917 325 scribis.

1310 327 1332 356 C
1344 339 1360 357 o
1372 340 1391 357 Μ
1403 342 1422 358 Μ
1434 334 1450 359 Γ)
1463 341 1479 359 x)
1493 341 1509 359 u
1521 342 1540 359 Μ
1555 354 1563 365 ,
1587 333 1653 360 iidv.
1676 332 1838 369 [ὲωιιάςως]
1859 334 2036 371 Opportune.
2061 335 2144 365 Plaut.
2156 337 2243 368 Nlerc.
2260 349 2283 369 ι.
2296 351 2322 370 2.
2337 347 2398 374 106.

1480 384 1516 388 -—
1529 370 1556 397 Si
1568 370 1652 398 isthac
1669 370 1730 404 ibis,
1753 372 1934 401 commodum
1946 373 2059 402 obviam
2070 375 2163 404 venies
2174 377 2254 412 patri.

1347 402 1552 440 Commodum.
1575 408 1661 436 aliter.
1688 408 1771 438 Plaut.
1784 408 1855 438 Rud.
1871 420 1894 445 ς.
1908 420 1933 438 2.
1945 419 1988 446 31.

1438 443 1587 473 Talentum
1600 447 1704 481 argenti
1716 448 1897 476 commodum
1907 457 2039 485 magnum
2050 449 2139 479 inerat
2154 450 2183 479 in
2195 462 2339 483 crumena.
2418 457 2470 487 Alii

1368 479 1557 510 Commodum
1572 482 1617 510 hic
1628 483 1774 520 epitheton
1788 485 1841 514 ess'e
1852 492 1958 522 putant.

1347 516 1556 553 Commodum3
1582 519 1641 555 Ipso
1661 521 1817 558 eodemque
1836 531 1979 561 tempore,
2002 523 2107 555 Eodem
2124 532 2262 565 tempore,
2274 538 2329 566 quo
2344 530 2399 561 hoc
2409 541 2471 570 age.

1367 554 1447 584 batur
1459 577 1466 590 ,
1488 556 1578 592 inquit
1590 557 1724 588 Donatus.
1746 560 1773 587 in
1783 560 1848 590 Ter.
1858 561 1926 590 hun.
1942 571 1965 590 2.
1984 570 2007 596 3.
2029 572 2073 597 51.

1503 609 1540 615 ——
1552 595 1647 630 Quum
1663 595 1718 624 huc
1732 597 1848 634 respicio
1862 598 1896 627 ad
1908 599 2043 636 virginem
2054 622 2063 634 ‚

1429 629 1479 659 lila
1489 630 1543 660 sese
1556 633 1661 661 interea
1675 636 1858 664 commodum
1869 636 1923 665 huc
1932 639 2097 669 advorterat.

1348 666 1537 698 Commodum
1549 669 1692 699 obsonare.
1714 671 1799 701 Plaut.
1813 673 1896 703 Milit.
1911 684 1935 710 3.
1952 682 1976 704 1.
1990 686 2051 712 154.

1663 723 1700 728 —
1710 709 1850 739 Sicertum
1865 712 1902 740 est
1917 713 1986 747 tibi,

1429 742 1617 773 Commodum
1630 745 1733 775 obsone.
1747 769 1755 781 ‚
1777 757 1814 777 ne
1830 758 1933 785 magno
1946 750 2072 787 sumptu:
2094 752 2282 791 mihiquidvis
2292 754 2331 786 sat
2339 757 2386 788 est.

1349 778 1537 810 Commodum
1550 781 1681 818 sequente
1702 794 1746 820 Qu
1757 795 1774 813 u
1784 796 1804 813 Μ
1816 807 1824 820 ,
1846 786 1977 823 fignificat
1986 788 2037 817 Vix
2047 811 2055 823 ,
2070 790 2114 818 vel
2125 790 2255 822 Tantum.
2279 794 2336 824 Cic.
2353 806 2395 825 10.
2414 797 2468 827 att.

1370 822 1414 850 18.
1439 818 1635 863 Commodum·
1648 821 1681 849 ad
1695 827 1722 850 te
1734 822 1866 853 dederam
1888 824 1993 855 litteras
2014 827 2049 856 de
2065 827 2192 864 pluribus
2206 831 2287 861 rebus
2298 853 2307 867 ,
2327 842 2413 870 quum
2432 834 2472 868 ad

1369 863 1414 883 me
1426 855 1500 885 bene
1508 866 1589 886 mane
1601 857 1746 895 Dionysius
1760 860 1821 889 fuit.

1350 892 1540 923 Commodum
1551 917 1559 929 ,
1580 894 1703 925 Tantum
1715 898 1799 933 quod.
1822 898 1886 928 Ter.
1902 900 2011 930 Phorm.
2028 912 2053 936 4.
2067 911 2090 938 3.
2104 913 2129 938 9.

1440 941 1468 961 o.
1490 932 1573 961 Tune
1586 933 1695 963 dixeras
1706 935 1792 963 huic‘?
1813 936 1919 967 facinus
1934 939 2097 975 indignum,
2119 941 2257 978 Chreme,

1440 969 1488 998 Sic
1498 971 1638 999 circumiri
1650 972 1662 1000 ‘3
1686 982 1712 1015 ι)Ξ
1733 982 1819 1009 quum
1833 974 1861 1002 id
1869 975 1983 1012 agebam
1995 979 2187 1009 commodum.
2282 981 2416 1015 Donatus.

1310 1005 1473 1036 Common
1483 1017 1498 1035 ιζ
1508 1030 1516 1042 ,
1537 1009 1606 1038 Adv.
1629 1008 1722 1047 [ὀξῖὐε
1733 1031 1741 1046 ,
1764 1013 1929 1048 wewam]
1951 1014 2082 1051 fignificat
2098 1017 2193 1053 Bene,
2214 1018 2258 1048 vel
2279 1023 2373 1057 potius
2387 1023 2470 1062 Opti-

1348 1053 1394 1073 me
1407 1066 1414 1079 ,
1435 1045 1479 1074 vel
1494 1048 1573 1083 Apte.

1349 1082 1547 1112 Administrare
1559 1085 1710 1114 commode
1721 1085 1821 1125 Remp.
1844 1087 1903 1118 Cic.
1922 1098 1963 1118 11.
1981 1089 2056 1119 Fam.
2073 1100 2114 1120 ιο.

1347 1121 1435 1156 Agere
1443 1122 1602 1151 commode.
1644 1122 1702 1153 Cic.
1716 1134 1741 1153 2.
1754 1126 1790 1153 de
1802 1125 1857 1154 liin.
1875 1136 1897 1161 3.
1922 1127 1979 1156 Nos
1991 1129 2168 1159 commodius
2178 1131 2302 1168 agimus:
2326 1144 2382 1164 non
2392 1136 2469 1167 enim

1366 1157 1455 1225 soltpn
1466 1159 1623 1204 Torquatus
1634 1162 1705 1191 dixit
1722 1163 1790 1199 quid
1800 1163 1931 1199 sentiret,
1951 1164 1998 1195 sed
2020 1167 2103 1196 etiam
2123 1177 2181 1197 cur.
2221 1170 2239 1199 i.
2252 1180 2275 1200 e.
2297 1172 2471 1205 Condi-tione

1369 1205 1415 1224 me
1429 1206 1478 1226 ior1
1491 1204 1605 1227 utimur.

1352 1234 1452 1263 Audire
1463 1236 1555 1265 minus
1565 1238 1724 1267 commode.
1753 1237 1786 1267 In
1809 1249 1826 1268 A
1837 1250 1855 1268 υ
1866 1249 1883 1268 r>
1895 1251 1903 1268 ι
1914 1250 1939 1268 0.

1349 1273 1509 1302 Commode
1519 1274 1620 1303 sentire
1632 1276 1668 1304 de
1679 1276 1759 1305 nobis
1771 1277 1798 1305 in
1815 1277 1894 1315 Epist.
1914 1278 1999 1308 Bruti.
2032 1279 2116 1309 ἢῆ.

1349 1310 1432 1340 Cadit
1447 1313 1608 1341 commode.
1650 1313 1707 1342 Cic,
1720 1323 1745 1343 2.
1759 1314 1832 1344 Verr.
1845 1326 1869 1351 ς.
1895 1316 1992 1346 Verum
2005 1317 2160 1348 hocudhuc
2170 1322 2370 1356 percommode
2380 1325 2469 1363 cadit,

1369 1349 1444 1385 quod
1455 1359 1520 1378 cum
1530 1350 1687 1379 incredibili
1697 1352 1757 1385 eius
1768 1353 1884 1383 audacia
1894 1354 2033 1388 finrularis
2045 1355 2158 1386 stultitia
2170 1359 2322 1393 conjuncta
2332 1363 2378 1391 eit.

1349 1386 1457 1424 Capere
1468 1394 1580 1425 tempus
1594 1388 1661 1418 scire
1673 1392 1697 1418 ἃ.
1712 1393 1871 1422 commode.
1913 1393 1971 1421 Cic.
1986 1403 2024 1422 ιι.
2047 1394 2118 1422 Fam.
2139 1404 2177 1429 «ς.
2204 1396 2235 1425 Et
2245 1397 2292 1426 ille
2303 1400 2474 1431 cuimanda-

1368 1426 1396 1453 vi
1409 1447 1416 1457 ,
1438 1424 1499 1454 satis
1513 1426 1579 1455 scire
1589 1428 1774 1457 &commode
1787 1437 1899 1467 tempus
1915 1432 1949 1459 ad
1964 1437 1992 1460 te
2006 1432 2084 1469 cepit
2094 1431 2225 1463 adeundi.

1351 1462 1480 1500 Cogitate
1491 1465 1655 1494 commode.
1687 1465 1751 1495 Ter.
1764 1468 1833 1504 prol.
1851 1468 1949 1497 Heaut.
1970 1480 2010 1504 14.

1445 1501 1589 1538 Quantum
1605 1502 1651 1531 ille
1663 1505 1754 1540 potuit
1763 1506 1884 1542 cogitare
1896 1507 2055 1537 commode.

1350 1538 1451 1569 Dicere
1467 1541 1626 1569 commode.
1649 1541 1713 1570 Ter.
1728 1542 1795 1572 Hec.
1817 1554 1840 1572 ι.
1853 1554 1878 1573 2.
1893 1554 1936 1579 32.

1431 1577 1580 1614 Nunquam
1594 1579 1670 1608 dices
1680 1586 1738 1609 tam
1747 1582 1915 1618 commode,
1938 1588 1969 1612 ut
1983 1589 2090 1620 tergum
2106 1593 2201 1614 meum

1430 1615 1558 1645 Tuamin
1569 1615 1652 1645 fidem
1665 1619 1848 1649 committam.
1945 1621 1962 1650 i.
1975 1631 1999 1650 e.
2022 1621 2093 1650 Tam
2108 1622 2211 1652 blande
2224 1623 2250 1653 ἃ
2261 1630 2335 1662 apte.

1349 1651 1450 1682 Dicere
1463 1653 1526 1682 satis
1541 1656 1693 1684 commode
1705 1655 1809 1686 Latine.
1851 1657 1909 1687 Cic.
1925 1668 1949 1688 1.
1970 1660 2051 1689 Acad.
2072 1670 2112 1694 ¹4·
2145 1659 2222 1696 Quid
2244 1663 2283 1690 est
2302 1664 2379 1693 enim
2396 1666 2474 1701 quod

1368 1691 1464 1721 malim
1475 1713 1483 1725 ,
1505 1701 1587 1729 quam
1602 1702 1637 1722 ex
1649 1694 1786 1723 Antiocho
1799 1696 1964 1733 jampridem
1976 1697 2071 1726 audita
2086 1699 2226 1729 recordari
2238 1721 2246 1733 ,
2270 1702 2295 1730 ἐῗι
2308 1701 2387 1731 simul
2400 1704 2477 1734 vide.

1368 1739 1398 1757 re
1408 1751 1416 1763 ,
1437 1728 1534 1759 satisne
1545 1739 1576 1759 ea
1587 1732 1741 1761 commode
1756 1733 1813 1762 dici
1823 1733 1932 1771 possent
1945 1734 2043 1765 Latine
2056 1736 2069 1764 ἶ)

1348 1766 1486 1796 Disserere
1497 1769 1657 1798 commode.
1699 1770 1757 1800 Cic.
1771 1780 1794 1800 1.
1805 1771 1840 1800 de
1849 1770 1908 1801 Fin.
1922 1775 1967 1809 63.
1998 1773 2030 1802 In
2049 1773 2198 1804 maledica
2215 1782 2307 1806 autem
2319 1778 2403 1808 vestra
2415 1779 2477 1809 nul.

1369 1804 1429 1871 ignis}
1442 1805 1649 1872 vimdexistimat
1659 1806 1714 1837 effe
1725 1829 1735 1844 ,
1756 1818 1809 1839 nec
1822 1810 1968 1841 admelius
1976 1811 2129 1842 vivendum
2140 1833 2149 1848 ,
2166 1822 2224 1843 vnec
2246 1814 2283 1843 ad
2302 1818 2479 1849 commodius

1393 1852 1400 1871 1
1425 1852 1490 1872 eren
1513 1853 1570 1873 um.

1347 1879 1429 1910 Facis
1441 1881 1601 1911 commode.
1624 1881 1682 1912 Cic.
1693 1888 1720 1918 8.
1735 1883 1787 1914 Aet.
1797 1893 1824 1922 7.

1345 1918 1452 1948 Cerere
1461 1928 1502 1948 res
1513 1921 1671 1949 commode.
1709 1920 1768 1952 Cic.
1779 1931 1806 1959 7.
1824 1922 1898 1954 Verr.
1909 1933 1955 1960 44.
1987 1923 2100 1954 Nullam
2117 1925 2169 1955 tibi
2188 1926 2291 1962 objicio
2307 1928 2450 1963 fortunam
2465 1942 2475 1963 ε

1370 1956 1440 1985 nihil
1450 1957 1488 1986 est
1496 1958 1571 1994 quod
1588 1965 1743 1989 ceterorum
1752 1970 1793 1990 res
1803 1960 1895 1991 minus
1905 1963 2056 1992 commode
2071 1964 2159 2000 gestas
2169 1966 2306 2002 proferas.

1348 1993 1440 2032 Loqui
1451 1995 1611 2025 commode.
1636 1996 1700 2026 Ter.
1715 1997 1812 2028 Heaut.
1827 2007 1853 2035 3.
1867 2008 1894 2029 2.
1908 2005 1954 2036 48.

1445 2033 1595 2070 Nunquam
1607 2036 1785 2066 commodius
1799 2046 1923 2073 unquam
1933 2037 2032 2067 herum
2042 2039 2135 2068 audivi
2150 2038 2235 2077 loqui.

1351 2070 1478 2101 Scribere
1488 2073 1649 2102 commode.
1690 2072 1759 2103 Plin.
1774 2085 1797 2103 1.
1809 2073 1892 2112 Epist.
1905 2085 1931 2110 9.
1955 2076 2106 2107 Neminem
2122 2077 2186 2115 ipse
2208 2079 2404 2119 reprehendo,
2420 2083 2477 2115 'nifi

1370 2118 1457 2138 unum
1467 2118 1512 2138 me
1523 2131 1531 2144 ,
1553 2119 1639 2147 quum
1656 2121 1753 2147 parum
1765 2113 1918 2142 commode
1931 2112 2029 2143 scribo.

1351 2146 1462 2184 Scripta
1472 2148 1623 2177 commode
1633 2150 1730 2178 oratio,
1753 2150 1810 2179 Cic.
1826 2161 1848 2179 1.
1863 2151 1898 2179 dc
1906 2151 1984 2181 Orat.
1997 2160 2061 2185 231.

1349 2183 1482 2214 Tractare
1493 2186 1653 2215 commode.
1690 2187 1759 2216 Plin.
1773 2197 1797 2217 2.
1813 2188 1895 2226 Epist.
1912 2198 1953 2223 15.
1978 2189 2026 2218 Me
2040 2189 2277 2227 praediarmaterna
2292 2203 2390 2231 parum
2401 2205 2480 2226 com.

1371 2223 1457 2251 mode
1477 2224 1614 2259 tractant,
1637 2224 1780 2255 delet‘tant
1799 2231 1893 2256 tamen
1907 2233 1937 2256 ut
1955 2234 2088 2257 materna.
2124 2228 2183 2257 >i.e.
2205 2229 2304 2261 Parum
2330 2232 2435 2264 fructus
2452 2237 2480 2266 Sc

1371 2261 1515 2290 commodi
1528 2261 1658 2291 reddunt.
2364 2279 2366 2281 “

1351 2297 1443 2328 Verba
1453 2298 1544 2328 facere
1553 2300 1672 2337 cogitate
1683 2301 1709 2330 &
1719 2300 1879 2331 commode.
1919 2301 2007 2332 Plaur.
2021 2302 2098 2332 Poen.
2114 2313 2138 2339 ς.
2153 2315 2180 2341 4.
2193 2316 2237 2341 51.

1434 2335 1471 2365 Ut
1483 2337 1586 2374 pudice
1595 2339 1677 2367 verba
1686 2339 1753 2369 fecit
1765 2361 1773 2374 ,
1794 2341 1917 2377 cogitate
1927 2341 1953 2370 &
1964 2341 2123 2371 commode.

1354 2373 1541 2404 Commodius
1555 2397 1563 2410 ,
1585 2375 1827 2413 [worp2gzez'gus]
1849 2387 1973 2416 compar.
2016 2379 2073 2408 (iic.
2086 2388 2127 2414 η.
2142 2380 2194 2410 Att.
2208 2390 2251 2411 11.
2272 2381 2387 2415 Posthac
2401 2385 2478 2417 enim

1371 2413 1528 2448 poterimus
1540 2415 1717 2444 commodius
1729 2415 1822 2445 colere
1835 2416 1906 2445 inter
1918 2426 1968 2445 nos
1979 2416 2007 2445 in
2016 2416 2185 2448 Tusculano.

1352 2449 1472 2479 Elimare
1484 2450 1591 2487 aliquid
1603 2453 1790 2482 commodius.
1814 2453 1933 2490 Quintil.
1950 2453 1995 2483 lib.
2007 2463 2033 2484 2.
2044 2464 2105 2492 cap.
2118 2465 2144 2492 7.

1356 2488 1403 2525 Agi
1416 2488 1506 2526 potest
1518 2498 1567 2526 per
1579 2499 1644 2518 eum
1655 2491 1887 2521 commodissime.
1911 2491 1969 2521 Cic.
1987 2501 2029 2521 12.
2046 2493 2119 2522 Fam.
2130 2503 2173 2529 30.

1318 2525 1339 2555 C
1348 2535 1368 2554 o
1379 2537 1399 2554 M
1408 2537 1428 2554 Μ
1438 2536 1454 2555 o
1463 2536 1482 2554 ι)
1491 2528 1508 2555 ii
1517 2537 1534 2555 r.
1542 2536 1556 2555 Β
1566 2548 1574 2561 ‚
1598 2529 1665 2557 Adv.
1688 2529 1785 2558 dimin.
1809 2539 1824 2558 a
1835 2529 2002 2559 Commode.
2025 2529 2112 2560 Plaut.
2120 2531 2196 2562 Rud.
2208 2541 2234 2562 2.
2250 2543 2275 2569 ς.
2290 2543 2334 2564 xz.

1435 2564 1623 2595 Commodule
1632 2565 1731 2596 melius
1739 2588 1748 2602 ,
1769 2567 1885 2597 tandem
1895 2576 1961 2596 vero
1970 2567 2052 2598 serio.

1751 2602 1953 2640 [zm-melam]
1980 2606 2121 2636 interdum
2134 2608 2326 2645 Aptitudinem
2339 2612 2480 2646 quandam

1354 2640 1636 2677 convenientiamque
1647 2641 1787 2678 significat.
1829 2642 1887 2672 Cic.
1899 2654 1926 2679 4.
1939 2644 1974 2672 de
1986 2644 2045 2673 Fin.
2058 2654 2104 2680 ²9-
2134 2646 2191 2675 Sed
2207 2656 2264 2676 non
2275 2648 2376 2678 suntin
2388 2660 2422 2679 eo
2435 2661 2482 2687 ge-

1353 2687 1421 2706 nere
1433 2683 1517 2744 tarlitae
1532 2680 1748 2710 commoditates
1755 2681 1887 2719 *corporis
1898 2703 1906 2717 ,
1929 2683 2194 2720 tamqueproductae
2207 2687 2391 2724 temporibus,
2413 2697 2482 2718 tam-

1349 2725 1407 2752 que
1418 2725 1464 2745 mu
1478 2723 1522 2745 tae.

1351 2753 1497 2783 Orationis
1506 2755 1693 2786 commoditas
1702 2757 1729 2786 &
1740 2756 1856 2786 dicendi
1864 2757 1960 2793 copia.
1983 2758 2060 2788 Auct.
2073 2759 2107 2788 ad
2118 2758 2242 2789 Herenn.
2261 2770 2283 2795 ι,
2295 2771 2317 2791 ι.
2331 2762 2396 2792 Non
2403 2764 2481 2795 enim

1372 2791 1565 2827 parum‘habet
1574 2793 1603 2822 in
1614 2792 1640 2822 se
1651 2793 1756 2824 frut‘tus
1768 2816 1775 2830 ‚
1797 2796 1878 2832 copia
1892 2796 2008 2825 dicendi
2021 2797 2046 2825 Sa
2057 2798 2242 2827 commoditas
2255 2801 2398 2831 orationis.

1354 2829 1424 2858 Vitae
1434 2831 1619 2860 commoditas
1628 2831 1850 2870 iucunditasque.
1873 2833 1932 2863 Cic.
1945 2843 1968 2864 1.
1983 2833 2041 2863 Off.
2055 2845 2079 2869 9.
2146 2869 2149 2870 .

1354 2867 1548 2898 Commoditas
1558 2868 1777 2908 prosperitasque
1790 2871 1863 2900 vitae.
1885 2871 1943 2900 Cic.
1956 2880 1980 2907 3.
2001 2872 2037 2901 de
2049 2872 2112 2902 Nat.
2124 2872 2204 2903 Deor.
2213 2878 2265 2908 ·86.

1351 2905 1388 2935 ‘in
1396 2904 1538 2935 occasione
1548 2908 1737 2937 commoditas
1747 2909 1783 2937 ad
1793 2908 1953 2939 faciendum
1966 2909 2078 2940 idonea.
2095 2910 2160 2940 Cic.
2171 2920 2197 2941 2.
2216 2912 2252 2942 de
2265 2913 2373 2944 Invent.
2384 2925 2432 2950 40.

1358 2943 1568 2979 Commoditas,
1590 2945 1745 2981 [ὠφέλειαι]
1768 2946 1890 2977 Utilitas.
1911 2946 2056 2977 Ter.And.
2073 2957 2135 2985 3.3.
2149 2958 2194 2985 37.

1439 2982 1472 3010 At
1483 2981 1500 3010 fi
1511 2983 1658 3020 corrigitur
1667 3005 1676 3019 ,
1697 2990 1766 3021 quot
1776 2985 1990 3015 commoditates
1999 2986 2076 3016 vide.

1354 3018 1483 3048 Externae
1494 3021 1725 3057 commoditates,
1747 3023 1862 3059 vineta,
1883 3023 2002 3060 segetes,
2026 3023 2137 3060 oliveta,
2159 3024 2269 3055 ubertas
2284 3026 2410 3064 fiugurn,
2426 3030 2481 3060 Sec.

1370 3057 1434 3086 Cic.
1452 3066 1475 3093 3.
1493 3058 1528 3086 de
1538 3058 1600 3088 Nat.
1618 3059 1699 3089 Deor.
1717 3063 1763 3094 86.
1786 3068 1921 3091 vocantur
1931 3061 2008 3090 Bona
2024 3061 2151 3092 fortunae.

1353 3094 1485 3124 Hominis
1495 3097 1688 3127 commoditas.
1710 3098 1775 3128 Ter.
1795 3098 1869 3128 Adel.
1881 3110 1907 3134 ⁴·
1923 3109 1946 3134 5.
1960 3103 2004 3135 76.

1450 3132 1544 3169 ltaque
1556 3134 1627 3164 adeo
1639 3145 1768 3172 mfflnam
1780 3136 1850 3166 mihi
1860 3137 1958 3172 injecit
1974 3137 2019 3166 sua
2029 3137 2230 3168 commoditate
2241 3148 2344 3169 curam.
2427 3142 2482 3173 ie.

1372 3170 1430 3200 'Sua
1441 3170 1572 3200 facilitate
1587 3182 1651 3210 erga
1665 3183 1710 3203 me
1721 3196 1728 3208 ,
1750 3176 1776 3204 δι
1797 3173 2017 3204 mansuetudine.
2058 3174 2147 3205 Verba
2161 3175 2224 3206 sunt
2238 3176 2360 3207 AEschini
2378 3177 2414 3209 de
2428 3179 2486 3211 Mi.

1376 3209 1454 3237 tione
1465 3208 1593 3246 legitimo
1605 3220 1682 3247 patre
1695 3211 1911 3251 indulgentiore.

1356 3245 1552 3276 membrorum
1567 3250 1752 3279 commoditas
1763 3272 1771 3285 ‚
1794 3251 1811 3279 i.
1823 3260 1847 3280 e.
1871 3249 2062 3279 Concinnitas.
2084 3249 2158 3280 Suet.
2170 3252 2239 3291 Aug.
2251 3262 2313 3291 cap.
2325 3262 2369 3291 79.

1358 3283 1457 3313 Creare
1469 3285 1552 3314 alicui
1565 3289 1805 3317 commoditatem.
1847 3287 1876 3316 V.
1900 3297 2008 3322 cauo,
2029 3297 2115 3317 creas.

1358 3321 1421 3351 Frui
1436 3324 1638 3353 commoditate
1653 3325 1779 3362 alicujus.
1805 3325 1889 3355 Ovid.
1908 3330 1948 3354 16.
1970 3325 2050 3363 Epist.
2069 3335 2130 3362 3¹0·

1453 3360 1489 3389 Ut
1503 3367 1530 3390 te
1543 3371 1594 3390 nec
1604 3372 1665 3392 mea
1675 3374 1730 3392 vox
1742 3385 1749 3398 ‚
1772 3372 1824 3392 nec
1839 3372 1864 3392 te
1877 3372 1954 3391 meus
1966 3364 2064 3393 incitet
2073 3364 2174 3401 ardor,

1491 3399 1624 3435 Cogimur
1635 3401 1716 3437 ipsius
1727 3401 1999 3430 commoditatefrui.

1355 3434 1405 3465 Uti
1415 3438 1617 3466 commoditate
1627 3439 1753 3475 alicujus.
1777 3438 1859 3468 Ovid.
1875 3448 1914 3474 ¹7-
1932 3438 2013 3476 Epist.
2032 3441 2092 3475 176.

1321 3472 1344 3503 C
1354 3483 1370 3502 o
1379 3485 1399 3503 Μ
1409 3476 1455 3503 Μό
1466 3484 1483 3503 o
1495 3484 1511 3502 o
1520 3496 1529 3510 ,
1551 3476 1721 3511 [συνωφελῖι]
1741 3480 1796 3505 are.
1822 3475 1991 3505 Beneficium
2002 3476 2087 3505 alicui
2099 3477 2250 3515 impertire.
2278 3479 2335 3509 Cic.
2351 3488 2392 3514 ¹3-
2405 3480 2483 3512 Fam.

1354 3522 1405 3547 49.
1428 3512 1535 3541 Omnes
1547 3512 1777 3543 tibicommendo
1789 3514 1829 3551 Cy
1851 3514 1905 3554 rios
1916 3536 1925 3546 ,
1944 3513 1992 3543 'sed
2003 3514 2089 3552 magis
2098 3515 2234 3553 Paphios-2
2257 3518 2356 3554 quibus
2371 3526 2399 3548 tu
2413 3529 2487 3556 quae-

1361 3559 1474 3586 cunque
1485 3551 1672 3580 commodaris
1685 3573 1693 3586 ,
1715 3558 1795 3580 erunt
1846 3551 1872 3580 hi
1883 3552 2039 3588 gratillima.

1358 3587 1475 3617 Publice
1487 3588 1674 3618 commodare.
1700 3589 1756 3618 Cic.
1774 3593 1799 3618 6.
1814 3589 1887 3618 Verr.
1906 3599 1950 3618 20.

1358 3625 1504 3655 Omnibus
1522 3625 1618 3661 rebus,
1640 3628 1715 3662 quod
1730 3626 1787 3656 line
1807 3626 1933 3656 molestia
1949 3634 1995 3656 tua
2014 3627 2104 3657 facere
2117 3628 2204 3665 poffis
2219 3650 2227 3665 ,
2248 3628 2292 3658 his
2311 3631 2486 3661 commodes.

1381 3662 1440 3691 Cic.
1457 3672 1497 3697 13.
1509 3662 1586 3691 Fam.
1601 3667 1644 3696 36.

1362 3700 1564 3755 Quantumctua
1576 3699 1643 3729 fides
1654 3701 1972 3739 dignitasquepatietur,
1994 3702 2028 3731 iis
2037 3703 2202 3733 commodes
2214 3689 2345 3734 omnibus
2356 3705 2384 3734 in
2394 3705 2484 3735 rebus.

1383 3738 1441 3766 Cic.
1455 3747 1495 3771 η.
1510 3747 1581 3766 ram.
1599 3747 1641 3771 33.

1364 3775 1410 3805 Ob
1419 3774 1492 3803 suam
1503 3775 1612 3803 causam
1625 3775 1706 3804 alicui
1717 3776 1906 3805 commodare.
1934 3776 1992 3805 Cic.
2003 3786 2028 3806 2.
2041 3777 2211 3813 deFin.117.
2229 3779 2289 3809 Nes:
2300 3780 2374 3809 enim
2383 3780 2399 3808 fi
2410 3786 2486 3808 tuam

1382 3814 1420 3841 ob
1430 3812 1537 3841 causam
1548 3813 1676 3848 cuiquam
1687 3815 1862 3847 commodes,
1887 3814 2133 3844 beneficiumillud
2140 3816 2303 3846 habendum
2314 3819 2359 3852 est,
2380 3818 2425 3846 sed
2436 3818 2489 3845 foe-

1384 3851 1491 3879 ner-atio
1502 3859 1508 3878 ;
1521 3860 1573 3879 nec
1581 3852 1664 3887 gratia
1678 3851 1772 3879 deberi
1783 3851 1935 3885 videtui-ci.
1947 3853 1990 3889 qni
2005 3854 2077 3882 suam
2089 3854 2124 3882 ob
2136 3854 2243 3884 causam
2252 3856 2482 3883 commodaverit.

1362 3888 1704 3918 -Studiurncommodandi
1717 3888 1808 3917 alicui.
1820 3890 1906 3927 Cios..
1920 3889 2108 3927 deOrat.207.
2124 3893 2264 3921 invidetur
2277 3893 2350 3920 enim
2363 3902 2488 3920 commo-

1385 3926 1429 3955 dis
1438 3925 1586 3955 hominum
1594 3925 1724 3965 ipsorum,
1736 3927 1932 3995 ίὶυὰϋεέιᾳὲεςη]
1945 3938 2042 3959 eorum
2053 3930 2154 3960 ceteris
2161 3930 2362 3960 commodandi
2371 3929 2485 3995 Γῆνὲτιιῑ.

1854 3968 1865 3993 t
1922 3975 1938 3996 2
2431 3976 2488 3996 om-
