2604 4222
167 124 233 161 5¹8
597 117 626 152 C
724 117 740 150 I
835 116 869 150 O

169 198 385 233 cinnanos,
408 210 440 233 a,
460 208 518 228 um.
539 204 589 233 ut,
612 198 700 227 Partes
712 198 850 226 Cinnanae.
872 195 982 232 Nepos.
1003 201 1048 225 24.
1070 199 1096 219 2.
1111 200 1137 218 z.
1158 186 1313 217 Diisociatis

208 237 309 265 civium
323 237 438 270 animis,
461 246 525 266 cum
537 237 581 264 alii
597 235 716 264 Sullanis
728 256 735 269 ‚
758 234 805 263 alii
820 233 951 262 Cinnanis
964 230 1087 259 faverent
1102 227 1236 265 partibus.

208 273 360 303 Tumultus
373 274 523 302 Cinnanns.
546 273 622 302 Idem
637 272 702 300 ibid.

173 310 196 340 C
207 322 214 339 z
227 322 245 339 N
259 321 275 339 Ν
289 323 303 339 Α
317 334 323 345 ,
345 311 596 340 Civitas‘shessaliae
609 332 615 342 ,
638 320 650 337 a
664 309 754 337 Cinno
764 308 886 344 Gygante
898 327 905 340 ‚
928 307 951 333 ἃ
961 304 1021 332 Coei
1034 303 1114 331 fratre
1126 300 1209 329 dieta.

212 349 255 378 Eit
267 351 350 378 etiam
361 350 449 377 Cinna
459 371 465 382 ,
488 349 589 377 Civitas
603 347 737 383 Hispaniae
747 367 754 379 ,
776 346 804 372 in
814 353 898 377 regno
908 340 1029 371 Castellae
1041 362 1048 373 ,
1071 340 1141 368 Κίννα
1153 337 1220 365 l'tol.
1239 345 1254 364 a
1264 344 1316 372 qua

174 387 196 415 C
208 398 217 414 i
228 396 246 415 N
258 396 276 414 N
290 397 302 414 a
314 397 331 414 N
343 396 354 415 s
364 396 376 414 ri
387 396 397 415 s
411 408 418 420 ,
443 385 537 422 Populi
552 407 558 418 ,
580 393 648 421 quos
667 387 865 412 commemorat
886 380 953 408 Plin.
976 379 1005 406 in
1028 383 1167 406 conventu
1186 373 1318 403 Tarraco-

214 424 299 455 nensi.
312 424 386 458 lib.3.
401 433 489 459 συξη.
517 423 583 458 [Sic
593 421 722 449 emendat
732 429 766 448 ex
778 419 845 447 Ptol.
868 417 951 446 Hasd.
964 415 1047 452 vulgo
1058 412 1206 443 Cincenses
1216 410 1315 452 editur.

177 461 248 491 CiN
263 466 327 490 Nar.
341 467 438 494 acis,
459 461 489 488 is.
512 460 555 487 vel
575 459 678 487 CrNN
691 466 814 489 ΑιιΑιιι,
837 456 894 484 ἕως.
914 448 1318 488 f.[wm;'aw]Colorqu1-

214 500 278 527 (lam
295 499 381 527 minio
406 498 549 526 accedens.
591 495 655 523 Plin.
669 494 716 522 lib.
731 503 773 529 ³3-
786 503 846 529 cap.
857 502 882 527 7.
921 491 1023 520 Milton
1042 496 1143 518 vocant
1159 486 1245 515 Graeci
1267 485 1317 513 mi·

215 537 308 566 nium:
332 536 441 572 quidam
454 533 630 561 cinnabarim.
667 531 747 560 Unde
760 537 839 558 natus
852 528 1032 558 errorlndico
1052 525 1209 555 cinnabaris
1230 521 1320 552 nomi-

214 584 258 602 ne.
283 575 315 602 lic
334 574 406 601 enim
423 571 563 608 appellant
579 569 619 598 illi
635 568 735 597 fimiem
757 568 883 596 draconis
897 566 953 594 elisi
968 565 1180 602 elephantorum
1201 561 1318 589 morien-

214 614 284 640 tium
299 611 434 645 pondere,
458 607 585 645 permisto
596 606 733 641 utriusque
745 605 870 633 animalis
886 603 1016 640 sanguine
1026 624 1033 638 ‚
1055 609 1086 630 ut
1096 600 1224 629 diximus.
1265 597 1319 626 lle-

214 657 266 685 que
277 648 343 676 alnis
351 648 387 675 est
398 646 475 675 color
485 667 493 679 ‚
514 645 559 680 qui
574 645 603 672 in
619 643 851 680 pifturisproprie
861 641 1020 678 sanguinem
1037 638 1142 668 reddat.
1185 634 1320 666 Dioscori-

216 691 264 714 des
277 686 321 713 ii'o.
336 696 357 717 ς.
371 694 430 720 cap.
444 687 487 717 63.
511 681 585 711 Falso
598 681 753 710 existimant
771 680 882 716 quidam
903 679 991 707 minio
1010 678 1128 706 eandem
1148 673 1320 704 cinnabarim

214 723 282 751 elle:
307 722 425 750 Minium
433 721 507 749 enim
522 721 549 747 in
564 718 734 755 Hispaniae<
749 717 841 755 lapide
858 717 978 753 quodam
993 714 1150 752 argentaria:
1165 721 1252 741 arenae
1271 709 1320 738 mi-

214 762 252 789 sto
263 759 416 788 conficitur.
456 757 485 786 In
502 757 612 785 fornace
622 755 752 790 siquidem
764 755 911 784 excoctum
921 753 1039 782 minium
1051 775 1058 787 ‚
1078 750 1208 780 floridum
1228 750 1253 777 δι
1269 746 1322 776 ful-

213 796 397 831 gentissiinum
414 795 533 823 colorem
552 793 696 822 contrabit.
740 793 771 821 Εἰ
787 793 870 830 paulo
892 791 966 829 post,
990 789 1154 819 Cinnabaris
1169 792 1265 815 contra
1285 793 1320 813 ex

213 834 297 870 Libya
311 833 435 861 all‘isrtur:
458 833 575 869 pretium
589 831 627 859 illi
639 831 735 865 ingens
747 830 801 859 est:
825 838 936 866 tamque
947 829 1076 863 exiguum
1085 826 1196 855 affertur
1209 846 1216 857 .
1237 830 1266 852 ut
1276 822 1321 850 vix

213 872 348 900 variandis
360 871 386 898 in
400 871 503 905 pictura
513 869 593 898 lineis
603 868 752 904 pictoribus
765 867 886 896 sufficiat.
930 865 1060 895 Profundi
1070 863 1170 893 coloris
1180 861 1231 890 est:
1250 869 1322 888 eam-

212 919 266 945 que
278 909 313 936 ob
326 907 431 936 causam
451 907 630 935 crediderunt
647 905 728 934 multi
746 905 874 934 draconis
895 903 1054 941 sanguinem
1069 900 1239 930 cinnabarim
1258 896 1320 926 eil'e.

212 946 374 976 Matthiolus
386 946 422 974 ait
434 953 523 972 verani
536 944 706 972 cinnabarim
719 943 884 972 Dioscoridis
894 941 946 970 effe
961 941 1065 977 gummi
1079 939 1184 968 arboris
1196 938 1224 965 in
1236 936 1323 964 Africa

212 983 347 1013 nascentis
358 1005 364 1017 ,
386 983 411 1012 ἃ
425 982 543 1010 nostram
562 981 634 1011 hanc
647 981 818 1010 cinnabarim
838 979 909 1008 nihil
923 978 997 1008 aliud
1012 977 1065 1007 effe
1077 999 1084 1013 ‚
1106 985 1188 1014 quam
1206 974 1323 1003 minium

211 1030 315 1050 verum.

174 1060 198 1090 C
208 1070 217 1088 ι
228 1069 247 1088 Ν
259 1068 276 1086 Ν
289 1060 303 1086 Ᾰ
314 1069 333 1086 Μ
344 1061 360 1087 ὃ
371 1067 389 1085 Μ
402 1067 466 1091 um.
488 1056 505 1084 i.
529 1066 556 1085 n.
577 1054 776 1091 [κιννάμωμθν]
796 1053 898 1083 Frutex
919 1053 956 1082 est
973 1053 1000 1081 in
1024 1051 1164 1089 AEthiopia
1175 1072 1182 1085 ,
1211 1048 1255 1085 qui
1273 1047 1322 1076 situ

212 1096 288 1126 brevi
296 1094 428 1128 nascitur.
447 1094 539 1123 fistulae
554 1092 640 1130 duplo
651 1093 768 1121 duorum
781 1091 938 1121 cubitorum
950 1090 1105 1119 altitudine.
1138 1088 1168 1117 V.
1191 1087 1258 1116 Plin.
1270 1085 1319 1114 lib.

213 1144 257 1164 12.
271 1143 330 1170 cap.
347 1143 385 1168 ¹9-
411 1132 498 1167 Hujus
514 1137 605 1160 autem
617 1129 722 1168 lignum
733 1131 803 1159 inter
816 1134 936 1158 aromata
954 1124 1145 1157 delicatissima
1161 1132 1325 1154 annumera-

211 1178 271 1206 tur,
293 1170 389 1207 vulgus
400 1170 542 1196 Camenam
554 1173 641 1197 vocat.
685 1167 781 1196 Nestor
792 1166 941 1196 contendit
956 1165 1152 1194 Cinamomum
1164 1163 1253 1200 prima
1271 1161 1323 1190 uti-

212 1219 266 1246 que
279 1208 377 1244 syllaba
388 1213 512 1243 correpta
520 1206 696 1235 scribendum
709 1227 717 1239 ‚
739 1204 870 1241 affertque
883 1204 1008 1233 Graecum
1022 1202 1127 1232 versum
1143 1210 1177 1229 ex
1192 1198 1322 1236 Dionysio

212 1247 243 1275 in
259 1245 389 1282 Periegesi
400 1266 408 1280 ‚
428 1244 475 1272 u'oi
492 1244 655 1281 producitur
672 1243 751 1271 tertia
763 1264 771 1276 ,
792 1242 889 1271 ceteris
908 1241 1048 1278 correptis.
1091 1239 1179 1268 Poetae
1196 1247 1261 1266 vero
1275 1235 1324 1264 ubi

212 1285 408 1313 cinamomum
427 1282 520 1311 dicere
538 1291 595 1310 non
615 1285 785 1318 potuerunt,
813 1279 1029 1308 Cinnamomum
1046 1277 1157 1315 gemino
1176 1285 1198 1304 N
1218 1275 1322 1304 dixere.

213 1321 283 1357 [vel
301 1322 393 1359 potius
417 1320 592 1349 Cinnamum.
615 1317 679 1355 q.V.

174 1360 197 1389 C
207 1369 244 1388 rN
254 1368 274 1387 N
284 1366 302 1386 A
314 1368 360 1387 Mo
370 1368 389 1386 M
400 1359 439 1386 ῑΝ
452 1366 489 1386 us
499 1378 507 1390 ,
528 1366 543 1385 a
555 1378 562 1391 ‚
583 1366 638 1385 um.
660 1361 690 1384 ut
701 1377 709 1389 .,
731 1353 835 1384 Oleum
855 1351 1104 1383 cinnamominum.
1138 1350 1207 1380 Plin.
1228 1357 1270 1386 13.
1296 1357 1321 1378 1.

212 1396 285 1426 Edit.
300 1395 434 1425 Harduin.
474 1394 523 1423 Alii
534 1393 630 1430 legunt
639 1393 847 1421 Cinnaminum.
872 1391 902 1420 V.
925 1391 1009 1420 etiam
1026 1389 1116 1418 Diosc.
1135 1398 1158 1417 1.
1171 1398 1216 1424 74.

175 1434 198 1464 C
208 1445 218 1463 1
227 1444 247 1463 N
256 1444 275 1462 N
286 1443 304 1462 A
314 1444 335 1462 M
344 1436 360 1462 ὅ
372 1444 387 1460 1.
396 1436 412 1462 ὅ
422 1442 439 1460 c
451 1441 468 1460 u
479 1441 490 1460 s
500 1453 508 1467 ‚
529 1432 547 1460 i.
570 1441 606 1460 m.
629 1430 762 1459 Cinnama
773 1430 866 1466 legens
878 1451 886 1464 ‚
908 1428 963 1457 avis
977 1428 1095 1456 Arabicae
1104 1426 1148 1456 vel
1164 1425 1265 1455 lndicae
1275 1433 1326 1453 no-

212 1481 287 1501 men.
329 1470 396 1500 Plin.
412 1480 451 1498 ιο.
465 1478 507 1505 33.
530 1468 561 1498 In
576 1468 671 1497 Arabia
690 1466 909 1503 Cinnamologos
928 1465 985 1494 avis
1006 1464 1178 1502 appellatur:
1201 1462 1324 1491 cinnami

210 1508 325 1538 surculis
336 1507 468 1537 nidificat.
506 1506 592 1536 Solin.
607 1516 665 1543 cap.
679 1514 722 1540 33.
745 1503 951 1541 Cinnamolgon
962 1510 1051 1537 vocat,
1073 1502 1122 1531 nisi
1132 1501 1266 1530 mendum
1276 1498 1322 1529 est.

175 1547 198 1578 C
207 1558 217 1576 1
226 1556 247 1576 N
256 1556 276 1575 N
285 1550 302 1576 Ᾰ
312 1557 332 1574 Μ
343 1556 360 1574 υ
371 1556 391 1574 Μ
401 1567 408 1579 ,
429 1545 447 1574 i.
467 1552 494 1572 n.
517 1545 531 1579 [
545 1543 679 1578 xii-rami]
700 1542 777 1572 Idem
789 1552 821 1571 ac
829 1541 1052 1570 cinnamomum.
1076 1538 1322 1573 Martial.lib.4.13.

304 1583 374 1613 Tam
384 1583 454 1612 bene
462 1591 521 1610 rara
528 1580 575 1610 suo
583 1580 732 1610 miscentur
744 1581 872 1609 cinnama
883 1579 980 1608 nardo.
1065 1577 1132 1606 Plin.
1143 1576 1191 1605 lib.
1207 1586 1248 1605 10.
1261 1585 1322 1614 cap.

212 1630 257 1650 22.
281 1622 396 1658 Adipem
407 1628 502 1649 eorum
515 1620 542 1647 in
553 1618 613 1648 vase
624 1628 693 1647 aereo
702 1628 766 1647 cum
774 1618 906 1647 cinnamo
924 1617 988 1645 nive
1001 1614 1088 1645 multa
1104 1615 1245 1645 obrutum.

212 1658 343 1688 Panchaea
352 1659 488 1687 cinnama.
512 1656 607 1685 Claud.
620 1656 655 1685 de
666 1656 753 1693 Nupt.
766 1655 839 1684 Hon.
855 1656 880 1684 ἃ
893 1653 959 1683 Mar.
977 1663 1022 1688 95.

304 1696 359 1726 Hic
369 1695 443 1725 cafiae
454 1699 560 1724 matura
570 1693 643 1731 seges
657 1715 665 1729 ‚
686 1692 873 1730 Panchaeaque
885 1691 999 1729 surgunt

305 1734 448 1763 Cinnama.

213 1771 314 1809 Qiaffa
324 1771 460 1800 cinnama.
486 1769 571 1799 Ovid.
588 1779 629 1804 ις.
642 1768 711 1798 Met.
729 1776 791 1804 399.

306 1808 459 1845 Qiaffaque
467 1817 531 1836 cum
540 1806 615 1837 fulva
631 1806 770 1836 substravit
778 1805 907 1835 cinnama
915 1803 1032 1842 myrrha.

212 1846 285 1877 Dare
298 1848 432 1875 cinnama.
455 1845 539 1874 Ovid.
553 1854 576 1880 3.
588 1844 652 1874 Fast.
663 1854 694 1881 73
704 1854 725 1873 x.

306 1884 439 1913 Cinnama
449 1889 478 1912 tu
489 1882 591 1919 primus
599 1904 608 1917 ‚
629 1883 795 1920 captivaque
804 1880 885 1911 thura
895 1902 903 1915 ‚
924 1879 1032 1909 dedisti.

214 1921 304 1952 Etiam
315 1932 381 1959 rogo
391 1921 463 1950 illata
473 1922 608 1949 cinnama.
630 1919 748 1949 Mai-rial.
761 1918 810 1947 lib.
827 1928 867 1948 11.
885 1929 926 1953 ςς.

305 1960 338 1989 Et
350 1969 408 1995 quae
422 1959 456 1988 de
467 1958 561 1995 Stygio
573 1957 683 1995 rapuisti
699 1958 829 1986 cinnama
840 1956 914 1986 lecto
926 1977 933 1991 ‚
946 1957 997 1985 ἃς.

176 1997 199 2029 C
210 2008 248 2028 ιΝ
259 2008 276 2026 N
289 2000 304 2026 Ᾰ
314 2009 332 2026 Μ
343 1999 359 2026 ἔ.
370 2007 385 2025 υ
395 2007 406 2025 s
419 2018 426 2031 ‚
447 2006 461 2026 a
471 2017 479 2031 ‚
500 2005 555 2024 um.
578 2003 625 2029 ut,
647 1994 743 2024 Crines
753 1995 899 2024 cinnamei.
923 1993 1004 2031 Apul.
1017 2003 1041 2029 ς.
1060 1991 1128 2022 Met.
1140 2000 1168 2030 p.
1183 1991 1245 2027 164.

213 2035 303 2067 Nidus
314 2035 482 2063 cinnameus.
506 2032 602 2062 Auson.
615 2032 714 2070 Eidyll.
730 2041 769 2061 11.
788 2040 829 2068 ¹7-
1296 2040 1297 2043 =

294 2073 353 2102 Ales
361 2073 507 2100 cinnameo
520 2071 638 2100 radiatus
650 2078 775 2107 tempora
788 2069 864 2098 nido.

214 2112 292 2141 Odor
302 2112 471 2139 cinnameus.
494 2108 570 2145 Apul.
581 2114 606 2142 8.
620 2109 687 2137 Nlet.
702 2118 728 2145 p.
740 2117 803 2142 205.

178 2150 216 2180 Ci
227 2159 246 2179 N
257 2158 359 2178 NARA
374 2169 382 2182 ‚
403 2157 433 2175 ae.
455 2147 473 2176 f.
497 2145 706 2176 Nomenherbae
722 2167 729 2180 ,
750 2155 802 2182 qua
820 2143 913 2174 resistit
930 2142 1075 2172 venenatis
1092 2139 1201 2178 pabulis
1218 2146 1324 2169 cervus.

215 2188 282 2218 Plin.
296 2185 343 2215 lib.
357 2190 382 2219 8.
393 2190 508 2222 cap.27.
531 2183 675 2213 Emendati
686 2183 797 2212 codices
818 2182 853 2211 sic
870 2181 991 2216 habent,
1013 2180 1115 2209 Cervus
1129 2178 1212 2207 herba
1232 2178 1328 2206 cinare

214 2224 359 2254 venenatis
383 2221 490 2260 pabulis
509 2221 611 2250 resistit.
648 2220 746 2249 Cinare
765 2219 899 2249 ablativus
920 2219 976 2253 est,
997 2217 1176 2252 scribiturque
1195 2216 1280 2244 unico
1295 2223 1325 2243 N.

215 2263 338 2299 Quidam
353 2260 452 2290 dicunt
460 2268 521 2288 eam
533 2258 586 2288 effe
598 2259 708 2293 majoris
718 2258 813 2287 cardui
827 2255 946 2294 speciem
959 2278 966 2290 ,
991 2265 1071 2292 quam
1082 2253 1255 2283 Dioscorides
1265 2252 1329 2280 cha-

214 2300 351 2331 maeleona
362 2297 498 2336 appellat,
518 2295 615 2334 vulgus
630 2295 796 2324 Articocalon.
836 2295 890 2325 Sed
903 2294 949 2331 qui
969 2294 1024 2323 hoc
1042 2293 1139 2321 dicunt
1155 2296 1213 2320 toto
1237 2294 1329 2319 errant

215 2338 292 2368 caelo.
328 2336 358 2365 V.
381 2345 397 2365 c
411 2355 414 2363 .
427 2344 542 2364 NARA.

179 2377 200 2408 C
211 2388 219 2405 1
230 2386 249 2405 N
261 2385 280 2404 N
291 2385 345 2409 us,
368 2375 385 2402 i.
406 2383 442 2403 m.
467 2372 586 2401 Plurium
594 2370 758 2410 commistio,
779 2370 891 2399 austere
900 2368 996 2398 Nonio
1012 2377 1035 2397 1.
1051 2377 1113 2402 295·
1138 2366 1196 2395 Cic.
1208 2366 1237 2394 in
1249 2365 1326 2394 Orat.

216 2423 261 2444 21.
283 2413 325 2442 Est
334 2419 426 2441 autem
438 2410 549 2448 quidam
560 2410 718 2444 interjectus
728 2416 799 2437 inter
818 2407 869 2436 hos
879 2407 988 2436 medius
1003 2407 1028 2435 ἃ
1046 2405 1120 2442 quasi
1139 2409 1307 2441 temperatus
1318 2424 1326 2438 ‚

214 2461 268 2481 nec
283 2451 410 2480 acumine
423 2448 601 2486 posteriorum
610 2469 618 2482 ,
638 2455 690 2475 nec
701 2445 817 2475 fulmine
828 2451 908 2473 utens
918 2444 1088 2482 superiorum
1100 2463 1105 2471 .
1126 2450 1155 2471 ut
1165 2444 1263 2471 cinnus
1272 2451 1328 2469 ama

215 2490 324 2522 borum,
342 2495 440 2516 neutro
448 2485 606 2519 excellens,
627 2485 767 2520 utriusque
780 2484 916 2520 particeps
927 2504 935 2516 ‚
955 2481 998 2510 vel
1017 2480 1154 2516 utriusque
1176 2480 1215 2515 <si
1230 2488 1327 2507 verum

215 2525 383 2564 quaerimus)
403 2523 495 2561 potius
516 2532 622 2559 expers.
664 2521 858 2551 Emendatiora
877 2519 1045 2556 exemplaria
1061 2518 1181 2551 habent,
1213 2517 1327 2546 Vicinus

215 2564 375 2596 amborum,
395 2562 422 2590 in
432 2566 531 2590 neutro
542 2559 684 2589 excellens
697 2569 703 2588 :
729 2560 753 2588 Sc
766 2568 794 2587 re
806 2567 868 2587 vera
877 2557 1004 2586 {incerior
1016 2557 1125 2585 videtur
1136 2555 1227 2584 lectio.
1267 2554 1329 2590 [ti-

212 2609 259 2633 cet
270 2599 488 2631 Nonianaleftio
497 2598 522 2627 se
532 2597 687 2626 Camerario
702 2618 709 2630 ,
730 2596 865 2629 Grutero‚
886 2597 911 2624 Sc
922 2594 1067 2624 noviffime
1078 2594 1161 2622 etiam
1176 2592 1326 2627 Verburgio

211 2639 386 2679 probaverit,
408 2645 507 2673 quam,
536 2644 596 2664 mea
618 2635 732 2672 quidem
752 2632 887 2663 sententia
900 2655 908 2669 ‚
929 2633 986 2670 ipsa
1005 2642 1065 2669 quae
1091 2631 1242 2669 sequuntur
1265 2630 1325 2659 cic.

212 2677 310 2710 verba.
331 2674 467 2704 refellunt.

214 2715 337 2747 Cinnus.
359 2722 408 2750 pro
419 2710 537 2749 capillo.
578 2709 663 2739 Plaut.
673 2708 756 2739 Truc.
770 2718 794 2738 2.
809 2717 834 2737 2.
847 2716 891 2743 32.
912 2707 1102 2745 Compofitos‚
1126 2705 1247 2743 crispos,
1268 2705 1327 2734 cin-

234 2762 284 2781 nos
295 2759 357 2781 tuos
368 2756 560 2787 unguentatos.
601 2747 745 2777 Emendati
755 2746 817 2775 libri
832 2746 984 2775 Cincinnos
1002 2745 1112 2774 liabent.

215 2790 321 2820 Cinnus
329 2789 413 2817 etiam
424 2809 432 2821 ,
463 2785 583 2815 Potionis
600 2793 687 2819 genus
697 2794 731 2813 ex
743 2784 883 2813 frumento
897 2784 982 2812 coc‘tae
992 2805 1000 2818 ‚
1021 2783 1065 2812 vel
1076 2804 1083 2817 ,
1105 2781 1257 2811 seeundum
1271 2780 1326 2808 No-

233 2829 311 2857 nium
325 2835 348 2856 1.
360 2834 424 2858 207.
447 2833 483 2856 ex
494 2822 588 2853 multis
598 2821 750 2858 liquoribus
766 2821 906 2850 confectae.
940 2820 1039 2850 Arnob.
1052 2830 1075 2855 5.
1087 2830 1114 2857 p.
1132 2829 1190 2854 ¹74·
1215 2817 1326 2847 Sitienti

233 2866 324 2895 adoris
336 2863 441 2901 oggerit
473 2861 597 2890 otionem
610 2861 741 2894 cinnum,
762 2867 915 2896 cyceonem
928 2868 1011 2893 quam
1026 2859 1169 2894 nuncupat
1179 2856 1290 2885 Graeeia.

179 2905 312 2938 Cmus,
333 2903 351 2931 i.
373 2901 391 2930 f.
415 2901 449 2929 Ar
471 2898 654 2932 orsilvestris‚
676 2904 750 2933 grata
762 2896 868 2934 apibus.
891 2895 990 2925 Pallad.
1013 2905 1034 2924 1.
1054 2904 1096 2932 37.

178 2942 201 2971 C
211 2953 220 2970 1
230 2951 248 2970 N
258 2943 300 2970 ῨΡ
311 2949 329 2968 n
339 2949 357 2967 υ
367 2948 378 2968 s
390 2961 398 2972 ,
418 2938 436 2966 i.
458 2947 494 2966 m.
518 2935 650 2972 [Kouma
663 2934 731 2964 Ptol.
747 2935 773 2964 &
784 2934 895 2968 strab]
933 2933 976 2969 [C
987 2944 995 2961 1
1005 2943 1024 2962 N
1034 2943 1052 2961 Y
1063 2942 1097 2962 rs
1108 2954 1114 2965 .
1134 2931 1217 2969 iphis.
1242 2927 1325 2962 Κίνυψ

215 2977 346 3011 Herod.]
366 2975 464 3012 Libyes
477 2974 577 3003 fluvius
590 2973 664 3001 inter
685 2972 753 3001 duas
772 2971 864 3009 Syrtes
883 2972 912 3000 in
929 2979 1005 3001 mate
1022 2974 1072 3008 per
1088 2970 1183 3001 Macas
1203 2967 1325 3008 populos

212 3017 291 3050 fluit,
312 3022 342 3044 ut
352 3014 391 3043 ait
400 3012 568 3043 Herodotus.
598 3010 672 3039 Hinc

178 3053 395 3084 Cmvr’nius
407 3073 415 3086 ‚
435 3060 467 3085 a,
489 3059 545 3079 um.
568 3047 628 3083 Adj.
650 3046 814 3083 [10⁹⁶chss
835 3044 941 3076 Sil.llb.
953 3054 1053 3082 3475.

294 3090 368 3119 Tum
382 3089 501 3126 primum
510 3086 602 3116 castris
612 3085 774 3114 Phoenicum
783 3084 897 3112 tendere
907 3084 960 3112 ritu

295 3127 425 3165 Cinyphii
435 3125 559 3154 didicere
570 3123 657 3153 Macae
669 3144 677 3157 ‚
697 3121 847 3159 squalentia
857 3120 941 3149 barba

295 3166 352 3195 Ora
361 3165 424 3193 viris
436 3185 444 3198 ,
465 3160 647 3198 humerosque
659 3164 756 3196 tegunt
767 3158 903 3188 velamina
917 3158 1000 3196 capri.

217 3202 294 3233 Hirci
307 3202 447 3240 Cinyphii.
471 3200 541 3237 Virg.
556 3208 580 3235 3.
602 3199 701 3234 Georg.
720 3205 783 3232 312.

307 3240 367 3269 Nec
379 3239 470 3268 minus
480 3237 583 3267 interea
593 3235 690 3265 barbas
700 3256 709 3270 ‚
728 3234 882 3271 incanaque
896 3238 991 3263 menta

308 3276 439 3314 Cinyphii
450 3275 568 3305 tondent
578 3274 656 3303 hirci.

218 3314 326 3344 Humus
338 3314 482 3352 Cinyphia.
504 3312 587 3342 Ovid.
604 3321 627 3347 ς.
647 3310 714 3340 Met.
728 3317 792 3339 222.

218 3351 301 3389 Seges
311 3352 455 3390 Cinyphia.
477 3350 561 3380 Ovid.
575 3359 600 3378 2.
611 3349 645 3377 de
654 3348 730 3377 Pont.
744 3357 769 3385 7.
782 3356 829 3383 ις.

218 3388 297 3418 Sinus
312 3389 472 3427 Cinyphius.
495 3387 612 3418 Martial.
627 3395 668 3422 14.
685 3396 746 3423 ¹40·

182 3425 442 3462 Cle1A7Juno.
465 3425 495 3455 V.
517 3433 667 3455 eiNciA.

182 3463 342 3499 CiNrPs,
371 3464 400 3493 V.
423 3471 622 3493 eiNYPi-ius.

180 3500 204 3530 C
214 3502 226 3529 Ῑ
236 3509 254 3528 Ν
265 3501 283 3529 Ῠ
293 3510 310 3543 R.
319 3511 336 3529 A
347 3510 358 3530 s
369 3523 377 3535 ,
397 3511 427 3530 ae.
450 3511 485 3530 m.
506 3499 635 3536 [Κινύρριε]
646 3498 793 3529 Phoeniciae
805 3505 862 3533 rex,
873 3496 952 3532 cujus
960 3495 1033 3534 regia
1044 3493 1096 3524 fuit
1105 3492 1206 3532 Byblos
1217 3494 1324 3529 civitas,

220 3544 251 3565 ut
263 3537 355 3566 scribit
366 3538 462 3567 Strabo
471 3538 517 3567 lib.
536 3542 577 3566 ¹6.

221 3574 349 3618 ci‘nvras,
372 3575 443 3605 Alius
455 3584 500 3605 rex
512 3574 611 3612 Cypri,
633 3573 728 3603 Cilicis
743 3573 815 3602 filius
825 3573 884 3603 Beti
896 3581 1002 3609 nepos,
1026 3572 1073 3608 qui
1086 3579 1151 3600 cum
1173 3568 1286 3605 Myrrha
1296 3568 1326 3597 fi-

237 3611 273 3640 lia
288 3612 302 3639 s
300 3623 331 3641 ua
342 3615 452 3642 nutricis
461 3614 555 3642 allutia
565 3613 673 3649 ignarus
683 3610 851 3647 concubuit,
871 3620 887 3640 a
902 3619 958 3648 quo
969 3611 995 3639 8:
1006 3608 1136 3647 Cinyreia
1146 3606 1247 3638 dicitur
1256 3606 1321 3644 ipsa.

238 3648 321 3678 Ovrd.
335 3659 375 3679 ιο.
390 3650 456 3679 Met.
471 3655 530 3685 369.

369 3700 405 3730 5-
416 3695 443 3716 at
452 3688 527 3723 virgo
539 3686 666 3723 Cinyreia
675 3685 791 3723 pervigil
801 3686 865 3723 igne

240 3761 246 3768 .
296 3723 421 3759 Carpitur
442 3725 589 3753 indomito.
684 3723 811 3752 Fabulam
831 3723 931 3752 horum
952 3731 1068 3752 omnem
1082 3719 1210 3751 fusissime
1228 3718 1326 3748 tranat

238 3761 315 3790 ldem
324 3769 405 3799 poeta
413 3783 422 3796 ,
442 3761 496 3790 hoe
505 3769 587 3798 quem
598 3761 652 3796 jam
663 3761 849 3790 indicavimus
857 3761 938 3790 libro.

610 3799 638 3832 C
737 3800 748 3832 1
848 3800 883 3833 O

182 3846 267 3878 Cin.
289 3845 345 3879 cis,
366 3845 441 3879 civi,
460 3844 554 3873 citum.
592 3845 625 3874 In
660 3855 752 3874 exso.

178 3882 347 3916 (ΣιοΝιΑ,
367 3892 456 3911 orum.
477 3891 514 3910 m.
535 3881 575 3919 pl.
596 3883 703 3925 Medi-x.
723 3891 904 3920 purpurarum
917 3904 926 3918 ‚
957 3881 1195 3918 buccinarumque
1222 3884 1324 3918 partes.

216 3920 332 3958 Interpr.
345 3918 434 3949 Diosc.
453 3928 474 3954 ς.
491 3929 515 3954 ς.
548 3918 579 3948 V.
600 3923 675 3946 »uina
694 3920 829 3953 mlexieo
840 3920 945 3949 Graeeo.
978 3947 984 3960 „

1378 1489 1514 1522 (ΗΜΛ,
1536 1484 1612 1523 [effi
1626 1508 1634 1522 ,
1657 1483 1753 1519 πέριξ]
1772 1482 1947 1522 praepositio,
1967 1491 2028 1518 quae
2047 1480 2204 1512 accusativo
2219 1479 2292 1510 casui
2309 1478 2449 1516 iungitur:
2471 1476 2524 1508 i.‹'·;.-
2576 1481 2604 1517 ‚j-

1382 3679 1501 3710 cisoa
1513 3700 1520 3712 ,
1545 3678 1611 3707 Λᾶν.
1636 3677 1690 3706 Liv.
1707 3673 1943 3706 1.Decad.lib.9.
1965 3664 2428 3700 Nam&circaomniadefecerunt‚
2447 3658 2516 3690 unde

1841 99 1870 133 C
1963 99 1978 133 Ι
2070 99 2100 133 R

1372 186 1507 215 CioNis
1520 204 1526 216 ‚
1548 181 1611 210 idis.
1633 181 1652 210 f.
1676 181 1742 210 i'oid.
1759 179 1851 210 Diosc.
1869 190 1891 208 1.
1905 189 1966 216 127.

1372 224 1478 253 Cios.
1499 217 1659 256 ‘Emporium
1670 216 1787 254 Phrvgiae
1799 240 1806 252 ,
1828 228 1842 247 a
1855 218 1904 246 Cio
1917 217 2043 247 Herculis
2053 216 2175 251 comite,
2198 216 2223 245 ὅ(
2240 215 2317 250 juxta
2335 214 2434 243 fluvius
2454 215 2520 251 ejus-

1410 261 1473 289 dem
1487 257 1614 286 nominis.
1636 256 1771 284 Palaemon
1783 266 1816 284 ex
1829 256 1958 292 Dionysio
1971 277 1979 288 ,

1502 295 1564 331 Qua
1575 293 1639 322 Cius
1649 294 1774 329 egregius
1782 294 1931 322 decurrens
1940 297 2091 321 murmurat
2104 290 2187 320 unda.

1412 343 1455 370 32.
1478 333 1541 361 Cios
1556 341 1618 360 cuin
1633 332 1738 367 oppido
1752 330 1875 366 ejusdem
1890 330 2031 363 nominis,
2053 328 2129 366 quod
2141 328 2195 356 fuit
2212 327 2369 363 emporium
2387 335 2443 354 non
2460 337 2519 364 pro.

1411 371 1455 403 cul
1467 370 1616 399 accolentis
1630 369 1747 404 Phrygiae
1758 389 1765 402 7
1787 378 1802 396 a
1814 367 1926 397 Milesiis
1935 368 2048 405 quidem
2065 366 2213 396 conditum
2223 386 2232 400 ,
2254 365 2284 393 in
2296 363 2360 393 loco
2371 368 2462 393 tamen
2475 365 2519 401 qui

1410 408 1524 439 Ascania
1534 407 1657 444 Phrygire
1668 405 1823 435 vocabatur.

1854 490 1882 524 C
1957 490 1972 524 I
2054 489 2078 524 P

2286 289 2352 317 Plin.
2362 288 2409 317 lib.
2422 299 2446 323 ς.
2458 299 2517 327 cap.

1376 579 1546 608 Cirnaun
1559 601 1566 611 ,
1588 577 1621 607 V.
1644 586 1829 606 CYPERUM.

1377 617 1398 646 C
1409 628 1417 645 ι
1428 627 1463 645 ιη·
1475 626 1512 645 us
1525 638 1533 651 ‚
1555 617 1572 645 i.
1594 625 1630 644 m.
1654 614 1775 644 Familiae
1788 614 1920 643 Romanae
1932 619 2100 649 cognomen.
2140 609 2173 641 V.
2194 610 2355 648 spanheim.
2372 610 2408 640 de
2426 609 2480 641 Usu
2497 612 2522 642 ἃ

1414 655 1499 691 frast.
1510 661 1586 682 num.
1601 653 1659 681 diff.
1673 663 1713 681 ιο.
1733 661 1760 689 p.
1773 656 1799 681 6.
1824 650 1898 680 conf.
1915 649 2002 678 Pitisc.
2014 648 2079 678 Lex.

1376 692 1399 722 C
1409 703 1417 720 ι
1430 702 1443 720 P
1451 702 1464 719 ι’
1475 702 1492 719 u
1503 701 1515 720 s
1524 713 1532 725 ‚
1553 692 1569 720 i.
1591 701 1626 719 m.
1651 691 1751 726 [rifan]
1772 689 1838 726 quid
1849 688 1889 722 sit,
1907 687 1969 716 satis
1977 692 2071 724 aperte
2081 684 2203 715 declarat
2213 684 2277 714 Caes.
2292 694 2318 721 7.
2331 684 2397 714 Bell.
2407 685 2521 723 Gall.73.

1413 729 1501 765 Quini
1512 736 1588 757 erant
1599 729 1710 756 ordines
1720 727 1862 762 conjuncti
1873 727 1943 754 inter
1958 725 1984 754 se
2000 731 2081 761 atque
2094 723 2228 759 implicati
2241 745 2249 757 ‚
2270 732 2325 760 quo
2361 723 2389 752 ui
2410 723 2523 754 intrave.
2588 727 2590 759 i

1413 775 1490 801 rant,
1512 766 1539 795 se
1550 766 1597 802 ipli
1608 765 1768 795 acutissimis
1780 764 1858 793 vallis
1870 763 2041 792 induebant:
2063 761 2114 790 hos
2126 761 2230 799 Cippos
2239 759 2349 799 appella
2370 766 2426 790 ant.
2587 761 2590 795 l

1415 805 1537 842 Cippus.
1559 805 1588 832 in
1600 810 1794 832 monumento.
1817 801 1883 830 Hor.
1899 810 1920 830 1.
1937 800 2022 829 Serm.
2039 804 2119 832 8.12.

1493 841 1574 871 Mille
1585 842 1670 878 pedes
1680 842 1709 869 iri
1719 841 1808 869 fronte
1816 844 1956 868 trecentos
1964 839 2062 875 cippus
2073 837 2101 865 in
2113 845 2208 873 agrum
2586 807 2588 857 l

1496 880 1548 909 Hic
1560 879 1651 908 dabat.
1734 878 1770 907 Hi
1778 877 1855 914 cippi
1865 876 2086 905 determinabant
2095 874 2187 903 locum
2198 875 2224 903 ἃ
2235 872 2353 911 spatium
2363 874 2528 903 monumen.

1433 918 1455 946 ti
1467 924 1496 946 ut
1507 924 1641 954 quantum
1652 916 1740 952 jugeri
1758 915 1884 951 sepulcra
1893 918 2063 950 occuparent
2073 921 2170 940 omnes
2180 910 2281 940 scirent
2290 933 2298 946 ,
2320 909 2346 940 ἃ
2355 910 2523 941 haereditario
2584 903 2588 931 l

1434 956 1492 990 jure
1510 954 1691 991 haeredipetas
1702 954 1776 982 hunc
1785 953 1878 982 locum
1888 973 1896 987 ‚
1916 951 2050 989 spatium,
2072 949 2117 980 vel
2134 959 2230 987 agrum
2239 954 2334 987 petere
2344 957 2402 978 non
2411 947 2496 986 posse.
2584 941 2587 962 ¹
2599 934 2604 957 Ι

1415 993 1515 1024 Levior
1530 994 1638 1030 cippus.
1663 991 1728 1020 Pers.
1744 1001 1765 1020 1.
1780 991 1834 1019 Sat.
1849 999 1890 1026 37.

1606 1045 1643 1050 —-
1654 1039 1730 1058 nunc
1739 1038 1796 1058 non
1807 1028 1877 1057 cinis
1888 1025 1934 1055 ille
1947 1031 2037 1064 poetae

1507 1067 1584 1097 Felix
1598 1068 1611 1095 ⁶?
1632 1076 1707 1096 nunc
1718 1066 1803 1095 levior
1813 1067 1912 1102 cippus
1922 1074 1978 1092 non
1990 1062 2126 1101 imprimit
2135 1060 2212 1091 offa?

1415 1107 1522 1143 Cippus
1533 1106 1571 1134 est
1582 1106 1664 1133 etiam
1676 1104 1833 1134 Terminus.
1857 1103 1915 1131 Vet.
1929 1101 2026 1130 Gloffae
2040 1111 2046 1130 :
2070 1101 2176 1138 Cippus
2188 1121 2197 1133 ‚
2219 1097 2301 1130 ἐ’νορξῷ·
2320 1098 2421 1128 afflue-32
2433 1119 2443 1133 ,
2471 1098 2488 1127 i.
2499 1107 2524 1130 e.

1434 1144 1583 1173 Terminus
1593 1143 1728 1179 lapideus.
1746 1141 1866 1170 Valerius
1877 1139 1978 1168 Probus
1987 1139 2021 1168 de
2029 1140 2117 1168 notis:
2140 1147 2197 1166 cir
2208 1147 2230 1165 i>-
2254 1136 2358 1174 Cippus
2368 1157 2378 1170 ‚
2392 1135 2410 1165 i.
2422 1144 2445 1164 e.
2462 1135 2526 1167 Ter·
2582 1129 2585 1142 ⁴

1434 1183 1535 1211 minus.
1558 1181 1591 1210 Et
1612 1181 1669 1209 Vet.
1691 1179 1813 1216 Inscript.
1846 1176 2081 1208 TERMINAVIT
2101 1174 2214 1205 RlPAM
2242 1174 2273 1203 R.
2296 1174 2329 1204 R.
2352 1173 2524 1203 PROXIMO
2582 1162 2584 1186 l

1435 1219 1548 1248 Cippo.
1573 1219 1605 1247 Et
1617 1217 1669 1247 alra
1681 1217 1808 1254 inscript.
1829 1215 1881 1246 EX
1901 1216 1926 1244 s.
1949 1215 1980 1244 c.
2001 1211 2242 1244 TERMiNAVIT.
2266 1211 2298 1241 R.
2312 1211 2345 1241 R.
2366 1203 2522 1242 PRoxuvt.
2580 1205 2583 1222 ¹

1435 1257 1499 1287 CIP.
1521 1256 1599 1286 PED.
1622 1254 1718 1285 CLXI.
1741 1254 1814 1284 conf.
1839 1253 1932 1283 Goefiii
1954 1254 2083 1281 Austores
2099 1253 2187 1288 Agrar.
2206 1260 2232 1287 p.
2242 1255 2287 1283 88.
2426 1270 2436 1271 ff
2548 1276 2553 1283 ,
2580 1249 2582 1264 ’

1415 1295 1522 1332 Cippus
1533 1295 1570 1324 est
1581 1303 1690 1331 quoque
1699 1292 1808 1322 Vinculi
1816 1291 1900 1330 lignei
1909 1300 1996 1328 genus
2005 1312 2012 1323 ,
2030 1300 2084 1326 quo
2093 1288 2180 1327 pedes
2191 1286 2455 1325 constringebantur.
2465 1284 2524 1317 Vct.

1435 1331 1519 1364 Gloff.
1542 1332 1663 1370 Cippus,
1685 1326 1804 1360 molbium.
1848 1329 1880 1359 V.
1902 1330 1986 1358 etiam
1998 1327 2068 1358 Gell.
2084 1330 2127 1357 16.
2140 1336 2168 1364 7.

1838 1402 1874 1442 C
1968 1401 1983 1435 Ι
2074 1399 2106 1434 R

1413 1524 1498 1563 Juxta
1509 1525 1639 1562 &Prope
1681 1523 1788 1552 Locum
1805 1524 1832 1552 ἅ
1845 1529 1955 1559 tempus
1970 1519 2110 1558 fignificat.
2133 1526 2180 1553 ut,
2201 1517 2281 1548 Circa
2298 1517 2398 1547 forum.
2441 1515 2526 1552 Quin-

1415 1564 1455 1594 til.
1467 1564 1516 1593 lib.
1527 1567 1553 1592 6.
1567 1573 1626 1600 cap.
1642 1572 1682 1597 14.
1699 1560 1841 1590 Tabernae
1851 1566 1944 1589 autem
1954 1564 2033 1588 erant
2043 1558 2117 1587 eirca
2133 1557 2232 1586 forum.
2273 1554 2354 1593 Apul.
2376 1554 2412 1585 de
2431 1554 2524 1589 Asino,

1415 1600 1615 1639 Aliquantisper
1629 1598 1714 1637 vigilo
1724 1620 1732 1633 ‚
1753 1598 1819 1627 dein
1831 1598 1905 1627 circa
1916 1597 2025 1626 tertiam
2036 1595 2160 1633 vigiliam
2173 1593 2321 1625 conniveo,

1415 1640 1544 1677 Effugere
1558 1639 1631 1667 circa
1640 1637 1747 1666 balnea.
1769 1632 1888 1665 Martial.
1904 1634 1953 1664 lib.
1968 1643 2010 1664 12.
2025 1639 2069 1670 84.

1415 1679 1584 1709 Saevitamor
1593 1676 1667 1705 circa
1681 1675 1767 1710 jecur.
1789 1673 1857 1703 Hor.
1872 1683 1894 1703 ι.
1905 1673 1994 1702 Carm.
2008 1681 2053 1708 25.
2068 1673 2111 1700 16.

1509 1715 1605 1751 Quum
1616 1713 1666 1742 tibi
1677 1712 1793 1749 flagrans
1803 1721 1882 1740 amor
1893 1733 1899 1740 .
1922 1712 1948 1740 Se.
1962 1709 2051 1739 libido
2061 1731 2070 1745 ‚
2088 1710 2141 1739 &c-

1508 1753 1607 1782 Saeviet
1617 1752 1689 1781 circa
1696 1751 1774 1786 jecur
1782 1748 1947 1778 ulcerosum.
2601 1776 2604 1778 q

1417 1786 1497 1821 Circa
1507 1789 1672 1820 latussalire.
1695 1787 1760 1817 Hor.
1775 1796 1801 1816 2.
1814 1786 1899 1816 Serm.
1910 1789 1936 1815 6.
1951 1794 1996 1821 34.
2571 1791 2577 1804 e
2599 1793 2604 1823 ἰ

1611 1842 1648 1848 ——
1657 1825 1748 1856 aliena
1756 1825 1868 1861 negotia
1876 1829 1990 1853 centum
2576 1830 2577 1835 ¹

1495 1865 1546 1896 Per
1556 1871 1640 1903 caput
1650 1886 1658 1899 7
1679 1865 1704 1892 δί
1715 1864 1787 1892 circa
1796 1862 1896 1892 saliunt
1906 1861 1987 1890 latus.

1416 1897 1507 1935 Lucos
1517 1904 1592 1933 circa
1603 1925 1610 1938 ,
1632 1900 1703 1934 Umor
1723 1898 1842 1937 wei-rtem.
1866 1900 1939 1936 Virg.
1954 1908 1977 1934 3.
1991 1898 2091 1934 Georg.
2107 1898 2171 1932 146.

1509 1941 1552 1971 Est
1565 1941 1642 1970 lucos
1651 1938 1729 1969 Silari
1743 1939 1815 1967 circa
1827 1959 1835 1973 ‚
1857 1936 2019 1974 ilicibusque
2026 1935 2163 1965 virentem

1510 1979 1646 2008 Plurimus
1659 1976 1809 2006 Alburnum
1821 1975 1949 2005 volitans.
2571 1976 2575 2007 3

1417 2016 1464 2047 Vir
1477 2017 1550 2047 circa
1561 2017 1658 2045 decem
1669 2014 1765 2048 lustra.
1786 2014 1803 2042 i.
1817 2023 1840 2043 e.
1864 2015 2006 2042 Annorum
2014 2009 2220 2048 quinquaginta.
2240 2006 2309 2038 Hor.
2316 2015 2342 2043 4.
2359 2006 2449 2038 Carm.
2462 2016 2486 2037 1.
2498 2002 2524 2037 61

1609 2069 1647 2073 —-
1658 2052 1749 2081 desine
1759 2051 1885 2080 dulcium

1510 2091 1602 2122 mater
1613 2091 1679 2120 saeva
1690 2089 1855 2126 cupidinum
1865 2110 1873 2124 ‚

1537 2129 1615 2159 Circa
1624 2128 1704 2157 lustra
1716 2129 1815 2157 decem
1826 2126 1937 2156 flectere
1946 2123 2077 2154 mollibus

1509 2166 1570 2202 Jam
1582 2167 1681 2196 durum
1692 2164 1825 2202 imperiis.
1925 2162 2094 2193 Subauditur
2105 2160 2151 2189 Vir
2166 2181 2175 2195 ‚
2195 2164 2242 2189 aut
2254 2156 2340 2188 homo
2349 2180 2358 2195 ,
2378 2162 2427 2189 aut
2436 2156 2525 2188 senen
2570 2170 2576 2189 .-

1436 2205 1492 2236 Nisi
1505 2206 1539 2234 sic
1551 2213 1673 2242 exponas
1682 2225 1690 2238 ,
1712 2203 1792 2232 Circa
1799 2207 1907 2232 aetatem
1922 2209 2059 2231 annorum
2073 2198 2280 2237 quinquagInta.
2568 2200 2586 2226 ἐ,

1419 2244 1500 2274 Circa
1512 2250 1626 2281 patrem.
1649 2240 1768 2278 Quintil.
1786 2240 1834 2270 lib.
1847 2249 1872 2274 7.
1882 2248 1978 2276 cap-2.
2566 2221 2586 2262 l

1419 2283 1498 2312 Circa
1510 2290 1610 2318 regem.
1635 2280 1705 2316 Virg.
1719 2290 1744 2314 4.
1759 2278 1857 2316 Georg.
1868 2286 1913 2314 75.
2461 2293 2464 2295 .
2562 2280 2569 2298 ν

1497 2318 1530 2349 Et
1539 2320 1610 2348 circa
1619 2327 1711 2355 regem
1723 2338 1731 2352 ,
1752 2322 1833 2353 atque
1844 2315 1901 2354 ipsa
1911 2314 1946 2344 ad
1956 2312 2081 2352 praetoria
2091 2309 2182 2341 densae
2562 2303 2568 2322 ¹·
2584 2328 2586 2330 »

1498 2357 1659 2386 Miscentur.
1741 2354 1783 2384 De
1794 2353 1902 2391 apibus.

1418 2394 1496 2424 Circa
1505 2393 1700 2424 occultandam
1710 2392 1906 2430 eloquentiam.
1929 2388 2048 2427 Quintil.
2060 2387 2108 2417 lib.
2121 2397 2147 2422 4.
2163 2384 2189 2416 sc
2201 2388 2227 2414 6.
2257 2422 2263 2428 ¹
2560 2406 2561 2420 ἶ

1419 2433 1517 2468 Circa,
1538 2432 1663 2462 Circiter.
1701 2431 1775 2460 Suet.
1789 2429 1885 2459 Claud.
1898 2438 1957 2466 cap.
1971 2431 1997 2456 6.
2020 2427 2076 2463 Qui
2089 2432 2183 2454 tamen
2195 2428 2315 2452 moriens
2325 2444 2333 2458 ‚
2355 2423 2381 2452 ἀ
2398 2421 2428 2451 in
2444 2420 2524 2452 tertiis
2565 2421 2573 2430 ’”

1437 2470 1593 2500 haeredibus
1604 2479 1668 2499 eum
1679 2478 1713 2498 ex
1727 2474 1804 2506 parte
1818 2467 1898 2497 tertia
1908 2470 2102 2502 nuncupatum
2113 2484 2121 2499 ,
2141 2462 2232 2499 legato
2251 2462 2335 2491 etiam
2354 2461 2426 2490 circa
2440 2458 2526 2489 sestdr·
2553 2470 2566 2492 ·“,

1438 2510 1508 2537 tium
1516 2509 1601 2537 vicies
1610 2506 1799 2545 prosequutus.
2557 2521 2560 2527 .
2575 2517 2577 2521 ι

1419 2546 1501 2576 Circa
1511 2545 1626 2583 singulas
1638 2544 1772 2574 heminas.
1783 2541 1864 2582 Cels.
1877 2540 1924 2571 lib.
1937 2548 1963 2578 ἢ.
1977 2550 2037 2578 cap.
2052 2549 2095 2575 ις.

1420 2585 1500 2613 Circa
1510 2585 1675 2621 quingentos
1683 2582 1873 2610 Romanorum
1882 2601 1889 2614 ,
1910 2578 2104 2614 sociorumque
2118 2574 2289 2606 ceciderunt.
2311 2573 2370 2603 Liv.
2381 2581 2425 2610 27.
2436 2580 2482 2609 42.

1421 2622 1534 2659 Oppida
1547 2631 1579 2650 ea
1588 2621 1663 2650 fuere
1675 2621 1747 2649 circa
1756 2618 1935 2657 septuaginta.
1957 2617 2035 2646 ldem
2045 2626 2090 2649 45.
2108 2623 2150 2651 34.
2294 2632 2304 2641 s
2495 2645 2499 2650 ·
2530 2624 2532 2632 ι
2560 2639 2561 2642 ,

1421 2659 1502 2689 Circa
1511 2681 1518 2693 ,
1542 2658 1680 2702 Adversus.
1721 2657 1788 2687 Plin.
1801 2656 1882 2694 Epist.
1894 2665 1920 2691 9.
1931 2654 1980 2684 lib.
1993 2662 2016 2690 3.
2039 2652 2119 2682 Circa
2130 2651 2284 2689 Hispanum
2296 2649 2322 2679 &
2332 2647 2451 2678 Probum
2458 2645 2522 2678 mah
2551 2622 2561 2680 i

1421 2704 1500 2764 Ctiiae
1511 2697 1690 2772 ,sugiiillsspud
1728 2733 1802 2763 Curt.
1815 2730 1865 2761 lib.
1880 2739 1904 2766 3.
1919 2741 1941 2759 ι.
1956 2739 1998 2766 ¹7·
2022 2728 2100 2758 Circa
2115 2735 2208 2765 regem
2219 2725 2312 2755 erat&
2327 2723 2463 2761 Phrygum
2473 2726 2522 2752 tut-
2548 2702 2560 2776 ll
2571 2724 2604 2790 ξ

1424 2806 1427 2808 .
1440 2773 1472 2801 ba
1483 2774 1508 2802 Sc
1521 2772 1716 2802 Macedonum.
2555 2767 2568 2795 s,
2589 2784 2592 2791 .

1421 2810 1517 2845 Circa,
1539 2820 1589 2848 pro
1602 2810 1650 2839 De.
1693 2808 1760 2837 Plin.
1772 2806 1820 2836 lib.
1831 2812 1855 2840 8.
1866 2815 1926 2843 cap.
1941 2808 1982 2834 16.
2004 2803 2083 2833 Varia
2092 2801 2233 2832 circahaec
2243 2800 2349 2838 opinio.
2517 2825 2519 2829 .
2556 2799 2557 2835 j
2586 2794 2591 2827 ἶ

1441 2848 1499 2877 Cic.
1512 2848 1560 2878 lib.
1574 2858 1599 2883 9.
1608 2846 1689 2885 Epist.
1706 2856 1746 2881 ις.
1771 2844 1810 2874 Ex
1820 2845 1955 2882 prioribus
1965 2843 2019 2872 tuis
2039 2840 2138 2870 litteris
2156 2838 2298 2874 intellexi,
2320 2831 2522 2875 pergratamfiffl
2577 2867 2581 2871 ,

1439 2887 1494 2916 effe
1504 2885 1667 2915 sententiam
1679 2893 1769 2913 meam
1779 2904 1787 2917 ‚
1810 2884 1835 2912 &
1845 2883 1969 2910 animum
1977 2889 2070 2909 meum
2087 2879 2159 2908 circa
2176 2886 2270 2907 curam
2279 2874 2445 2905 valetudinis
2453 2878 2520 2907 tuaea
2572 2884 2585 2907 ιη
2603 2886 2604 2889 ¹

1439 2931 1520 2960 quam
1529 2924 1579 2953 tibi
1587 2923 1756 2960 perspectam
1767 2919 1820 2949 effe
1830 2919 1946 2958 gaudeo.
1987 2918 2027 2947 Ita
2039 2917 2152 2954 quidem
2163 2915 2256 2945 Lanib.
2269 2915 2298 2943 in
2315 2919 2409 2942 textu:
2433 2909 2522 2941 Sedit
2568 2911 2585 2925 '¹

1437 2963 1560 3028 &argine
1570 2962 1651 2999 ponit
1664 2960 1913 3025 lectionelriit.dqupe
1920 2955 2093 3023 testetilz—ilmsitn
2104 2953 2163 2984 Ald.
2184 2951 2312 2983 Intellexi
2329 2954 2481 2988 pergratam
2491 2945 2521 2985 fi*
2553 2971 2555 2978 .
2569 2967 2575 2975 .

1459 3009 1492 3028 ie
1516 3010 1530 3029 e
1540 3009 1636 3029 curam
1646 3007 1736 3027 meam
1744 3006 1777 3025 va
1790 3006 1804 3025 e
1818 3006 1836 3025 u
1860 3005 1911 3024 inis
1933 3003 1981 3023 uae.
2033 3015 2038 3021 .
2085 3014 2089 3020 .

1420 3036 1501 3067 Circa
1512 3047 1554 3066 res
1561 3037 1664 3073 aliquas
1675 3035 1780 3073 sperare
1790 3034 1902 3071 gratiam
1914 3030 2027 3069 ingenii.
2049 3027 2169 3066 Quintil.
2183 3028 2212 3056 in
2221 3036 2338 3065 prooem.
2348 3025 2396 3055 lib.
2408 3034 2431 3055 1.
2472 3060 2489 3068 ,Α
2551 3043 2553 3054 r
2567 3060 2571 3065 1

1420 3075 1501 3104 Circa
1515 3076 1658 3112 praefectos
1668 3074 1772 3102 litteras
1789 3071 1937 3100 dimittere.
1960 3068 2017 3098 Liv.
2029 3078 2052 3103 5.
2066 3067 2169 3096 Decad.
2177 3064 2227 3094 lib.
2240 3075 2265 3094 2.
2288 3063 2521 3101 Litterisquecun‘
2561 3069 2574 3090 ι’

1441 3111 1722 3150 praefectosdimiffis,
1739 3111 1791 3140 &a
1832 3110 1850 3138 i.
1861 3118 1886 3138 e.
1909 3104 2133 3143 Quaquaversum
2140 3103 2174 3133 ad
2185 3103 2346 3144 praefestos„
2415 3134 2421 3146 x
2462 3134 2468 3146 ι
2483 3135 2492 3146 ⁸
2579 3097 2582 3104 “

1421 3151 1500 3181 Circa
1512 3151 1554 3185 se,
1576 3151 1655 3180 Circa
1664 3150 1768 3185 Regem
1779 3169 1787 3182 ,
1811 3148 1862 3176 &c.
1884 3145 1985 3175 eodem
1999 3142 2085 3173 modo
2101 3148 2217 3171 utuntur
2228 3162 2235 3175 ,
2257 3149 2312 3177 quo
2329 3149 2348 3165 οι
2368 3137 2420 3167 dee
2436 3143 2520 3170 aur-⁰0

1439 3189 1516 3227 apud
1528 3190 1645 3218 Graecos.
1668 3194 1715 3220 ut,
1736 3185 1791 3214 Sed
1802 3194 1859 3213 non
1874 3181 1941 3221 passi
1958 3180 2037 3216 sunt,
2057 3181 2105 3217 qui
2121 3179 2194 3209 circa
2206 3184 2300 3213 erant,
2321 3177 2417 3213 Nepos
2429 3180 2468 3209 18.
2481 3181 2520 3203 xo.
2567 3173 2572 3180 “

1440 3239 1467 3261 4.
1499 3227 1524 3255 h.
1540 3237 1564 3255 e.
1587 3226 1675 3255 Amici
1690 3225 1715 3254 ἃ
1730 3221 1889 3252 familiares.
1926 3220 1959 3249 Et
1968 3220 2043 3249 Suet.
2060 3217 2164 3247 Domit.
2176 3225 2236 3253 cap.
2247 3226 2272 3250 9.
2294 3214 2400 3244 Omnes
2412 3212 2481 3242 circa
2563 3218 2569 3228 ¹

1439 3263 1626 3294 liberaliffime
1644 3261 1815 3300 prosecutus.
1855 3258 1886 3288 V.
1908 3257 1966 3287 Liv.
1980 3267 2002 3287 1.
2016 3266 2071 3292 40:
2093 3265 2137 3286 22.
2151 3262 2196 3290 30.
2222 3255 2249 3283 &
2269 3251 2382 3282 Casaub.
2404 3250 2438 3281 ad
2451 3247 2519 3281 Suelio
2567 3266 2571 3274 ·

1441 3302 1504 3331 Caes.
1516 3311 1576 3340 cap.
1590 3310 1634 3338 27.
1654 3298 1797 3330 &Broeclc
1811 3297 1846 3327 ad
1857 3294 1961 3326 Tibull.
1979 3304 2001 3323 1.
2015 3303 2039 3330 3.
2051 3298 2096 3331 87.
2168 3329 2175 3335 ·
2408 3326 2413 3332 ¹
2482 3321 2490 3328 ·

1420 3338 1517 3375 Circa,
1540 3350 1589 3377 pro
1601 3339 1640 3368 ln.
1677 3335 1796 3374 Quintil.
1807 3336 1836 3365 in
1846 3343 1964 3373 prooem.
1984 3331 2032 3362 lib.
2044 3337 2068 3366 8.
2093 3329 2234 3367 Praecipue
2254 3328 2327 3358 circa
2343 3331 2428 3365 partis
2444 3324 2519 3358 11qu
2561 3335 2565 3338 ·

1440 3385 1577 3416 praecepta
1585 3375 1743 3406 elaboravit.
1870 3392 1875 3394 >
2546 3371 2547 3385 ³

1421 3417 1536 3446 Animus
1547 3416 1584 3444 est
1593 3416 1666 3444 circa
1677 3414 1737 3442 cam
1760 3421 1798 3441 os.
1821 3409 1889 3440 Hor.
1902 3417 1928 3439 2.
1949 3407 2040 3438 Carm.
2055 3416 2079 3441 ς.
2093 3415 2118 3440 5.

1502 3453 1581 3482 Circa
1592 3452 1710 3480 virentes
1720 3422 1758 3479 elz
1767 3449 1876 3478 animus
1889 3452 1944 3476 tuae
2058 3443 2179 3480 Campos
2187 3441 2322 3477 juvencae.

1421 3491 1562 3520 Circaima
1571 3489 1718 3519 subsistere.
1742 3485 1860 3523 Quintil.
1870 3485 1898 3515 in
1907 3491 2025 3522 prooem.
2036 3481 2085 3511 lib.
2099 3490 2122 3510 1.
2213 3515 2219 3522 .
2255 3515 2261 3521 ⁸
2303 3514 2309 3521 ι

1420 3529 1498 3560 Circa
1511 3528 1681 3558 Demetrium
1691 3546 1699 3560 ‚
1720 3534 1770 3563 pro
1782 3523 1860 3553 Circa
1867 3521 2142 3557 Demetriitempora.
2164 3514 2281 3552 Quintil.
2291 3513 2338 3543 lib.
2353 3520 2377 3543 1.
2391 3521 2450 3550 cap.
2460 3515 2486 3546 4.
2600 3543 2604 3548 .

1421 3566 1517 3600 Circa.
1539 3575 1589 3603 pro
1597 3566 1719 3594 Circum.
1760 3562 1818 3590 Cic.
1829 3573 1856 3595 4.
1873 3561 1926 3589 Att.
1944 3568 1986 3593 19.
2006 3556 2132 3586 Nostram
2149 3552 2384 3595 ambulationem,
2405 3551 2430 3580 ἃ
2442 3547 2518 3579 Laeo·
2567 3583 2578 3589 Ι,
2602 3557 2604 3587 j

1439 3605 1535 3634 nicum
1546 3625 1553 3638 ,
1574 3612 1661 3639 eaque
1670 3610 1729 3638 quae
1738 3600 1810 3629 circa
1818 3597 1975 3630 sintvelim,
1996 3603 2081 3631 quum
2090 3591 2208 3631 poteris,
2230 3589 2336 3619 invrfiis.
2358 3588 2392 3618 Et
2404 3584 2517 3617 adele·
2602 3605 2604 3612 .

1440 3652 1473 3679 gc
1487 3644 1545 3678 Agr.
1557 3651 1601 3669 20.
1624 3640 1719 3676 Quum
1732 3635 1830 3667 Rullus
1839 3635 1961 3671 Capuam
1973 3655 1980 3667 ,
2002 3634 2027 3662 δι
2037 3631 2118 3661 urbes
2130 3629 2202 3659 circa
2212 3627 2335 3665 Capuam
2346 3621 2499 3663 occuparit?
2542 3632 2553 3638 *¹
2593 3619 2604 3636 ·’

1419 3716 1531 3747 subvehi
1544 3721 1714 3744 commeatus
1723 3717 1839 3750 poterat.
1880 3710 1913 3739 Et
1922 3708 2012 3738 Tacit.
2022 3716 2046 3735 2.
2059 3707 2129 3735 Ann.
2143 3714 2186 3734 11.
2197 3713 2224 3740 4.
2245 3700 2407 3732 Cariovalda
2415 3698 2515 3732 labitur,

1421 3757 1446 3785 ἅ
1456 3753 1536 3783 inulti
1548 3753 1686 3781 nobilium
1696 3751 1778 3780 circa.
1802 3749 1834 3778 Et
1847 3747 1930 3777 Ovid.
1945 3755 1969 3781 3.
1988 3744 2055 3774 Met.
2068 3752 2131 3778 4¹¹·
2535 3737 2537 3744 '

1511 3792 1628 3819 Gramen
1637 3796 1694 3818 erat
1704 3788 1775 3817 circa
1785 3808 1793 3820 .
1814 3785 1889 3822 quod
1904 3783 2045 3821 proximus
2059 3780 2160 3809 humor
2167 3777 2267 3808 alebat.

1420 3828 1500 3858 Circa
1511 3830 1594 3856 etiam
1605 3829 1673 3856 Ante
1690 3824 1839 3862 significare
1854 3823 1969 3851 videtur.
1989 3857 1994 3862 .
2008 3819 2066 3847 Liv.
2078 3828 2122 3846 21.
2134 3825 2179 3853 43.
2210 3816 2311 3858 Dextra
2327 3813 2446 3878 laevague
2461 3807 2514 3839 duo
2600 3834 2604 3854 ξ

1438 3868 1522 3895 maria
1534 3865 1683 3897 claudunt,
1705 3862 1808 3892 nullam
1821 3870 1856 3890 ne
1865 3860 1900 3888 ad
1911 3857 2045 3894 effugium
2062 3864 2161 3884 navem
2179 3852 2352 3882 habentibus.
2413 3856 2466 3878 irca
2473 3842 2515 3876 Pt-

1439 3904 1490 3933 dus
1498 3902 1586 3933 amuis
1598 3923 1607 3939 ,
1628 3902 1716 3938 major
1725 3909 1757 3930 ac
1768 3897 1917 3930 violentior
1928 3894 2082 3928 Rhodam,
2102 3892 2136 3922 ab
2142 3898 2220 3929 tergo
2230 3890 2311 3928 Alpes
2321 3892 2424 3925 urgent.
2443 3925 2464 3956 C
2485 3932 2501 3954 ι

2471 3935 2481 3954 1
2505 3939 2515 3948 .
