2600 4177
396 136 711 194 AUR‘

25 237 99 277 Exigi
113 246 185 267 aure.
227 235 345 273 Quintil.
359 236 406 266 lib.
425 248 447 267 1.
461 247 521 275 cap.
538 247 562 273 ς.
593 238 644 269 Illa
656 247 721 268 vero
740 248 797 269 non
816 239 864 269 nisi
880 248 945 271 aure
968 241 1135 280 exiguntur,

44 287 99 314 quae
114 276 241 312 fiuntper
251 275 339 304 sonos.
363 276 380 304 i.
399 285 423 304 e.
446 277 555 306 auribus
567 275 764 311 dijudicantur.

25 315 111 347 Ferire
126 323 211 342 aures.
254 313 311 341 Cic.
323 323 347 341 2.
359 313 394 341 de
405 314 481 342 Orat.
495 323 555 349 ³44.
578 314 690 344 Feriiint
702 316 776 344 enim
791 325 869 344 aures
885 316 1032 346 hominum
1042 339 1050 349 ,
1071 326 1137 346 eum

16 327 19 382 l
41 351 86 383 illa
98 361 155 387 qua:
170 350 292 387 jucunda
305 352 331 380 δι
340 357 415 388 grata
426 373 434 386 ,
453 357 513 380 tum
525 352 610 381 etiam
622 353 670 382 illa
682 362 742 390 qure
754 353 888 383 mirabilia
904 352 966 384 sunt
978 356 1005 383 in
1017 356 1117 384 virtute
1128 375 1137 390 ‚

17 395 18 424 l
44 389 154 419 laudari.

16 425 185 460 {Feritsonus
196 425 316 463 trepidas
328 435 413 455 aures.
436 426 500 455 Sen.
516 426 606 456 OEth.
621 430 663 456 16.
705 427 790 464 Quod
809 428 881 466 Virg.
897 438 921 465 3.
938 426 1000 459 IEn.
1012 439 1058 465 40.

17 493 18 499 ἵ
133 463 192 492 Vox
206 464 316 492 reddita
327 464 412 492 fertur
421 464 454 492 ad
470 473 556 493 aures.

16 501 129 535 2Garrire
141 522 150 535 ,
171 501 276 535 ridere,
299 510 423 535 cantare,
445 501 558 530 laudare
570 502 598 530 in
608 511 711 531 aurem.
731 501 851 533 Martial.
863 503 913 534 lib.
931 514 1012 540 1.90.

104 539 193 567 Garris
206 539 233 567 in
247 548 338 568 aurem
351 538 456 575 semper
469 539 599 568 omnibus
616 539 722 569 Cinna:

104 576 192 605 Garris
204 577 229 606 Sc
240 576 310 605 illud
321 599 329 611 ,
342 577 408 605 teste
418 577 569 613 quodlicet
583 576 670 606 turba.

103 613 187 643 Rides
198 615 226 642 in
237 622 329 643 aurem
343 636 350 648 ,
373 615 492 651 quereris
505 637 512 649 ,
534 615 624 652 arguis
635 636 644 650 ,
669 614 759 652 ploras
775 626 782 646 :

105 651 204 680 Cantas
217 652 244 680 in
256 661 349 680 aurem
361 673 368 684 .
392 652 498 683 iudicas
509 675 515 685 ,
537 659 611 681 taces
621 674 628 686 ,
649 654 760 683 clamas.

104 689 218 718 Adeone
230 690 341 732 penitus
350 688 419 718 sedit
429 690 473 718 hic
484 690 532 718 tibi
544 690 655 719 morbus
665 713 673 724 ,

103 724 140 755 Ut
149 725 256 764 saepein
266 736 357 756 aurem
370 749 378 761 ,
399 727 488 756 Cinna
500 750 507 762 ,
527 727 658 757 Caesarem
678 727 796 758 laudes?
892 728 1011 758 Cinnam
1036 739 1064 759 ar
1083 727 1144 764 uit,

47 761 89 794 tui
108 769 202 793 tantus
224 764 251 793 in
268 774 360 793 aurem
379 765 493 794 dicendi
507 766 601 795 omnia
610 765 722 795 morbus
735 766 890 801 insederat,
913 774 944 797 ut
962 778 997 796 ne
1011 767 1056 796 Cae
1070 776 1145 796 arem

47 802 158 840 quidem
169 809 262 839 aperte
272 802 403 831 laudaret.

29 839 133 871 Habere
144 839 236 868 faciles
246 849 332 869 aures.
375 840 493 876 Quintil.
510 840 558 870 lib.
572 844 598 870 6.
615 851 677 879 cap.
692 852 716 876 ς.
747 841 818 871 Nam
840 843 865 871 ἃ
884 841 980 871 faciles
990 841 1089 871 habuit
1099 851 1146 869 au-

47 886 88 907 res
101 899 109 912 ,
130 878 155 907 &
173 884 268 906 natura
285 877 466 915 sequebatur,
488 887 518 907 ut
534 878 650 908 meliora
668 878 816 917 probantes
836 881 965 917 pejorum
982 881 1142 918 poeniteret.

48 914 74 944 h.
86 924 109 944 e.
133 915 235 944 Nactus
246 915 283 944 est
294 915 390 945 faciles
401 918 426 945 ἃ
440 916 566 946 volentes
578 917 727 946 auditores.

31 952 134 984 Habere
143 958 242 982 teretes
254 963 341 982 aures.
382 954 411 982 V.
433 953 548 983 Teretes
560 956 586 984 Sc
601 954 731 992 religiosae
742 965 829 984 aures.

30 989 119 1022 Habet
131 1000 208 1035 apres
220 990 333 1020 hebetes
344 1013 352 1025 ,
374 991 430 1028 Qui
441 992 613 1029 negligenter
624 992 720 1027 audit,
740 993 784 1021 vel
804 1003 861 1021 non
878 998 956 1022 curat
976 993 1072 1023 audire
1085 1001 1145 1030 quae

47 1027 183 1057 audienda
199 1028 269 1057 sunt.
311 1029 369 1058 Cic.
381 1039 430 1067 pro
446 1029 535 1059 Plane.
550 1033 594 1058 66.
627 1030 697 1059 Nam
721 1031 898 1068 posteaquam
918 1031 985 1060 sensi
1008 1031 1146 1069 populum

46 1064 202 1096 Romanum
213 1076 291 1095 aures
302 1066 476 1101 hebetiores,
498 1068 595 1097 oculos
607 1077 681 1097 acres
699 1075 781 1104 atque
800 1076 897 1098 acutos
914 1069 1031 1103 habere,
1055 1069 1145 1098 destiti

47 1102 113 1140 quid
124 1103 158 1131 de
167 1112 211 1132 me
228 1104 348 1133 audituri
361 1105 447 1134 essent
464 1106 591 1135 homines
603 1127 611 1139 ,
632 1106 762 1143 cogitare.
803 1107 920 1144 Sumpta
931 1107 1092 1144 metaphora
1111 1107 1146 1135 ab

48 1139 103 1178 ipsa
114 1141 220 1169 ratione
239 1142 371 1177 naturali,
393 1149 474 1180 atque
489 1143 559 1172 adeo
580 1143 792 1180 physiognomia
813 1144 895 1182 iplius
909 1146 1023 1182 capitis:
1047 1144 1146 1181 quibus

16 1188 17 1208 i
48 1178 121 1207 enim
133 1178 260 1215 oblongae
271 1178 332 1208 sunt
341 1189 419 1209 aures
430 1203 437 1214 ,
460 1181 479 1209 ii
493 1182 606 1217 quidem
618 1182 726 1219 optime
737 1182 855 1211 audiunt
869 1192 875 1211 :
897 1183 944 1219 qui
961 1190 1054 1212 autem
1065 1183 1147 1211 hebe—

14 1254 17 1270 1
38 1221 87 1283 ‚ges
106 1215 211 1291 habsnlt
222 1218 349 1283 {eminus
366 1218 525 1248 cavernosas
538 1241 546 1254 ‚
566 1219 586 1247 ii
600 1219 767 1249 deteriorem
783 1220 916 1250 audiendi
931 1220 1090 1250 facultatem
1101 1220 1147 1249 ha-

67 1259 121 1282 ent.
204 1264 221 1283 n
235 1262 298 1285 cite.
437 1280 442 1288 .

14 1276 137 1358 lAPquid
147 1293 219 1322 auris
227 1293 290 1322 hab.
313 1292 383 1323 Gell.
399 1302 441 1331 ¹3·
456 1303 497 1330 19.
517 1294 546 1324 Si
555 1293 662 1332 aliquid
672 1295 744 1324 auris
755 1295 866 1332 habeas,
875 1296 974 1326 sentias
984 1296 1146 1326 suavitatem

60 1336 159 1360 onituS.

14 1383 16 1395 l
29 1367 154 1399 Imbuere
166 1377 244 1397 aures
252 1367 431 1399 sermonibus.
452 1369 540 1399 Tacit.
552 1381 577 1406 4.
590 1370 658 1400 Hist.
670 1379 697 1408 7.

14 1405 172 1443 iImpellere
182 1416 268 1436 aures.
290 1407 362 1444 Virg.
375 1419 400 1443 4.
419 1408 518 1445 Georg.
535 1417 597 1445 349.

14 1442 154 1483 [Implere.
194 1444 226 1474 In
256 1455 265 1473 1
274 1455 295 1473 M
304 1455 318 1474 Ρ
328 1456 343 1473 L
355 1455 367 1473 E
377 1455 404 1474 o.

14 1480 144 1519 'Implere
154 1491 230 1511 aures
239 1481 419 1512 sermonibus.
444 1483 527 1513 Ovid.
546 1493 588 1513 12.
610 1483 679 1513 Met.
695 1486 739 1520 5⁶·

14 1519 18 1550 l
29 1517 168 1550 Inculcare
178 1519 204 1549 se
214 1520 325 1550 auribus
335 1521 460 1557 alicujus.
498 1521 531 1551 In
561 1533 570 1550 1
581 1531 603 1551 Ν
611 1531 628 1551 c
638 1532 656 1551 u
666 1533 683 1550 1.
691 1531 708 1551 e
718 1532 744 1551 o.

14 1556 145 1589 llnfluere
156 1558 183 1586 in
194 1568 271 1588 aures
280 1559 389 1597 populi.
430 1559 461 1588 ln
482 1569 519 1588 1N
529 1571 541 1588 ιι
551 1571 566 1588 L
577 1570 594 1589 u
604 1569 631 1589 o.

28 1594 157 1626 lnservire
165 1596 285 1626 auribus.
308 1596 378 1626 Gell.
389 1596 438 1626 lib.
456 1606 495 1631 η.
508 1607 568 1635 cap.
586 1607 627 1633 19-

29 1632 196 1670 Interrogare
206 1644 297 1664 aurem
309 1634 392 1664 suam.
435 1634 504 1664 Gell.
517 1635 562 1664 lib.
581 1644 621 1672 13.
639 1645 699 1673 cap.
713 1645 755 1671 ῐ9.
794 1635 893 1665 Aurem
904 1641 979 1666 tuam
990 1635 1145 1674 interroga,

48 1680 102 1707 quo
113 1671 179 1708 quid
189 1671 410 1702 lococonveniat
422 1673 523 1702 dicere.
547 1673 621 1710 quod
637 1673 682 1702 illa
693 1673 819 1708 suaserit,
841 1674 868 1702 id
891 1675 1016 1712 profecto
1035 1676 1086 1703 erit
1107 1684 1148 1704 re—

4 1715 6 1717 “
46 1708 203 1739 dissimum.
243 1710 317 1740 Tum
328 1711 404 1747 isqui
415 1711 572 1747 quaefierat:
596 1711 728 1748 Quonam
739 1712 825 1740 modo
847 1712 979 1749 (inquit)
1001 1713 1147 1742 visaurem

46 1755 135 1777 meam
146 1747 311 1786 interrogem
321 1749 335 1777 ‘2
358 1748 390 1778 Et
401 1748 517 1778 Probum
527 1750 565 1778 ait
574 1749 742 1786 respondisse
754 1759 759 1777 :
783 1750 848 1785 Quo
858 1748 932 1779 suam
948 1750 1076 1787 Virgilius
1087 1760 1149 1788 per-

47 1786 252 1820 cunstatusest,
273 1787 320 1823 qui
330 1786 575 1823 diversisinlocis,
595 1787 675 1816 urbes
687 1789 713 1817 ὃς
727 1787 802 1816 urbis
819 1788 909 1823 dixit,
931 1788 1045 1817 arbitrio
1061 1788 1149 1817 consi-

47 1821 141 1859 lioque
154 1823 214 1853 usus
226 1824 307 1854 auris.

29 1859 126 1896 Juvare
134 1871 212 1890 aures
220 1868 311 1892 cantu.
352 1861 458 1892 Lucret.
471 1871 494 1898 ς.
511 1867 590 1898 1380.
611 1862 663 1892 i.e.
687 1862 849 1899 Delefftare,
868 1862 914 1893 seu
928 1863 1087 1893 Obledtare.

29 1898 261 1929 Lacessantvoces
269 1909 355 1929 aures.
376 1900 482 1929 Lucret.
500 1911 524 1934 4.
537 1905 601 1930 601.

29 1936 118 1967 Micat
129 1937 238 1967 auribus
249 1947 344 1975 equus.
367 1938 438 1975 Virg.
455 1948 476 1973 3.
490 1938 589 1975 Georg.
602 1944 646 1973 84.

30 1973 127 2004 Movet
137 1975 226 2012 fragor
236 1977 366 2005 attonitas
373 1986 460 2012 aures.
482 1975 545 2006 Sen.
559 1976 650 2007 OEth.
663 1981 687 2010 8.

29 2012 192 2044 Mulcendas
203 2020 282 2044 natus
294 2014 328 2043 ad
339 2024 424 2050 aures,
445 2015 544 2044 Carior.
567 2014 651 2044 Ovid.
667 2025 690 2049 ς.
707 2014 777 2043 Met.
792 2017 853 2049 561.

28 2050 188 2089 Obgannire
205 2053 240 2082 ad
256 2062 369 2089 aurem,
397 2062 448 2091 pro
468 2052 587 2083 Moleste
601 2051 765 2082 insusurrare
787 2054 814 2082 &
833 2052 998 2083 obtundere.
1040 2051 1074 2084 In
1093 2062 1153 2082 oa-

49 2098 68 2118 e
76 2099 96 2118 A
105 2099 124 2118 N
134 2099 154 2118 N
165 2101 172 2118 ι
182 2100 207 2119 o.

31 2125 176 2157 Obstruere
184 2137 272 2158 aures.
293 2127 366 2166 Virg.
377 2139 403 2164 4.
418 2127 478 2158 AEn.
491 2138 555 2164 440.

31 2165 192 2195 obtundere
199 2175 277 2196 aures
286 2166 321 2196 ali
343 2176 377 2195 ua
388 2175 425 2195 re.
465 2165 497 2195 V.
520 2165 602 2204 paulo
622 2166 701 2203 post,
723 2165 845 2196 Praebere
861 2176 941 2197 aures
957 2176 1017 2196 non
1028 2166 1146 2198 obtusas.

31 2202 180 2233 Offendere
189 2213 274 2234 aures.
318 2177 347 2234 V.
371 2203 468 2242 supra,
489 2204 630 2240 judicium
640 2205 746 2233 aurium
761 2202 903 2242 superbiss.

31 2240 150 2271 Onerare
160 2242 234 2272 odio.
278 2241 308 2271 V.
332 2252 348 2272 0
358 2252 378 2271 N
387 2252 401 2271 13
410 2253 424 2270 R
436 2251 462 2271 o.

30 2277 149 2310 Pandere
157 2279 313 2309 rumoribus
321 2290 414 2310 aurem
426 2280 545 2309 avidam.
567 2279 665 2309 Claud.
675 2289 700 2309 2.
714 2280 741 2309 in
753 2280 832 2309 Cons.
850 2290 873 2310 1.
891 2280 951 2311 Stil.
965 2290 1010 2318 47.

30 2316 140 2348 Parcere
149 2318 260 2347 auribus
268 2317 383 2354 alicujiis
394 2340 402 2351 ,
424 2318 462 2347 est
479 2318 544 2347 Non
555 2317 652 2356 saepius
662 2319 801 2347 inculcare
810 2318 879 2348 illud
889 2320 965 2356 quod
973 2319 1077 2349 invitus
1087 2318 1149 2355 quis

48 2355 147 2386 audiat.
168 2356 231 2386 Seri.
248 2357 274 2385 iri
285 2355 394 2393 OEdip.
411 2366 453 2391 14.

31 2391 181 2423 Patefaeere
190 2404 268 2423 aures
281 2393 499 2423 assentatoribus.
537 2393 595 2423 Cic.
612 2403 635 2423 1.
654 2393 711 2423 Off.
728 2403 771 2428 91.
808 2393 909 2424 Iisdem
925 2395 1097 2432 temporibus
1107 2405 1151 2425 ca-

49 2432 169 2461 vendum
179 2432 217 2461 est
229 2441 264 2461 ne
273 2431 480 2462 assentatoribus
492 2432 692 2470 patefaciamus
705 2441 799 2467 aures,
821 2442 874 2462 nec
888 2432 994 2462 adulari
1016 2443 1068 2463 nos
1084 2433 1151 2463 sina—

50 2479 109 2500 mus
120 2492 128 2505 ,
149 2470 177 2498 iri
186 2480 240 2507 quo
250 2469 307 2499 falli
316 2470 399 2499 facile
410 2471 459 2499 est.

16 2512 19 2540 l
31 2505 126 2537 Patent
135 2517 214 2537 aures
225 2507 343 2545 querelis
352 2508 489 2537 oninium.
528 2507 559 2537 In
580 2517 594 2537 P
605 2518 622 2537 A
632 2517 652 2537 T
662 2518 676 2537 a
686 2517 712 2536 0.

16 2543 126 2575 lPatent
136 2555 213 2575 aures
223 2546 367 2584 praeceptis
376 2546 504 2575 oninium
521 2546 700 2583 monitisque.
741 2545 799 2575 Cic.
817 2555 858 2579 14.
877 2545 997 2584 Philipp.
1011 2555 1055 2575 20.
1090 2545 1151 2576 Me-

16 2602 19 2613 .
50 2584 255 2617 moriatenent,
277 2593 321 2612 me
333 2589 396 2612 ante
414 2583 489 2612 diem
509 2593 597 2613 xiiii
614 2584 671 2613 Cal.
689 2584 750 2619 Jan.
765 2585 920 2621 principem
940 2584 1100 2614 revocandae
1120 2584 1152 2613 li-

52 2620 161 2650 bertatis
177 2621 270 2650 fuisse:
294 2631 339 2650 me
350 2631 385 2650 ex
402 2621 458 2650 Cal.
475 2621 536 2658 Jan.
557 2622 591 2651 ad
609 2622 681 2651 hanc
690 2622 785 2650 horam
796 2621 948 2659 invigilasse
962 2622 1150 2659 Reipublicae}

51 2668 140 2688 meam
152 2659 268 2726 domqsm
277 2679 286 2694 ,
307 2669 438 2696 measque
445 2669 523 2689 aures
532 2659 591 2689 dies
602 2661 628 2690 δι
642 2661 739 2689 ηοξὶεε
751 2661 877 2689 omnium
897 2661 1045 2698 praeceptis
1062 2661 1152 2689 moni-

51 2697 140 2734 tisque
148 2698 222 2735 patui
247 2707 270 2726 e.
488 2707 491 2713 s

35 2732 129 2764 Patent
137 2745 214 2764 aures
227 2736 261 2764 ad
277 2734 502 2772 disputationem.
544 2735 602 2765 Cic.
616 2744 640 2771 ³·
659 2735 734 2765 Fam.
745 2740 770 2770 8.
799 2734 860 2771 Jam
872 2745 931 2765 non
952 2743 1009 2765 tam
1027 2736 1098 2765 mihi
1113 2736 1152 2765 vi-

54 2773 152 2802 dentur
169 2774 297 2809 injuriam
311 2773 401 2803 facere
417 2774 451 2809 ii,
469 2774 516 2811 qui
532 2773 593 2803 haec
610 2773 771 2811 disputant,
793 2784 876 2811 quam
893 2774 912 2803 si
924 2775 1004 2810 cujus
1019 2784 1099 2804 aures
1116 2774 1152 2804 ad

53 2810 124 2840 hanc
135 2811 349 2850 disputationem
359 2818 464 2849 patent.

36 2846 141 2887 Pepulit
153 2859 231 2879 aures
242 2859 316 2879 meas
324 2849 460 2879 fremitus.
483 2849 547 2879 Seri.
561 2848 677 2887 Hippol.
688 2857 713 2885 7.

35 2885 206 2916 Perenne’tari
214 2897 306 2917 aurem
315 2887 400 2916 suam.
443 2887 472 2917 V.
502 2886 585 2924 paulo
595 2894 659 2916 ante
672 2887 844 2926 Interrogare
853 2896 947 2917 aurem
954 2887 1039 2918 suam.

37 2923 164 2954 Percussit
173 2935 250 2955 aures
261 2935 394 2955 murmur.
423 2925 485 2955 Seri.
495 2925 525 2954 in
536 2926 628 2962 Agam.
642 2935 668 2962 7.

37 2961 241 3001 Peregrinantur
250 2973 344 2997 aures,
367 2963 463 3000 Quum
481 2973 538 2992 non
548 2962 688 2992 versantur
705 2963 734 2992 in
746 2969 896 3001 pervagato
913 2963 1032 2993 civitatis
1051 2962 1152 2993 sermo-

55 3009 108 3030 ne:
130 3011 215 3038 quum
223 3000 272 3030 soli
284 3002 442 3039 ignoramus
451 3011 510 3039 quae
519 3011 617 3031 omnes
630 3008 734 3030 norunt
745 3002 772 3030 in
786 3001 853 3030 urbe
862 3001 927 3029 fieri.
967 3001 1024 3030 Cic.
1037 3012 1087 3039 pro
1099 3002 1153 3031 Mi-

51 3037 109 3068 lon.
126 3048 166 3075 13.
190 3040 229 3068 An
241 3049 307 3068 vero
316 3038 445 3074 Judi'ces,
468 3048 516 3068 vos
525 3038 573 3068 soli
588 3039 720 3075 ignoratis
731 3061 739 3074 ,
760 3049 809 3068 vos
829 3039 950 3077 hospites
968 3038 996 3067 iri
1014 3039 1066 3069 hac
1083 3039 1152 3069 urbe

55 3076 217 3112 versamini,
237 3077 330 3106 vestrae
346 3077 555 3114 peregrinantur
564 3087 642 3106 aures
653 3098 660 3112 ,
682 3086 773 3114 neque
791 3077 821 3106 in
831 3076 886 3106 hoc
896 3084 1044 3115 pervagato
1056 3078 1154 3107 civita-

56 3114 88 3144 tis
97 3114 219 3144 sermone
230 3114 388 3144 versantur‘?
409 3124 474 3151 quas
486 3114 532 3143 ille
543 3114 633 3153 leges,
649 3117 702 3144 διε.

38 3149 178 3182 Perfluunt
187 3162 264 3182 aures
274 3153 356 3182 dieta.
380 3152 501 3189 Quintil.
516 3152 563 3182 lib.
576 3163 600 3182 2.
612 3163 673 3191 cap.
684 3164 708 3188 5.

38 3188 196 3219 Permovere
206 3200 284 3220 aures
296 3190 432 3228 precibus.
455 3189 552 3219 Claud.
565 3190 600 3219 de
608 3191 682 3220 Sext.
694 3189 775 3219 Cons.
788 3189 861 3220 Hon.
875 3192 938 3226 368.

38 3226 207 3258 Permulcere
218 3227 397 3258 assistentium
408 3237 494 3257 aureS.
521 3228 640 3265 Quintil.
653 3228 701 3258 lib.
715 3238 739 3257 2.
752 3238 814 3266 cap.
830 3238 871 3257 12.

38 3263 182 3296 Personant
190 3276 276 3296 aures.
314 3266 347 3296 In
374 3276 388 3295 ι’
397 3276 411 3295 iz
422 3276 436 3294 R
447 3276 458 3295 s
468 3276 484 3295 o
496 3275 516 3295 N
526 3276 552 3295 o.

39 3302 215 3342 Perstringere
224 3313 312 3334 aures.
334 3305 352 3333 i.
364 3314 388 3333 e.
408 3304 531 3334 Strictim
541 3309 695 3341 penetrare.
719 3303 785 3334 Hor.
799 3312 823 3332 2.
841 3303 931 3332 Carm.
945 3312 968 3332 1.
984 3308 1027 3337 18.

40 3340 188 3372 Pervellere
199 3352 302 3372 aurem.
331 3343 394 3371 Seri.
409 3341 454 3371 lib.
465 3353 491 3377 4.
504 3342 538 3371 de
550 3342 696 3372 Beneficiis
706 3364 714 3376 ,
739 3351 797 3378 cap.
814 3345 856 3375 36.
882 3341 940 3370 Nec
951 3348 1083 3377 tanquam
1094 3351 1154 3372 mu.

57 3388 109 3409 nus
120 3380 206 3416 dabo,
226 3380 274 3410 sed
287 3381 369 3409 verba
382 3380 602 3414 mearedimam,
623 3381 650 3410 ἃ
664 3389 758 3409 aurem
776 3379 845 3408 milii
862 3377 1027 3416 pervellam:
1050 3380 1153 3410 damno

59 3417 193 3456 castigabo
208 3418 397 3456 promittentis
411 3418 608 3447 temeritatem.
649 3418 749 3447 Rursus
760 3417 806 3446 lib.
824 3427 846 3451 ς.
857 3426 916 3454 cap.
932 3425 957 3453 7.
981 3416 1087 3454 Loquar
1097 3428 1155 3447 me-

64 3464 127 3485 cum
137 3478 145 3492 ,
165 3457 192 3486 δε
202 3456 270 3485 mihi
282 3465 377 3485 aurem
390 3455 551 3493 pervellam.
574 3456 601 3484 h.
614 3465 637 3484 e.
662 3455 716 3485 Ero
727 3454 851 3491 mihiipsi
861 3455 994 3489 monitor,
1015 3464 1051 3484 ne
1065 3455 1157 3485 simili-

60 3498 230 3531 terpeccem.
256 3493 287 3523 V.
307 3493 422 3523 Vellere.
444 3493 617 3530 [Bud.legit
632 3493 791 3523 Provellam.
815 3491 970 3522 Praevellam
981 3493 1046 3522 ferri
1055 3493 1154 3532 posset.

42 3530 184 3561 Pervenire
195 3532 229 3561 ad
239 3541 317 3561 aures
325 3532 442 3566 dicitur,
464 3531 541 3568 quod
553 3531 676 3560 Auditur.
702 3532 770 3568 Virg.
786 3541 811 3559 2.
824 3530 885 3560 AEn.
898 3535 944 3564 81.

41 3567 168 3599 Pervenit
182 3570 216 3598 ad
228 3579 306 3599 aures
315 3570 429 3598 crimen.
451 3569 535 3598 Ovid.
548 3578 574 3598 2.
590 3570 625 3599 de
632 3572 762 3599 ArteAm.
774 3577 840 3605 449.

44 3605 149 3637 Placere
160 3607 279 3637 auribus.
301 3607 419 3637 Martias
434 3606 482 3635 lib.
494 3617 519 3636 2.
533 3611 577 3640 86.

118 3645 225 3674 Scribat
231 3646 354 3674 carmina
361 3644 472 3674 circulis
487 3644 642 3675 Palaemon:

77 3699 81 3702 <
121 3682 169 3712 Me
178 3683 243 3712 raris
253 3684 330 3719 juvat
340 3684 451 3712 auribus
462 3682 580 3720 placere.

45 3718 165 3750 Praebere
174 3730 276 3750 aurem.
299 3721 382 3751 Ovid.
392 3730 418 3756 7.
431 3721 500 3750 Met.
513 3726 576 3754 821.

45 3756 165 3788 Praebere
173 3768 250 3788 aures
259 3768 316 3787 non
328 3759 446 3787 obtusas.
487 3759 545 3787 Cic.
560 3759 656 3795 Anteq.
667 3757 720 3786 iret
737 3756 766 3786 in
778 3755 843 3785 exil.
857 3763 899 3792 13.
920 3753 1007 3786 Nunc
1023 3756 1041 3786 fi
1060 3757 1160 3789 eadem

64 3797 189 3825 conditio
203 3796 409 3834 disceptationis
429 3803 651 3834 proponeretur,
681 3796 749 3832 aequi
776 3795 915 3824 auditores
934 3794 1159 3832 adhibebuntur,

64 3842 209 3863 auresnon
217 3834 319 3863 obtusae
329 3835 540 3867 criminatione,
561 3833 608 3862 sed
623 3843 715 3862 vacuae
727 3832 935 3871 praebebuntur.

47 3869 176 3901 Praecludi
187 3881 264 3901 aures
272 3872 362 3901 alicui.
385 3872 504 3908 Quintil.
518 3872 566 3901 lib.
579 3881 604 3908 7.
618 3881 680 3908 cap.
690 3881 716 3900 2.

48 3908 170 3939 Praestare
178 3918 271 3938 aurem
284 3911 376 3939 alicui.
400 3908 519 3939 Martial.
532 3910 579 3939 lib.
595 3920 637 3938 11.
647 3918 691 3944 25.

129 3949 225 3976 Aurem
233 3947 300 3976 dum
307 3949 358 3976 tibi
369 3948 464 3985 praesto
473 3947 611 3984 garrienti.

50 3981 138 4016 Pulsat
147 3994 226 4014 aures
241 3983 368 4016 ululatus.
391 3985 490 4016 Claud.
498 3986 534 4016 de
541 3985 609 4015 Bell.
619 3984 681 4015 Get.
696 3987 762 4020 625.

15 1064 18 1079 l

1216 3794 1411 3826 Aunirus,

1641 159 1668 194 A
1768 158 1800 194 U
1898 160 1929 197 R
2282 177 2347 211 3¹1

1227 239 1359 276 Qua’rere
1373 239 1482 270 auribus
1490 240 1608 278 effigiem
1619 240 1748 278 persefi‘ae
1763 241 1938 279 eloqiientiae.
1964 241 2021 272 Cic.
2035 242 2063 272 in
2076 243 2151 274 Orat.
2163 253 2189 280 9.

1228 278 1336 307 Radere
1348 289 1425 307 aures
1437 279 1576 308 delicatas.
1599 279 1718 315 Quintil.
1732 280 1778 308 lib.
1791 290 1815 316 3.
1830 290 1889 316 cap.
1902 289 1924 308 i.

1229 314 1364 352 Recipere
1376 316 1486 345 auribus
1499 339 1506 350 ,
1528 327 1579 354 pro
1593 317 1701 345 i'ludire.
1724 318 1791 346 Stat.
1808 327 1850 346 10.
1864 316 1954 347 Theb.
1970 321 2033 354 765.

1229 351 1366 389 Recipere
1377 353 1473 382 sonum
1488 365 1565 383 aures
1577 355 1716 383 dicuntur.
1748 356 1807 385 Cic.
1820 365 1846 384 2.
1864 356 1899 383 de
1916 355 1977 384 Nat.
1990 356 2070 384 Deor.
2089 365 2148 390 ¹4¹·
2171 357 2255 386 Aures
2267 368 2353 394 quum

1249 389 1347 418 sonum
1358 391 1479 426 recipere
1492 393 1612 420 debeant
1621 414 1628 426 ,
1652 393 1698 428 qui
1711 400 1805 421 natura
1817 394 1843 421 in
1854 392 1971 422 sublime
1984 393 2078 429 fei-tur,
2098 396 2171 423 reese
2184 396 2212 423 in
2224 396 2284 425 ultis
2296 407 2352 425 cor¹

1251 437 1351 463 porum
1364 429 1484 463 partibus
1494 430 1635 458 collocatse
1647 429 1717 458 suut.

1231 463 1377 501 Respirant
1389 475 1465 493 aures
1480 476 1503 495 a.
1545 467 1665 502 Quintil.
1684 467 1732 497 lib.
1749 477 1772 497 1.
1796 477 1856 506 cap.
1868 474 1894 502 8.
1927 468 2023 505 Quum
2035 469 2153 506 poeticis
2167 469 2356 507 voluptatibus

1253 511 1330 530 aures
1341 512 1355 530 a
1367 502 1464 531 forensi
1479 503 1621 541 asperitate
1632 504 1773 542 respirent.

1233 537 1379 576 Respuunt
1394 549 1471 569 aures
1481 543 1555 577 quod
1568 542 1667 570 durum
1680 552 1761 579 atque
1772 543 1904 573 absonum
1918 543 1963 572 est.
1985 543 2054 572 Gell.
2068 543 2113 573 lib.
2132 552 2171 580 13.
2189 554 2250 582 cap.
2268 555 2308 582 19.

1234 577 1318 613 Sequi
1329 586 1432 619 aurem.
1455 579 1471 606 i.
1484 587 1508 607 e.
1530 578 1670 613 Jiidiciiiin
1684 582 1764 610 auris.
1806 581 1876 610 (iell.
1890 581 1937 609 lib.
1954 589 1994 618 13.
2014 590 2075 618 cap.
2095 592 2135 614 10.
2167 583 2264 620 Neque
2277 585 2358 613 ratio.

1254 622 1319 642 nem
1330 614 1425 647 verbi,
1447 625 1536 651 neque
1548 616 1776 647 consuetudinem
1790 640 1796 653 ,
1817 618 1863 647 sed
1875 618 1958 648 solam
1976 629 2068 648 aurem
2082 618 2188 656 sequuti
2200 619 2261 650 sunt
2272 643 2279 657 ,
2304 621 2358 651 suis

1255 651 1338 680 verba
1353 651 1474 680 modulis
1490 654 1672 689 pensitantem

1236 688 1343 718 Sonant
1356 698 1441 717 aures.
1478 690 1546 719 Cels.
1560 691 1607 720 lib.
1624 703 1643 720 i.
1659 702 1718 729 cap.
1737 701 1761 727 3.
1792 692 1844 722 Cui
1854 690 1952 723 sonant
1963 703 2049 724 aures.
2081 694 2188 724 Sonant
2199 705 2276 726 aures
2287 697 2360 727 intra

1257 726 1283 755 se
1297 726 1376 764 ipsas.
1399 726 1475 755 ldem
1491 727 1538 756 lib.
1550 731 1575 756 6.
1587 738 1645 765 cap.
1662 738 1686 765 7.
1698 731 1718 767 ᾗ.
1734 736 1759 763 8.

1237 764 1318 793 Stant
1332 773 1419 792 aures.
1455 764 1483 793 V.
1506 764 1585 802 supra
1602 766 1722 803 Hispidae
1733 777 1819 796 aures.

1237 802 1353 831 Studere
1365 801 1612 835 auribusiudicum
1624 825 1632 837 ,
1654 805 1672 832 i.
1688 813 1711 832 e.
1735 805 1833 833 Causas
1849 815 1928 841 agere
1947 806 2020 843 apud
2032 807 2147 842 judices.
2171 807 2289 839 martial.
2309 810 2358 841 lib.

1260 849 1304 868 10.
1320 849 1361 873 19.
1383 839 1417 868 de
1429 838 1516 868 Plinio
1528 841 1653 875 juniore,
1672 842 1719 877 qui
1733 848 1863 878 patronus
1874 850 1931 872 erat
1940 844 2014 881 apud
2029 845 2232 876 Centumviros.

1320 876 1393 905 Dum
1404 885 1516 906 centum
1530 878 1620 906 studet
1630 879 1740 907 auribus
1752 880 1881 908 virorum.

1239 913 1429 951 Substringere
1446 915 1669 952 auremloquaci.
1693 916 1759 944 llor.
1776 926 1800 945 2.
1815 919 1902 946 Serm.
1920 929 1942 953 ς.
1956 929 2000 954 9ς.
2023 920 2040 948 i.
2053 930 2076 949 e.
2100 920 2280 959 Subjungere.

1238 951 1382 989 Suscipere
1394 952 1499 990 aliquid
1514 954 1542 981 in
1553 953 1666 983 alteram
1681 963 1783 982 aurem.
1807 954 1832 982 h.
1847 964 1869 983 e.
1894 957 1994 985 Animo
2007 967 2102 994 parum
2114 958 2216 988 securo.
2255 961 2300 990 Sic
2310 961 2363 991 sus-

1259 990 1352 1027 cipere
1363 1011 1371 1024 ,
1393 996 1423 1019 ut
1435 991 1546 1020 dubites
1554 999 1647 1020 tamen
1657 992 1766 1020 rectene
1780 991 1812 1020 slS
1826 992 1961 1027 neurius,
1979 1004 2013 1023 an
2024 994 2107 1023 secus.
2131 996 2188 1026 Cic.
2205 1008 2244 1030 iz.
2259 1001 2309 1028 Art.
2319 1010 2328 1028 1
2338 1010 2360 1029 1.

1259 1027 1314 1057 Sed
1329 1029 1460 1064 quoniam
1471 1036 1500 1057 tu
1517 1029 1629 1066 suscipis
1649 1029 1678 1057 in
1692 1027 1805 1058 alteram
1828 1040 1919 1059 aurem
1941 1032 1976 1060 de
1992 1034 2147 1062 retentione
2159 1056 2166 1067 ,
2189 1035 2308 1072 rescripsi
2328 1038 2363 1066 ad

1259 1071 1321 1094 tuas
1334 1072 1459 1095 accurate
1469 1066 1560 1095 literas
1572 1066 1693 1104 scriptas.
1735 1067 1871 1096 Conhcies
1884 1068 1966 1104 igitur
1979 1091 1986 1104 ,
2010 1071 2036 1098 ἃ
2048 1071 2159 1106 quidem
2173 1072 2227 1102 linc
2242 1074 2296 1103 ulla
2314 1076 2364 1104 du-

1259 1102 1396 1132 bitatione
1410 1105 1661 1134 autretractatione
1671 1105 1725 1134 hoc
1733 1105 1791 1134 fieri
1803 1107 1829 1134 ἅ
1839 1112 1970 1142 oportet,
1992 1108 2017 1136 ἃ
2032 1118 2102 1145 opus
2113 1109 2158 1138 est.
2201 1111 2251 1139 Alii
2271 1120 2363 1142 tamen

1260 1140 1296 1170 sic
1307 1140 1479 1178 distinguunt
1490 1163 1497 1176 ,
1524 1142 1578 1171 Sed
1590 1143 1637 1180 ipli
1650 1152 1731 1179 quam
1740 1153 1781 1172 res
1798 1142 1843 1171 illa
1856 1143 2035 1180 probaretur,
2058 1147 2143 1182 magis
2155 1148 2275 1178 verebar.
2308 1151 2364 1179 Sed

1260 1179 1393 1215 quoniam
1403 1187 1431 1208 tu
1440 1178 1552 1217 suscipis
1563 1201 1571 1215 ,
1589 1181 1618 1208 in
1628 1180 1740 1210 alteram
1754 1190 1857 1209 aurem.
1898 1181 2010 1210 Deinde
2020 1183 2255 1220 sequituralterius
2267 1188 2367 1224 episto-

1260 1216 1294 1245 lae
1306 1216 1418 1246 initium
1431 1238 1438 1252 ,
1461 1217 1501 1246 De
1514 1218 1671 1247 retentione
1682 1218 1800 1256 rescripsi
1812 1240 1820 1252 ,
1838 1219 1890 1248 &a
1920 1219 2117 1249 Sensusautem
2129 1222 2184 1256 est,
2206 1223 2236 1253 ln
2251 1225 2366 1256 alteram

1260 1263 1353 1283 aurem
1365 1264 1371 1283 :
1395 1254 1509 1284 subaudi
1523 1277 1530 1291 ,
1553 1255 1676 1285 Dormio.
1699 1257 1716 1285 i.
1733 1267 1757 1285 e.
1782 1257 1902 1286 Securus
1912 1256 1969 1286 sum
1981 1279 1989 1293 ,
2011 1258 2081 1287 nihil
2092 1268 2196 1290 vereor.

1241 1291 1364 1322 susurrat
1373 1302 1445 1322 aure.
1466 1293 1484 1322 i.
1497 1303 1520 1322 e.
1544 1293 1575 1323 In
1585 1303 1689 1323 aurem.
1711 1294 1795 1324 Ovid.
1808 1302 1832 1331 3.
1845 1294 1915 1324 Met.
1932 1299 1996 1333 ⁶43-

1241 1330 1370 1367 Tangere
1381 1340 1484 1361 aurem.
1511 1330 1578 1361 Plin.
1592 1331 1638 1361 lib.
1654 1342 1663 1360 1
1673 1342 1695 1361 1.
1712 1342 1773 1369 cap.
1785 1341 1831 1367 45.

1242 1367 1346 1405 Terget
1357 1377 1434 1397 aures
1444 1368 1534 1398 sonus.
1558 1369 1665 1399 Lucret.
1677 1369 1725 1399 lib.
1737 1375 1763 1400 6.
1779 1375 1840 1403 1¹8·

1241 1404 1393 1435 Tintinant
1404 1416 1492 1436 aures.
1515 1406 1604 1436 Catul.
1624 1418 1667 1443 49.
1683 1418 1724 1437 ii.
1743 1417 1777 1438 ex
1787 1407 1898 1437 emend.
1912 1407 2013 1446 Scalig.

1242 1442 1386 1480 Torquere
1398 1454 1492 1473 aurem
1502 1445 1536 1473 ab
1552 1445 1685 1475 obscaenis
1692 1445 1872 1476 sermonibus.
1896 1446 1964 1475 Hor.
1977 1457 2002 1476 2.
2015 1445 2097 1485 Epist.
2113 1456 2137 1477 1.
2152 1456 2214 1485 127.

1243 1481 1362 1511 Vellere.
1390 1482 1461 1519 Virg.
1476 1486 1501 1512 6.
1520 1482 1577 1512 Ecl.
1594 1492 1618 1519 3.

1336 1519 1432 1555 Quum
1444 1530 1572 1550 canerem
1583 1530 1659 1558 reges
1670 1543 1678 1555 ,
1700 1521 1726 1549 &
1735 1520 1829 1558 praelia
1841 1541 1848 1552 ‚
1870 1520 2007 1559 Cynthius
2020 1532 2113 1552 aurem

1336 1557 1434 1592 Vellit,
1456 1560 1481 1587 6(
1496 1559 1644 1588 admonuit
1656 1559 1800 1597 pastorem.
1899 1560 1948 1589 Ubi
1962 1561 2069 1590 Servius
2080 1583 2089 1596 ,
2113 1560 2195 1591 Vellit
2207 1584 2214 1596 ,
2236 1562 2252 1591 i.
2266 1571 2289 1592 e.
2304 1561 2371 1593 Mo-

1262 1595 1320 1624 vit:
1342 1604 1372 1624 ut
1380 1596 1445 1624 alibi
1455 1617 1462 1630 ,
1477 1596 1621 1633 Postesque
1633 1607 1649 1626 a
1663 1597 1776 1626 cardine
1788 1595 1872 1626 vellit.
1897 1597 2029 1627 Traetum
2041 1609 2055 1628 a
2067 1609 2144 1628 more
2155 1609 2367 1638 praeceptorum,

1263 1633 1384 1670 quidum
1400 1644 1501 1671 pueros
1514 1634 1575 1663 suos
1585 1635 1740 1664 admonent
1748 1635 1865 1669 alicuius
1875 1636 1930 1669 rei,
1952 1646 2047 1666 aurem
2063 1636 2173 1667 vellunt
2188 1647 2220 1667 ac
2241 1640 2368 1675 trahunt,

1265 1679 1296 1700 ut
1306 1672 1334 1700 in
1348 1679 1471 1701 mentem
1482 1678 1620 1702 revocent
1661 1672 1693 1701 V.
1716 1672 1869 1702 Pervellere
1878 1683 1980 1704 aurem.

1245 1708 1329 1738 Venit
1338 1709 1372 1738 ad
1381 1720 1457 1739 aures
1468 1711 1548 1739 fama.
1571 1710 1634 1740 Sen.
1649 1709 1679 1739 in
1691 1710 1788 1740 Odiav.
1805 1714 1831 1740 6.

1244 1746 1387 1776 Verminat
1400 1748 1481 1776 auris.
1522 1747 1553 1777 V.
1585 1758 1603 1777 A
1614 1758 1631 1776 υ
1644 1758 1659 1776 R
1669 1759 1677 1777 i
1687 1758 1699 1777 s
1709 1758 1725 1777 c
1737 1759 1754 1777 A
1765 1758 1803 1776 ιι)
1813 1759 1821 1777 i
1831 1758 1887 1778 υΜ.

1245 1784 1292 1814 Uti
1306 1785 1416 1814 auribus
1424 1785 1540 1821 alicujus
1551 1807 1559 1821 ,
1582 1785 1620 1815 Ab
1631 1785 1723 1823 aliquo
1733 1785 1829 1815 audiri.
1872 1787 1929 1816 Cic.
1942 1795 1967 1824 7.
1980 1786 2055 1817 Fam.
2070 1796 2113 1825 33.
2136 1786 2208 1818 Nam
2225 1790 2251 1819 ἃ
2268 1790 2372 1821 Cassius

1264 1829 1342 1857 tuus,
1365 1824 1391 1852 &
1405 1823 1547 1852 Dolabella
1559 1824 1667 1859 noster,
1690 1824 1733 1853 vel
1748 1825 1840 1862 potius
1857 1832 1973 1863 uterque
1985 1827 2075 1855 noster
2089 1849 2096 1861 ,
2118 1827 2214 1856 studiis
2226 1829 2324 1857 iisdem
2334 1837 2372 1858 te-

1265 1868 1384 1896 nentur,
1406 1862 1432 1890 &
1445 1862 1514 1890 meis
1527 1861 1684 1899 aequissimis
1694 1868 1810 1891 utuntur
1819 1863 1937 1893 auribus.
1959 1864 1977 1893 i.
1991 1873 2014 1892 e.
2033 1865 2195 1902 ffiquiffimo
2206 1866 2311 1901 judicio
2327 1877 2374 1896 au·

1268 1899 1342 1928 rium
1354 1908 1480 1928 meorum
1496 1905 1612 1928 utuntur
1627 1899 1825 1930 declamantes.

1208 1938 1230 1968 Λ
1238 1947 1257 1966 υ
1267 1947 1283 1965 R
1294 1947 1303 1965 1
1313 1946 1329 1966 c
1340 1947 1357 1965 u
1368 1947 1384 1965 L
1394 1947 1412 1965 A
1422 1959 1430 1972 ,
1451 1946 1482 1966 ae.
1500 1937 1518 1966 s.
1538 1937 1675 1975 Cartilago
1697 1937 1742 1967 illa
1753 1938 1791 1967 est
1801 1938 1906 1968 circum
1923 1938 2029 1968 aurium
2050 1941 2252 1970 concavitatem
2265 1963 2273 1975 ,
2296 1949 2327 1971 ut
2335 1943 2373 1972 ait

1245 1974 1322 2042 Vla'lia
1336 1974 1383 2004 lib.
1397 1984 1419 2004 i.
1457 1976 1512 2005 Sed
1534 1975 1699 2014 plerumque
1724 1975 1867 2013 usurpatur
1890 1987 1941 2015 pro
1959 1977 2018 2015 ipsa
2035 1987 2110 2008 aure.
2134 1979 2231 2009 dimin.
2249 1980 2372 2011 Martial.

1277 2023 1285 2042 i
1308 2035 1314 2042 .
1332 2023 1355 2047 ς.
1377 2017 1421 2048 78.

1326 2047 1483 2080 Auriculam
1495 2049 1584 2080 Mario
1596 2051 1715 2088 graviter
1727 2051 1833 2081 miraris
1847 2051 1939 2082 olere:

1364 2088 1408 2117 Tu
1419 2088 1485 2117 facis
1496 2088 1550 2117 hoc
1559 2110 1566 2123 ,
1589 2090 1683 2125 garris,
1696 2089 1805 2125 Nestor,
1815 2090 1844 2119 in
1857 2089 2018 2120 auriculam.

1247 2125 1385 2156 Auriculae
1399 2125 1481 2161 albae,
1506 2126 1584 2155 Asini.
1609 2126 1674 2156 Pers.
1689 2137 1712 2156 1.
1725 2127 1778 2156 Sat.
1794 2137 1835 2164 59.

1247 2163 1376 2194 Auricula
1391 2164 1485 2193 infima
1507 2164 1618 2193 mollior
1627 2187 1635 2199 ,
1664 2165 1816 2203 hyperbole
1839 2164 2021 2204 proverbialis
2032 2188 2039 2200 ,
2060 2167 2090 2196 in
2110 2165 2239 2198 homines
2255 2170 2372 2200 minime

1264 2202 1415 2231 iracundos
1425 2223 1433 2236 ,
1455 2201 1567 2239 lenique
1578 2203 1692 2239 ingenio
1703 2203 1843 2240 praeditos.
1885 2203 1943 2233 Cic.
1959 2213 1984 2233 2.
1998 2204 2035 2241 Q.
2046 2205 2107 2234 frat.
2119 2217 2144 2240 4.
2186 2206 2230 2236 Tu
2243 2209 2374 2244 quemad-

1265 2241 1384 2270 modum
1394 2250 1438 2268 me
1451 2239 1545 2270 censes
1555 2247 1684 2278 oportere
1692 2239 1745 2269 esse
1755 2241 1822 2270 &in
1836 2241 1944 2279 Repub.
1958 2243 2023 2271 &in
2038 2243 2135 2272 nostris
2146 2244 2301 2275 inimicitiis
2310 2269 2317 2279 ,
2338 2247 2375 2276 ita

1267 2279 1293 2308 ἃ
1304 2277 1358 2306 esse
1374 2279 1400 2307 Sc
1415 2278 1473 2306 sore
1491 2278 1612 2307 auricula
1622 2278 1717 2307 infima
1729 2278 1797 2308 scito
1808 2279 1976 2309 molliorem.
2013 2280 2156 2310 Translata
2168 2285 2328 2321 metaphora
2340 2284 2373 2313 ab

1265 2325 1297 2345 ea
1306 2315 1435 2345 auriculae
1446 2323 1522 2353 parte
1531 2338 1539 2351 ,
1562 2326 1614 2353 qua
1624 2326 1682 2345 non
1694 2317 1731 2345 est
1740 2316 1815 2346 aliud
1832 2317 1861 2346 in
1875 2318 1997 2346 humano
2006 2327 2123 2356 corpore
2133 2320 2255 2356 mollius,
2269 2330 2314 2351 aut
2323 2322 2373 2351 fle.

1265 2354 1398 2388 xibilius,
1419 2353 1597 2391 lentiusque,
1617 2362 1650 2383 ut
1666 2365 1726 2392 quae
1738 2364 1791 2384 nec
1805 2354 1860 2384 osse
1872 2356 1974 2423 rigeat,
1995 2365 2085 2394 neque
2101 2357 2262 2396 cartilagine
2281 2359 2374 2390 dures-

1266 2399 1312 2421 cat
1322 2414 1330 2427 ,
1352 2401 1442 2429 neque
1451 2392 1542 2421 nervis
1552 2392 1721 2422 intendatur.
1764 2392 1863 2423 Erasm.
1910 2416 1917 2423 .
1939 2403 1960 2422 A
1969 2403 1987 2422 u
1998 2403 2016 2422 a
2023 2404 2033 2422 1
2041 2403 2058 2424 c
2066 2405 2077 2423 1
2085 2405 2103 2424 ι.
2111 2405 2128 2424 ι.
2137 2405 2167 2425 A.

1247 2427 1360 2460 Auferre
1371 2429 1532 2460 auriculam.
1574 2430 1606 2460 In
1636 2440 1655 2459 A
1665 2441 1684 2459 u
1695 2441 1707 2459 r
1717 2440 1730 2459 E
1740 2440 1756 2459 a
1766 2440 1794 2460 o.

1250 2468 1413 2497 Demittere.
1437 2468 1504 2497 Hor.
1522 2478 1543 2496 1.
1565 2468 1651 2498 Serm.
1665 2479 1690 2503 9.
1703 2477 1748 2498 20.

1249 2505 1348 2536 Emere
1359 2507 1476 2535 deorum
1485 2505 1628 2535 auriculas.
1652 2506 1719 2536 Pers.
1731 2515 1757 2536 2.
1769 2506 1824 2536 Sat.
1840 2514 1886 2543 29.

1364 2559 1403 2565 —
1415 2551 1462 2572 aut
1474 2544 1607 2580 quidnam
1618 2544 1657 2573 est
1666 2554 1719 2581 qua
1727 2552 1757 2573 tu
1770 2545 1901 2574 mercede
1912 2543 2029 2575 deorum

1324 2582 1428 2612 Emeris
1440 2581 1576 2611 auriculas
1587 2604 1595 2617 ‚
1617 2582 1752 2620 pulmone
1765 2582 1919 2612 &lactibus
1931 2583 2023 2612 unctis
2032 2584 2046 2612 ἳ
2122 2582 2211 2615 Irrilio
2229 2585 2269 2616 est
2281 2584 2309 2616 in
2326 2596 2374 2617 eos

1266 2620 1314 2658 qui
1326 2619 1488 2649 muneribus
1498 2620 1561 2658 capi
1572 2620 1640 2649 deos
1649 2627 1748 2658 putant
1755 2642 1762 2655 ,
1787 2627 1819 2650 ut
1828 2620 1864 2649 ad
1874 2621 1964 2650 nostra
1974 2621 2147 2652 inclinentur
2160 2631 2224 2654 vota
2233 2627 2331 2663 turpia.

1247 2658 1387 2688 Auriculas
1402 2657 1466 2686 asini
1483 2657 1591 2687 habere.
1614 2657 1686 2688 Pers.
1698 2668 1721 2687 1.
1737 2659 1792 2688 Sat.
1808 2667 1869 2688 121.

1329 2695 1469 2725 Auriculas
1478 2694 1542 2724 alini
1555 2695 1615 2732 quis
1625 2705 1682 2724 non
1694 2695 1800 2726 habet‘?
1855 2696 1873 2725 i.
1885 2704 1909 2725 e.
1941 2696 2012 2733 Quis
2021 2705 2079 2727 non
2093 2698 2131 2728 ita
2139 2698 2248 2734 judicat
2266 2700 2301 2729 de
2318 2710 2373 2730 car·

1268 2734 1407 2767 minibus,
1429 2733 1497 2762 sicut
1510 2733 1599 2763 Midas
1611 2735 1646 2763 de
1659 2740 1742 2763 cantu
1751 2735 1765 2763 7
1804 2733 1835 2763 V.
1867 2744 1888 2762 M
1900 2743 1909 2762 1
1921 2744 1939 2763 n
1951 2745 1970 2763 A
1979 2744 1999 2764 s.

1248 2772 1403 2810 Opponere
1410 2770 1571 2800 auriculam.
1595 2771 1662 2801 Hor.
1684 2782 1706 2801 i.
1731 2772 1818 2801 Serm.
1831 2781 1858 2808 9.
1870 2780 1915 2810 77.
1956 2771 1988 2802 V.
2014 2782 2034 2802 A
2044 2782 2065 2803 N
2075 2782 2095 2802 τ
2103 2783 2118 2803 ι
2126 2782 2139 2804 s
2147 2782 2166 2803 r
2175 2784 2191 2804 o
2200 2785 2225 2804 iz.

1248 2809 1390 2840 Auriculas
1404 2816 1514 2838 teneras
1523 2809 1626 2839 radere.
1652 2809 1720 2839 Pers.
1737 2821 1757 2841 i.
1770 2810 1826 2839 Sat.
1846 2815 1907 2844 108.

1330 2848 1385 2877 Sed
1397 2847 1463 2884 quid
1474 2856 1545 2885 opus
1553 2854 1661 2877 teneras
1673 2848 1798 2877 mordaci
1810 2847 1906 2877 radere
1920 2857 1987 2877 vero

1330 2885 1469 2915 Auriculas
1477 2886 1491 2914 ἶ)
1573 2885 1690 2921 Radere,
1701 2887 1757 2915 acri
1770 2887 1795 2916 ἃ
1806 2886 1978 2915 amarulenta
1988 2886 2202 2924 reprehensione
2212 2886 2373 2925 pei-stringe-

1268 2932 1307 2954 re.
1328 2924 1451 2953 Teneras
1463 2922 1596 2953 auriculas
1606 2946 1614 2959 ,
1637 2925 1720 2953 Aures
1732 2925 1923 2962 potentiorum
1937 2926 1962 2954 &
1972 2924 2109 2959 nobilium
2119 2946 2126 2959 ,
2149 2934 2208 2961 quae
2216 2926 2249 2954 ad
2259 2928 2374 2955 creden⁴

1268 2963 1337 2991 dum
1351 2968 1453 2990 tenerae
1472 2964 1497 2990 ἅ
1520 2961 1614 2991 faciles
1632 2961 1686 2991 esse
1704 2962 1923 2996 consueverunt,
1949 2969 2031 2999 atque
2043 2962 2213 2991 delatoribus
2225 2964 2370 2999 expositae:

1267 3010 1384 3037 quaeque
1395 2999 1504 3028 blandis
1513 2998 1622 3029 assuetae
1635 3001 1859 3038 palpationibus,
1881 3000 2037 3030 aversantur
2045 3001 2204 3029 mordacem
2217 3002 2371 3031 veritatem.

1248 3038 1385 3067 Auriculae
1397 3059 1405 3072 ,
1426 3036 1549 3066 absolute
1558 3048 1608 3075 pro
1618 3038 1813 3073 Auditoribus,
1837 3048 1886 3075 per
1901 3038 2109 3075 metonymiam.
2131 3044 2162 3066 ut
2171 3059 2179 3073 ,
2201 3039 2280 3068 Avidi
2302 3041 2372 3069 auri.

1268 3075 1394 3105 cularum
1408 3097 1417 3111 ,
1438 3076 1454 3104 i.
1472 3085 1496 3104 e.
1520 3075 1623 3118 Cupidi
1639 3076 1807 3105 auditorum.
1832 3076 1939 3106 Lucret.
1951 3075 1998 3105 lib.
2007 3087 2033 3111 4.
2049 3081 2111 3111 598.

1445 3128 1483 3133 —
1491 3113 1557 3142 ideo
1565 3115 1670 3149 jaciant
1682 3113 1814 3143 miracula
1824 3114 1907 3143 dietis
1917 3135 1924 3149 ,

1368 3151 1422 3181 Aut
1428 3151 1519 3188 aliqua
1531 3152 1639 3181 ratione
1648 3152 1700 3181 alia
1711 3152 1852 3181 ducuntur
1862 3174 1869 3186 ,
1894 3159 1925 3181 ut
1935 3160 2018 3179 omne

1369 3189 1530 3219 Humanum
1540 3199 1627 3227 genus
1638 3191 1676 3219 est
1687 3191 1801 3219 avidum
1810 3190 1893 3219 nimis
1904 3189 2096 3218 auricularum.
2174 3187 2206 3217 V.
2228 3187 2356 3220 Lambin.

1213 3226 1432 3258 Amicum
1448 3227 1493 3257 vel
1509 3227 1677 3257 Oiucitt
1689 3238 1724 3262 A,
1745 3227 1861 3256 alterum
1880 3226 2039 3255 diminutiv.
2057 3223 2157 3255 Catun.
2178 3225 2271 3264 Epigr.
2289 3237 2333 3265 ²5·
2347 3239 2373 3259 x.

1566 3271 1605 3286 -'—
1615 3265 1726 3295 mollior
1736 3265 1859 3294 cuniculi
1874 3263 1975 3301 capillo
1989 3286 1997 3298 ,

1407 3301 1457 3332 Vel
1467 3302 1568 3333 anseris
1578 3303 1732 3334 medullula
1741 3325 1749 3339 ‚
1770 3303 1815 3332 vel
1827 3302 1913 3332 imula
1926 3300 2042 3330 oricilla.

1251 3337 1294 3370 Ex
1304 3340 1415 3370 emend.
1429 3341 1529 3379 Scalig.

1215 3378 1501 3415 AnnicuLAiiis,
1523 3389 1547 3408 e.
1571 3380 1597 3408 ἀ
1615 3379 1932 3411 Auaron-imarus,
1954 3386 1986 3411 a,
2006 3385 2071 3412 um,
2091 3371 2218 3413 [03⁷¹er
2247 3378 2307 3415 Adj.
2323 3388 2373 3409 un2

1252 3417 1304 3451 de,
1328 3417 1512 3447 Auricularius
1525 3417 1623 3454 clyster
1634 3438 1642 3452 ,
1664 3417 1740 3454 apud
1753 3414 1863 3444 Celsum
1873 3414 1921 3444 lib.
1939 3425 1963 3451 ς.
1975 3424 1998 3444 c.
2011 3420 2056 3448 28.
2067 3415 2088 3450 ς.
2100 3424 2142 3443 12.
2156 3415 2183 3444 ἅ
2193 3419 2218 3445 6.
2232 3424 2256 3445 c.
2270 3426 2295 3453 7.
2311 3418 2332 3455 §.
2348 3428 2372 3453 3.

1253 3454 1348 3484 Graece
1357 3454 1504 3488 ὠπγχύπισ.

1253 3492 1454 3521 Auricularium
1468 3492 1613 3530 specillum
1626 3491 1718 3520 eidem
1734 3489 1803 3519 ibid.
1825 3490 1848 3526 ξ.
1864 3500 1888 3524 ς.
1927 3490 1974 3518 Sic
1992 3491 2017 3518 Sc
2032 3488 2203 3519 verminatio
2215 3492 2374 3523 auricularis

1271 3538 1403 3565 vocatur,
1426 3531 1521 3567 Quum
1541 3530 1657 3568 putrida:
1678 3538 1755 3557 aures
1769 3527 1908 3556 vermibus
1928 3528 2039 3556 scatent.
2079 3528 2114 3557 Et
2127 3529 2290 3559 auricularis
2305 3532 2375 3569 aigi.

1271 3574 1333 3602 tus,
1356 3568 1474 3603 Parvus,
1496 3578 1551 3605 quo
1564 3577 1640 3596 aures
1660 3566 1837 3594 mundantur.
1877 3566 2011 3594 Scribitur
2029 3567 2268 3597 &onicuLAitius
2292 3579 2316 3606 q.
2343 3569 2372 3599 V.

1215 3605 1499 3641 Aumcuposus,
1522 3605 1656 3641 [ὠπιξις]
1677 3603 1759 3633 Gloss.
1776 3603 1873 3632 Graeco
1884 3602 1940 3631 Lat.

1215 3644 1506 3673 Aunrscmmium
1519 3665 1526 3677 ,
1550 3644 1567 3672 i.
1583 3652 1609 3670 n.
1634 3637 1810 3677 [ὠπγλνλλσ]
1832 3641 2048 3670 instrumentum
2063 3650 2118 3678 quo
2137 3642 2310 3673 mundantur
2329 3652 2375 3674 au-

1254 3690 1316 3710 xes:
1339 3681 1374 3710 de
1384 3691 1438 3718 quo
1451 3681 1486 3710 lic
1496 3679 1614 3710 Martial.
1628 3679 1676 3707 lib.
1691 3689 1732 3714 14.
1747 3687 1791 3721 23⁶.
1902 3716 1907 3722 μ

1334 3718 1363 3748 Si
1375 3719 1423 3748 tibi
1434 3718 1541 3747 morosa
1551 3717 1690 3755 prurigine
1700 3722 1837 3745 verminat
1851 3725 1923 3746 auris
1932 3736 1940 3751 ,

1373 3759 1455 3785 firma
1470 3757 1567 3784 damus
1579 3756 1662 3783 tantis
1674 3760 1736 3791 apta
1750 3753 1922 3783 libidinibus.

1434 3793 1564 3828 [anim]
1586 3792 1644 3825 ridi.
1669 3802 1685 3820 a
1709 3792 1818 3829 Magnis
1834 3793 1946 3822 auribus
1962 3790 2082 3828 dicitur,
2102 3798 2135 3822 ut
2152 3793 2216 3822 sunt
2234 3794 2377 3824 liiii-iorum

1256 3833 1284 3862 ἃ
1311 3831 1439 3868 leporum
1454 3840 1461 3859 :
1502 3829 1566 3858 alias
1593 3829 1627 3858 ab
1657 3829 1795 3858 Audiendi
1818 3830 1959 3860 facultate.
2017 3831 2085 3860 Haec
2112 3829 2213 3861 Festus.
2255 3833 2323 3870 Virg.
2353 3843 2377 3861 1.

1256 3870 1513 3971 Georgssbgfibsque
1523 3904 1599 3942 sequi
1613 3904 1731 3943 lepores.
1771 3900 1826 3935 Ubi
1837 3905 1947 3936 Servius
1960 3928 1967 3942 ,
1990 3905 2236 3944 Aurirosiepores‚
2256 3906 2380 3941 Maiores

1257 3950 1384 4020 ἓὲῑξὴειῖ
1392 3950 1649 4011 aeisrtsiai'aduneitate
1658 3981 1737 4010 rostri
1747 3979 1894 4011 fabulosos.
1916 3980 1983 4010 Plin.
1995 3980 2043 4011 lib.
2058 3991 2099 4011 io.
2112 3991 2173 4018 cap.
2186 3992 2229 4017 49.

2277 4020 2378 4048 Auritae
