2600 4177
449 98 478 132 C
573 99 603 134 A
699 100 720 135 S

76 177 193 215 Cingere
203 180 231 208 in
245 189 350 209 morem
361 179 518 209 castrorum.
540 179 613 217 Virg.
628 190 652 217 7.
663 180 725 211 AEn.
740 192 802 217 159.

168 217 320 246 Castrorum
333 218 360 245 in
375 226 480 245 morem
491 218 585 254 pinnis
595 225 676 255 atque
691 228 789 256 aggere
804 219 903 258 cingit.

75 251 290 284 Circumvenire.
310 254 414 283 Sallust.
427 254 588 291 inJugurth.

77 288 385 323 Colloquiintercastra.
427 291 485 320 Cic.
500 302 542 327 ¹3-
560 291 678 330 Philipp.
690 303 735 330 27.
759 294 809 324 Cn.
830 295 978 334 Pompeius
997 297 1075 326 Sexti
1097 297 1169 327 filins
1182 320 1191 333 ,

96 326 198 356 Consul
211 350 218 362 ,
240 338 286 358 me
298 328 429 366 praesente
439 350 447 364 ,
469 339 553 365 quum
563 329 647 359 essem
659 331 711 360 tiro
724 332 753 360 in
769 334 828 367 ejus
843 335 966 363 exercitu
977 356 984 368 ,
1006 345 1070 364 cnm
1091 335 1117 365 Ρ.
1131 335 1193 365 Vet-

94 364 134 392 tio
148 365 266 395 Scatone
277 388 285 400 ,
306 366 378 395 duce
393 365 545 396 Marsorum
555 388 564 402 ,
584 368 656 397 inter
667 368 732 398 bina
745 371 829 400 castra
838 371 995 401 collocutus
1011 372 1058 401 est.

76 401 209 432 Conferre
217 404 300 432 castra
310 404 409 433 castris.
451 403 482 432 In
503 414 521 433 c
529 414 546 433 o
557 414 575 433 N
585 416 598 433 r
608 415 622 433 E
632 415 648 433 R
658 415 683 435 ο.

76 438 208 469 Conferre
218 441 318 470 castra:
340 447 387 475 ut,
409 441 518 470 Collata
527 443 617 471 castra.
639 442 688 472 Sil.
705 443 753 473 lib.
763 456 789 480 4.
805 449 848 482 56.

76 476 223 511 conjicere
235 478 299 506 sein
309 478 401 513 castra,
422 479 516 508 transl.
558 479 614 509 Cic.
628 490 653 516 9.
665 480 738 511 Fam.
752 492 798 512 20.
821 484 853 513 In
864 484 974 522 Epicuri
986 493 1036 513 nos
1046 484 1192 514 adversarii

95 514 179 543 nostri
190 515 274 544 castra
284 517 464 551 conjecimus.

77 551 250 582 Constituere
260 554 352 583 castra.
372 553 437 583 Caes.
451 563 475 589 3.
490 553 559 584 Bell.
572 555 653 584 Civil.
668 558 712 590 56.

76 589 246 619 contrahere
258 591 350 620 castra.
388 591 420 620 In
440 601 483 620 co
494 601 513 620 N
523 602 542 621 T
551 602 567 621 R
576 603 596 621 A
606 603 627 622 Η
637 603 663 622 o.

76 626 244 657 Convertere
252 629 335 658 castra
345 629 444 658 castris.
484 629 515 658 ln
536 640 553 659 c
563 640 580 659 o
591 641 610 660 N
622 641 637 660 v
648 641 663 660 R
671 641 688 659 a
696 641 715 660 T
724 641 751 661 o.

76 664 178 694 Dedita
189 666 283 695 castra.
304 666 352 696 Sil.
366 665 414 695 lib.
428 676 470 696 10.
485 672 546 701 189-

76 701 193 732 Differre
204 704 295 733 castra.
336 704 427 734 Tacit.
442 715 466 739 ς.
478 705 545 734 Hist.
556 714 601 742 23.
623 706 768 744 Castraque
788 708 818 737 in
837 709 922 747 plano
936 710 982 739 sita
996 732 1003 745 ,
1025 711 1051 740 vi
1070 710 1194 740 fluminis

95 739 302 771 differebantur.
324 741 351 771 h.
368 751 392 771 e.
411 742 594 777 JaCtabantur.
634 744 679 774 Sic
691 745 766 774 enim
780 745 839 776 illic
857 747 1008 785 legendum
1020 758 1072 786 pro
1084 748 1194 778 Desere-

95 777 204 808 bantur.
244 779 312 808 Haec
324 779 420 809 beatus
432 780 582 810 Rhenanus
592 782 622 810 in
632 781 772 812 Tacitum.

75 814 229 853 Disponere
239 818 330 846 castra.
352 817 409 847 Liv.
420 818 456 847 de
467 818 533 847 Bell.
550 819 617 849 I'un.

75 853 186 890 Erigere
198 855 290 884 castra.
313 855 404 884 Tacit.
419 867 442 891 ς.
458 856 526 886 Hist.
540 866 585 887 22.

77 890 215 921 Extrud'ta.
236 892 325 922 Tacit.
337 904 364 927 4.
382 894 452 922 Ann.
465 903 490 929 7.

42 952 46 956 .
76 927 200 959 Evellere
211 930 293 960 castra
304 931 417 960 obsessa.
438 931 485 961 Sil.
499 931 546 960 lib.
556 941 582 968 7.
596 940 626 968 33
636 943 659 967 ς.

75 965 180 996 Exutus
191 968 280 998 castris
296 969 354 998 dux
362 969 480 1004 dicitur,
502 969 587 1005 Cujus
604 970 687 1000 castra
700 971 808 1008 direpta
822 971 892 1003 sunt.
914 973 961 1004 Sil.
976 974 1024 1004 lib.
1038 978 1080 1005 16.
1090 978 1135 1005 26.

76 1004 175 1035 Facere
185 1006 277 1036 castra.
299 1006 356 1036 Cic.
368 1011 394 1040 8.
407 1009 460 1035 Att.
475 1016 517 1042 19-
539 1007 600 1041 (Al.
619 1010 683 1043 ¹2-)
708 1009 780 1038 Nam
795 1019 888 1048 neque
902 1013 986 1042 castra
1002 1020 1116 1051 propter
1126 1013 1193 1043 anni

94 1049 206 1080 tempus
217 1045 242 1073 Sc
254 1044 377 1073 militum
386 1045 493 1073 animos
504 1066 512 1079 ,
532 1045 621 1075 facere
632 1046 748 1083 possum.

75 1079 194 1111 Firrnare
206 1082 305 1111 robore
316 1081 407 1111 castra.
431 1081 479 1111 Sil.
488 1081 535 1111 lib.
546 1088 573 1116 8.
585 1089 648 1119 448.
680 1084 811 1121 Robore,
831 1086 850 1115 i.
864 1096 887 1116 e.
909 1086 1002 1118 Milite
1018 1088 1084 1118 forti
1104 1089 1131 1118 δι
1149 1099 1192 1118 ro-

95 1118 180 1147 busto.
221 1120 267 1149 Sic
281 1120 357 1149 enim
367 1119 421 1149 hoc
434 1119 499 1149 loco
512 1121 708 1159 accipiendum
723 1123 770 1151 est.

76 1155 184 1186 Habere
196 1157 289 1186 castra.
326 1158 385 1187 Cic.
404 1167 445 1193 15.
459 1157 534 1188 Fam.
548 1170 574 1194 4.
610 1159 660 1189 His
679 1160 762 1190 rebus
782 1160 820 1190 ita
835 1161 914 1198 gestis
924 1163 1045 1194 castrain
1053 1164 1192 1195 radicibus

95 1195 192 1223 Amani
203 1195 350 1225 habuimus
365 1195 440 1234 apud
452 1196 516 1226 Aras
530 1195 677 1226 Alexandri
690 1198 876 1234 quatriduum.

75 1230 169 1262 Habiti
182 1233 211 1262 in
228 1233 318 1263 castris
328 1233 518 1270 &procind‘tm
541 1234 630 1265 Tacit.
645 1245 669 1273 3.
682 1235 749 1265 Hist.
758 1245 785 1266 2.

0 1295 1 1299 ,
74 1269 222 1306 imponere
232 1271 325 1301 castra.
346 1272 395 1300 Sil.
407 1271 456 1300 lib.
472 1282 495 1306 ς.
509 1282 574 1307 451-

0 1311 3 1340 ξ
45 1328 47 1333 ,
73 1307 197 1338 insistere
207 1309 313 1342 castris,
334 1318 385 1346 pro
396 1308 455 1338 Esse
467 1309 600 1339 &versari
610 1310 749 1341 incastris.
771 1312 854 1343 Ovid.
869 1318 894 1347 8.
908 1312 978 1344 Met.
994 1323 1036 1351 52.

73 1344 177 1375 Locare
186 1346 269 1376 castra
279 1345 392 1376 chubi.
413 1346 517 1377 Lucan.
529 1346 577 1378 lib.
588 1358 615 1384 4.
632 1352 693 1385 169.

74 1383 185 1413 Metari.
226 1384 258 1414 ln
278 1395 300 1413 M
310 1394 410 1414 ssToa.

73 1420 167 1452 Moliri
177 1422 268 1452 castra.
289 1422 378 1452 Tacit.
391 1431 433 1452 11.
448 1423 519 1453 Ann.
532 1431 579 1453 20.

0 1462 3 1474 ¹
73 1459 199 1489 Movere.
223 1460 296 1498 Virg.
313 1470 337 1496 ³-
350 1460 412 1490 AEn.
428 1470 490 1496 5¹9·
530 1460 562 1491 V.
582 1471 714 1493 moveo.

0 1498 2 1502 '
43 1515 45 1518 ·
73 1496 189 1527 Movere
198 1499 228 1528 in
240 1498 355 1528 hostem.
376 1497 482 1529 Sil.lib.
497 1507 524 1535 7.
534 1510 562 1535 4.

0 1534 6 1548 ²
71 1533 194 1566 Munire.
234 1536 266 1566 In
285 1547 307 1566 M
316 1546 332 1565 u
343 1545 364 1565 N
373 1546 417 1566 10.

43 1582 46 1594 ¹
73 1571 194 1604 Nudare.
233 1574 266 1604 In
284 1583 304 1603 N
315 1584 333 1604 u
345 1584 363 1603 t>
372 1584 392 1604 u
401 1583 423 1605 s.

72 1610 215 1647 Objicere.
235 1612 293 1642 Liv.
304 1612 340 1642 de
350 1612 420 1643 Bell.
434 1613 503 1644 Pun-

73 1648 121 1687 Op
143 1659 237 1680 onere.
258 1649 317 1680 Liv.
328 1650 399 1680 ibid.
728 1666 732 1670 -

73 1686 121 1716 Pel
135 1697 179 1717 ere
191 1688 280 1718 Castra
290 1688 407 1726 hospita.
433 1689 452 1719 i.
464 1699 489 1718 e.
512 1687 639 1720 Classem.
661 1690 745 1721 Ovid.
756 1694 782 1721 6.
799 1691 880 1730 Epist.
896 1702 939 1729 ς2.

72 1723 261 1764 Perrumpere.
303 1726 336 1756 ln
354 1736 370 1755 Ρ
380 1736 394 1755 R
402 1736 419 1755 R
426 1736 443 1756 R
452 1737 471 1756 u
480 1738 502 1756 M
511 1737 525 1756 P
534 1737 561 1757 o.

71 1762 185 1794 Ponere.
209 1764 267 1794 Cic.
280 1769 306 1798 8.
324 1765 377 1794 Att.
394 1774 436 1794 12.
449 1765 460 1800 (
472 1764 510 1794 Al.
524 1765 584 1800 20.)
596 1765 705 1795 Litterae
716 1766 787 1796 mihi
798 1777 814 1796 a
823 1772 850 1797 te
865 1768 980 1799 redditae
990 1769 1053 1799 sunt
1064 1770 1098 1799 ad
1113 1780 1131 1800 x
1140 1782 1149 1800 1
1158 1782 1168 1799 1
1178 1783 1190 1800 ι

93 1800 152 1831 Cal.
162 1802 245 1832 Mart.
266 1803 297 1831 in
307 1802 408 1839 quibus
419 1802 522 1837 scribis,
543 1803 676 1834 Caesarem
687 1805 764 1842 apud
774 1805 927 1836 Corfinium
939 1808 1022 1837 castra
1032 1809 1159 1846 posuisse.

73 1838 270 1870 Potiricastris.
289 1840 360 1870 Hirt.
377 1839 444 1870 Bell.
458 1840 534 1870 Alex.
549 1845 594 1878 76.

74 1876 203 1912 Praejacet
216 1888 331 1916 campus
345 1878 438 1908 castra.
460 1878 550 1908 Tacit.
566 1889 609 1908 12.
626 1880 697 1909 Ann.
711 1882 757 1916 36.

72 1914 206 1945 Proferre.
228 1916 293 1946 Caes.
309 1927 331 1945 i.
347 1916 383 1946 de
393 1915 460 1946 Bell.
477 1915 557 1946 Civil.
574 1922 618 1951 81.

71 1952 248 1984 Promovere.
270 1953 334 1984 Caes
353 1964 376 1984 1.
388 1954 423 1983 de
432 1953 500 1984 Bell.
514 1954 584 1985 Gall.
600 1965 661 1993 cap.
674 1961 721 1992 48.

71 1989 247 2029 Relinquere.
268 1991 317 2021 Sil.
329 1991 378 2021 lib.
392 2001 418 2029 7.
432 1997 497 2028 408.
599 2001 605 2004 ·

0 2030 5 2063 l
71 2027 199 2059 Residere
210 2030 309 2059 castris.
329 2029 436 2060 Sil.lib.
451 2039 494 2066 15.
511 2040 574 2067 510.

71 2066 218 2098 Seducere.
241 2067 325 2097 Ovid.
339 2076 381 2104 13.
399 2067 469 2098 Met.
480 2071 545 2098 611.
566 2067 622 2098 Sed
634 2068 718 2099 codd.
734 2069 807 2100 varia
819 2069 960 2101 estleecio.

71 2104 178 2135 Subire.
200 2106 266 2135 Stat.
278 2117 305 2141 4.
319 2105 409 2135 Theb.
421 2116 447 2141 9.

73 2142 180 2173 Tenere
190 2143 216 2173 se
226 2143 318 2173 castris
330 2166 339 2179 ,
359 2144 424 2173 vide
444 2153 464 2173 T
472 2153 486 2173 R
495 2153 517 2173 N
526 2154 541 2174 13
550 2154 576 2174 0.
599 2144 634 2174 H.
647 2144 686 2174 St.

71 2179 202 2211 Tendere
214 2181 283 2211 setas
294 2182 364 2211 hirci
375 2182 406 2210 in
418 2181 498 2212 usum
513 2183 672 2212 castrorum.
697 2183 767 2221 Virg.
782 2192 805 2220 3.
818 2184 917 2224 Georg.
932 2194 994 2223 313.

149 2220 175 2249 N
178 2229 210 2249 ec
220 2220 314 2249 minus
324 2220 429 2249 interea
437 2219 534 2250 barbas
543 2242 551 2255 ,
572 2221 726 2258 incanaque
736 2229 830 2252 menta

149 2257 281 2296 Cinyphii
292 2258 413 2287 tondent
422 2257 491 2287 hirci
501 2279 510 2293 ,
529 2257 652 2295 setasque
662 2266 806 2289 comantes
814 2282 823 2295 ,

150 2295 233 2325 Usum
245 2296 274 2324 in
286 2296 453 2332 castrorum,
474 2297 500 2325 ἂι
519 2295 622 2326 miseris
645 2297 784 2327 velamina
804 2298 904 2328 nautis.
999 2299 1032 2330 In
1049 2299 1128 2330 usum
1146 2310 1191 2331 ca-

89 2332 204 2363 strorum
218 2333 305 2368 dixit,
328 2335 354 2363 &
365 2334 428 2371 quia
441 2333 476 2363 de
485 2333 584 2363 ciliciis
594 2334 740 2372 poliuntur
748 2334 841 2366 loricae
852 2358 860 2371 ,
882 2337 909 2365 ἃ
925 2341 1056 2374 teguntur
1068 2337 1191 2369 tabulata

72 2372 204 2438 anlrium
213 2381 278 2438 ,stne
289 2371 568 2439 jaretisgacibufijffqnis
574 2371 657 2410 poffit
666 2373 813 2403 adliaerere.
846 2374 967 2404 Servius.

95 2419 111 2438 a
133 2419 176 2438 are
190 2419 220 2438 ca
239 2419 281 2439 ra.
331 2419 373 2439 aci
389 2432 395 2439 .
411 2419 437 2439 2.
487 2419 495 2438 i
521 2432 527 2438 .
543 2419 585 2445 19.

71 2445 178 2477 Vellere
191 2447 281 2477 castris
291 2447 373 2484 signa.
395 2447 467 2484 Virg.
478 2458 503 2483 4.
518 2447 618 2485 Georg.
633 2454 694 2483 108.

262 2501 299 2506 -
307 2491 355 2515 aut
365 2485 456 2515 castris
463 2485 577 2515 audebit
586 2486 687 2517 vellere
697 2487 779 2525 signa.

71 2521 214 2590 Quoniam
239 2523 292 2553 iter
309 2524 428 2552 faciente
446 2524 571 2554 exercitu
582 2546 590 2559 ,
623 2524 736 2562 singulis
761 2525 861 2556 diebus
870 2547 879 2561 ,
899 2526 949 2555 ubi
972 2528 1117 2558 confistere
1142 2529 1190 2559 de-

111 2560 174 2590 ebat
183 2570 282 2598 agmen
294 2561 378 2591 castra
388 2561 483 2590 stativa
492 2561 667 2599 ponebantur
674 2585 683 2598 ,
705 2563 828 2593 obtinuit
844 2570 874 2593 ut
887 2564 948 2594 dies
958 2566 1088 2595 itinerum
1098 2567 1190 2597 castris

89 2605 309 2629 numerarentur.
349 2599 395 2629 Sic
411 2621 419 2633 ‚
441 2598 540 2628 Alteris
556 2601 647 2630 castris
660 2602 787 2639 pervenit
806 2601 842 2631 ad
857 2603 997 2640 oppidum
1008 2603 1190 2635 Castabalum.

90 2635 163 2666 Curt.
178 2646 202 2673 3.
215 2647 240 2673 7.
254 2648 278 2668 ς.
301 2638 318 2666 i.
336 2646 361 2666 e.
384 2635 475 2666 Altero
485 2637 539 2666 die.

69 2673 206 2704 Secundis
214 2675 316 2704 castris.
336 2675 428 2705 Tacit.
442 2684 467 2711 3.
481 2675 550 2704 Hist.
562 2685 605 2710 ις.
625 2676 643 2704 i.
653 2686 677 2705 e.
697 2676 829 2706 Secundo
840 2677 894 2707 die.

72 2711 172 2742 Tertiis
183 2713 273 2743 castris
284 2712 455 2750 Rigodulum
464 2713 550 2742 venit.
570 2713 648 2743 Idem
661 2725 686 2748 4.
700 2714 768 2744 Hist.
782 2724 827 2751 7¹·

71 2750 182 2786 Quartis
192 2751 282 2781 castris
292 2751 328 2781 ad
338 2751 457 2781 Mennin
466 2751 563 2780 urbem
574 2752 709 2789 pervenit.
727 2753 803 2782 Curt.
820 2763 844 2789 ς.
860 2763 882 2782 1.
896 2763 906 2782 1
913 2756 938 2783 6.
959 2753 994 2783 Et
1005 2755 1036 2784 in
1046 2755 1102 2785 hoc
1110 2755 1189 2787 sensu

90 2787 159 2826 saepe
168 2789 254 2818 utitur
264 2789 338 2826 Curt.
366 2788 454 2818 Caesar
466 2789 553 2818 &alii

71 2825 162 2856 Castra
170 2827 253 2856 etiam
265 2837 315 2865 pro
326 2826 399 2857 Tota
413 2836 442 2856 re
454 2826 567 2856 militari
577 2827 651 2864 apud
668 2827 762 2857 Vellei.
775 2838 802 2857 2.
816 2837 878 2863 125.
892 2839 916 2862 ς.
939 2828 1005 2860 Viro
1017 2830 1121 2861 nescias
1137 2833 1191 2862 uti-

91 2863 201 2893 liorein
210 2865 321 2898 castris,
342 2875 377 2894 an
386 2864 503 2894 meliore
512 2865 542 2893 in
558 2871 631 2902 toga.
672 2865 706 2895 Et
725 2865 790 2895 Caes.
806 2876 829 2895 1.
842 2866 907 2895 Bell.
919 2867 991 2897 Gall.
1008 2877 1051 2904 39.
1079 2869 1101 2899 Ii
1113 2891 1122 2905 ,
1142 2871 1190 2908 qui

89 2911 220 2940 magnum
230 2903 260 2932 in
269 2902 361 2933 castris
368 2902 446 2932 usum
456 2902 596 2932 habebant
604 2902 717 2933 milites.
746 2905 764 2932 i.
777 2914 800 2933 e.
824 2903 855 2933 In
865 2914 894 2933 re
904 2905 1026 2936 militari.

0 2952 6 2962 ⁴
37 2939 133 3007 ῦῖὶῗγ
142 2950 196 3008 εὴ
209 2951 227 2969 c.
236 2951 249 2970 a
258 2952 279 2970 M
288 2952 297 2970 i
306 2951 325 2970 N
336 2952 357 2970 A
366 2963 374 2976 ,
395 2940 543 2979 Oppidum
564 2940 704 2979 Hispaniae
725 2941 833 2971 Baeticae
854 2942 1063 2980 stipendiarium
1074 2967 1083 2982 ,
1114 2946 1191 2984 apud

0 2990 1 3007 ι
105 2987 356 3015 in.1.3.ca.1.

0 3021 7 3043 Ρ
38 3013 209 3045 CAsTscr.
220 2990 323 3052 nimpi.
345 3027 373 3046 n.
396 3016 517 3053 sigma,
534 3017 712 3053 ἐπτέχωμφ,
732 3018 840 3049 epam„
855 3039 864 3053 ,
888 3016 982 3054 κώμη]
1009 3020 1108 3050 dimin.
1130 3021 1191 3050 Par-

52 3082 53 3086 ,
72 3062 136 3083 vum
148 3054 279 3090 castrum,
299 3054 344 3084 vel
356 3054 472 3084 Parvum
481 3055 621 3093 oppidum
631 3055 772 3092 significat.
802 3055 859 3086 Cic.
870 3066 921 3094 pro
936 3057 1094 3088 Caecin.2o.
1116 3059 1191 3090 Ecce

71 3091 82 3121 i
102 3090 128 3121 se
140 3091 267 3122 AEbutius
275 3094 305 3122 in
315 3093 457 3122 castellum
464 3094 549 3122 venit.

95 3129 162 3159 rdua
172 3130 354 3160 castellorum.
376 3130 465 3160 Tacit.
479 3140 489 3159 1
499 3140 522 3161 1.
534 3132 604 3161 Ann.
614 3141 641 3166 9.

70 3165 192 3197 Forensis
201 3167 342 3198 castellum
352 3167 502 3198 latrocinii.
543 3169 601 3198 Cic.
612 3170 641 3198 in
654 3168 743 3198 Pison.
759 3178 801 3198 11.
824 3169 876 3199 Cui
886 3170 1025 3207 templum
1042 3169 1112 3200 illud
1125 3171 1189 3207 fuit,

91 3211 118 3234 te
139 3205 258 3235 Consule
269 3228 277 3241 ,
298 3216 345 3235 arx
363 3206 470 3236 civium
488 3207 679 3244 perditorum,
700 3207 908 3245 receptaculum
923 3214 1049 3238 veterum
1063 3208 1190 3239 Catilinae

91 3242 210 3273 militum
222 3265 230 3278 ,
250 3244 392 3273 castellum
407 3244 519 3274 forenfis
531 3243 679 3275 latrocinii.

71 3279 252 3320 Philosophiae
269 3281 394 3317 castella,
415 3281 539 3319 figurate.
580 3282 639 3312 Cic.
653 3292 679 3312 2.
701 3282 738 3312 de
754 3282 845 3312 Divin.
862 3291 914 3326 37.⁴
944 3282 1048 3313 Urbem
1066 3283 1189 3322 philoso-

90 3319 177 3356 phiae,
198 3319 361 3349 mihicrede
371 3342 379 3355 ,
400 3320 519 3356 proditis
531 3342 539 3354 ‚
561 3330 647 3357 quum
657 3320 766 3350 castella
778 3320 939 3350 defenditis.

72 3354 220 3387 immunita
232 3357 348 3387 castella.
387 3357 418 3387 V.
439 3368 449 3386 r
457 3368 477 3386 Μ
487 3368 508 3386 M
518 3368 537 3387 u
547 3367 568 3386 N
578 3368 587 3386 1
597 3368 617 3387 T
625 3368 644 3387 υ
652 3368 673 3388 s.

73 3392 207 3424 Montana
216 3395 335 3425 castella.
358 3395 429 3433 Virg.
448 3405 470 3431 ς.
485 3395 546 3425 AEn.
559 3406 624 3431 440.
791 3433 797 3440 ι

0 3434 3 3445 '
55 3450 61 3458 ι
151 3434 203 3462 Aut
213 3441 346 3463 montana
355 3433 432 3463 sedet
439 3433 545 3463 circum
555 3433 664 3463 castella
673 3433 721 3464 sub
730 3443 821 3463 armis.

73 3466 189 3500 munita.
203 3470 398 3507 Cic.2.Farn.9.
406 3470 523 3501 Castella
531 3472 640 3502 munita
649 3471 797 3510 improviso
807 3470 930 3501 adventu
940 3477 1022 3510 capta
1031 3473 1057 3502 ἀ
1066 3472 1186 3504 incensa.

73 3506 189 3538 Turrita.
212 3508 313 3538 Lucan.
325 3509 373 3539 lib.
388 3513 413 3538 6.
425 3519 471 3544 40.

74 3544 219 3576 Castellum
227 3547 359 3577 adsidere.
381 3547 470 3576 Tacit.
481 3550 507 3576 6.
519 3547 586 3577 Ann.
597 3556 643 3583 43.
665 3547 822 3577 Adlidendo
834 3547 985 3582 castellum,
1010 3549 1040 3577 in
1053 3549 1129 3584 quod
1141 3559 1189 3586 pe.

88 3583 199 3613 cuniam
209 3586 235 3614 &
245 3584 360 3622 pellices
372 3584 524 3614 Artabanus
534 3583 690 3614 contulerat
700 3607 707 3620 ,
729 3585 808 3614 dedit
820 3584 939 3622 spatium
957 3586 1080 3614 exuendi
1098 3589 1187 3623 parfia.

59 3653 62 3657 ¹
75 3619 178 3658 Capere
187 3623 212 3651 ἃ
220 3623 328 3652 vastare.
369 3621 426 3652 Cic.
443 3634 452 3651 1
461 3632 484 3652 1.
498 3622 572 3652 Fam.
581 3633 608 3659 4.
639 3623 732 3653 Multa
741 3622 850 3652 castella
859 3623 942 3661 cepi,
959 3623 1048 3653 multa
1058 3625 1166 3655 vastavi.

0 3661 7 3682 f¹
74 3657 252 3689 Communire
261 3659 377 3690 castella.
398 3660 495 3698 Nepos
510 3671 531 3689 1.
541 3669 566 3689 2.
583 3671 606 3690 i.

0 3695 8 3720 ἱ
73 3693 224 3734 Disponere
232 3698 312 3736 jugis.
332 3697 436 3728 Lucan.
452 3697 502 3727 lib.
517 3701 601 3734 6.40.

73 3732 208 3764 Everterc.
230 3735 296 3765 Hor.
304 3745 329 3765 2.
344 3735 425 3774 Epist.
436 3745 462 3766 2.
476 3745 519 3771 34.

73 3769 113 3800 Ex
134 3781 234 3809 ugnare
244 3774 346 3803 omnia.
367 3774 426 3803 Cic.
442 3784 466 3803 1.
482 3774 534 3803 Att.
552 3782 595 3802 11.

32 3803 36 3872 1
75 3781 186 3839 Caiielia
197 3832 205 3845 ,
225 3811 310 3840 etiam
324 3811 387 3840 sunt
399 3811 565 3841 Derivacula
577 3811 704 3849 quaedam
716 3810 828 3855 laxiora·
839 3811 921 3855 certis
939 3810 1032 3856 spatiis
1044 3813 1189 3858 emodula-

91 3852 133 3881 ta,
154 3857 188 3876 ex
197 3848 296 3884 quibus
304 3858 373 3885 aqua
381 3859 431 3887 per
441 3848 540 3878 fistulas
554 3848 584 3877 in
595 3850 669 3879 varia
682 3850 745 3878 loca
756 3849 925 3878 distribuitur
935 3871 943 3885 ,
968 3851 998 3879 id
1016 3851 1054 3881 est
1070 3861 1098 3880 in
1110 3851 1188 3881 Villas

33 3879 35 3955 1
90 3884 116 3914 ἃ
131 3886 257 3922 praetoria
267 3886 402 3916 nobilium
411 3909 419 3923 ,
439 3886 550 3916 indultu
561 3887 711 3925 principali
725 3897 732 3916 :
756 3893 785 3916 ut
795 3887 880 3916 docet
890 3887 1039 3917 Frontinus
1052 3890 1081 3918 in
1091 3889 1139 3918 lib.
1152 3890 1188 3919 de

90 3923 309 3991 Aguaedudliibus.
329 3923 402 3954 Paul.
416 3923 476 3954 inl.
488 3924 615 3954 fistulam.
635 3925 670 3955 D.
684 3924 820 3956 deservit.
832 3925 929 3956 urban.
948 3926 1034 3963 praed.
1057 3927 1187 3957 Fistulam

34 3957 37 4075 ι
140 3970 157 3989 o
165 3971 191 3991 i..

1659 106 1689 140 C
1783 111 1813 143 A
1912 112 1932 145 S
2337 129 2405 164 451

1305 190 1459 223 iniunctam
1474 190 1572 226 parieti
1585 191 1746 224 communi,
1767 200 1827 227 quse
1838 197 1885 219 aut
1900 190 1935 220 ex
1953 192 2081 228 castello,
2103 201 2151 224 aut
2175 205 2209 225 cx
2225 198 2293 227 caeio
2312 208 2411 236 aquam

1305 227 1380 263 capit
1394 249 1401 260 ,
1425 236 1482 254 non
1492 227 1550 261 jure
1563 228 1655 256 haberi
1669 227 1798 257 Proculus
1810 229 1855 257 ait.
1879 229 1983 258 Vitruv.
1999 229 2047 259 lib.
2060 237 2085 264 8.
2099 242 2159 269 cap.
2173 243 2197 267 7.
2224 234 2327 265 Ductus
2336 246 2413 274 aquae

1306 264 1376 292 hunt
1386 265 1533 300 generibus
1544 266 1631 294 tribus
1640 287 1648 300 ,
1669 265 1734 294 rivis
1747 275 1795 303 per
1806 266 1914 296 canales
1924 267 2060 297 structiles
2071 290 2080 303 ‚
2101 278 2147 299 aut
2159 270 2252 301 tistulis
2261 274 2410 310 plumbeis,

1305 300 1352 328 scu
1361 302 1466 330 tubulis
1476 302 1607 331 fictilibus
1622 325 1630 337 ,
1651 313 1769 339 quorum
1785 304 1827 332 hae
1837 304 2039 334 rationessunt.
2079 306 2108 334 Si
2120 308 2278 343 canalibus,
2301 318 2330 339 ut
2349 311 2414 341 llru.

1306 339 1380 367 eluro
1395 340 1442 367 iiat
1454 349 1536 375 quam
1552 339 1710 370 solidissima
1726 363 1734 375 ,
1756 341 1901 378 solumque
1913 342 2137 373 rivilibranienta
2148 345 2247 375 habeat
2257 347 2387 385 fastigiata
2402 372 2411 385 ,

1306 385 1341 403 ne
1352 377 1444 405 minus
1454 377 1483 404 in
1499 383 1633 407 centenos
1645 379 1729 415 pedes
1745 378 1897 417 semipede,
1915 390 2010 417 eoeque
2022 382 2160 411 structura:
2171 384 2410 423 consornicentur,

1307 419 1336 440 ut
1348 414 1462 442 minime
1474 414 1511 442 sol
1521 425 1619 451 aquam
1633 423 1733 453 tangat.
1757 427 1897 454 quumque
1908 418 2015 446 venerit
2029 419 2063 447 ad
2076 421 2180 449 moenia
2189 442 2197 454 ,
2221 422 2356 452 efficiatur
2368 434 2414 454 ca.

1306 449 1416 479 stellnni
1430 472 1437 485 ,
1455 453 1480 480 δι
1491 452 1602 481 castello
1610 454 1793 488 conjunctum
1805 455 1840 483 ad
1850 455 2046 490 recipiendum
2056 466 2155 493 aquam
2168 458 2270 496 triplex
2280 461 2412 491 immill'i-

1307 487 1378 516 rium
1392 509 1400 522 ,
1421 488 1651 527 collocenturque
1668 492 1697 519 in
1709 491 1819 521 castello
1835 501 1889 521 tres
1909 493 2003 523 fistulae
2017 495 2157 529 aequaiioer
2176 496 2268 526 divisae
2281 498 2352 527 intra
2372 510 2413 529 re.

1308 526 1452 561 ceptacula
1462 528 1626 561 conjuncta:
1651 529 1691 557 uti
1713 539 1798 566 quum
1813 529 2012 566 abundaverit,
2035 532 2069 561 ab
2084 535 2216 563 extremis
2235 535 2265 563 in
2285 537 2411 568 medium

1309 562 1518 600 receptaculum
1532 565 1678 594 redundet.

1251 600 1347 629 CAs'i·
1359 610 1397 628 ιιι,
1405 611 1421 628 1.
1430 604 1445 628 {i
1457 610 1475 628 N
1486 611 1523 630 us
1539 624 1546 635 ,
1568 603 1585 631 i.
1601 613 1638 631 ni.
1662 604 1835 640 [egovfflot‘s]
1858 606 1915 642 Qui
1938 607 2080 636 castellum
2098 608 2211 638 habitat.
2234 610 2289 640 Liv.
2303 620 2346 647 34.
2363 621 2412 649 27.

1289 638 1395 666 Decem
1406 637 1493 667 millia
1502 639 1680 676 popularium
1691 651 1754 670 cum
1766 643 1918 672 castellanis
1931 645 2080 681 agrestibus
2089 645 2119 674 in
2129 648 2211 676 arinis
2227 647 2333 679 habuit.
2343 650 2413 680 Sall.

1288 674 1349 711 jug.
1364 684 1408 707 9²-
1443 675 1495 704 lter
1515 677 1726 708 castellanorum
1736 681 1878 716 angustum
1895 682 2057 712 admodum.

1288 712 1347 741 Alia
1356 712 1517 748 significatio
1529 714 1610 749 hujus
1622 717 1700 745 vocis
1709 719 1783 754 apud
1798 718 1943 756 scriptores
1953 719 2041 749 Medii
2054 721 2112 750 aevi.
2153 722 2182 750 V.
2206 721 2290 762 Cang.

1250 750 1273 779 C
1282 760 1301 779 A
1310 759 1350 779 sT
1360 759 1398 778 izi.
1407 761 1423 778 L
1434 761 1452 778 A
1464 760 1484 779 N
1493 761 1510 780 u
1520 761 1532 780 s
1545 773 1553 785 ,
1574 762 1589 781 a
1600 774 1608 787 ,
1629 763 1685 782 um.
1709 754 1768 789 Adi.
1791 764 1821 784 ut
1833 778 1840 789 ,
1862 757 2006 786 Castellani
2019 759 2132 794 milites,
2153 760 2262 796 Quibus
2273 762 2412 802 adscripta

1288 794 1365 816 erant
1373 788 1546 818 castellorum
1557 799 1616 824 quae
1626 790 1655 818 in
1669 789 1804 822 limitibus
1813 793 1899 822 client
1910 796 2052 825 territoria.
2077 797 2166 834 impp.
2181 799 2208 826 iii
2217 799 2232 827 1.
2246 809 2271 828 2.
2283 801 2318 828 de
2328 802 2410 832 fund.

1287 825 1368 854 limit.
1382 825 1429 854 lib.
1448 836 1458 854 i
1467 836 1489 855 1.
1503 828 1534 855 C.
1556 828 1724 865 Quicunque
1737 830 1909 860 castellorum
1921 833 1983 862 loca
1993 844 2159 872 quocunque
2169 836 2250 865 titulo
2259 839 2410 875 pollident,

1286 863 1390 892 cedant
1405 885 1414 898 ,
1435 873 1467 892 ac
1477 863 1620 894 deserant:
1644 866 1707 902 quia
1717 866 1758 896 his
1767 874 1875 897 tantum
1888 869 1926 898 sas
1938 871 1975 899 est
1995 872 2130 908 pollidere
2147 874 2319 905 castellorum
2335 879 2412 906 terri-

1286 902 1358 929 toria
1375 922 1383 935 ,
1405 901 1506 937 quibus
1520 902 1655 940 adscripta
1668 903 1729 933 sunt
1741 926 1748 938 ,
1770 906 1795 934 &c
1810 906 1845 934 de
1862 907 1962 942 quibus
1978 909 2112 944 judicavit
2128 912 2283 947 antiquitas.
2325 915 2412 951 Quod

1287 938 1306 967 fi
1318 938 1433 968 ulterius
1444 938 1488 968 vel
1497 941 1609 977 privatae
1622 941 1796 972 conditionis
1806 943 1943 981 quispiam
1953 946 1981 974 in
1990 947 2033 975 his
2045 946 2114 977 locis
2126 970 2134 982 ,
2157 949 2200 978 vel
2222 960 2279 979 non
2290 952 2414 982 castella-

1287 986 1341 1005 nus
1356 976 1436 1006 miles
1447 977 1530 1006 fuerit
1544 978 1700 1008 detentator
1709 980 1840 1010 inventus
1850 1003 1858 1016 ,
1880 983 1992 1020 capitali
2013 984 2148 1015 sententia
2163 997 2227 1017 cum
2241 989 2410 1026 publicatio.

1286 1023 1323 1043 ne
1337 1014 1475 1044 bonorum
1488 1015 1634 1053 ple6tetur.

1286 1051 1459 1090 Triumphus
1468 1053 1632 1084 castellanus
1643 1077 1651 1089 ,
1673 1055 1689 1084 i.
1701 1064 1727 1085 e.
1750 1054 1793 1085 De
1803 1056 1915 1086 castello
1926 1064 2010 1097 capto
2026 1061 2110 1090 astus.
2133 1061 2191 1092 Cic.
2204 1063 2238 1092 de
2248 1064 2318 1094 Clar.
2329 1065 2409 1096 Orat.

1305 1099 1370 1126 257.
1395 1090 1494 1120 Malim
1506 1092 1575 1121 mihi
1585 1091 1613 1121 L.
1627 1092 1710 1122 craffi
1720 1102 1803 1122 unam
1816 1104 1867 1131 pro
1877 1095 1916 1124 Μ.
1929 1096 2014 1125 Curio
2024 1098 2176 1128 dit‘tionem
2187 1122 2195 1134 ,
2216 1112 2298 1138 quam
2316 1103 2413 1133 castel-

1307 1128 1387 1157 lanos
1404 1129 1561 1167 triumphos
1576 1130 1656 1159 duos.
1696 1130 1781 1160 Paulo
1792 1139 1857 1161 ante
1868 1133 1992 1169 dixerat,
2015 1135 2071 1171 Qui
2087 1136 2218 1173 Ligurum
2236 1141 2346 1170 castella
2361 1151 2409 1171 ex-

1306 1173 1519 1203 pugnaverunt,
1542 1177 1577 1197 ex
1588 1169 1689 1205 quibus
1700 1168 1857 1199 multisunt
1868 1192 1876 1204 ,
1897 1179 1928 1200 ut
1939 1171 2013 1201 scitis
2024 1195 2031 1206 ,
2053 1174 2196 1212 triumphi.

1249 1203 1274 1234 C
1283 1213 1301 1233 A
1309 1213 1321 1233 s
1330 1212 1350 1232 T
1359 1214 1373 1232 ε
1383 1215 1398 1232 L
1408 1215 1425 1232 L
1436 1214 1455 1233 A
1464 1215 1480 1233 R
1490 1216 1498 1233 i
1508 1215 1526 1234 u
1534 1215 1546 1235 s
1558 1227 1565 1241 ,
1585 1207 1603 1234 i.
1627 1216 1664 1236 m.
1700 1206 1757 1243 Qui
1795 1208 1870 1237 raeest
1890 1210 2108 1246 aquaeductibus.
2160 1212 2245 1244 Vetus
2262 1214 2410 1254 Inscriptio

1290 1241 1366 1279 apud
1381 1242 1458 1272 Grut.
1474 1252 1501 1280 p.
1516 1248 1580 1273 601.
1599 1254 1626 1273 n.
1641 1253 1666 1278 7.
1702 1244 1769 1274 CLE
1806 1245 1895 1276 ENTI
1916 1246 2107 1279 CAESARVM
2126 1249 2244 1282 SERVO
2266 1253 2416 1285 CASTEL.

1290 1278 1401 1310 LARIO
1424 1280 1541 1317 AQVAE
1562 1282 1748 1313 CLAVDIAE.

1249 1317 1274 1347 C
1283 1327 1302 1346 A
1313 1326 1325 1346 s
1334 1326 1376 1347 Te
1384 1329 1400 1346 i.
1409 1329 1425 1346 L
1434 1322 1451 1347 Fi
1462 1328 1481 1347 T
1492 1330 1501 1347 1
1511 1330 1548 1355 M,
1572 1320 1639 1349 adv.
1668 1316 1760 1356 [tomi
1780 1321 1912 1357 ‘pec-lewe]
1946 1323 2019 1361 quali
2044 1323 2201 1354 Turmatim
2221 1337 2269 1364 per
2290 1329 2408 1360 castella.

1288 1354 1346 1384 Liv.
1363 1365 1389 1392 7.
1408 1359 1450 1392 36.
1476 1357 1756 1395 PerpulitConsulem
1767 1380 1775 1393 ,
1797 1366 1827 1388 ut
1837 1360 1927 1390 hostes
1943 1363 1969 1390 &
1980 1362 2119 1392 nocturno
2136 1373 2238 1401 pavore
2255 1369 2388 1397 attonitos
2401 1390 2410 1403 ,

1290 1394 1316 1423 δε
1327 1393 1399 1423 circa
1410 1394 1513 1424 collem
1524 1395 1685 1425 castellatim
1697 1396 1840 1434 dissipatos
1853 1399 2056 1436 aggrederetur.

1290 1430 1461 1462 castellatim
1471 1432 1567 1463 serere.
1589 1433 1658 1463 Plin.
1670 1433 1717 1464 lib.
1736 1444 1778 1469 19.
1791 1445 1853 1473 cap.
1864 1440 1891 1465 6.

1250 1468 1274 1498 C
1284 1478 1301 1497 A
1310 1479 1322 1498 s
1333 1479 1352 1497 T
1362 1479 1377 1498 a
1386 1481 1402 1498 ι
1411 1481 1426 1498 L
1435 1481 1454 1500 A
1462 1482 1483 1499 M
1491 1481 1506 1500 iz
1514 1481 1533 1500 N
1544 1481 1564 1499 T
1574 1481 1590 1500 u
1599 1483 1621 1500 M
1633 1493 1640 1506 ,
1661 1472 1680 1501 i.
1702 1482 1732 1502 n.
1753 1472 1884 1503 Edulium
1900 1474 1955 1503 sive
1968 1474 2122 1506 farciminis
2137 1486 2236 1514 genus.
2259 1479 2361 1508 Arnob.
2379 1489 2406 1510 2.

1288 1517 1316 1544 p.
1331 1516 1375 1542 73.
1398 1508 1435 1537 Ut
1445 1508 1593 1547 spirulas&
1603 1509 1715 1539 botulos
1724 1511 1864 1546 facerent,
1886 1512 1958 1541 isicia
1970 1535 1978 1547 ,
1999 1513 2221 1551 castellamenta,
2240 1516 2383 1547 lucanicas
2398 1539 2409 1553 ‚

1288 1545 1453 1575 suminatam
1464 1556 1529 1576 cum
1541 1548 1583 1577 his
1595 1557 1706 1577 carnem
1716 1570 1723 1583 ,
1746 1550 1771 1578 &
1780 1548 1887 1586 glaciali
1901 1551 2065 1580 conditione
2083 1558 2185 1582 tuceta.
2226 1553 2256 1583 V.
2280 1555 2316 1584 de
2324 1565 2360 1584 eo
2370 1556 2412 1585 lo-

1289 1591 1322 1611 co
1333 1583 1462 1614 Wower.
1477 1585 1512 1614 ad
1523 1585 1625 1614 Minur.
1637 1585 1719 1615 Felic.
1730 1596 1758 1624 p.
1772 1596 1812 1621 19.
1825 1588 1871 1617 ed.
1890 1591 1970 1622 1652.
1993 1590 2019 1618 &
2032 1589 2144 1620 Herald.

1249 1619 1274 1649 C
1286 1630 1302 1648 Α
1312 1630 1324 1649 s
1332 1630 1351 1649 T
1361 1631 1377 1649 R
1389 1632 1407 1650 A
1416 1625 1461 1650 Mi}
1471 1632 1491 1650 T
1501 1633 1518 1651 o
1526 1632 1543 1651 R
1553 1645 1562 1658 ,
1594 1621 1776 1659 [ςροιππεὸόῦω
1785 1646 1794 1659 ,
1823 1626 2026 1663 κροζτιυλίζομαι]
2047 1628 2097 1656 ἔτί.
2128 1628 2219 1658 Castra
2241 1629 2333 1660 locare
2358 1631 2413 1663 five

1286 1668 1401 1696 ponere.
1424 1659 1480 1689 Liv.
1493 1669 1536 1696 34.
1550 1666 1594 1695 28.
1618 1661 1672 1690 Ubi
1683 1662 1907 1692 castrametantes
1916 1663 2058 1694 Romanos
2066 1686 2075 1701 ,
2093 1666 2299 1704 Quintiumque
2308 1668 2409 1706 ipsum,

1286 1705 1352 1725 cum
1360 1697 1502 1734 equitibus
1512 1706 1593 1734 atque
1602 1700 1740 1736 expeditis
1750 1701 1940 1737 praegressum,
1960 1702 2108 1732 auxiliares
2129 1706 2237 1741 tyranni
2247 1706 2341 1736 adorti
2351 1729 2361 1742 ,
2380 1709 2410 1737 in

1287 1740 1419 1764 terrorem
1429 1746 1462 1765 ac
1472 1737 1623 1766 tumultum
1635 1738 1827 1773 conjecerunt.
1868 1740 1907 1768 [ll.
1930 1740 2034 1775 divise,
2056 1740 2148 1770 Castra
2163 1751 2308 1773 metantes.

1249 1771 1272 1800 C
1282 1781 1353 1839 sligr
1361 1783 1377 1801 R
1387 1775 1403 1802 Ᾱ
1414 1785 1434 1802 Μ
1445 1777 1461 1802 ῑῑ
1472 1784 1491 1803 T
1501 1778 1518 1802 i
1526 1784 1546 1802 T
1556 1784 1595 1803 0R
1605 1797 1613 1811 ,
1635 1776 1702 1804 oris.
1724 1786 1765 1805 m.
1786 1776 2019 1813 [mmmmm]
2040 1778 2145 1809 Vitruv.
2156 1779 2206 1809 lib.
2219 1787 2243 1813 ε.
2261 1791 2327 1820 cap.
2341 1793 2366 1818 ς.
2383 1784 2410 1813 &

1300 1820 1307 1837 i
1331 1833 1336 1839 .
1354 1821 1394 1840 ιο.
1412 1821 1443 1841 ca
1466 1834 1472 1841 .
1506 1834 1513 1841 .

1250 1846 1273 1876 C
1282 1857 1302 1876 A
1312 1857 1324 1877 s
1333 1858 1352 1876 T
1360 1858 1376 1877 R
1384 1859 1398 1878 a
1408 1859 1430 1878 N
1439 1822 1469 1878 spi
1479 1821 1509 1885 s⁷‚
1531 1860 1554 1880 e.
1579 1848 1766 1887 [ςρκπωπκές]
1788 1852 1873 1888 Quod
1887 1853 1924 1882 ad
1944 1854 2028 1884 castra
2044 1856 2175 1891 pertinet.
2197 1862 2245 1893 ut,
2266 1857 2356 1888 Labor
2364 1869 2411 1890 ca·

1286 1886 1401 1916 strensis.
1442 1887 1580 1918 Castrense
1596 1888 1782 1919 latrocinium.
1805 1890 1863 1920 Cic.
1878 1901 1901 1927 3.
1915 1892 1945 1920 in
1957 1892 2037 1922 Catil.
2052 1902 2094 1929 17.
2202 1903 2205 1913 ¹

1286 1925 1366 1953 Arma
1376 1925 1524 1956 castrensia.
1547 1926 1670 1963 Propert.
1682 1927 1729 1958 lib.
1743 1938 1765 1964 3.
1778 1938 1804 1964 9.
1818 1938 1859 1963 19.

1286 1961 1536 1994 elaffiscastrenfis.
1578 1965 1649 1994 Flor.
1663 1975 1688 1994 2.
1702 1974 1728 1995 2.
1740 1975 1784 2002 35.
1808 1965 1904 1996 Ciaffis
1911 1974 2049 2006 prompta,
2069 1968 2140 1999 levis
2149 1991 2159 2004 ,
2181 1971 2206 2000 ἃ
2218 1971 2340 2008 quodam
2350 1982 2413 2003 mo..

1305 2000 1343 2029 do
1355 2001 1502 2031 castrenlis.
1546 2001 1577 2031 V.
1601 2002 1640 2031 ibi
1657 2003 1774 2041 lnterpr.

1285 2037 1396 2068 Corona
1406 2039 1546 2069 castrensis
1558 2061 1567 2074 ,
1588 2041 1652 2077 Qua
1661 2041 1849 2072 donabatur'is
1860 2043 1907 2080 qui
1917 2043 2023 2081 primus
2034 2043 2154 2075 hostium
2162 2046 2246 2076 castra
2252 2049 2408 2086 pugnando

1303 2076 1465 2107 introiisset:
1489 2078 1532 2106 cui
1546 2078 1650 2116 insigne
1658 2085 1717 2109 erat
1726 2090 1760 2109 ex
1771 2090 1837 2109 auro
1848 2080 1959 2111 vallum.
1983 2082 2051 2112 Fest.
2065 2084 2092 2112 &
2105 2083 2176 2114 Gell.
2192 2095 2216 2120 ς.
2228 2088 2254 2114 6.

1282 2113 1445 2149 jurisdictio
1457 2116 1602 2146 castrensis.
1625 2116 1716 2147 Tacit.
1729 2117 1782 2147 Vit.
1795 2119 1882 2153 agric.
1897 2130 1923 2154 9.

1287 2151 1360 2181 Ludi
1371 2153 1525 2183 castrenses.
1565 2154 1642 2184 Suet.
1654 2155 1719 2185 Tib.
1733 2164 1777 2192 72.
1800 2156 1986 2187 castrensibus
2000 2157 2073 2187 ludis
2084 2168 2141 2188 non
2158 2159 2284 2189 interfuit
2299 2160 2408 2199 solum,

1305 2189 1353 2219 sed
1363 2191 1446 2220 etiam
1457 2191 1567 2221 missum.
1580 2193 1608 2221 in
1621 2202 1734 2222 arenam
1743 2195 2071 2233 aprumjaculisdesuper
2079 2197 2168 2234 petiit.

1283 2227 1428 2258 Peculium
1438 2229 1570 2259 castrense
1581 2252 1589 2264 ‚
1608 2237 1642 2260 ut
1652 2231 1751 2260 definit
1764 2232 1859 2261 Macer
1870 2233 1899 2262 in
1913 2233 1930 2262 l.
1943 2233 2091 2263 Castrensc.
2112 2235 2145 2264 D.
2169 2235 2204 2264 de
2214 2234 2301 2265 Castr.
2315 2237 2409 2274 pecul.

1305 2266 1345 2295 est
1353 2266 1437 2303 Quod
1452 2277 1467 2296 a
1479 2268 1639 2304 parentibus
1650 2268 1693 2297 vel
1711 2270 1836 2306 cognatis
1855 2270 1885 2300 in
1902 2270 2001 2301 militia
2017 2273 2111 2309 agenti
2128 2273 2263 2303 donatum
2285 2274 2340 2304 est:
2363 2276 2411 2305 vel

1307 2304 1393 2341 Qiod
1402 2304 1460 2342 ipse
1474 2305 1670 2336 filiusfamilias
1679 2307 1708 2336 in
1717 2307 1819 2337 militia
1830 2309 1975 2345 acquisivit
1986 2319 1993 2338 τ
2015 2310 2091 2346 quod
2100 2311 2150 2340 nisi
2164 2311 2306 2347 militaret,
2316 2314 2411 2350 acqui-

1303 2342 1402 2372 siturus
1412 2353 1469 2372 non
1480 2343 1580 2373 fuisset.
1621 2344 1694 2374 Nam
1704 2346 1780 2382 quod
1790 2353 1849 2376 erat
1859 2348 1885 2376 Sc
1895 2346 1950 2376 fine
1963 2347 2062 2377 militia
2072 2349 2263 2386 acquisiturus,
2284 2350 2314 2380 id
2323 2360 2410 2388 pecu-

1305 2379 1377 2409 lium
1385 2380 1444 2416 ejus
1452 2382 1585 2411 castrense
1593 2391 1650 2411 non
1662 2383 1710 2412 est.
1898 2394 1901 2397 ·

1284 2417 1370 2448 Pensa
1383 2419 1532 2448 castrensia.
1553 2419 1677 2458 Propert.
1688 2420 1737 2450 lib.
1751 2432 1777 2456 4.
1790 2430 1814 2458 3.
1829 2430 1871 2458 33.

1366 2457 1502 2487 Nod‘tibus
1512 2457 1635 2487 hibernis
1645 2458 1786 2489 castrensia
1798 2460 1881 2497 pensa
1890 2459 1995 2491 laboro.
2090 2462 2180 2492 Verba
2194 2463 2256 2493 sunt
2273 2463 2387 2494 Aretusae
2396 2486 2407 2501 ‚

1302 2503 1365 2530 quae
1377 2495 1462 2524 vestes
1474 2495 1652 2532 conficiebat,
1665 2498 1691 2526 ἃ
1702 2497 1816 2528 texebat
1826 2497 1938 2536 Lycotae
1946 2499 2005 2534 suo,
2023 2505 2055 2529 ut
2064 2499 2120 2531 illis
2128 2507 2251 2532 uteretur
2258 2503 2287 2532 in
2297 2503 2387 2533 castris
2396 2524 2408 2538 ‚

1304 2533 1433 2562 noctibus
1448 2533 1580 2563 hibernis.

1284 2568 1367 2599 Ratio
1378 2570 1530 2606 castrensis,
1553 2573 1579 2601 δεῖ
1590 2571 1725 2601 militaris.
1748 2572 1806 2602 Cic.
1817 2583 1869 2611 pro
1885 2573 1955 2604 coel.
1971 2583 2014 2605 η.

1284 2607 1392 2637 Seditio
1404 2609 1552 2638 castrensis.
1574 2609 1632 2639 Liv.
1643 2621 1670 2645 4.
1684 2620 1727 2643 ςο.

1284 2646 1441 2682 Stipendia.
1462 2646 1532 2676 Plin.
1545 2657 1587 2683 14.
1599 2647 1737 2685 Epist.lib.
1753 2653 1779 2682 8.

1285 2683 1458 2721 Triumphus
1472 2684 1610 2714 castrensis
1622 2685 1709 2715 Decii.
1731 2685 1790 2716 Liv.
1803 2697 1828 2724 7.
1850 2690 1896 2724 36.

1283 2721 1436 2751 Tumultus
1444 2722 1592 2753 castrensis.
1618 2723 1677 2753 Liv.
1687 2728 1733 2757 28.
1745 2734 1790 2760 24.

1284 2759 1406 2789 Verbum
1418 2760 1560 2790 castrense.
1600 2761 1669 2790 Plin.
1682 2762 1711 2790 in
1723 2762 1798 2800 praefI
1812 2762 1858 2793 lib.
1873 2773 1896 2793 1.
1917 2763 2046 2802 Namque
2055 2771 2086 2796 tu
2094 2766 2201 2797 ‘solebas
2210 2777 2284 2797 meas
2294 2766 2349 2799 effe
2359 2769 2409 2800 aIi.

1302 2797 1372 2834 quid
1382 2805 1479 2835 putare
1488 2808 1574 2836 nugas
1586 2820 1594 2833 ,
1615 2805 1647 2828 ut
1655 2798 1745 2829 obiter
1756 2800 1899 2831 emolliam
1911 2801 2055 2833 Catullum
2071 2812 2286 2836 conterraneum
2300 2817 2406 2839 meum.

1304 2836 1429 2872 agnoscis
1441 2837 1469 2866 Sc
1478 2836 1533 2866 hoc
1541 2836 1677 2867 castrense
1688 2838 1813 2868 verbum.

1245 2873 1270 2902 C
1279 2884 1298 2903 A
1307 2883 1319 2902 s
1328 2882 1371 2901 TR
1380 2883 1394 2902 R
1403 2883 1423 2902 N
1431 2883 1443 2903 s
1451 2885 1460 2902 i
1470 2884 1490 2903 A
1500 2884 1520 2903 N
1530 2885 1547 2903 u
1556 2884 1568 2904 s
1579 2896 1586 2910 ,
1606 2884 1621 2904 a
1633 2897 1640 2910 ‚
1661 2885 1720 2905 um.
1743 2876 1831 2906 Idem.
1852 2882 1897 2914 ut,
1915 2878 2021 2909 Milites
2033 2880 2207 2911 castrenliani
2218 2903 2226 2915 ,
2255 2882 2312 2919 Qui
2325 2883 2355 2912 in
2374 2883 2407 2913 li-

1286 2910 1401 2940 mitibus
1411 2912 1522 2949 imperii
1534 2919 1631 2942 contra
1643 2912 1773 2943 barbaros
1784 2915 1972 2946 excubabant.
1994 2917 2013 2947 l.
2029 2928 2071 2947 12.
2085 2918 2154 2948 eod.
2167 2920 2202 2948 de
2215 2929 2243 2949 re
2253 2920 2332 2950 milit.

1248 2949 1272 2979 C
1282 2959 1300 2978 A
1310 2959 1321 2978 s
1331 2959 1351 2978 T
1359 2959 1377 2978 R
1386 2960 1396 2977 1
1406 2959 1423 2979 c
1435 2960 1445 2978 1
1455 2960 1473 2978 u
1481 2960 1493 2979 s
1502 2972 1510 2985 ,
1531 2960 1546 2980 a
1555 2972 1565 2985 ,
1588 2961 1645 2981 um.
1666 2951 1746 2981 Idem
1759 2952 1813 2981 esse
1833 2953 1952 2984 videtur.
1974 2962 2005 2984 ut
2014 2977 2023 2990 ,
2044 2956 2146 2986 Comes
2165 2958 2302 2987 castricius
2313 2980 2321 2993 ,
2343 2959 2406 2989 Am-

1285 2987 1370 3053 isitiian.
1388 2997 1430 3023 14.
1446 2997 1472 3018 2.
1496 2988 1633 3018 Ubiidem
1645 2988 1698 3019 esse
1707 2999 1739 3020 ac
1749 2990 1901 3021 Militarem
1913 2999 1994 3030 putat
2005 2993 2132 3024 Valesius.
2173 2995 2306 3025 Scribitur
2317 2997 2345 3026 ἃ
2356 2995 2408 3026 Ca-

1310 3032 1396 3055 fitius.

1247 3062 1270 3091 C
1279 3072 1346 3091 AST
1357 3073 1391 3091 R1
1400 3072 1436 3092 ci
1445 3073 1466 3092 u
1475 3072 1488 3092 s
1499 3085 1507 3099 ‚
1538 3064 1557 3093 i.
1583 3074 1621 3094 m.
1643 3065 1788 3103 proprium
1806 3066 1859 3096 viri
1868 3088 1878 3102 ,
1912 3073 1943 3097 ut
1962 3068 2107 3098 Castricius
2118 3092 2127 3104 ,
2159 3072 2209 3107 qui
2227 3081 2313 3108 quum
2331 3078 2407 3102 tem-

1285 3110 1354 3138 pore
1366 3100 1483 3138 Syllanae
1498 3101 1669 3132 dissensionis
1682 3103 1828 3134 Placentiae
1841 3112 1948 3142 gereret
1965 3107 2153 3142 magistratum
2163 3130 2171 3142 ,
2191 3110 2217 3138 sc
2238 3110 2288 3138 Cn.
2313 3110 2406 3140 Carbo

1285 3148 1328 3167 co
1338 3148 1359 3167 s.
1373 3138 1560 3169 Marianarum
1571 3142 1691 3178 partium
1704 3148 1811 3178 peteret
1820 3143 1927 3172 obsides
1946 3143 2135 3179 Placentinos,
2158 3154 2193 3174 ne
2212 3147 2352 3177 Placentia
2369 3149 2407 3178 ad

1283 3175 1390 3214 Syllam
1400 3176 1534 3207 deficeret
1544 3200 1553 3212 ,
1575 3180 1689 3217 neganti
1699 3179 1834 3209 Castricio
1846 3180 1926 3214 dixit,
1941 3181 2046 3211 multos
2056 3182 2083 3211 se
2102 3182 2204 3213 habere
2217 3185 2333 3223 gladios.
2373 3187 2408 3216 At

1284 3223 1433 3251 egoannos
1444 3236 1452 3249 ,
1473 3215 1566 3252 inquit
1579 3216 1733 3246 Castricius.
1755 3219 1858 3247 Auctor
1874 3218 1995 3248 Valerius
2007 3224 2031 3248 6.
2045 3229 2070 3248 2.
2087 3230 2129 3249 πο.

1284 3251 1319 3281 Τ.
1338 3251 1483 3282 Castricius
1493 3253 1577 3289 alter,
1598 3255 1756 3285 Rhetoricae
1767 3255 1867 3284 dofftor
1876 3255 1971 3284 Romae
1982 3278 1989 3291 ,
2010 3257 2046 3286 de
2061 3266 2116 3293 quo
2129 3257 2198 3287 Gell.
2217 3259 2266 3290 iib.
2280 3270 2322 3297 13.
2341 3271 2403 3300 cap.

1301 3299 1348 3319 20.
1361 3290 1398 3319 fic
1408 3290 1501 3320 scribit
1513 3291 1548 3321 T.
1560 3292 1704 3322 Castricius
1715 3314 1723 3327 ,
1745 3293 1851 3329 inquit.
1874 3293 2030 3324 Rhetoricae
2052 3294 2205 3334 disciplinae
2220 3298 2337 3334 ἀοᾶοτ,
2359 3301 2407 3337 qui

1300 3327 1400 3357 habuit
1410 3327 1507 3358 Romae
1519 3329 1613 3359 locum
1623 3331 1782 3368 principem
1794 3330 1971 3360 declamandi
1992 3333 2016 3361 δι
2028 3332 2151 3363 docendi
2160 3355 2168 3369 ,
2189 3334 2295 3366 summa
2308 3338 2348 3366 vir
2359 3348 2407 3367 au.

1302 3366 1429 3396 &oritate
1438 3389 1447 3402 ,
1468 3368 1655 3406 gravitateque
1666 3390 1674 3404 ‚
1696 3370 1723 3398 &
1734 3378 1750 3397 a
1760 3367 1794 3397 D.
1808 3368 1950 3397 Hadriano
1959 3370 1996 3398 cb
2006 3379 2115 3407 mores,
2135 3379 2218 3409 atque
2228 3373 2334 3404 litteras
2347 3375 2409 3414 spe.

1302 3405 1392 3433 <Status
1404 3426 1412 3439 ,
1435 3406 1487 3434 Sco.

1282 3440 1358 3471 Alius
1371 3442 1407 3471 de
1416 3452 1471 3480 quo
1481 3443 1558 3472 Suet.
1572 3444 1640 3481 Aug.
1651 3453 1711 3480 cap.
1726 3446 1769 3478 56.
1787 3449 1857 3473 extr.
1880 3444 1905 3473 δι
1922 3444 1959 3474 de
1973 3454 2027 3482 quo
2046 3445 2104 3476 Cic.
2117 3456 2160 3477 12.
2178 3447 2232 3478 Att.
2245 3456 2290 3485 28.
2311 3451 2360 3480 ubi
2378 3454 2406 3482 &c

1302 3478 1462 3510 Castriciani
1475 3481 1581 3518 negotii
1594 3482 1700 3510 mentio
1711 3480 1750 3510 fit.

1244 3515 1268 3546 C
1278 3526 1298 3545 A
1307 3526 1319 3545 s
1328 3526 1348 3545 ‘r
1356 3519 1374 3546 ῠ
1384 3529 1400 3546 L
1409 3526 1428 3546 Λ
1438 3539 1447 3553 ,
1467 3528 1498 3547 ae.
1522 3518 1540 3548 f.
1564 3517 1744 3554 [abgam]
1766 3516 1920 3554 Palliolum,
1932 3529 1987 3557 quo
1998 3520 2108 3551 feminae
2116 3523 2198 3553 nudae
2206 3525 2278 3554 infra
2288 3527 2405 3565 papii-ias

1280 3555 1531 3592 praecingebantur.
1559 3556 1644 3591 Quod
1655 3555 1784 3584 mulieres
1803 3555 1978 3596 sumpserunt
1994 3568 2045 3595 pro
2057 3559 2200 3592 subucula.
2229 3562 2271 3592 Ex
2284 3564 2405 3595 Varrone

1281 3593 1391 3622 Nonius
1404 3597 1447 3623 16.
1464 3604 1488 3626 ς.
1498 3595 1525 3623 Sc
1534 3605 1560 3629 4.
1585 3593 1651 3622 Haec
1662 3594 1686 3622 ἃ
1698 3593 1872 3622 Perizonium
1884 3596 1910 3623 &
1922 3596 2143 3628 rraeeinctorium
2154 3599 2266 3630 dicitur.

1243 3629 1267 3659 C
1277 3640 1296 3659 A
1307 3640 1320 3659 s
1329 3640 1348 3659 T
1357 3633 1375 3660 ῠ
1386 3642 1401 3659 i.
1410 3641 1427 3659 0
1436 3653 1443 3666 ,
1465 3631 1535 3660 onis.
1558 3631 1576 3659 f.
1600 3630 1669 3659 Urbs
1681 3630 1827 3674 Hispaniae.
1868 3631 1924 3662 Liv.
1938 3643 1982 3666 24.
1995 3643 2039 3669 4¹·
2062 3635 2174 3665 Castulo
2186 3638 2253 3668 urbs
2264 3639 2403 3678 Hispaniae

1281 3668 1372 3697 valida
1382 3678 1413 3698 ac
1421 3668 1524 3697 nobilis
1535 3690 1543 3704 ,
1556 3670 1608 3698 διο.
1642 3668 1671 3696 V.
1693 3670 1776 3697 etiam
1788 3668 1835 3697 Sil.
1852 3678 1877 3705 3.
1893 3680 1937 3705 99.
1949 3672 1975 3699 8<
1987 3681 2049 3707 39¹·

1243 3705 1266 3735 C
1275 3715 1294 3734 A
1303 3715 1315 3734 s
1324 3716 1370 3735 Tu
1380 3717 1396 3734 ι.
1405 3710 1422 3735 ὃ
1434 3716 1454 3734 N
1463 3715 1477 3734 R
1487 3715 1506 3734 N
1516 3715 1529 3735 s
1539 3716 1553 3734 a
1562 3716 1574 3735 s
1585 3728 1593 3740 ,
1615 3707 1629 3741 [
1641 3707 1838 3741 Καςελωνιπα]
1858 3707 1955 3745 Populi
1974 3709 2037 3738 sunt
2052 3710 2191 3749 Hispaniae
2205 3713 2313 3744 Baeticae
2327 3716 2403 3753 apud

1281 3743 1350 3772 Plin.
1366 3743 1414 3772 lib.
1429 3753 1452 3778 ς.
1466 3752 1527 3779 cap.
1540 3752 1565 3780 3¹⁶
1586 3743 1627 3772 Ex
1641 3742 1753 3772 colonia
1772 3744 1908 3781 (inquit)
1929 3745 2079 3778 Salariense
2089 3750 2226 3787 oppidani
2246 3752 2315 3782 Latii
2328 3762 2404 3783 vete-

1280 3782 1316 3810 ris
1326 3780 1534 3809 Castulonenses
1544 3802 1552 3815 ,
1575 3781 1621 3817 qui
1632 3780 1726 3809 Caesari
1737 3781 1847 3811 venales
1859 3783 2046 3821 appellantur.
2087 3786 2119 3817 V.
2144 3788 2202 3818 Cic.
2218 3800 2258 3819 ro.
2274 3791 2399 3828 Fain.31.

1281 3818 1411 3847 Castulon
1424 3839 1432 3853 ,
1453 3817 1536 3854 vulgo
1546 3820 1662 3846 Caslonae.
1813 3854 1819 3863 Ι

1243 3856 1414 3890 CAsTus,
1434 3865 1466 3889 a,
1488 3855 1628 3898 uni-,Adi
1651 3856 1766 3898 [ci-pk,
1789 3859 1909 3894 πυφςων]
1929 3859 2032 3890 dic-itur
2044 3863 2110 3892 Sine
2129 3864 2255 3894 libidinis
2270 3868 2296 3895 Sc
2315 3869 2402 3903 turpi.

1278 3894 1383 3922 tudinis
1397 3899 1472 3927 nota,
1496 3902 1526 3921 ut
1540 3900 1578 3921 ait
1589 3893 1705 3922 Nonius.
1747 3894 1808 3924 Cic.
1823 3906 1872 3933 pro
1885 3894 1965 3927 Rosa.
1983 3899 2063 3930 Com.
2077 3910 2121 3930 21.
2146 3902 2302 3936 Considera,
2321 3904 2376 3932 Piso
2388 3927 2396 3939 ,

1278 3931 1339 3967 quis
1348 3951 1357 3966 ,
1379 3939 1461 3966 quem
1470 3929 1605 3960 fraudasse
1616 3931 1731 3962 dicatur.
1761 3933 1876 4001 Rolsci'ilis
1888 3935 2044 3967 Fannium?
2066 3939 2135 3976 quid
2148 3940 2186 3969 eil
2196 3940 2251 3968 hoc
2260 3942 2274 3970 ⁶?
2294 3942 2398 3971 Probus

1880 3982 1896 4002 2
2294 3989 2398 4014 impro-
