<?xml version="1.0" encoding="UTF-8"?>
<!DOCTYPE html PUBLIC "-//W3C//DTD XHTML 1.0 Transitional//EN"
    "http://www.w3.org/TR/xhtml1/DTD/xhtml1-transitional.dtd">
<html xmlns="http://www.w3.org/1999/xhtml" xml:lang="en" lang="en">
 <head>
  <title>
</title>
<meta http-equiv="Content-Type" content="text/html;charset=utf-8" />
  <meta name='ocr-system' content='tesseract 3.04.00' />
  <meta name='ocr-capabilities' content='ocr_page ocr_carea ocr_par ocr_line ocrx_word'/>
</head>
<body>
  <div class='ocr_page' id='page_1' title='image "./robertistephanil01esti_0489.png"; bbox 0 0 2600 4177; ppageno 0'>
   <div class='ocr_carea' id='block_1_1' title="bbox 28 3558 35 4177">
    <p class='ocr_par' dir='ltr' id='par_1_1' title="bbox 28 3558 35 4177">
     <span class='ocr_line' id='line_1_1' title="bbox 28 3558 35 4177; baseline 0 0"><span class='ocrx_word' id='word_1_1' title='bbox 28 3558 35 4177; x_wconf 95' lang='lat' dir='ltr'> </span> 
     </span>
    </p>
   </div>
   <div class='ocr_carea' id='block_1_2' title="bbox 441 151 727 185">
    <p class='ocr_par' dir='ltr' id='par_1_2' title="bbox 441 151 727 185">
     <span class='ocr_line' id='line_1_2' title="bbox 441 151 727 185; baseline -0.003 0"><span class='ocrx_word' id='word_1_2' title='bbox 441 151 471 185; x_wconf 94' lang='lat' dir='ltr'>C</span> <span class='ocrx_word' id='word_1_3' title='bbox 568 152 595 185; x_wconf 82' lang='lat' dir='ltr'><strong>A</strong></span> <span class='ocrx_word' id='word_1_4' title='bbox 696 152 727 184; x_wconf 83' lang='lat' dir='ltr'>N</span> 
     </span>
    </p>
   </div>
   <div class='ocr_carea' id='block_1_3' title="bbox 0 233 1174 4063">
    <p class='ocr_par' dir='ltr' id='par_1_3' title="bbox 0 233 1170 2048">
     <span class='ocr_line' id='line_1_3' title="bbox 40 233 475 270; baseline -0.007 -5"><span class='ocrx_word' id='word_1_5' title='bbox 40 234 147 265; x_wconf 80' lang='lat' dir='ltr'>Rabidi.</span> <span class='ocrx_word' id='word_1_6' title='bbox 171 235 233 263; x_wconf 78' lang='lat' dir='ltr'>Seu.</span> <span class='ocrx_word' id='word_1_7' title='bbox 251 233 358 270; x_wconf 80' lang='lat' dir='ltr'>OEdip.</span> <span class='ocrx_word' id='word_1_8' title='bbox 373 243 397 263; x_wconf 93' lang='lat' dir='ltr'>v.</span> <span class='ocrx_word' id='word_1_9' title='bbox 411 241 475 269; x_wconf 78' lang='lat'>932.</span> 
     </span>
     <span class='ocr_line' id='line_1_4' title="bbox 41 271 486 308; baseline -0.004 -7"><span class='ocrx_word' id='word_1_10' title='bbox 41 272 164 302; x_wconf 78' lang='lat' dir='ltr'>Rabiosn.</span> <span class='ocrx_word' id='word_1_11' title='bbox 187 272 252 300; x_wconf 86' lang='lat' dir='ltr'>Hor.</span> <span class='ocrx_word' id='word_1_12' title='bbox 266 281 291 300; x_wconf 88' lang='lat'>2.</span> <span class='ocrx_word' id='word_1_13' title='bbox 310 271 391 308; x_wconf 71' lang='lat' dir='ltr'>Epist.</span> <span class='ocrx_word' id='word_1_14' title='bbox 403 281 428 300; x_wconf 89' lang='lat'>2.</span> <span class='ocrx_word' id='word_1_15' title='bbox 441 280 486 307; x_wconf 82' lang='lat'>75.</span> 
     </span>
     <span class='ocr_line' id='line_1_5' title="bbox 42 307 881 347; baseline -0.001 -9"><span class='ocrx_word' id='word_1_16' title='bbox 42 310 148 347; x_wconf 84' lang='lat' dir='ltr'>Rapidi.</span> <span class='ocrx_word' id='word_1_17' title='bbox 171 309 276 338; x_wconf 79' lang='lat' dir='ltr'>Lucret.</span> <span class='ocrx_word' id='word_1_18' title='bbox 290 309 337 337; x_wconf 89' lang='lat' dir='ltr'>lib.</span> <span class='ocrx_word' id='word_1_19' title='bbox 354 319 376 341; x_wconf 86' lang='grc' dir='ltr'>ς.</span> <span class='ocrx_word' id='word_1_20' title='bbox 390 314 453 342; x_wconf 79' lang='lat'>890.</span> <span class='ocrx_word' id='word_1_21' title='bbox 497 309 512 343; x_wconf 91' lang='lat'>[</span> <span class='ocrx_word' id='word_1_22' title='bbox 526 307 581 337; x_wconf 78' lang='lat' dir='ltr'>Nisi</span> <span class='ocrx_word' id='word_1_23' title='bbox 597 307 711 337; x_wconf 68' lang='lat' dir='ltr'>Rabidis</span> <span class='ocrx_word' id='word_1_24' title='bbox 723 307 881 346; x_wconf 76' lang='lat' dir='ltr'>legendum.</span> 
     </span>
     <span class='ocr_line' id='line_1_6' title="bbox 41 345 579 383; baseline -0.009 -5"><span class='ocrx_word' id='word_1_25' title='bbox 41 348 184 378; x_wconf 68' lang='lat' dir='ltr'>Robuiius.</span> <span class='ocrx_word' id='word_1_26' title='bbox 209 346 347 376; x_wconf 83' lang='lat' dir='ltr'>Columel.</span> <span class='ocrx_word' id='word_1_27' title='bbox 359 345 407 374; x_wconf 88' lang='lat' dir='ltr'>lib.</span> <span class='ocrx_word' id='word_1_28' title='bbox 420 355 445 382; x_wconf 90' lang='lat'>7.</span> <span class='ocrx_word' id='word_1_29' title='bbox 458 355 517 383; x_wconf 88' lang='lat' dir='ltr'>cap.</span> <span class='ocrx_word' id='word_1_30' title='bbox 539 355 579 374; x_wconf 74' lang='grc' dir='ltr'>η.</span> 
     </span>
     <span class='ocr_line' id='line_1_7' title="bbox 42 381 1116 422; baseline -0.003 -8"><span class='ocrx_word' id='word_1_31' title='bbox 42 384 165 417; x_wconf 86' lang='lat' dir='ltr'>Soliciti;</span> <span class='ocrx_word' id='word_1_32' title='bbox 187 383 271 412; x_wconf 87' lang='lat' dir='ltr'>Ovid.</span> <span class='ocrx_word' id='word_1_33' title='bbox 292 393 332 412; x_wconf 85' lang='lat' dir='ltr'>ir.</span> <span class='ocrx_word' id='word_1_34' title='bbox 348 383 416 413; x_wconf 89' lang='lat' dir='ltr'>Met.</span> <span class='ocrx_word' id='word_1_35' title='bbox 433 393 493 422; x_wconf 71' lang='lat'>590.</span> <span class='ocrx_word' id='word_1_36' title='bbox 517 383 591 419; x_wconf 80' lang='lat' dir='ltr'>quod</span> <span class='ocrx_word' id='word_1_37' title='bbox 604 391 660 411; x_wconf 88' lang='lat' dir='ltr'>rem</span> <span class='ocrx_word' id='word_1_38' title='bbox 671 382 778 411; x_wconf 87' lang='lat' dir='ltr'>domini</span> <span class='ocrx_word' id='word_1_39' title='bbox 792 381 940 420; x_wconf 67' lang='lat' dir='ltr'>diligenter</span> <span class='ocrx_word' id='word_1_40' title='bbox 953 383 1116 413; x_wconf 81' lang='lat' dir='ltr'>custodiant.</span> 
     </span>
     <span class='ocr_line' id='line_1_8' title="bbox 42 419 679 458; baseline -0.008 -6"><span class='ocrx_word' id='word_1_41' title='bbox 42 421 191 452; x_wconf 83' lang='lat' dir='ltr'>Tiruncula</span> <span class='ocrx_word' id='word_1_42' title='bbox 202 421 286 450; x_wconf 85' lang='lat' dir='ltr'>canis.</span> <span class='ocrx_word' id='word_1_43' title='bbox 309 419 445 450; x_wconf 89' lang='lat' dir='ltr'>Columel.</span> <span class='ocrx_word' id='word_1_44' title='bbox 457 420 505 449; x_wconf 88' lang='lat' dir='ltr'>lib.</span> <span class='ocrx_word' id='word_1_45' title='bbox 520 430 543 456; x_wconf 88' lang='lat'>7.</span> <span class='ocrx_word' id='word_1_46' title='bbox 560 429 620 458; x_wconf 58' lang='lat' dir='ltr'>cap.</span> <span class='ocrx_word' id='word_1_47' title='bbox 639 429 679 448; x_wconf 84' lang='lat'>12.</span> 
     </span>
     <span class='ocr_line' id='line_1_9' title="bbox 42 458 872 495; baseline -0.002 -7"><span class='ocrx_word' id='word_1_48' title='bbox 42 459 197 489; x_wconf 82' lang='lat' dir='ltr'>venaticus.</span> <span class='ocrx_word' id='word_1_49' title='bbox 220 458 356 487; x_wconf 87' lang='lat' dir='ltr'>Columel.</span> <span class='ocrx_word' id='word_1_50' title='bbox 371 458 418 487; x_wconf 85' lang='lat' dir='ltr'>lib.</span> <span class='ocrx_word' id='word_1_51' title='bbox 430 468 444 493; x_wconf 76' lang='lat'><em>7</em></span> <span class='ocrx_word' id='word_1_52' title='bbox 467 468 527 495; x_wconf 81' lang='lat' dir='ltr'>cap.</span> <span class='ocrx_word' id='word_1_53' title='bbox 543 468 584 486; x_wconf 85' lang='lat'>12.</span> <span class='ocrx_word' id='word_1_54' title='bbox 603 459 628 487; x_wconf 58' lang='grc' dir='ltr'><strong>ἃ</strong></span> <span class='ocrx_word' id='word_1_55' title='bbox 639 458 734 495; x_wconf 82' lang='lat' dir='ltr'><strong>Nepos</strong></span> <span class='ocrx_word' id='word_1_56' title='bbox 752 460 793 486; x_wconf 87' lang='lat'>16.</span> <span class='ocrx_word' id='word_1_57' title='bbox 807 466 832 486; x_wconf 89' lang='lat'>2.</span> <span class='ocrx_word' id='word_1_58' title='bbox 848 467 872 493; x_wconf 86' lang='grc' dir='ltr'>ς.</span> 
     </span>
     <span class='ocr_line' id='line_1_10' title="bbox 42 495 549 534; baseline -0.004 -8"><span class='ocrx_word' id='word_1_59' title='bbox 42 496 158 534; x_wconf 79' lang='lat' dir='ltr'>Vigilax.</span> <span class='ocrx_word' id='word_1_60' title='bbox 179 495 316 525; x_wconf 87' lang='lat' dir='ltr'>Columel.</span> <span class='ocrx_word' id='word_1_61' title='bbox 331 497 380 525; x_wconf 84' lang='lat' dir='ltr'>lib.</span> <span class='ocrx_word' id='word_1_62' title='bbox 395 506 419 532; x_wconf 92' lang='lat'>7.</span> <span class='ocrx_word' id='word_1_63' title='bbox 432 506 492 533; x_wconf 82' lang='lat' dir='ltr'>cap.</span> <span class='ocrx_word' id='word_1_64' title='bbox 508 505 549 524; x_wconf 76' lang='grc' dir='ltr'>η.</span> 
     </span>
     <span class='ocr_line' id='line_1_11' title="bbox 43 533 480 570; baseline -0.005 -6"><span class='ocrx_word' id='word_1_65' title='bbox 43 534 152 570; x_wconf 75' lang='lat' dir='ltr'><strong>Vigiles.</strong></span> <span class='ocrx_word' id='word_1_66' title='bbox 175 533 276 567; x_wconf 80' lang='lat' dir='ltr'>Hor.3.</span> <span class='ocrx_word' id='word_1_67' title='bbox 289 534 378 562; x_wconf 72' lang='lat' dir='ltr'>Carni.</span> <span class='ocrx_word' id='word_1_68' title='bbox 397 538 437 562; x_wconf 86' lang='lat'>16.</span> <span class='ocrx_word' id='word_1_69' title='bbox 457 543 480 569; x_wconf 83' lang='lat'>3.</span> 
     </span>
     <span class='ocr_line' id='line_1_12' title="bbox 42 569 911 606; baseline -0.001 -6"><span class='ocrx_word' id='word_1_70' title='bbox 42 569 192 602; x_wconf 77' lang='lat' dir='ltr'>villaticus.</span> <span class='ocrx_word' id='word_1_71' title='bbox 214 571 350 600; x_wconf 88' lang='lat' dir='ltr'>Columel.</span> <span class='ocrx_word' id='word_1_72' title='bbox 366 571 412 600; x_wconf 86' lang='lat' dir='ltr'>lib.</span> <span class='ocrx_word' id='word_1_73' title='bbox 427 580 452 606; x_wconf 87' lang='lat'>7.</span> <span class='ocrx_word' id='word_1_74' title='bbox 467 581 527 606; x_wconf 75' lang='lat' dir='ltr'>cap.</span> <span class='ocrx_word' id='word_1_75' title='bbox 540 579 580 599; x_wconf 85' lang='lat'>12.</span> <span class='ocrx_word' id='word_1_76' title='bbox 607 570 745 606; x_wconf 66' lang='lat' dir='ltr'>§Qigarde</span> <span class='ocrx_word' id='word_1_77' title='bbox 756 572 911 599; x_wconf 64' lang='lat' dir='ltr'>lammis-ir.</span> 
     </span>
     <span class='ocr_line' id='line_1_13' title="bbox 43 609 772 646; baseline -0.004 -6"><span class='ocrx_word' id='word_1_78' title='bbox 43 610 176 641; x_wconf 67' lang='lat' dir='ltr'>addicere</span> <span class='ocrx_word' id='word_1_79' title='bbox 186 615 326 638; x_wconf 84' lang='lat' dir='ltr'>mortuum</span> <span class='ocrx_word' id='word_1_80' title='bbox 338 609 462 638; x_wconf 84' lang='lat' dir='ltr'>canibus.</span> <span class='ocrx_word' id='word_1_81' title='bbox 485 609 550 638; x_wconf 83' lang='lat' dir='ltr'>Hor.</span> <span class='ocrx_word' id='word_1_82' title='bbox 566 609 654 646; x_wconf 83' lang='lat' dir='ltr'>Epod.</span> <span class='ocrx_word' id='word_1_83' title='bbox 672 617 714 644; x_wconf 82' lang='lat'>17.</span> <span class='ocrx_word' id='word_1_84' title='bbox 731 616 772 637; x_wconf 76' lang='grc' dir='ltr'>Η.</span> 
     </span>
     <span class='ocr_line' id='line_1_14' title="bbox 43 646 528 685; baseline -0.006 -7"><span class='ocrx_word' id='word_1_85' title='bbox 43 650 129 685; x_wconf 74' lang='lat' dir='ltr'>Agere</span> <span class='ocrx_word' id='word_1_86' title='bbox 140 656 231 675; x_wconf 85' lang='lat' dir='ltr'>canes.</span> <span class='ocrx_word' id='word_1_87' title='bbox 255 646 338 675; x_wconf 91' lang='lat' dir='ltr'>Ovid.</span> <span class='ocrx_word' id='word_1_88' title='bbox 353 657 376 682; x_wconf 83' lang='grc' dir='ltr'>ς.</span> <span class='ocrx_word' id='word_1_89' title='bbox 389 647 471 683; x_wconf 79' lang='lat' dir='ltr'>Epist.</span> <span class='ocrx_word' id='word_1_90' title='bbox 483 656 528 675; x_wconf 86' lang='lat'>20.</span> 
     </span>
     <span class='ocr_line' id='line_1_15' title="bbox 56 683 693 721; baseline -0.002 -8"><span class='ocrx_word' id='word_1_91' title='bbox 56 696 57 701; x_wconf 57' lang='lat'>¹</span> <span class='ocrx_word' id='word_1_92' title='bbox 121 684 199 720; x_wconf 78' lang='lat' dir='ltr'>Saepc</span> <span class='ocrx_word' id='word_1_93' title='bbox 213 685 282 713; x_wconf 87' lang='lat' dir='ltr'>citos</span> <span class='ocrx_word' id='word_1_94' title='bbox 297 685 338 721; x_wconf 82' lang='lat' dir='ltr'>egi</span> <span class='ocrx_word' id='word_1_95' title='bbox 352 694 400 721; x_wconf 89' lang='lat' dir='ltr'>per</span> <span class='ocrx_word' id='word_1_96' title='bbox 411 686 474 721; x_wconf 79' lang='lat' dir='ltr'>juga</span> <span class='ocrx_word' id='word_1_97' title='bbox 482 683 588 713; x_wconf 88' lang='lat' dir='ltr'>summa</span> <span class='ocrx_word' id='word_1_98' title='bbox 600 693 693 712; x_wconf 88' lang='lat' dir='ltr'>canes.</span> 
     </span>
     <span class='ocr_line' id='line_1_16' title="bbox 44 721 742 758; baseline -0.004 -6"><span class='ocrx_word' id='word_1_99' title='bbox 44 722 221 758; x_wconf 81' lang='lat' dir='ltr'>Circumdare</span> <span class='ocrx_word' id='word_1_100' title='bbox 235 722 350 751; x_wconf 82' lang='lat' dir='ltr'>canibus</span> <span class='ocrx_word' id='word_1_101' title='bbox 366 722 456 751; x_wconf 86' lang='lat' dir='ltr'>saltus.</span> <span class='ocrx_word' id='word_1_102' title='bbox 481 722 551 758; x_wconf 76' lang='lat' dir='ltr'>Virg.</span> <span class='ocrx_word' id='word_1_103' title='bbox 570 732 610 750; x_wconf 80' lang='grc' dir='ltr'>ιο.</span> <span class='ocrx_word' id='word_1_104' title='bbox 626 721 682 750; x_wconf 87' lang='lat' dir='ltr'>Ecl.</span> <span class='ocrx_word' id='word_1_105' title='bbox 699 729 742 756; x_wconf 80' lang='lat'>57.</span> 
     </span>
     <span class='ocr_line' id='line_1_17' title="bbox 43 758 1081 798; baseline -0.003 -8"><span class='ocrx_word' id='word_1_106' title='bbox 43 759 175 797; x_wconf 82' lang='lat' dir='ltr'>Diffipare</span> <span class='ocrx_word' id='word_1_107' title='bbox 188 769 268 788; x_wconf 83' lang='lat' dir='ltr'>canes</span> <span class='ocrx_word' id='word_1_108' title='bbox 279 760 335 789; x_wconf 61' lang='lat' dir='ltr'>ictu</span> <span class='ocrx_word' id='word_1_109' title='bbox 347 760 448 789; x_wconf 85' lang='lat' dir='ltr'>dicitur</span> <span class='ocrx_word' id='word_1_110' title='bbox 458 769 533 798; x_wconf 83' lang='lat' dir='ltr'>aper.</span> <span class='ocrx_word' id='word_1_111' title='bbox 556 759 639 789; x_wconf 89' lang='lat' dir='ltr'>Ovid.</span> <span class='ocrx_word' id='word_1_112' title='bbox 652 764 678 793; x_wconf 87' lang='lat'>8.</span> <span class='ocrx_word' id='word_1_113' title='bbox 696 758 765 787; x_wconf 85' lang='lat' dir='ltr'>Met.</span> <span class='ocrx_word' id='word_1_114' title='bbox 780 766 841 795; x_wconf 83' lang='lat'>344-</span> <span class='ocrx_word' id='word_1_115' title='bbox 860 760 886 789; x_wconf 66' lang='lat' dir='ltr'>«Sc</span> <span class='ocrx_word' id='word_1_116' title='bbox 898 768 922 789; x_wconf 89' lang='lat'>2.</span> <span class='ocrx_word' id='word_1_117' title='bbox 938 759 1004 789; x_wconf 77' lang='lat' dir='ltr'>Fast,</span> <span class='ocrx_word' id='word_1_118' title='bbox 1017 765 1081 794; x_wconf 77' lang='lat'>²3²·</span> 
     </span>
     <span class='ocr_line' id='line_1_18' title="bbox 43 796 467 836; baseline -0.002 -8"><span class='ocrx_word' id='word_1_119' title='bbox 43 797 160 829; x_wconf 80' lang='lat' dir='ltr'>Hortari.</span> <span class='ocrx_word' id='word_1_120' title='bbox 182 796 266 827; x_wconf 89' lang='lat' dir='ltr'>Ovid.</span> <span class='ocrx_word' id='word_1_121' title='bbox 283 808 309 832; x_wconf 87' lang='lat'>4.</span> <span class='ocrx_word' id='word_1_122' title='bbox 327 798 409 836; x_wconf 85' lang='lat' dir='ltr'>Epist.</span> <span class='ocrx_word' id='word_1_123' title='bbox 420 807 467 833; x_wconf 90' lang='lat'>42.</span> 
     </span>
     <span class='ocr_line' id='line_1_19' title="bbox 44 835 533 873; baseline -0.008 -6"><span class='ocrx_word' id='word_1_124' title='bbox 44 835 204 867; x_wconf 82' lang='lat' dir='ltr'>Immittere.</span> <span class='ocrx_word' id='word_1_125' title='bbox 229 835 300 872; x_wconf 74' lang='lat' dir='ltr'>virg.</span> <span class='ocrx_word' id='word_1_126' title='bbox 316 844 340 871; x_wconf 85' lang='lat'>3.</span> <span class='ocrx_word' id='word_1_127' title='bbox 356 836 457 873; x_wconf 81' lang='lat' dir='ltr'>Georg.</span> <span class='ocrx_word' id='word_1_128' title='bbox 471 843 533 872; x_wconf 78' lang='lat'>371.</span> 
     </span>
     <span class='ocr_line' id='line_1_20' title="bbox 41 871 750 910; baseline -0.006 -6"><span class='ocrx_word' id='word_1_129' title='bbox 41 873 167 905; x_wconf 83' lang='lat' dir='ltr'>Intonuit</span> <span class='ocrx_word' id='word_1_130' title='bbox 181 873 286 910; x_wconf 79' lang='lat' dir='ltr'>ingenti</span> <span class='ocrx_word' id='word_1_131' title='bbox 298 872 396 903; x_wconf 87' lang='lat' dir='ltr'>latratu</span> <span class='ocrx_word' id='word_1_132' title='bbox 410 873 494 903; x_wconf 80' lang='lat' dir='ltr'>canis.</span> <span class='ocrx_word' id='word_1_133' title='bbox 529 871 562 902; x_wconf 91' lang='lat' dir='ltr'>V.</span> <span class='ocrx_word' id='word_1_134' title='bbox 586 883 595 901; x_wconf 91' lang='lat'><em>1</em></span> <span class='ocrx_word' id='word_1_135' title='bbox 605 881 624 901; x_wconf 78' lang='grc' dir='ltr'>Ν</span> <span class='ocrx_word' id='word_1_136' title='bbox 635 882 655 901; x_wconf 84' lang='grc' dir='ltr'>τ</span> <span class='ocrx_word' id='word_1_137' title='bbox 665 882 682 901; x_wconf 92' lang='lat' dir='ltr'>o</span> <span class='ocrx_word' id='word_1_138' title='bbox 694 880 714 900; x_wconf 72' lang='grc' dir='ltr'><strong>Ν</strong></span> <span class='ocrx_word' id='word_1_139' title='bbox 724 878 750 900; x_wconf 90' lang='lat' dir='ltr'>o.</span> 
     </span>
     <span class='ocr_line' id='line_1_21' title="bbox 42 911 494 945; baseline -0.004 -3"><span class='ocrx_word' id='word_1_140' title='bbox 42 911 140 942; x_wconf 79' lang='lat' dir='ltr'>Latrat.</span> <span class='ocrx_word' id='word_1_141' title='bbox 162 911 230 940; x_wconf 86' lang='lat' dir='ltr'>Hor.</span> <span class='ocrx_word' id='word_1_142' title='bbox 247 921 270 940; x_wconf 90' lang='lat'>1.</span> <span class='ocrx_word' id='word_1_143' title='bbox 286 911 374 941; x_wconf 87' lang='lat' dir='ltr'>Serm.</span> <span class='ocrx_word' id='word_1_144' title='bbox 389 921 415 940; x_wconf 86' lang='lat'>2.</span> <span class='ocrx_word' id='word_1_145' title='bbox 433 916 494 945; x_wconf 83' lang='lat'>128.</span> 
     </span>
     <span class='ocr_line' id='line_1_22' title="bbox 43 949 594 981; baseline -0.002 -3"><span class='ocrx_word' id='word_1_146' title='bbox 43 949 209 981; x_wconf 83' lang='lat' dir='ltr'>Maritantur</span> <span class='ocrx_word' id='word_1_147' title='bbox 222 958 314 979; x_wconf 81' lang='lat' dir='ltr'>canes.</span> <span class='ocrx_word' id='word_1_148' title='bbox 355 949 387 979; x_wconf 89' lang='lat' dir='ltr'>In</span> <span class='ocrx_word' id='word_1_149' title='bbox 407 961 428 978; x_wconf 84' lang='lat' dir='ltr'>M</span> <span class='ocrx_word' id='word_1_150' title='bbox 440 959 458 978; x_wconf 89' lang='lat' dir='ltr'>A</span> <span class='ocrx_word' id='word_1_151' title='bbox 468 959 483 977; x_wconf 73' lang='lat' dir='ltr'>a</span> <span class='ocrx_word' id='word_1_152' title='bbox 494 959 503 977; x_wconf 89' lang='lat'>1</span> <span class='ocrx_word' id='word_1_153' title='bbox 515 957 534 977; x_wconf 78' lang='grc' dir='ltr'>τ</span> <span class='ocrx_word' id='word_1_154' title='bbox 545 957 563 976; x_wconf 81' lang='grc' dir='ltr'>υ</span> <span class='ocrx_word' id='word_1_155' title='bbox 572 957 594 977; x_wconf 87' lang='lat' dir='ltr'>s.</span> 
     </span>
     <span class='ocr_line' id='line_1_23' title="bbox 43 986 564 1018; baseline -0.008 0"><span class='ocrx_word' id='word_1_156' title='bbox 43 987 152 1018; x_wconf 83' lang='lat' dir='ltr'>Pascere</span> <span class='ocrx_word' id='word_1_157' title='bbox 164 996 262 1016; x_wconf 82' lang='lat' dir='ltr'>canem</span> <span class='ocrx_word' id='word_1_158' title='bbox 273 986 341 1016; x_wconf 87' lang='lat' dir='ltr'>ser0.</span> <span class='ocrx_word' id='word_1_159' title='bbox 381 987 412 1017; x_wconf 92' lang='lat' dir='ltr'>ln</span> <span class='ocrx_word' id='word_1_160' title='bbox 439 997 453 1016; x_wconf 79' lang='lat' dir='ltr'>P</span> <span class='ocrx_word' id='word_1_161' title='bbox 464 996 482 1015; x_wconf 98' lang='lat' dir='ltr'>A</span> <span class='ocrx_word' id='word_1_162' title='bbox 493 995 529 1015; x_wconf 89' lang='lat' dir='ltr'>sc</span> <span class='ocrx_word' id='word_1_163' title='bbox 538 995 564 1014; x_wconf 91' lang='lat'>0.</span> 
     </span>
     <span class='ocr_line' id='line_1_24' title="bbox 42 1021 1163 1065; baseline -0.002 -12"><span class='ocrx_word' id='word_1_164' title='bbox 42 1026 171 1063; x_wconf 80' lang='lat' dir='ltr'>Spargere</span> <span class='ocrx_word' id='word_1_165' title='bbox 181 1034 263 1053; x_wconf 83' lang='lat' dir='ltr'>canes</span> <span class='ocrx_word' id='word_1_166' title='bbox 274 1046 282 1059; x_wconf 91' lang='lat'>,</span> <span class='ocrx_word' id='word_1_167' title='bbox 303 1024 472 1062; x_wconf 82' lang='lat' dir='ltr'>Dispergere.</span> <span class='ocrx_word' id='word_1_168' title='bbox 497 1023 581 1053; x_wconf 91' lang='lat' dir='ltr'>Ovid.</span> <span class='ocrx_word' id='word_1_169' title='bbox 594 1027 620 1055; x_wconf 87' lang='lat'>8.</span> <span class='ocrx_word' id='word_1_170' title='bbox 635 1021 704 1052; x_wconf 86' lang='lat' dir='ltr'>Met.</span> <span class='ocrx_word' id='word_1_171' title='bbox 719 1029 780 1058; x_wconf 80' lang='lat'>343.</span> <span class='ocrx_word' id='word_1_172' title='bbox 803 1021 839 1050; x_wconf 87' lang='lat' dir='ltr'>de</span> <span class='ocrx_word' id='word_1_173' title='bbox 856 1030 922 1058; x_wconf 89' lang='lat' dir='ltr'>apro</span> <span class='ocrx_word' id='word_1_174' title='bbox 936 1022 1101 1060; x_wconf 77' lang='lat' dir='ltr'>Calydonio.</span> <span class='ocrx_word' id='word_1_175' title='bbox 1157 1057 1163 1065; x_wconf 83' lang='lat'>.</span> 
     </span>
     <span class='ocr_line' id='line_1_25' title="bbox 42 1058 1165 1100; baseline -0.004 -6"><span class='ocrx_word' id='word_1_176' title='bbox 42 1064 175 1100; x_wconf 86' lang='lat' dir='ltr'>Superare</span> <span class='ocrx_word' id='word_1_177' title='bbox 184 1071 283 1092; x_wconf 80' lang='lat' dir='ltr'>canem</span> <span class='ocrx_word' id='word_1_178' title='bbox 293 1063 381 1092; x_wconf 89' lang='lat' dir='ltr'>cursu.</span> <span class='ocrx_word' id='word_1_179' title='bbox 422 1063 490 1092; x_wconf 87' lang='lat' dir='ltr'>Hor.</span> <span class='ocrx_word' id='word_1_180' title='bbox 507 1071 530 1091; x_wconf 93' lang='lat'>1.</span> <span class='ocrx_word' id='word_1_181' title='bbox 544 1060 626 1099; x_wconf 87' lang='lat' dir='ltr'>Epist.</span> <span class='ocrx_word' id='word_1_182' title='bbox 641 1065 684 1094; x_wconf 85' lang='lat'>18.</span> <span class='ocrx_word' id='word_1_183' title='bbox 698 1069 742 1096; x_wconf 77' lang='lat'>51-</span> <span class='ocrx_word' id='word_1_184' title='bbox 776 1059 877 1089; x_wconf 87' lang='lat' dir='ltr'>Poterit</span> <span class='ocrx_word' id='word_1_185' title='bbox 888 1059 1010 1098; x_wconf 89' lang='lat' dir='ltr'>usurpari</span> <span class='ocrx_word' id='word_1_186' title='bbox 1022 1058 1165 1098; x_wconf 83' lang='lat' dir='ltr'>proverbii</span> 
     </span>
     <span class='ocr_line' id='line_1_26' title="bbox 63 1100 446 1130; baseline 0 -1"><span class='ocrx_word' id='word_1_187' title='bbox 63 1101 124 1130; x_wconf 88' lang='lat' dir='ltr'>vice</span> <span class='ocrx_word' id='word_1_188' title='bbox 135 1100 170 1129; x_wconf 87' lang='lat' dir='ltr'>dc</span> <span class='ocrx_word' id='word_1_189' title='bbox 180 1100 337 1130; x_wconf 78' lang='lat' dir='ltr'>Admodum</span> <span class='ocrx_word' id='word_1_190' title='bbox 352 1100 446 1130; x_wconf 89' lang='lat' dir='ltr'>celeri.</span> 
     </span>
     <span class='ocr_line' id='line_1_27' title="bbox 43 1136 744 1176; baseline -0.007 -7"><span class='ocrx_word' id='word_1_191' title='bbox 43 1138 142 1169; x_wconf 79' lang='lat' dir='ltr'>Venari</span> <span class='ocrx_word' id='word_1_192' title='bbox 153 1138 268 1167; x_wconf 81' lang='lat' dir='ltr'>canibus</span> <span class='ocrx_word' id='word_1_193' title='bbox 279 1138 412 1176; x_wconf 88' lang='lat' dir='ltr'>leporem.</span> <span class='ocrx_word' id='word_1_194' title='bbox 436 1137 509 1174; x_wconf 87' lang='lat' dir='ltr'>Virg.</span> <span class='ocrx_word' id='word_1_195' title='bbox 524 1145 547 1173; x_wconf 90' lang='lat'>3.</span> <span class='ocrx_word' id='word_1_196' title='bbox 566 1136 665 1173; x_wconf 79' lang='lat' dir='ltr'>Georg.</span> <span class='ocrx_word' id='word_1_197' title='bbox 678 1145 744 1171; x_wconf 80' lang='lat'>4¹0·</span> 
     </span>
     <span class='ocr_line' id='line_1_28' title="bbox 2 1172 1166 1212; baseline -0.004 -5"><span class='ocrx_word' id='word_1_198' title='bbox 2 1192 3 1197; x_wconf 52' lang='lat'>¹</span> <span class='ocrx_word' id='word_1_199' title='bbox 42 1176 153 1207; x_wconf 90' lang='lat' dir='ltr'>Ululare</span> <span class='ocrx_word' id='word_1_200' title='bbox 166 1176 298 1205; x_wconf 89' lang='lat' dir='ltr'>dicuntur</span> <span class='ocrx_word' id='word_1_201' title='bbox 309 1186 392 1206; x_wconf 89' lang='lat' dir='ltr'>canes</span> <span class='ocrx_word' id='word_1_202' title='bbox 405 1197 413 1210; x_wconf 91' lang='lat'>,</span> <span class='ocrx_word' id='word_1_203' title='bbox 435 1175 533 1212; x_wconf 84' lang='lat' dir='ltr'>Quum</span> <span class='ocrx_word' id='word_1_204' title='bbox 553 1173 773 1203; x_wconf 82' lang='lat' dir='ltr'>lamentantibus</span> <span class='ocrx_word' id='word_1_205' title='bbox 792 1173 894 1203; x_wconf 88' lang='lat' dir='ltr'>similes</span> <span class='ocrx_word' id='word_1_206' title='bbox 913 1172 1060 1210; x_wconf 82' lang='lat' dir='ltr'><strong>lugubrem</strong></span> <span class='ocrx_word' id='word_1_207' title='bbox 1079 1179 1166 1211; x_wconf 86' lang='lat' dir='ltr'>quan-</span> 
     </span>
     <span class='ocr_line' id='line_1_29' title="bbox 62 1212 1164 1250; baseline -0.003 -6"><span class='ocrx_word' id='word_1_208' title='bbox 62 1214 126 1244; x_wconf 86' lang='lat' dir='ltr'>dam</span> <span class='ocrx_word' id='word_1_209' title='bbox 137 1215 162 1243; x_wconf 84' lang='lat'>&amp;</span> <span class='ocrx_word' id='word_1_210' title='bbox 174 1214 317 1250; x_wconf 84' lang='lat' dir='ltr'>querulam</span> <span class='ocrx_word' id='word_1_211' title='bbox 333 1214 421 1244; x_wconf 87' lang='lat' dir='ltr'>edunt</span> <span class='ocrx_word' id='word_1_212' title='bbox 430 1222 539 1242; x_wconf 82' lang='lat' dir='ltr'>vocem.</span> <span class='ocrx_word' id='word_1_213' title='bbox 582 1212 643 1241; x_wconf 87' lang='lat' dir='ltr'>Hoc</span> <span class='ocrx_word' id='word_1_214' title='bbox 662 1212 777 1249; x_wconf 81' lang='lat' dir='ltr'>proprio</span> <span class='ocrx_word' id='word_1_215' title='bbox 798 1212 884 1248; x_wconf 76' lang='lat' dir='ltr'>magis</span> <span class='ocrx_word' id='word_1_216' title='bbox 898 1212 1035 1241; x_wconf 86' lang='lat' dir='ltr'>vocabulo</span> <span class='ocrx_word' id='word_1_217' title='bbox 1045 1212 1164 1241; x_wconf 87' lang='lat' dir='ltr'>Baubari</span> 
     </span>
     <span class='ocr_line' id='line_1_30' title="bbox 60 1250 1124 1288; baseline -0.003 -5"><span class='ocrx_word' id='word_1_218' title='bbox 60 1252 172 1284; x_wconf 90' lang='lat' dir='ltr'>vocavit</span> <span class='ocrx_word' id='word_1_219' title='bbox 180 1252 340 1287; x_wconf 86' lang='lat' dir='ltr'>Lucretius,</span> <span class='ocrx_word' id='word_1_220' title='bbox 361 1251 408 1281; x_wconf 88' lang='lat' dir='ltr'>sed</span> <span class='ocrx_word' id='word_1_221' title='bbox 419 1251 512 1280; x_wconf 89' lang='lat' dir='ltr'>nescio</span> <span class='ocrx_word' id='word_1_222' title='bbox 524 1260 558 1279; x_wconf 89' lang='lat' dir='ltr'>an</span> <span class='ocrx_word' id='word_1_223' title='bbox 569 1259 648 1287; x_wconf 63' lang='lat' dir='ltr'>atque</span> <span class='ocrx_word' id='word_1_224' title='bbox 658 1256 781 1287; x_wconf 88' lang='lat' dir='ltr'>recepto.</span> <span class='ocrx_word' id='word_1_225' title='bbox 804 1250 889 1278; x_wconf 88' lang='lat' dir='ltr'>Ovid.</span> <span class='ocrx_word' id='word_1_226' title='bbox 911 1259 954 1285; x_wconf 84' lang='lat'>15.</span> <span class='ocrx_word' id='word_1_227' title='bbox 976 1250 1046 1280; x_wconf 88' lang='lat' dir='ltr'>Met.</span> <span class='ocrx_word' id='word_1_228' title='bbox 1060 1259 1124 1288; x_wconf 86' lang='lat'>797.</span> 
     </span>
     <span class='ocr_line' id='line_1_31' title="bbox 133 1287 921 1327; baseline -0.004 -8"><span class='ocrx_word' id='word_1_229' title='bbox 133 1290 221 1327; x_wconf 85' lang='lat' dir='ltr'>Inque</span> <span class='ocrx_word' id='word_1_230' title='bbox 231 1290 291 1319; x_wconf 90' lang='lat' dir='ltr'>foro</span> <span class='ocrx_word' id='word_1_231' title='bbox 304 1312 312 1325; x_wconf 87' lang='lat'>,</span> <span class='ocrx_word' id='word_1_232' title='bbox 334 1290 495 1326; x_wconf 84' lang='lat' dir='ltr'>circumque</span> <span class='ocrx_word' id='word_1_233' title='bbox 507 1288 606 1317; x_wconf 86' lang='lat' dir='ltr'>domos</span> <span class='ocrx_word' id='word_1_234' title='bbox 615 1308 624 1318; x_wconf 67' lang='lat'>2</span> <span class='ocrx_word' id='word_1_235' title='bbox 645 1287 788 1325; x_wconf 79' lang='lat' dir='ltr'>&amp;templa</span> <span class='ocrx_word' id='word_1_236' title='bbox 804 1287 921 1317; x_wconf 90' lang='lat' dir='ltr'>deorum</span> 
     </span>
     <span class='ocr_line' id='line_1_32' title="bbox 133 1327 524 1357; baseline -0.005 0"><span class='ocrx_word' id='word_1_237' title='bbox 133 1327 296 1357; x_wconf 68' lang='lat' dir='ltr'>Nosturnos</span> <span class='ocrx_word' id='word_1_238' title='bbox 307 1327 420 1357; x_wconf 80' lang='lat' dir='ltr'>ululaffe</span> <span class='ocrx_word' id='word_1_239' title='bbox 434 1335 524 1356; x_wconf 81' lang='lat' dir='ltr'>canes.</span> 
     </span>
     <span class='ocr_line' id='line_1_33' title="bbox 42 1361 1167 1402; baseline -0.004 -5"><span class='ocrx_word' id='word_1_240' title='bbox 42 1365 124 1397; x_wconf 74' lang='lat' dir='ltr'>Canis</span> <span class='ocrx_word' id='word_1_241' title='bbox 133 1366 162 1394; x_wconf 89' lang='lat' dir='ltr'>in</span> <span class='ocrx_word' id='word_1_242' title='bbox 173 1365 282 1396; x_wconf 88' lang='lat' dir='ltr'>balneo.</span> <span class='ocrx_word' id='word_1_243' title='bbox 322 1365 456 1402; x_wconf 78' lang='lat' dir='ltr'>Adagium</span> <span class='ocrx_word' id='word_1_244' title='bbox 465 1364 502 1394; x_wconf 87' lang='lat' dir='ltr'>est</span> <span class='ocrx_word' id='word_1_245' title='bbox 513 1363 642 1400; x_wconf 76' lang='lat' dir='ltr'>elegans,</span> <span class='ocrx_word' id='word_1_246' title='bbox 664 1363 694 1391; x_wconf 93' lang='lat' dir='ltr'>in</span> <span class='ocrx_word' id='word_1_247' title='bbox 706 1362 808 1392; x_wconf 84' lang='lat' dir='ltr'>Graecis</span> <span class='ocrx_word' id='word_1_248' title='bbox 821 1361 907 1392; x_wconf 89' lang='lat' dir='ltr'>literis</span> <span class='ocrx_word' id='word_1_249' title='bbox 916 1362 1046 1400; x_wconf 72' lang='lat' dir='ltr'>frequens</span> <span class='ocrx_word' id='word_1_250' title='bbox 1056 1385 1064 1397; x_wconf 96' lang='lat'>,</span> <span class='ocrx_word' id='word_1_251' title='bbox 1086 1373 1101 1392; x_wconf 90' lang='lat' dir='ltr'>a</span> <span class='ocrx_word' id='word_1_252' title='bbox 1113 1363 1167 1393; x_wconf 79' lang='lat' dir='ltr'>Lu-</span> 
     </span>
     <span class='ocr_line' id='line_1_34' title="bbox 61 1401 1163 1441; baseline -0.003 -7"><span class='ocrx_word' id='word_1_253' title='bbox 61 1404 142 1434; x_wconf 88' lang='lat' dir='ltr'>ciano</span> <span class='ocrx_word' id='word_1_254' title='bbox 156 1403 298 1441; x_wconf 88' lang='lat' dir='ltr'>usurpatur</span> <span class='ocrx_word' id='word_1_255' title='bbox 312 1412 345 1433; x_wconf 88' lang='lat' dir='ltr'>eo</span> <span class='ocrx_word' id='word_1_256' title='bbox 356 1403 497 1437; x_wconf 75' lang='lat' dir='ltr'>sermone,</span> <span class='ocrx_word' id='word_1_257' title='bbox 519 1403 565 1438; x_wconf 89' lang='lat' dir='ltr'>qui</span> <span class='ocrx_word' id='word_1_258' title='bbox 577 1401 616 1430; x_wconf 89' lang='lat' dir='ltr'>est</span> <span class='ocrx_word' id='word_1_259' title='bbox 626 1401 666 1430; x_wconf 84' lang='lat' dir='ltr'>Ad</span> <span class='ocrx_word' id='word_1_260' title='bbox 676 1401 848 1430; x_wconf 87' lang='lat' dir='ltr'>ineruditum</span> <span class='ocrx_word' id='word_1_261' title='bbox 858 1401 960 1430; x_wconf 87' lang='lat' dir='ltr'>multos</span> <span class='ocrx_word' id='word_1_262' title='bbox 969 1402 1163 1438; x_wconf 83' lang='lat' dir='ltr'>emptitantem</span> 
     </span>
     <span class='ocr_line' id='line_1_35' title="bbox 0 1439 1166 1477; baseline -0.002 -6"><span class='ocrx_word' id='word_1_263' title='bbox 0 1443 9 1471; x_wconf 53' lang='lat' dir='ltr'>l.</span> <span class='ocrx_word' id='word_1_264' title='bbox 61 1441 154 1471; x_wconf 91' lang='lat' dir='ltr'>libros.</span> <span class='ocrx_word' id='word_1_265' title='bbox 193 1441 302 1471; x_wconf 85' lang='lat' dir='ltr'>Dicitur</span> <span class='ocrx_word' id='word_1_266' title='bbox 314 1442 349 1471; x_wconf 90' lang='lat' dir='ltr'>de</span> <span class='ocrx_word' id='word_1_267' title='bbox 359 1441 412 1470; x_wconf 92' lang='lat' dir='ltr'>His</span> <span class='ocrx_word' id='word_1_268' title='bbox 429 1449 490 1477; x_wconf 78' lang='lat' dir='ltr'>quae</span> <span class='ocrx_word' id='word_1_269' title='bbox 506 1439 650 1469; x_wconf 77' lang='lat' dir='ltr'>diss&#39;ociata</span> <span class='ocrx_word' id='word_1_270' title='bbox 669 1444 765 1467; x_wconf 88' lang='lat' dir='ltr'>natura</span> <span class='ocrx_word' id='word_1_271' title='bbox 782 1439 860 1473; x_wconf 88' lang='lat' dir='ltr'>sunt,</span> <span class='ocrx_word' id='word_1_272' title='bbox 885 1448 937 1468; x_wconf 83' lang='lat' dir='ltr'>nec</span> <span class='ocrx_word' id='word_1_273' title='bbox 956 1439 1166 1469; x_wconf 87' lang='lat' dir='ltr'>similitudinem</span> 
     </span>
     <span class='ocr_line' id='line_1_36' title="bbox 9 1477 1166 1517; baseline -0.003 -8"><span class='ocrx_word' id='word_1_274' title='bbox 9 1482 12 1489; x_wconf 97' lang='grc'><strong>“</strong></span> <span class='ocrx_word' id='word_1_275' title='bbox 61 1480 203 1517; x_wconf 82' lang='lat' dir='ltr'>recipiunt</span> <span class='ocrx_word' id='word_1_276' title='bbox 214 1479 332 1516; x_wconf 81' lang='lat' dir='ltr'>aliquam</span> <span class='ocrx_word' id='word_1_277' title='bbox 345 1478 391 1508; x_wconf 89' lang='lat' dir='ltr'>vel</span> <span class='ocrx_word' id='word_1_278' title='bbox 402 1477 480 1508; x_wconf 86' lang='lat' dir='ltr'>usum</span> <span class='ocrx_word' id='word_1_279' title='bbox 490 1499 499 1513; x_wconf 91' lang='lat'>,</span> <span class='ocrx_word' id='word_1_280' title='bbox 519 1477 606 1507; x_wconf 90' lang='lat' dir='ltr'>veluti</span> <span class='ocrx_word' id='word_1_281' title='bbox 616 1477 634 1505; x_wconf 88' lang='lat' dir='ltr'>fi</span> <span class='ocrx_word' id='word_1_282' title='bbox 646 1477 793 1513; x_wconf 85' lang='lat' dir='ltr'>navigandi</span> <span class='ocrx_word' id='word_1_283' title='bbox 808 1477 952 1514; x_wconf 84' lang='lat' dir='ltr'>imperitus</span> <span class='ocrx_word' id='word_1_284' title='bbox 969 1499 977 1511; x_wconf 92' lang='lat'>,</span> <span class='ocrx_word' id='word_1_285' title='bbox 998 1484 1045 1507; x_wconf 89' lang='lat' dir='ltr'>aut</span> <span class='ocrx_word' id='word_1_286' title='bbox 1060 1478 1166 1514; x_wconf 82' lang='lat' dir='ltr'>equita.</span> 
     </span>
     <span class='ocr_line' id='line_1_37' title="bbox 60 1514 1164 1555; baseline -0.003 -8"><span class='ocrx_word' id='word_1_287' title='bbox 60 1518 146 1547; x_wconf 87' lang='lat' dir='ltr'>tionis</span> <span class='ocrx_word' id='word_1_288' title='bbox 154 1518 270 1546; x_wconf 88' lang='lat' dir='ltr'>omnino</span> <span class='ocrx_word' id='word_1_289' title='bbox 280 1527 389 1555; x_wconf 77' lang='lat' dir='ltr'>expers,</span> <span class='ocrx_word' id='word_1_290' title='bbox 402 1523 515 1554; x_wconf 81' lang='lat' dir='ltr'>caperet</span> <span class='ocrx_word' id='word_1_291' title='bbox 526 1537 534 1549; x_wconf 87' lang='lat'>,</span> <span class='ocrx_word' id='word_1_292' title='bbox 555 1514 603 1544; x_wconf 88' lang='lat' dir='ltr'>ille</span> <span class='ocrx_word' id='word_1_293' title='bbox 614 1514 729 1552; x_wconf 91' lang='lat' dir='ltr'>quidem</span> <span class='ocrx_word' id='word_1_294' title='bbox 742 1514 846 1543; x_wconf 73' lang='lat' dir='ltr'>affabre</span> <span class='ocrx_word' id='word_1_295' title='bbox 858 1515 1041 1544; x_wconf 57' lang='lat' dir='ltr'>constructam</span> <span class='ocrx_word' id='word_1_296' title='bbox 1054 1525 1164 1551; x_wconf 71' lang='lat' dir='ltr'>navem,</span> 
     </span>
     <span class='ocr_line' id='line_1_38' title="bbox 61 1553 1166 1590; baseline -0.004 -5"><span class='ocrx_word' id='word_1_297' title='bbox 61 1557 88 1586; x_wconf 70' lang='grc' dir='ltr'>ἃ.</span> <span class='ocrx_word' id='word_1_298' title='bbox 101 1556 136 1585; x_wconf 89' lang='lat' dir='ltr'>ad</span> <span class='ocrx_word' id='word_1_299' title='bbox 150 1555 324 1585; x_wconf 83' lang='lat' dir='ltr'>securitatem</span> <span class='ocrx_word' id='word_1_300' title='bbox 338 1554 468 1584; x_wconf 81' lang='lat' dir='ltr'>omnibus</span> <span class='ocrx_word' id='word_1_301' title='bbox 488 1553 585 1582; x_wconf 87' lang='lat' dir='ltr'>fultam</span> <span class='ocrx_word' id='word_1_302' title='bbox 596 1553 801 1582; x_wconf 87' lang='lat' dir='ltr'>instrumentis:</span> <span class='ocrx_word' id='word_1_303' title='bbox 824 1553 870 1582; x_wconf 84' lang='lat' dir='ltr'>liic</span> <span class='ocrx_word' id='word_1_304' title='bbox 888 1563 955 1582; x_wconf 90' lang='lat' dir='ltr'>vero</span> <span class='ocrx_word' id='word_1_305' title='bbox 972 1563 1073 1590; x_wconf 87' lang='lat' dir='ltr'>equum</span> <span class='ocrx_word' id='word_1_306' title='bbox 1089 1563 1166 1582; x_wconf 87' lang='lat' dir='ltr'>com-</span> 
     </span>
     <span class='ocr_line' id='line_1_39' title="bbox 0 1590 1126 1632; baseline -0.003 -8"><span class='ocrx_word' id='word_1_307' title='bbox 0 1614 2 1623; x_wconf 72' lang='lat'>.</span> <span class='ocrx_word' id='word_1_308' title='bbox 64 1602 171 1632; x_wconf 88' lang='lat' dir='ltr'>pararet</span> <span class='ocrx_word' id='word_1_309' title='bbox 180 1594 299 1623; x_wconf 81' lang='lat' dir='ltr'>Medum</span> <span class='ocrx_word' id='word_1_310' title='bbox 314 1615 322 1627; x_wconf 93' lang='lat'><strong>‚</strong></span> <span class='ocrx_word' id='word_1_311' title='bbox 343 1600 392 1622; x_wconf 87' lang='lat' dir='ltr'>aut</span> <span class='ocrx_word' id='word_1_312' title='bbox 402 1592 487 1622; x_wconf 86' lang='lat' dir='ltr'>alium</span> <span class='ocrx_word' id='word_1_313' title='bbox 504 1590 760 1629; x_wconf 78' lang='lat' dir='ltr'>praestantiffimum.</span> <span class='ocrx_word' id='word_1_314' title='bbox 802 1590 831 1620; x_wconf 92' lang='lat' dir='ltr'>V.</span> <span class='ocrx_word' id='word_1_315' title='bbox 855 1591 955 1620; x_wconf 83' lang='lat' dir='ltr'>Erasm.</span> <span class='ocrx_word' id='word_1_316' title='bbox 967 1592 997 1620; x_wconf 91' lang='lat' dir='ltr'>in</span> <span class='ocrx_word' id='word_1_317' title='bbox 1007 1591 1126 1621; x_wconf 87' lang='lat' dir='ltr'>Chiliad.</span> 
     </span>
     <span class='ocr_line' id='line_1_40' title="bbox 0 1631 582 1664; baseline -0.009 -1"><span class='ocrx_word' id='word_1_318' title='bbox 0 1633 1 1650; x_wconf 70' lang='lat'><em>³</em></span> <span class='ocrx_word' id='word_1_319' title='bbox 45 1631 128 1663; x_wconf 88' lang='lat' dir='ltr'>Canis</span> <span class='ocrx_word' id='word_1_320' title='bbox 139 1633 251 1661; x_wconf 90' lang='lat' dir='ltr'>acorio.</span> <span class='ocrx_word' id='word_1_321' title='bbox 274 1631 342 1660; x_wconf 90' lang='lat' dir='ltr'>Hor.</span> <span class='ocrx_word' id='word_1_322' title='bbox 356 1640 382 1660; x_wconf 88' lang='lat'>2.</span> <span class='ocrx_word' id='word_1_323' title='bbox 395 1631 482 1660; x_wconf 88' lang='lat' dir='ltr'>Serm.</span> <span class='ocrx_word' id='word_1_324' title='bbox 498 1640 521 1664; x_wconf 82' lang='grc' dir='ltr'>ς.</span> <span class='ocrx_word' id='word_1_325' title='bbox 537 1635 582 1664; x_wconf 80' lang='lat'>83.</span> 
     </span>
     <span class='ocr_line' id='line_1_41' title="bbox 28 1665 1164 1705; baseline -0.004 -5"><span class='ocrx_word' id='word_1_326' title='bbox 28 1671 31 1674; x_wconf 57' lang='lat'><strong>⁴</strong></span> <span class='ocrx_word' id='word_1_327' title='bbox 136 1670 173 1699; x_wconf 91' lang='lat' dir='ltr'>Ut</span> <span class='ocrx_word' id='word_1_328' title='bbox 185 1669 261 1699; x_wconf 91' lang='lat' dir='ltr'>canis</span> <span class='ocrx_word' id='word_1_329' title='bbox 273 1680 289 1699; x_wconf 89' lang='lat' dir='ltr'>a</span> <span class='ocrx_word' id='word_1_330' title='bbox 300 1669 379 1699; x_wconf 83' lang='lat' dir='ltr'>corio</span> <span class='ocrx_word' id='word_1_331' title='bbox 391 1677 534 1705; x_wconf 87' lang='lat' dir='ltr'>nunquam</span> <span class='ocrx_word' id='word_1_332' title='bbox 544 1665 741 1697; x_wconf 76' lang='lat' dir='ltr'>absterrebitur</span> <span class='ocrx_word' id='word_1_333' title='bbox 752 1667 847 1696; x_wconf 64' lang='lat' dir='ltr'>undo.</span> <span class='ocrx_word' id='word_1_334' title='bbox 928 1666 1107 1696; x_wconf 87' lang='lat' dir='ltr'>Proverbiuin</span> <span class='ocrx_word' id='word_1_335' title='bbox 1116 1667 1164 1702; x_wconf 82' lang='lat' dir='ltr'>est,</span> 
     </span>
     <span class='ocr_line' id='line_1_42' title="bbox 8 1704 1166 1745; baseline -0.004 -7"><span class='ocrx_word' id='word_1_336' title='bbox 8 1734 10 1739; x_wconf 72' lang='grc'><strong>,</strong></span> <span class='ocrx_word' id='word_1_337' title='bbox 65 1708 142 1745; x_wconf 86' lang='lat' dir='ltr'>quod</span> <span class='ocrx_word' id='word_1_338' title='bbox 151 1708 181 1738; x_wconf 89' lang='lat' dir='ltr'>in</span> <span class='ocrx_word' id='word_1_339' title='bbox 193 1717 240 1737; x_wconf 89' lang='lat' dir='ltr'>eos</span> <span class='ocrx_word' id='word_1_340' title='bbox 251 1707 404 1741; x_wconf 88' lang='lat' dir='ltr'>convenit,</span> <span class='ocrx_word' id='word_1_341' title='bbox 424 1707 471 1743; x_wconf 90' lang='lat' dir='ltr'>qui</span> <span class='ocrx_word' id='word_1_342' title='bbox 483 1705 661 1743; x_wconf 78' lang='lat' dir='ltr'>posteaquam</span> <span class='ocrx_word' id='word_1_343' title='bbox 673 1714 731 1733; x_wconf 89' lang='lat' dir='ltr'>rem</span> <span class='ocrx_word' id='word_1_344' title='bbox 746 1704 868 1741; x_wconf 83' lang='lat' dir='ltr'>aliquam</span> <span class='ocrx_word' id='word_1_345' title='bbox 879 1704 1033 1739; x_wconf 86' lang='lat' dir='ltr'>jucundam</span> <span class='ocrx_word' id='word_1_346' title='bbox 1050 1706 1076 1734; x_wconf 86' lang='lat'>&amp;</span> <span class='ocrx_word' id='word_1_347' title='bbox 1089 1711 1166 1743; x_wconf 89' lang='lat' dir='ltr'>opta-</span> 
     </span>
     <span class='ocr_line' id='line_1_43' title="bbox 0 1741 1170 1784; baseline -0.003 -9"><span class='ocrx_word' id='word_1_348' title='bbox 0 1747 10 1774; x_wconf 49' lang='grc' dir='ltr'>ἓν</span> <span class='ocrx_word' id='word_1_349' title='bbox 62 1745 147 1775; x_wconf 91' lang='lat' dir='ltr'>bilem</span> <span class='ocrx_word' id='word_1_350' title='bbox 158 1746 299 1784; x_wconf 82' lang='lat' dir='ltr'>gustarunt</span> <span class='ocrx_word' id='word_1_351' title='bbox 311 1768 319 1780; x_wconf 95' lang='lat'>,</span> <span class='ocrx_word' id='word_1_352' title='bbox 339 1744 373 1774; x_wconf 89' lang='lat' dir='ltr'>ab</span> <span class='ocrx_word' id='word_1_353' title='bbox 385 1754 417 1774; x_wconf 86' lang='lat' dir='ltr'>ea</span> <span class='ocrx_word' id='word_1_354' title='bbox 431 1754 501 1781; x_wconf 78' lang='lat' dir='ltr'>aegre</span> <span class='ocrx_word' id='word_1_355' title='bbox 512 1743 593 1773; x_wconf 85' lang='lat' dir='ltr'>avelli</span> <span class='ocrx_word' id='word_1_356' title='bbox 605 1749 653 1772; x_wconf 87' lang='lat' dir='ltr'>aut</span> <span class='ocrx_word' id='word_1_357' title='bbox 662 1742 795 1771; x_wconf 85' lang='lat' dir='ltr'>deterreri</span> <span class='ocrx_word' id='word_1_358' title='bbox 809 1741 930 1780; x_wconf 77' lang='lat' dir='ltr'>possunt.</span> <span class='ocrx_word' id='word_1_359' title='bbox 970 1743 1016 1772; x_wconf 87' lang='lat' dir='ltr'>Sic</span> <span class='ocrx_word' id='word_1_360' title='bbox 1026 1750 1118 1772; x_wconf 88' lang='lat' dir='ltr'>autem</span> <span class='ocrx_word' id='word_1_361' title='bbox 1129 1743 1170 1772; x_wconf 74' lang='lat' dir='ltr'>ef-</span> 
     </span>
     <span class='ocr_line' id='line_1_44' title="bbox 10 1780 1167 1819; baseline -0.004 -5"><span class='ocrx_word' id='word_1_362' title='bbox 10 1804 11 1809; x_wconf 55' lang='lat'>=</span> <span class='ocrx_word' id='word_1_363' title='bbox 63 1784 158 1814; x_wconf 89' lang='lat' dir='ltr'>ferunt</span> <span class='ocrx_word' id='word_1_364' title='bbox 168 1784 274 1818; x_wconf 74' lang='lat' dir='ltr'>Graeei.</span> <span class='ocrx_word' id='word_1_365' title='bbox 291 1781 400 1819; x_wconf 61' lang='grc' dir='ltr'>χαλεπὸν</span> <span class='ocrx_word' id='word_1_366' title='bbox 416 1782 529 1815; x_wconf 60' lang='grc' dir='ltr'>κριθεῖσα</span> <span class='ocrx_word' id='word_1_367' title='bbox 554 1783 610 1807; x_wconf 77' lang='grc' dir='ltr'>κύων</span> <span class='ocrx_word' id='word_1_368' title='bbox 629 1781 799 1813; x_wconf 57' lang='lat' dir='ltr'>numaga-sai</span> <span class='ocrx_word' id='word_1_369' title='bbox 812 1802 819 1814; x_wconf 84' lang='lat'><strong>‚</strong></span> <span class='ocrx_word' id='word_1_370' title='bbox 842 1780 859 1809; x_wconf 94' lang='lat' dir='ltr'>i.</span> <span class='ocrx_word' id='word_1_371' title='bbox 871 1789 894 1808; x_wconf 89' lang='lat' dir='ltr'>e.</span> <span class='ocrx_word' id='word_1_372' title='bbox 916 1780 1068 1810; x_wconf 82' lang='lat' dir='ltr'>Periculosa</span> <span class='ocrx_word' id='word_1_373' title='bbox 1077 1790 1118 1810; x_wconf 88' lang='lat' dir='ltr'>res</span> <span class='ocrx_word' id='word_1_374' title='bbox 1128 1781 1167 1809; x_wconf 85' lang='lat' dir='ltr'>est</span> 
     </span>
     <span class='ocr_line' id='line_1_45' title="bbox 64 1817 1167 1859; baseline -0.003 -8"><span class='ocrx_word' id='word_1_375' title='bbox 64 1823 140 1852; x_wconf 88' lang='lat' dir='ltr'>canis</span> <span class='ocrx_word' id='word_1_376' title='bbox 152 1844 160 1858; x_wconf 94' lang='lat'>‚</span> <span class='ocrx_word' id='word_1_377' title='bbox 181 1832 240 1859; x_wconf 76' lang='lat' dir='ltr'>quae</span> <span class='ocrx_word' id='word_1_378' title='bbox 251 1823 357 1851; x_wconf 85' lang='lat' dir='ltr'>corium</span> <span class='ocrx_word' id='word_1_379' title='bbox 368 1821 467 1849; x_wconf 84' lang='lat' dir='ltr'>rodere</span> <span class='ocrx_word' id='word_1_380' title='bbox 477 1819 616 1848; x_wconf 85' lang='lat' dir='ltr'>didicerit.</span> <span class='ocrx_word' id='word_1_381' title='bbox 636 1817 764 1847; x_wconf 89' lang='lat' dir='ltr'>Lambin.</span> <span class='ocrx_word' id='word_1_382' title='bbox 806 1819 861 1854; x_wconf 90' lang='lat' dir='ltr'>[At</span> <span class='ocrx_word' id='word_1_383' title='bbox 875 1827 927 1847; x_wconf 83' lang='lat' dir='ltr'>nec</span> <span class='ocrx_word' id='word_1_384' title='bbox 940 1818 987 1847; x_wconf 90' lang='lat' dir='ltr'>hic</span> <span class='ocrx_word' id='word_1_385' title='bbox 1002 1840 1011 1854; x_wconf 90' lang='lat'><strong><em>‚</em></strong></span> <span class='ocrx_word' id='word_1_386' title='bbox 1032 1829 1086 1848; x_wconf 88' lang='lat' dir='ltr'>nec</span> <span class='ocrx_word' id='word_1_387' title='bbox 1097 1818 1167 1848; x_wconf 83' lang='lat' dir='ltr'>alius</span> 
     </span>
     <span class='ocr_line' id='line_1_46' title="bbox 63 1856 1168 1897; baseline -0.004 -8"><span class='ocrx_word' id='word_1_388' title='bbox 63 1860 205 1897; x_wconf 86' lang='lat' dir='ltr'>quisquam</span> <span class='ocrx_word' id='word_1_389' title='bbox 218 1860 323 1889; x_wconf 76' lang='lat' dir='ltr'>Horatii</span> <span class='ocrx_word' id='word_1_390' title='bbox 333 1860 514 1896; x_wconf 86' lang='lat' dir='ltr'>interpretum</span> <span class='ocrx_word' id='word_1_391' title='bbox 526 1856 635 1886; x_wconf 82' lang='lat' dir='ltr'>causam</span> <span class='ocrx_word' id='word_1_392' title='bbox 649 1856 766 1894; x_wconf 84' lang='lat' dir='ltr'>epitheti</span> <span class='ocrx_word' id='word_1_393' title='bbox 780 1856 918 1893; x_wconf 78' lang='lat' dir='ltr'>explicuit</span> <span class='ocrx_word' id='word_1_394' title='bbox 931 1878 939 1890; x_wconf 87' lang='lat'>,</span> <span class='ocrx_word' id='word_1_395' title='bbox 968 1857 1043 1894; x_wconf 89' lang='lat' dir='ltr'>quod</span> <span class='ocrx_word' id='word_1_396' title='bbox 1058 1856 1168 1894; x_wconf 87' lang='lat' dir='ltr'>prorsus</span> 
     </span>
     <span class='ocr_line' id='line_1_47' title="bbox 62 1894 1168 1932; baseline -0.004 -4"><span class='ocrx_word' id='word_1_397' title='bbox 62 1898 119 1928; x_wconf 91' lang='lat' dir='ltr'>hoc</span> <span class='ocrx_word' id='word_1_398' title='bbox 135 1899 199 1927; x_wconf 92' lang='lat' dir='ltr'>loco</span> <span class='ocrx_word' id='word_1_399' title='bbox 211 1897 336 1927; x_wconf 88' lang='lat' dir='ltr'>alienum</span> <span class='ocrx_word' id='word_1_400' title='bbox 346 1897 472 1930; x_wconf 88' lang='lat' dir='ltr'>videtur,</span> <span class='ocrx_word' id='word_1_401' title='bbox 492 1905 547 1924; x_wconf 86' lang='lat' dir='ltr'>nec</span> <span class='ocrx_word' id='word_1_402' title='bbox 561 1894 679 1924; x_wconf 88' lang='lat' dir='ltr'>dubium</span> <span class='ocrx_word' id='word_1_403' title='bbox 687 1894 757 1923; x_wconf 90' lang='lat' dir='ltr'>mihi</span> <span class='ocrx_word' id='word_1_404' title='bbox 768 1894 906 1931; x_wconf 89' lang='lat' dir='ltr'>reliquum</span> <span class='ocrx_word' id='word_1_405' title='bbox 917 1894 955 1923; x_wconf 89' lang='lat' dir='ltr'>est</span> <span class='ocrx_word' id='word_1_406' title='bbox 966 1916 974 1928; x_wconf 93' lang='lat'>,</span> <span class='ocrx_word' id='word_1_407' title='bbox 995 1895 1062 1932; x_wconf 90' lang='lat' dir='ltr'>quin</span> <span class='ocrx_word' id='word_1_408' title='bbox 1076 1895 1168 1931; x_wconf 84' lang='lat' dir='ltr'>aptius</span> 
     </span>
     <span class='ocr_line' id='line_1_48' title="bbox 39 1931 1168 1974; baseline -0.004 -8"><span class='ocrx_word' id='word_1_409' title='bbox 39 1949 42 1952; x_wconf 59' lang='lat'><em>⁴</em></span> <span class='ocrx_word' id='word_1_410' title='bbox 64 1936 152 1966; x_wconf 86' lang='lat' dir='ltr'>altero</span> <span class='ocrx_word' id='word_1_411' title='bbox 168 1935 250 1974; x_wconf 85' lang='lat' dir='ltr'>supra</span> <span class='ocrx_word' id='word_1_412' title='bbox 261 1936 336 1965; x_wconf 90' lang='lat' dir='ltr'>hunc</span> <span class='ocrx_word' id='word_1_413' title='bbox 348 1934 425 1965; x_wconf 79' lang='lat' dir='ltr'>versu</span> <span class='ocrx_word' id='word_1_414' title='bbox 434 1933 533 1963; x_wconf 85' lang='lat' dir='ltr'>Daniel</span> <span class='ocrx_word' id='word_1_415' title='bbox 544 1932 672 1962; x_wconf 81' lang='lat' dir='ltr'>Heinsius</span> <span class='ocrx_word' id='word_1_416' title='bbox 681 1954 689 1967; x_wconf 92' lang='lat'>,</span> <span class='ocrx_word' id='word_1_417' title='bbox 711 1941 745 1961; x_wconf 88' lang='lat' dir='ltr'>ex</span> <span class='ocrx_word' id='word_1_418' title='bbox 759 1931 825 1961; x_wconf 79' lang='lat' dir='ltr'>Mss.</span> <span class='ocrx_word' id='word_1_419' title='bbox 839 1933 949 1970; x_wconf 80' lang='lat' dir='ltr'>opinor,</span> <span class='ocrx_word' id='word_1_420' title='bbox 961 1932 1068 1962; x_wconf 88' lang='lat' dir='ltr'>locarit.</span> <span class='ocrx_word' id='word_1_421' title='bbox 1080 1932 1168 1970; x_wconf 82' lang='lat' dir='ltr'>Quod</span> 
     </span>
     <span class='ocr_line' id='line_1_49' title="bbox 64 1969 1169 2011; baseline -0.004 -8"><span class='ocrx_word' id='word_1_422' title='bbox 64 1984 100 2003; x_wconf 91' lang='lat' dir='ltr'>ne</span> <span class='ocrx_word' id='word_1_423' title='bbox 111 1975 307 2003; x_wconf 85' lang='lat' dir='ltr'>inconcinnius</span> <span class='ocrx_word' id='word_1_424' title='bbox 318 1979 458 2011; x_wconf 85' lang='lat' dir='ltr'>repetatur</span> <span class='ocrx_word' id='word_1_425' title='bbox 473 1993 482 2007; x_wconf 91' lang='lat'>,</span> <span class='ocrx_word' id='word_1_426' title='bbox 505 1972 566 2001; x_wconf 90' lang='lat' dir='ltr'>Udo</span> <span class='ocrx_word' id='word_1_427' title='bbox 579 1970 682 2000; x_wconf 86' lang='lat' dir='ltr'>deinde</span> <span class='ocrx_word' id='word_1_428' title='bbox 694 1979 745 2008; x_wconf 91' lang='lat' dir='ltr'>pro</span> <span class='ocrx_word' id='word_1_429' title='bbox 763 1969 854 2000; x_wconf 62' lang='lat' dir='ltr'>Uncto</span> <span class='ocrx_word' id='word_1_430' title='bbox 870 1970 1090 2001; x_wconf 85' lang='lat' dir='ltr'>substituendum</span> <span class='ocrx_word' id='word_1_431' title='bbox 1099 1971 1169 2000; x_wconf 53' lang='lat' dir='ltr'>arbi.</span> 
     </span>
     <span class='ocr_line' id='line_1_50' title="bbox 63 2010 628 2048; baseline -0.009 -6"><span class='ocrx_word' id='word_1_432' title='bbox 63 2018 120 2042; x_wconf 79' lang='lat' dir='ltr'>tror</span> <span class='ocrx_word' id='word_1_433' title='bbox 130 2034 138 2048; x_wconf 92' lang='lat'>,</span> <span class='ocrx_word' id='word_1_434' title='bbox 161 2020 191 2041; x_wconf 91' lang='lat' dir='ltr'>ut</span> <span class='ocrx_word' id='word_1_435' title='bbox 202 2018 276 2041; x_wconf 87' lang='lat' dir='ltr'>totus</span> <span class='ocrx_word' id='word_1_436' title='bbox 289 2012 367 2040; x_wconf 90' lang='lat' dir='ltr'>locus</span> <span class='ocrx_word' id='word_1_437' title='bbox 381 2011 417 2040; x_wconf 90' lang='lat' dir='ltr'>ita</span> <span class='ocrx_word' id='word_1_438' title='bbox 427 2010 628 2039; x_wconf 87' lang='lat' dir='ltr'>concinnetur:</span> 
     </span>
    </p>

    <p class='ocr_par' dir='ltr' id='par_1_4' title="bbox 135 2045 842 2086">
     <span class='ocr_line' id='line_1_51' title="bbox 135 2045 842 2086; baseline -0.007 -7"><span class='ocrx_word' id='word_1_439' title='bbox 135 2050 182 2080; x_wconf 90' lang='lat' dir='ltr'>Sic</span> <span class='ocrx_word' id='word_1_440' title='bbox 195 2050 245 2079; x_wconf 88' lang='lat' dir='ltr'>tibi</span> <span class='ocrx_word' id='word_1_441' title='bbox 258 2049 395 2086; x_wconf 84' lang='lat' dir='ltr'>Penelope</span> <span class='ocrx_word' id='word_1_442' title='bbox 407 2048 477 2085; x_wconf 79' lang='lat' dir='ltr'>frugi</span> <span class='ocrx_word' id='word_1_443' title='bbox 487 2047 532 2077; x_wconf 90' lang='lat' dir='ltr'>est.</span> <span class='ocrx_word' id='word_1_444' title='bbox 565 2057 625 2084; x_wconf 90' lang='lat' dir='ltr'>quae</span> <span class='ocrx_word' id='word_1_445' title='bbox 636 2046 653 2075; x_wconf 86' lang='lat' dir='ltr'>si</span> <span class='ocrx_word' id='word_1_446' title='bbox 662 2045 747 2075; x_wconf 90' lang='lat' dir='ltr'>semel</span> <span class='ocrx_word' id='word_1_447' title='bbox 757 2047 842 2076; x_wconf 67' lang='lat' dir='ltr'>uncto</span> 
     </span>
    </p>

    <p class='ocr_par' dir='ltr' id='par_1_5' title="bbox 136 2084 781 2127">
     <span class='ocr_line' id='line_1_52' title="bbox 136 2084 781 2127; baseline -0.008 -10"><span class='ocrx_word' id='word_1_448' title='bbox 136 2088 179 2117; x_wconf 90' lang='lat' dir='ltr'>De</span> <span class='ocrx_word' id='word_1_449' title='bbox 191 2087 255 2117; x_wconf 85' lang='lat' dir='ltr'>sene</span> <span class='ocrx_word' id='word_1_450' title='bbox 266 2087 392 2126; x_wconf 83' lang='lat' dir='ltr'>gustarit,</span> <span class='ocrx_word' id='word_1_451' title='bbox 413 2095 507 2116; x_wconf 90' lang='lat' dir='ltr'>tecum</span> <span class='ocrx_word' id='word_1_452' title='bbox 517 2085 618 2123; x_wconf 86' lang='lat' dir='ltr'>partita</span> <span class='ocrx_word' id='word_1_453' title='bbox 628 2084 762 2127; x_wconf 76' lang='lat' dir='ltr'>lucellum</span> <span class='ocrx_word' id='word_1_454' title='bbox 772 2106 781 2118; x_wconf 81' lang='lat'>,</span> 
     </span>
    </p>

    <p class='ocr_par' dir='ltr' id='par_1_6' title="bbox 65 2122 1169 2278">
     <span class='ocr_line' id='line_1_53' title="bbox 137 2122 812 2162; baseline -0.009 -6"><span class='ocrx_word' id='word_1_455' title='bbox 137 2125 175 2156; x_wconf 90' lang='lat' dir='ltr'>Ut</span> <span class='ocrx_word' id='word_1_456' title='bbox 189 2127 266 2155; x_wconf 84' lang='lat' dir='ltr'>canis</span> <span class='ocrx_word' id='word_1_457' title='bbox 277 2136 292 2155; x_wconf 89' lang='lat' dir='ltr'>a</span> <span class='ocrx_word' id='word_1_458' title='bbox 302 2126 379 2154; x_wconf 92' lang='lat' dir='ltr'>corio</span> <span class='ocrx_word' id='word_1_459' title='bbox 391 2134 532 2162; x_wconf 90' lang='lat' dir='ltr'>nunquam</span> <span class='ocrx_word' id='word_1_460' title='bbox 545 2122 739 2152; x_wconf 85' lang='lat' dir='ltr'>absterrebitur</span> <span class='ocrx_word' id='word_1_461' title='bbox 746 2122 812 2151; x_wconf 88' lang='lat' dir='ltr'>udo.</span> 
     </span>
     <span class='ocr_line' id='line_1_54' title="bbox 65 2160 1169 2199; baseline -0.004 -5"><span class='ocrx_word' id='word_1_462' title='bbox 65 2174 121 2195; x_wconf 84' lang='lat' dir='ltr'>nex</span> <span class='ocrx_word' id='word_1_463' title='bbox 136 2165 214 2194; x_wconf 83' lang='lat' dir='ltr'>dives</span> <span class='ocrx_word' id='word_1_464' title='bbox 225 2186 233 2199; x_wconf 91' lang='lat'>,</span> <span class='ocrx_word' id='word_1_465' title='bbox 254 2163 308 2193; x_wconf 83' lang='lat' dir='ltr'>sive</span> <span class='ocrx_word' id='word_1_466' title='bbox 320 2185 329 2198; x_wconf 92' lang='lat'>,</span> <span class='ocrx_word' id='word_1_467' title='bbox 350 2169 381 2192; x_wconf 91' lang='lat' dir='ltr'>ut</span> <span class='ocrx_word' id='word_1_468' title='bbox 396 2162 522 2192; x_wconf 87' lang='lat' dir='ltr'>Catullus</span> <span class='ocrx_word' id='word_1_469' title='bbox 537 2161 659 2198; x_wconf 90' lang='lat' dir='ltr'>loquitur</span> <span class='ocrx_word' id='word_1_470' title='bbox 670 2182 678 2196; x_wconf 90' lang='lat'>,</span> <span class='ocrx_word' id='word_1_471' title='bbox 709 2160 799 2189; x_wconf 64' lang='lat' dir='ltr'>uncio</span> <span class='ocrx_word' id='word_1_472' title='bbox 818 2160 987 2197; x_wconf 88' lang='lat' dir='ltr'>patrimonio</span> <span class='ocrx_word' id='word_1_473' title='bbox 1007 2161 1053 2198; x_wconf 81' lang='lat' dir='ltr'>est.</span> <span class='ocrx_word' id='word_1_474' title='bbox 1094 2161 1169 2190; x_wconf 88' lang='lat' dir='ltr'>Reli-</span> 
     </span>
     <span class='ocr_line' id='line_1_55' title="bbox 65 2198 1168 2241; baseline -0.005 -9"><span class='ocrx_word' id='word_1_475' title='bbox 65 2211 117 2241; x_wconf 96' lang='lat' dir='ltr'>qua</span> <span class='ocrx_word' id='word_1_476' title='bbox 130 2225 138 2237; x_wconf 88' lang='lat'>,</span> <span class='ocrx_word' id='word_1_477' title='bbox 160 2213 218 2240; x_wconf 79' lang='lat' dir='ltr'>quae</span> <span class='ocrx_word' id='word_1_478' title='bbox 231 2202 267 2231; x_wconf 88' lang='lat' dir='ltr'>ad</span> <span class='ocrx_word' id='word_1_479' title='bbox 277 2201 497 2231; x_wconf 87' lang='lat' dir='ltr'>confirmandam</span> <span class='ocrx_word' id='word_1_480' title='bbox 517 2201 590 2230; x_wconf 90' lang='lat' dir='ltr'>hanc</span> <span class='ocrx_word' id='word_1_481' title='bbox 611 2198 763 2228; x_wconf 65' lang='lat' dir='ltr'>leetionem</span> <span class='ocrx_word' id='word_1_482' title='bbox 777 2198 900 2234; x_wconf 84' lang='lat' dir='ltr'>faciunt,</span> <span class='ocrx_word' id='word_1_483' title='bbox 922 2198 1062 2228; x_wconf 87' lang='lat' dir='ltr'>brevitatis</span> <span class='ocrx_word' id='word_1_484' title='bbox 1077 2199 1168 2228; x_wconf 89' lang='lat' dir='ltr'>studio</span> 
     </span>
     <span class='ocr_line' id='line_1_56' title="bbox 65 2240 354 2278; baseline -0.01 -7"><span class='ocrx_word' id='word_1_485' title='bbox 65 2242 166 2271; x_wconf 85' lang='lat' dir='ltr'>addere</span> <span class='ocrx_word' id='word_1_486' title='bbox 180 2240 354 2278; x_wconf 84' lang='lat' dir='ltr'>supersedeo.</span> 
     </span>
    </p>

    <p class='ocr_par' dir='ltr' id='par_1_7' title="bbox 47 2273 1169 2355">
     <span class='ocr_line' id='line_1_57' title="bbox 47 2273 1169 2317; baseline -0.005 -8"><span class='ocrx_word' id='word_1_487' title='bbox 47 2279 121 2309; x_wconf 88' lang='lat' dir='ltr'>Cane</span> <span class='ocrx_word' id='word_1_488' title='bbox 130 2279 209 2317; x_wconf 87' lang='lat' dir='ltr'>pejus</span> <span class='ocrx_word' id='word_1_489' title='bbox 222 2280 248 2308; x_wconf 69' lang='grc' dir='ltr'>ἃ</span> <span class='ocrx_word' id='word_1_490' title='bbox 258 2287 347 2315; x_wconf 85' lang='lat' dir='ltr'>angue</span> <span class='ocrx_word' id='word_1_491' title='bbox 358 2277 446 2307; x_wconf 75' lang='lat' dir='ltr'>vitare</span> <span class='ocrx_word' id='word_1_492' title='bbox 456 2275 610 2313; x_wconf 87' lang='lat' dir='ltr'>quidpiam.</span> <span class='ocrx_word' id='word_1_493' title='bbox 650 2274 766 2303; x_wconf 64' lang='lat' dir='ltr'>Dictum</span> <span class='ocrx_word' id='word_1_494' title='bbox 779 2273 812 2303; x_wconf 91' lang='lat' dir='ltr'>ab</span> <span class='ocrx_word' id='word_1_495' title='bbox 831 2274 947 2304; x_wconf 90' lang='lat' dir='ltr'>Horatio</span> <span class='ocrx_word' id='word_1_496' title='bbox 959 2273 1128 2312; x_wconf 85' lang='lat' dir='ltr'>proverbiali</span> <span class='ocrx_word' id='word_1_497' title='bbox 1138 2273 1169 2303; x_wconf 81' lang='lat' dir='ltr'>fi.</span> 
     </span>
     <span class='ocr_line' id='line_1_58' title="bbox 63 2311 939 2355; baseline -0.007 -8"><span class='ocrx_word' id='word_1_498' title='bbox 63 2327 128 2355; x_wconf 84' lang='lat' dir='ltr'>gnra</span> <span class='ocrx_word' id='word_1_499' title='bbox 139 2339 148 2351; x_wconf 80' lang='lat'>,</span> <span class='ocrx_word' id='word_1_500' title='bbox 168 2324 199 2346; x_wconf 89' lang='lat' dir='ltr'>ut</span> <span class='ocrx_word' id='word_1_501' title='bbox 212 2316 330 2345; x_wconf 77' lang='lat' dir='ltr'>refertin</span> <span class='ocrx_word' id='word_1_502' title='bbox 341 2315 451 2352; x_wconf 83' lang='lat' dir='ltr'>Adagiis</span> <span class='ocrx_word' id='word_1_503' title='bbox 461 2314 594 2343; x_wconf 89' lang='lat' dir='ltr'>Erasmus.</span> <span class='ocrx_word' id='word_1_504' title='bbox 618 2312 685 2342; x_wconf 86' lang='lat' dir='ltr'>Hor.</span> <span class='ocrx_word' id='word_1_505' title='bbox 700 2322 723 2341; x_wconf 87' lang='lat'>1.</span> <span class='ocrx_word' id='word_1_506' title='bbox 741 2311 824 2350; x_wconf 88' lang='lat' dir='ltr'>Epist.</span> <span class='ocrx_word' id='word_1_507' title='bbox 842 2321 884 2350; x_wconf 89' lang='lat'>17.</span> <span class='ocrx_word' id='word_1_508' title='bbox 895 2321 939 2349; x_wconf 88' lang='lat'>30.</span> 
     </span>
    </p>

    <p class='ocr_par' dir='ltr' id='par_1_8' title="bbox 125 2352 732 2430">
     <span class='ocr_line' id='line_1_59' title="bbox 125 2352 732 2391; baseline -0.007 -7"><span class='ocrx_word' id='word_1_509' title='bbox 125 2354 199 2384; x_wconf 79' lang='lat' dir='ltr'>Alter</span> <span class='ocrx_word' id='word_1_510' title='bbox 215 2354 306 2384; x_wconf 88' lang='lat' dir='ltr'>Mileti</span> <span class='ocrx_word' id='word_1_511' title='bbox 321 2360 426 2383; x_wconf 84' lang='lat' dir='ltr'>textam</span> <span class='ocrx_word' id='word_1_512' title='bbox 437 2362 505 2382; x_wconf 87' lang='lat' dir='ltr'>cane</span> <span class='ocrx_word' id='word_1_513' title='bbox 516 2354 596 2391; x_wconf 87' lang='lat' dir='ltr'>pejus</span> <span class='ocrx_word' id='word_1_514' title='bbox 605 2352 732 2388; x_wconf 82' lang='lat' dir='ltr'>&amp;angue</span> 
     </span>
     <span class='ocr_line' id='line_1_60' title="bbox 125 2391 429 2430; baseline -0.007 -8"><span class='ocrx_word' id='word_1_515' title='bbox 125 2392 231 2422; x_wconf 83' lang='lat' dir='ltr'>Vitabit</span> <span class='ocrx_word' id='word_1_516' title='bbox 243 2391 429 2430; x_wconf 87' lang='lat' dir='ltr'>chlamydem.</span> 
     </span>
    </p>

    <p class='ocr_par' dir='ltr' id='par_1_9' title="bbox 47 2422 1170 2583">
     <span class='ocr_line' id='line_1_61' title="bbox 47 2422 1167 2466; baseline -0.004 -5"><span class='ocrx_word' id='word_1_517' title='bbox 47 2430 145 2466; x_wconf 87' lang='lat' dir='ltr'>Canis,</span> <span class='ocrx_word' id='word_1_518' title='bbox 166 2430 281 2460; x_wconf 89' lang='lat' dir='ltr'>verbum</span> <span class='ocrx_word' id='word_1_519' title='bbox 292 2430 349 2465; x_wconf 88' lang='lat' dir='ltr'>est,</span> <span class='ocrx_word' id='word_1_520' title='bbox 370 2439 425 2465; x_wconf 90' lang='lat' dir='ltr'>quo</span> <span class='ocrx_word' id='word_1_521' title='bbox 446 2427 658 2466; x_wconf 85' lang='lat' dir='ltr'>impudentibus</span> <span class='ocrx_word' id='word_1_522' title='bbox 679 2426 801 2455; x_wconf 88' lang='lat' dir='ltr'>inimicis</span> <span class='ocrx_word' id='word_1_523' title='bbox 822 2425 983 2455; x_wconf 84' lang='lat' dir='ltr'>convicium</span> <span class='ocrx_word' id='word_1_524' title='bbox 1006 2425 1066 2455; x_wconf 82' lang='lat' dir='ltr'>fieri</span> <span class='ocrx_word' id='word_1_525' title='bbox 1090 2422 1167 2456; x_wconf 79' lang='lat' dir='ltr'>solet.</span> 
     </span>
     <span class='ocr_line' id='line_1_62' title="bbox 65 2464 1170 2502; baseline -0.005 -3"><span class='ocrx_word' id='word_1_526' title='bbox 65 2479 129 2498; x_wconf 89' lang='lat' dir='ltr'>nam</span> <span class='ocrx_word' id='word_1_527' title='bbox 141 2469 260 2498; x_wconf 89' lang='lat' dir='ltr'>militare</span> <span class='ocrx_word' id='word_1_528' title='bbox 273 2468 378 2497; x_wconf 70' lang='lat' dir='ltr'>dictum</span> <span class='ocrx_word' id='word_1_529' title='bbox 391 2466 467 2496; x_wconf 86' lang='lat' dir='ltr'>estin</span> <span class='ocrx_word' id='word_1_530' title='bbox 477 2465 581 2495; x_wconf 81' lang='lat' dir='ltr'>hostem</span> <span class='ocrx_word' id='word_1_531' title='bbox 591 2487 600 2501; x_wconf 89' lang='lat'>,</span> <span class='ocrx_word' id='word_1_532' title='bbox 621 2465 719 2494; x_wconf 87' lang='lat' dir='ltr'>Canis:</span> <span class='ocrx_word' id='word_1_533' title='bbox 741 2464 767 2494; x_wconf 69' lang='grc' dir='ltr'>ἃ</span> <span class='ocrx_word' id='word_1_534' title='bbox 778 2464 853 2502; x_wconf 83' lang='lat' dir='ltr'>apud</span> <span class='ocrx_word' id='word_1_535' title='bbox 864 2464 1019 2493; x_wconf 85' lang='lat' dir='ltr'>Homerum</span> <span class='ocrx_word' id='word_1_536' title='bbox 1035 2474 1087 2501; x_wconf 87' lang='lat' dir='ltr'>pro</span> <span class='ocrx_word' id='word_1_537' title='bbox 1104 2465 1170 2494; x_wconf 89' lang='lat' dir='ltr'>Gra-</span> 
     </span>
     <span class='ocr_line' id='line_1_63' title="bbox 66 2501 1169 2538; baseline -0.005 -1"><span class='ocrx_word' id='word_1_538' title='bbox 66 2508 93 2538; x_wconf 68' lang='lat' dir='ltr'>vi</span> <span class='ocrx_word' id='word_1_539' title='bbox 107 2506 278 2536; x_wconf 88' lang='lat' dir='ltr'>contumelia</span> <span class='ocrx_word' id='word_1_540' title='bbox 292 2507 321 2534; x_wconf 84' lang='lat' dir='ltr'>in</span> <span class='ocrx_word' id='word_1_541' title='bbox 330 2504 515 2535; x_wconf 84' lang='lat' dir='ltr'>adversarium</span> <span class='ocrx_word' id='word_1_542' title='bbox 531 2503 640 2533; x_wconf 89' lang='lat' dir='ltr'>dicitur.</span> <span class='ocrx_word' id='word_1_543' title='bbox 683 2502 748 2532; x_wconf 90' lang='lat' dir='ltr'>Ter.</span> <span class='ocrx_word' id='word_1_544' title='bbox 763 2502 831 2531; x_wconf 91' lang='lat' dir='ltr'>Eun.</span> <span class='ocrx_word' id='word_1_545' title='bbox 843 2513 869 2537; x_wconf 82' lang='lat'>4.</span> <span class='ocrx_word' id='word_1_546' title='bbox 884 2510 909 2537; x_wconf 91' lang='lat'>7.</span> <span class='ocrx_word' id='word_1_547' title='bbox 923 2511 966 2538; x_wconf 83' lang='lat'>33.</span> <span class='ocrx_word' id='word_1_548' title='bbox 1006 2501 1169 2532; x_wconf 86' lang='lat' dir='ltr'>Diminuam</span> 
     </span>
     <span class='ocr_line' id='line_1_64' title="bbox 66 2539 1024 2583; baseline -0.007 -8"><span class='ocrx_word' id='word_1_549' title='bbox 66 2555 116 2583; x_wconf 85' lang='lat' dir='ltr'>ego</span> <span class='ocrx_word' id='word_1_550' title='bbox 128 2554 213 2583; x_wconf 85' lang='lat' dir='ltr'>caput</span> <span class='ocrx_word' id='word_1_551' title='bbox 223 2552 303 2574; x_wconf 90' lang='lat' dir='ltr'>tuum</span> <span class='ocrx_word' id='word_1_552' title='bbox 313 2543 399 2573; x_wconf 85' lang='lat' dir='ltr'>hodie</span> <span class='ocrx_word' id='word_1_553' title='bbox 408 2542 457 2572; x_wconf 87' lang='lat' dir='ltr'>nisi</span> <span class='ocrx_word' id='word_1_554' title='bbox 466 2542 533 2571; x_wconf 89' lang='lat' dir='ltr'>abis.</span> <span class='ocrx_word' id='word_1_555' title='bbox 564 2551 593 2570; x_wconf 81' lang='lat' dir='ltr'>c.</span> <span class='ocrx_word' id='word_1_556' title='bbox 616 2540 670 2571; x_wconf 89' lang='lat' dir='ltr'>ain&#39;</span> <span class='ocrx_word' id='word_1_557' title='bbox 689 2549 754 2570; x_wconf 90' lang='lat' dir='ltr'>vero</span> <span class='ocrx_word' id='word_1_558' title='bbox 766 2541 842 2569; x_wconf 85' lang='lat' dir='ltr'>canis</span> <span class='ocrx_word' id='word_1_559' title='bbox 856 2541 869 2568; x_wconf 68' lang='grc' dir='ltr'>ἵ)</span> <span class='ocrx_word' id='word_1_560' title='bbox 888 2539 1024 2569; x_wconf 84' lang='lat' dir='ltr'>Donatus.</span> 
     </span>
    </p>

    <p class='ocr_par' dir='ltr' id='par_1_10' title="bbox 48 2577 1170 2660">
     <span class='ocr_line' id='line_1_65' title="bbox 48 2577 1170 2621; baseline -0.005 -8"><span class='ocrx_word' id='word_1_561' title='bbox 48 2582 148 2618; x_wconf 84' lang='lat' dir='ltr'>Canis,</span> <span class='ocrx_word' id='word_1_562' title='bbox 169 2583 367 2621; x_wconf 76' lang='lat' dir='ltr'>Cognomento</span> <span class='ocrx_word' id='word_1_563' title='bbox 378 2581 493 2618; x_wconf 81' lang='lat' dir='ltr'>quidam</span> <span class='ocrx_word' id='word_1_564' title='bbox 502 2579 658 2618; x_wconf 84' lang='lat' dir='ltr'>appellatus</span> <span class='ocrx_word' id='word_1_565' title='bbox 669 2600 677 2614; x_wconf 93' lang='lat'>,</span> <span class='ocrx_word' id='word_1_566' title='bbox 696 2584 813 2617; x_wconf 87' lang='lat' dir='ltr'>propter</span> <span class='ocrx_word' id='word_1_567' title='bbox 832 2577 971 2607; x_wconf 87' lang='lat' dir='ltr'>sordidam</span> <span class='ocrx_word' id='word_1_568' title='bbox 980 2578 1170 2608; x_wconf 79' lang='lat' dir='ltr'>immundam-</span> 
     </span>
     <span class='ocr_line' id='line_1_66' title="bbox 67 2620 986 2660; baseline -0.011 -8"><span class='ocrx_word' id='word_1_569' title='bbox 67 2631 119 2660; x_wconf 90' lang='lat' dir='ltr'>que</span> <span class='ocrx_word' id='word_1_570' title='bbox 129 2622 223 2651; x_wconf 87' lang='lat' dir='ltr'>vitam.</span> <span class='ocrx_word' id='word_1_571' title='bbox 248 2621 315 2650; x_wconf 85' lang='lat' dir='ltr'>Hor.</span> <span class='ocrx_word' id='word_1_572' title='bbox 325 2629 352 2650; x_wconf 88' lang='lat'>2.</span> <span class='ocrx_word' id='word_1_573' title='bbox 365 2620 452 2649; x_wconf 88' lang='lat' dir='ltr'>Serm.</span> <span class='ocrx_word' id='word_1_574' title='bbox 465 2627 490 2647; x_wconf 82' lang='lat'>2.</span> <span class='ocrx_word' id='word_1_575' title='bbox 504 2623 548 2653; x_wconf 81' lang='lat'>5⁶-</span> <span class='ocrx_word' id='word_1_576' title='bbox 980 2653 986 2660; x_wconf 39' lang='lat'>¹</span> 
     </span>
    </p>

    <p class='ocr_par' dir='ltr' id='par_1_11' title="bbox 65 2653 1171 2811">
     <span class='ocr_line' id='line_1_67' title="bbox 126 2653 1171 2698; baseline -0.004 -10"><span class='ocrx_word' id='word_1_577' title='bbox 126 2660 178 2688; x_wconf 90' lang='lat' dir='ltr'>Cui</span> <span class='ocrx_word' id='word_1_578' title='bbox 192 2659 268 2688; x_wconf 87' lang='lat' dir='ltr'>canis</span> <span class='ocrx_word' id='word_1_579' title='bbox 281 2667 315 2687; x_wconf 89' lang='lat' dir='ltr'>ex</span> <span class='ocrx_word' id='word_1_580' title='bbox 330 2667 396 2687; x_wconf 88' lang='lat' dir='ltr'>vero</span> <span class='ocrx_word' id='word_1_581' title='bbox 413 2658 529 2686; x_wconf 67' lang='lat' dir='ltr'>ductum</span> <span class='ocrx_word' id='word_1_582' title='bbox 541 2664 703 2693; x_wconf 82' lang='lat' dir='ltr'>cognomen</span> <span class='ocrx_word' id='word_1_583' title='bbox 714 2654 845 2684; x_wconf 80' lang='lat' dir='ltr'>adliaeret.</span> <span class='ocrx_word' id='word_1_584' title='bbox 859 2691 866 2698; x_wconf 35' lang='lat'><em>⁶</em></span> <span class='ocrx_word' id='word_1_585' title='bbox 929 2653 1009 2690; x_wconf 82' lang='lat' dir='ltr'>Quin</span> <span class='ocrx_word' id='word_1_586' title='bbox 1023 2655 1049 2684; x_wconf 68' lang='grc' dir='ltr'>ἃ</span> <span class='ocrx_word' id='word_1_587' title='bbox 1069 2653 1171 2691; x_wconf 88' lang='lat' dir='ltr'>Cynici</span> 
     </span>
     <span class='ocr_line' id='line_1_68' title="bbox 65 2692 1170 2733; baseline -0.005 -6"><span class='ocrx_word' id='word_1_588' title='bbox 65 2706 123 2726; x_wconf 89' lang='lat' dir='ltr'>non</span> <span class='ocrx_word' id='word_1_589' title='bbox 132 2703 242 2727; x_wconf 81' lang='lat' dir='ltr'>tantuin</span> <span class='ocrx_word' id='word_1_590' title='bbox 252 2697 316 2733; x_wconf 82' lang='lat' dir='ltr'>quia</span> <span class='ocrx_word' id='word_1_591' title='bbox 325 2696 424 2725; x_wconf 88' lang='lat' dir='ltr'>obvios</span> <span class='ocrx_word' id='word_1_592' title='bbox 440 2694 613 2728; x_wconf 86' lang='lat' dir='ltr'>allatrabant‚</span> <span class='ocrx_word' id='word_1_593' title='bbox 630 2693 677 2722; x_wconf 87' lang='lat' dir='ltr'>sed</span> <span class='ocrx_word' id='word_1_594' title='bbox 689 2693 773 2722; x_wconf 85' lang='lat' dir='ltr'>etiam</span> <span class='ocrx_word' id='word_1_595' title='bbox 787 2692 824 2721; x_wconf 89' lang='lat' dir='ltr'>ob</span> <span class='ocrx_word' id='word_1_596' title='bbox 839 2697 925 2721; x_wconf 83' lang='lat' dir='ltr'>vitam</span> <span class='ocrx_word' id='word_1_597' title='bbox 945 2692 1122 2727; x_wconf 78' lang='lat' dir='ltr'>illiberalem,</span> <span class='ocrx_word' id='word_1_598' title='bbox 1135 2693 1170 2722; x_wconf 88' lang='lat' dir='ltr'>ab</span> 
     </span>
     <span class='ocr_line' id='line_1_69' title="bbox 65 2729 1169 2769; baseline -0.005 -4"><span class='ocrx_word' id='word_1_599' title='bbox 65 2735 236 2765; x_wconf 74' lang='lat' dir='ltr'>humanitate</span> <span class='ocrx_word' id='word_1_600' title='bbox 251 2736 277 2764; x_wconf 66' lang='lat' dir='ltr'>St</span> <span class='ocrx_word' id='word_1_601' title='bbox 287 2734 427 2763; x_wconf 82' lang='lat' dir='ltr'>munditia</span> <span class='ocrx_word' id='word_1_602' title='bbox 439 2740 585 2767; x_wconf 87' lang='lat' dir='ltr'>remotam,</span> <span class='ocrx_word' id='word_1_603' title='bbox 603 2732 692 2761; x_wconf 87' lang='lat' dir='ltr'>Canes</span> <span class='ocrx_word' id='word_1_604' title='bbox 703 2730 916 2769; x_wconf 78' lang='lat' dir='ltr'>appellabantur</span> <span class='ocrx_word' id='word_1_605' title='bbox 928 2729 1020 2767; x_wconf 83' lang='lat' dir='ltr'>vulgo.</span> <span class='ocrx_word' id='word_1_606' title='bbox 1042 2730 1169 2760; x_wconf 88' lang='lat' dir='ltr'>Turneb.</span> 
     </span>
     <span class='ocr_line' id='line_1_70' title="bbox 65 2771 940 2811; baseline -0.006 -9"><span class='ocrx_word' id='word_1_607' title='bbox 65 2773 98 2802; x_wconf 90' lang='lat' dir='ltr'>V.</span> <span class='ocrx_word' id='word_1_608' title='bbox 118 2774 194 2804; x_wconf 81' lang='lat' dir='ltr'>Suet.</span> <span class='ocrx_word' id='word_1_609' title='bbox 207 2771 286 2807; x_wconf 79' lang='lat' dir='ltr'>Veso.</span> <span class='ocrx_word' id='word_1_610' title='bbox 301 2782 361 2810; x_wconf 90' lang='lat' dir='ltr'>cap.</span> <span class='ocrx_word' id='word_1_611' title='bbox 379 2781 421 2807; x_wconf 84' lang='lat'>¹3-</span> <span class='ocrx_word' id='word_1_612' title='bbox 435 2779 504 2800; x_wconf 82' lang='lat' dir='ltr'>extr.</span> <span class='ocrx_word' id='word_1_613' title='bbox 935 2805 940 2811; x_wconf 43' lang='grc' dir='ltr'>Ι</span> 
     </span>
    </p>

    <p class='ocr_par' dir='ltr' id='par_1_12' title="bbox 48 2805 1171 2963">
     <span class='ocr_line' id='line_1_71' title="bbox 48 2805 1171 2849; baseline -0.004 -8"><span class='ocrx_word' id='word_1_614' title='bbox 48 2810 147 2847; x_wconf 86' lang='lat' dir='ltr'>Canis,</span> <span class='ocrx_word' id='word_1_615' title='bbox 169 2821 220 2849; x_wconf 88' lang='lat' dir='ltr'>pro</span> <span class='ocrx_word' id='word_1_616' title='bbox 232 2809 341 2840; x_wconf 71' lang='lat' dir='ltr'>nisecla.</span> <span class='ocrx_word' id='word_1_617' title='bbox 382 2809 440 2839; x_wconf 88' lang='lat' dir='ltr'>Cic.</span> <span class='ocrx_word' id='word_1_618' title='bbox 452 2813 478 2838; x_wconf 88' lang='lat'>6.</span> <span class='ocrx_word' id='word_1_619' title='bbox 492 2809 545 2838; x_wconf 82' lang='lat' dir='ltr'>Att.</span> <span class='ocrx_word' id='word_1_620' title='bbox 561 2816 587 2843; x_wconf 85' lang='lat'>3.</span> <span class='ocrx_word' id='word_1_621' title='bbox 619 2805 710 2837; x_wconf 85' lang='lat' dir='ltr'>Multa</span> <span class='ocrx_word' id='word_1_622' title='bbox 726 2806 834 2836; x_wconf 80' lang='lat' dir='ltr'>&amp;dixit</span> <span class='ocrx_word' id='word_1_623' title='bbox 845 2806 871 2836; x_wconf 72' lang='lat' dir='ltr'>Sc</span> <span class='ocrx_word' id='word_1_624' title='bbox 887 2805 1031 2834; x_wconf 88' lang='lat' dir='ltr'>secitcum</span> <span class='ocrx_word' id='word_1_625' title='bbox 1049 2806 1171 2842; x_wconf 86' lang='lat' dir='ltr'>quadam</span> 
     </span>
     <span class='ocr_line' id='line_1_72' title="bbox 65 2843 1171 2881; baseline -0.005 -2"><span class='ocrx_word' id='word_1_626' title='bbox 65 2858 127 2878; x_wconf 91' lang='lat' dir='ltr'>mea</span> <span class='ocrx_word' id='word_1_627' title='bbox 139 2848 309 2879; x_wconf 80' lang='lat' dir='ltr'>contumelia</span> <span class='ocrx_word' id='word_1_628' title='bbox 321 2870 329 2881; x_wconf 90' lang='lat'>‚</span> <span class='ocrx_word' id='word_1_629' title='bbox 351 2847 378 2876; x_wconf 84' lang='lat' dir='ltr'>P.</span> <span class='ocrx_word' id='word_1_630' title='bbox 393 2846 487 2876; x_wconf 84' lang='lat' dir='ltr'>Clodii</span> <span class='ocrx_word' id='word_1_631' title='bbox 499 2846 584 2876; x_wconf 88' lang='lat' dir='ltr'>canis.</span> <span class='ocrx_word' id='word_1_632' title='bbox 615 2844 634 2874; x_wconf 89' lang='lat' dir='ltr'>i.</span> <span class='ocrx_word' id='word_1_633' title='bbox 649 2855 673 2874; x_wconf 89' lang='lat' dir='ltr'>e.</span> <span class='ocrx_word' id='word_1_634' title='bbox 703 2845 817 2874; x_wconf 83' lang='lat' dir='ltr'>Amicus</span> <span class='ocrx_word' id='word_1_635' title='bbox 834 2846 860 2873; x_wconf 67' lang='grc' dir='ltr'>ἂ</span> <span class='ocrx_word' id='word_1_636' title='bbox 873 2843 971 2873; x_wconf 75' lang='lat' dir='ltr'>assecla</span> <span class='ocrx_word' id='word_1_637' title='bbox 990 2843 1084 2873; x_wconf 88' lang='lat' dir='ltr'>Clodii</span> <span class='ocrx_word' id='word_1_638' title='bbox 1101 2844 1171 2874; x_wconf 91' lang='lat' dir='ltr'>dum</span> 
     </span>
     <span class='ocr_line' id='line_1_73' title="bbox 65 2882 1171 2921; baseline -0.005 -4"><span class='ocrx_word' id='word_1_639' title='bbox 65 2887 176 2917; x_wconf 86' lang='lat' dir='ltr'>viveret.</span> <span class='ocrx_word' id='word_1_640' title='bbox 217 2887 259 2916; x_wconf 86' lang='lat' dir='ltr'>Al.</span> <span class='ocrx_word' id='word_1_641' title='bbox 281 2886 308 2915; x_wconf 88' lang='lat' dir='ltr'>P.</span> <span class='ocrx_word' id='word_1_642' title='bbox 320 2885 414 2915; x_wconf 91' lang='lat' dir='ltr'>Clodii</span> <span class='ocrx_word' id='word_1_643' title='bbox 424 2885 512 2915; x_wconf 82' lang='lat' dir='ltr'>causa.</span> <span class='ocrx_word' id='word_1_644' title='bbox 534 2884 612 2913; x_wconf 83' lang='lat' dir='ltr'>Idem</span> <span class='ocrx_word' id='word_1_645' title='bbox 623 2884 653 2912; x_wconf 91' lang='lat' dir='ltr'>in</span> <span class='ocrx_word' id='word_1_646' title='bbox 665 2882 752 2912; x_wconf 87' lang='lat' dir='ltr'>Pison.</span> <span class='ocrx_word' id='word_1_647' title='bbox 765 2892 809 2917; x_wconf 87' lang='lat'>23.</span> <span class='ocrx_word' id='word_1_648' title='bbox 833 2882 1002 2911; x_wconf 88' lang='lat' dir='ltr'>Clodianum</span> <span class='ocrx_word' id='word_1_649' title='bbox 1012 2890 1110 2911; x_wconf 85' lang='lat' dir='ltr'>canem</span> <span class='ocrx_word' id='word_1_650' title='bbox 1122 2893 1171 2921; x_wconf 85' lang='lat' dir='ltr'>ap-</span> 
     </span>
     <span class='ocr_line' id='line_1_74' title="bbox 66 2920 1171 2963; baseline -0.004 -8"><span class='ocrx_word' id='word_1_651' title='bbox 66 2925 152 2963; x_wconf 82' lang='lat' dir='ltr'>pellat</span> <span class='ocrx_word' id='word_1_652' title='bbox 167 2926 283 2955; x_wconf 81' lang='lat' dir='ltr'>Sextum</span> <span class='ocrx_word' id='word_1_653' title='bbox 294 2923 435 2953; x_wconf 85' lang='lat' dir='ltr'>Clodium.</span> <span class='ocrx_word' id='word_1_654' title='bbox 476 2923 566 2958; x_wconf 84' lang='lat' dir='ltr'>Huius</span> <span class='ocrx_word' id='word_1_655' title='bbox 577 2943 586 2957; x_wconf 75' lang='grc'>,</span> <span class='ocrx_word' id='word_1_656' title='bbox 606 2921 698 2958; x_wconf 87' lang='lat' dir='ltr'>inquit</span> <span class='ocrx_word' id='word_1_657' title='bbox 709 2942 717 2956; x_wconf 91' lang='lat'>‚</span> <span class='ocrx_word' id='word_1_658' title='bbox 737 2926 768 2950; x_wconf 87' lang='lat' dir='ltr'>tu</span> <span class='ocrx_word' id='word_1_659' title='bbox 783 2920 914 2950; x_wconf 84' lang='lat' dir='ltr'>Clodiani</span> <span class='ocrx_word' id='word_1_660' title='bbox 925 2920 1002 2949; x_wconf 84' lang='lat' dir='ltr'>canis</span> <span class='ocrx_word' id='word_1_661' title='bbox 1017 2920 1171 2957; x_wconf 69' lang='lat' dir='ltr'>insignibus</span> 
     </span>
    </p>

    <p class='ocr_par' dir='ltr' id='par_1_13' title="bbox 52 2960 886 3001">
     <span class='ocr_line' id='line_1_75' title="bbox 52 2960 886 3001; baseline -0.007 -8"><span class='ocrx_word' id='word_1_662' title='bbox 52 2998 54 3001; x_wconf 45' lang='lat'>.</span> <span class='ocrx_word' id='word_1_663' title='bbox 68 2963 247 2993; x_wconf 83' lang='lat' dir='ltr'>Consulatum</span> <span class='ocrx_word' id='word_1_664' title='bbox 261 2961 393 2992; x_wconf 81' lang='lat' dir='ltr'>declarari</span> <span class='ocrx_word' id='word_1_665' title='bbox 405 2960 510 3000; x_wconf 74' lang='lat' dir='ltr'>putas?</span> <span class='ocrx_word' id='word_1_666' title='bbox 881 2995 886 3000; x_wconf 33' lang='grc' dir='ltr'>ι</span> 
     </span>
    </p>

    <p class='ocr_par' dir='ltr' id='par_1_14' title="bbox 48 2994 1171 3038">
     <span class='ocr_line' id='line_1_76' title="bbox 48 2994 1171 3038; baseline -0.005 -7"><span class='ocrx_word' id='word_1_667' title='bbox 48 3000 136 3031; x_wconf 86' lang='lat' dir='ltr'>Canes</span> <span class='ocrx_word' id='word_1_668' title='bbox 146 3002 228 3031; x_wconf 85' lang='lat' dir='ltr'>etiam</span> <span class='ocrx_word' id='word_1_669' title='bbox 239 2999 415 3038; x_wconf 87' lang='lat' dir='ltr'>appellantur</span> <span class='ocrx_word' id='word_1_670' title='bbox 423 2998 601 3028; x_wconf 83' lang='lat' dir='ltr'>Accusatores</span> <span class='ocrx_word' id='word_1_671' title='bbox 613 2995 804 3034; x_wconf 86' lang='lat' dir='ltr'>delatoresque</span> <span class='ocrx_word' id='word_1_672' title='bbox 813 3015 821 3029; x_wconf 88' lang='lat'>‚</span> <span class='ocrx_word' id='word_1_673' title='bbox 842 2994 942 3032; x_wconf 84' lang='lat' dir='ltr'>quibus</span> <span class='ocrx_word' id='word_1_674' title='bbox 958 2996 1068 3032; x_wconf 83' lang='lat' dir='ltr'>tyranni</span> <span class='ocrx_word' id='word_1_675' title='bbox 1080 2997 1106 3025; x_wconf 65' lang='grc' dir='ltr'>ἃ</span> <span class='ocrx_word' id='word_1_676' title='bbox 1118 2996 1171 3025; x_wconf 89' lang='lat' dir='ltr'>im-</span> 
     </span>
    </p>

    <p class='ocr_par' dir='ltr' id='par_1_15' title="bbox 64 3033 1170 3336">
     <span class='ocr_line' id='line_1_77' title="bbox 87 3033 1170 3077; baseline -0.005 -8"><span class='ocrx_word' id='word_1_677' title='bbox 87 3046 194 3069; x_wconf 79' lang='lat' dir='ltr'>orentes</span> <span class='ocrx_word' id='word_1_678' title='bbox 205 3039 239 3068; x_wconf 88' lang='lat' dir='ltr'>ad</span> <span class='ocrx_word' id='word_1_679' title='bbox 251 3037 471 3077; x_wconf 87' lang='lat' dir='ltr'>opprimendum</span> <span class='ocrx_word' id='word_1_680' title='bbox 482 3037 622 3074; x_wconf 87' lang='lat' dir='ltr'>optimum</span> <span class='ocrx_word' id='word_1_681' title='bbox 643 3044 783 3072; x_wconf 85' lang='lat' dir='ltr'>quemque</span> <span class='ocrx_word' id='word_1_682' title='bbox 795 3034 821 3062; x_wconf 88' lang='lat'>&amp;</span> <span class='ocrx_word' id='word_1_683' title='bbox 835 3033 883 3061; x_wconf 86' lang='lat' dir='ltr'>sibi</span> <span class='ocrx_word' id='word_1_684' title='bbox 894 3033 1106 3063; x_wconf 89' lang='lat' dir='ltr'>formidolosum</span> <span class='ocrx_word' id='word_1_685' title='bbox 1127 3035 1170 3064; x_wconf 89' lang='lat' dir='ltr'>uti</span> 
     </span>
     <span class='ocr_line' id='line_1_78' title="bbox 78 3071 1169 3112; baseline -0.005 -5"><span class='ocrx_word' id='word_1_686' title='bbox 78 3077 162 3107; x_wconf 87' lang='lat' dir='ltr'>olent.</span> <span class='ocrx_word' id='word_1_687' title='bbox 184 3078 282 3106; x_wconf 89' lang='lat' dir='ltr'>Senec.</span> <span class='ocrx_word' id='word_1_688' title='bbox 294 3076 330 3106; x_wconf 89' lang='lat' dir='ltr'>ad</span> <span class='ocrx_word' id='word_1_689' title='bbox 345 3075 478 3105; x_wconf 79' lang='lat' dir='ltr'>Marciam</span> <span class='ocrx_word' id='word_1_690' title='bbox 491 3084 552 3112; x_wconf 87' lang='lat' dir='ltr'>cap.</span> <span class='ocrx_word' id='word_1_691' title='bbox 565 3083 610 3103; x_wconf 84' lang='lat'>22.</span> <span class='ocrx_word' id='word_1_692' title='bbox 645 3072 777 3102; x_wconf 84' lang='lat' dir='ltr'>Acerrimi</span> <span class='ocrx_word' id='word_1_693' title='bbox 790 3081 872 3100; x_wconf 84' lang='lat' dir='ltr'>canes</span> <span class='ocrx_word' id='word_1_694' title='bbox 883 3093 891 3106; x_wconf 93' lang='lat'>,</span> <span class='ocrx_word' id='word_1_695' title='bbox 912 3080 981 3108; x_wconf 79' lang='lat' dir='ltr'>quos</span> <span class='ocrx_word' id='word_1_696' title='bbox 993 3071 1051 3107; x_wconf 81' lang='lat' dir='ltr'>ille,</span> <span class='ocrx_word' id='word_1_697' title='bbox 1073 3078 1104 3100; x_wconf 91' lang='lat' dir='ltr'>ut</span> <span class='ocrx_word' id='word_1_698' title='bbox 1119 3071 1169 3101; x_wconf 87' lang='lat' dir='ltr'>fibi</span> 
     </span>
     <span class='ocr_line' id='line_1_79' title="bbox 66 3109 1168 3152; baseline -0.005 -7"><span class='ocrx_word' id='word_1_699' title='bbox 66 3116 116 3145; x_wconf 89' lang='lat' dir='ltr'>uni</span> <span class='ocrx_word' id='word_1_700' title='bbox 128 3115 286 3145; x_wconf 79' lang='lat' dir='ltr'>mansuetos</span> <span class='ocrx_word' id='word_1_701' title='bbox 299 3136 307 3149; x_wconf 95' lang='lat'>,</span> <span class='ocrx_word' id='word_1_702' title='bbox 328 3114 460 3143; x_wconf 88' lang='lat' dir='ltr'>omnibus</span> <span class='ocrx_word' id='word_1_703' title='bbox 484 3113 556 3142; x_wconf 86' lang='lat' dir='ltr'>feros</span> <span class='ocrx_word' id='word_1_704' title='bbox 574 3111 707 3146; x_wconf 89' lang='lat' dir='ltr'>haberet,</span> <span class='ocrx_word' id='word_1_705' title='bbox 729 3110 861 3147; x_wconf 85' lang='lat' dir='ltr'>sanguine</span> <span class='ocrx_word' id='word_1_706' title='bbox 880 3110 1004 3152; x_wconf 75' lang='lat' dir='ltr'>humano</span> <span class='ocrx_word' id='word_1_707' title='bbox 1022 3109 1168 3147; x_wconf 88' lang='lat' dir='ltr'>pascebat,</span> 
     </span>
     <span class='ocr_line' id='line_1_80' title="bbox 64 3148 1170 3186; baseline -0.005 -3"><span class='ocrx_word' id='word_1_708' title='bbox 64 3153 268 3184; x_wconf 86' lang='lat' dir='ltr'>circumlatrare</span> <span class='ocrx_word' id='word_1_709' title='bbox 287 3152 371 3181; x_wconf 89' lang='lat' dir='ltr'>etiam</span> <span class='ocrx_word' id='word_1_710' title='bbox 384 3152 548 3185; x_wconf 85' lang='lat' dir='ltr'>hominem,</span> <span class='ocrx_word' id='word_1_711' title='bbox 569 3151 596 3180; x_wconf 69' lang='grc' dir='ltr'>ἃ</span> <span class='ocrx_word' id='word_1_712' title='bbox 616 3149 698 3178; x_wconf 90' lang='lat' dir='ltr'>illum</span> <span class='ocrx_word' id='word_1_713' title='bbox 715 3149 879 3186; x_wconf 80' lang='lat' dir='ltr'>imparatum</span> <span class='ocrx_word' id='word_1_714' title='bbox 899 3154 1047 3184; x_wconf 86' lang='lat' dir='ltr'>ineipiunt.</span> <span class='ocrx_word' id='word_1_715' title='bbox 1089 3148 1170 3184; x_wconf 83' lang='lat' dir='ltr'>Quos</span> 
     </span>
     <span class='ocr_line' id='line_1_81' title="bbox 66 3184 1166 3227; baseline -0.005 -5"><span class='ocrx_word' id='word_1_716' title='bbox 66 3190 113 3222; x_wconf 84' lang='lat' dir='ltr'>hic</span> <span class='ocrx_word' id='word_1_717' title='bbox 122 3201 204 3222; x_wconf 90' lang='lat' dir='ltr'>canes</span> <span class='ocrx_word' id='word_1_718' title='bbox 215 3213 222 3225; x_wconf 82' lang='grc'>,</span> <span class='ocrx_word' id='word_1_719' title='bbox 243 3200 302 3219; x_wconf 87' lang='lat' dir='ltr'>non</span> <span class='ocrx_word' id='word_1_720' title='bbox 312 3189 396 3219; x_wconf 90' lang='lat' dir='ltr'>semel</span> <span class='ocrx_word' id='word_1_721' title='bbox 407 3188 492 3227; x_wconf 88' lang='lat' dir='ltr'>paulo</span> <span class='ocrx_word' id='word_1_722' title='bbox 503 3188 564 3227; x_wconf 86' lang='lat' dir='ltr'>post</span> <span class='ocrx_word' id='word_1_723' title='bbox 572 3209 581 3223; x_wconf 89' lang='lat'>,</span> <span class='ocrx_word' id='word_1_724' title='bbox 600 3187 771 3217; x_wconf 85' lang='lat' dir='ltr'>accusatores</span> <span class='ocrx_word' id='word_1_725' title='bbox 781 3186 836 3214; x_wconf 86' lang='lat' dir='ltr'>sine</span> <span class='ocrx_word' id='word_1_726' title='bbox 848 3184 988 3214; x_wconf 81' lang='lat' dir='ltr'>schemate</span> <span class='ocrx_word' id='word_1_727' title='bbox 997 3191 1088 3214; x_wconf 84' lang='lat' dir='ltr'>vocat.</span> <span class='ocrx_word' id='word_1_728' title='bbox 1106 3186 1166 3216; x_wconf 78' lang='lat' dir='ltr'>Cic.</span> 
     </span>
     <span class='ocr_line' id='line_1_82' title="bbox 68 3222 1170 3265; baseline -0.005 -6"><span class='ocrx_word' id='word_1_729' title='bbox 68 3230 178 3265; x_wconf 82' lang='lat' dir='ltr'>3-Verr.</span> <span class='ocrx_word' id='word_1_730' title='bbox 191 3235 235 3263; x_wconf 81' lang='lat'>28.</span> <span class='ocrx_word' id='word_1_731' title='bbox 258 3228 358 3264; x_wconf 78' lang='lat' dir='ltr'>Quid?</span> <span class='ocrx_word' id='word_1_732' title='bbox 379 3228 427 3257; x_wconf 83' lang='lat' dir='ltr'>ista</span> <span class='ocrx_word' id='word_1_733' title='bbox 439 3227 557 3261; x_wconf 86' lang='lat' dir='ltr'>cohors,</span> <span class='ocrx_word' id='word_1_734' title='bbox 578 3235 697 3262; x_wconf 90' lang='lat' dir='ltr'>quorum</span> <span class='ocrx_word' id='word_1_735' title='bbox 718 3224 866 3253; x_wconf 87' lang='lat' dir='ltr'>hominum</span> <span class='ocrx_word' id='word_1_736' title='bbox 884 3222 946 3252; x_wconf 79' lang='lat' dir='ltr'>est‘?</span> <span class='ocrx_word' id='word_1_737' title='bbox 973 3222 1075 3252; x_wconf 91' lang='lat' dir='ltr'>Volusii</span> <span class='ocrx_word' id='word_1_738' title='bbox 1091 3223 1170 3253; x_wconf 87' lang='lat' dir='ltr'>haru-</span> 
     </span>
     <span class='ocr_line' id='line_1_83' title="bbox 65 3260 1170 3303; baseline -0.005 -7"><span class='ocrx_word' id='word_1_739' title='bbox 65 3266 83 3296; x_wconf 88' lang='lat' dir='ltr'>s</span> <span class='ocrx_word' id='word_1_740' title='bbox 97 3268 164 3303; x_wconf 89' lang='lat' dir='ltr'>icis,</span> <span class='ocrx_word' id='word_1_741' title='bbox 186 3269 211 3297; x_wconf 68' lang='grc' dir='ltr'><strong>ἃ</strong></span> <span class='ocrx_word' id='word_1_742' title='bbox 224 3266 347 3297; x_wconf 89' lang='lat' dir='ltr'>Cornelii</span> <span class='ocrx_word' id='word_1_743' title='bbox 362 3265 484 3300; x_wconf 85' lang='lat' dir='ltr'>medici,</span> <span class='ocrx_word' id='word_1_744' title='bbox 504 3266 531 3295; x_wconf 73' lang='grc' dir='ltr'>δι</span> <span class='ocrx_word' id='word_1_745' title='bbox 541 3264 643 3294; x_wconf 90' lang='lat' dir='ltr'>horum</span> <span class='ocrx_word' id='word_1_746' title='bbox 653 3272 775 3299; x_wconf 85' lang='lat' dir='ltr'>canum,</span> <span class='ocrx_word' id='word_1_747' title='bbox 798 3271 867 3299; x_wconf 92' lang='lat' dir='ltr'>quos</span> <span class='ocrx_word' id='word_1_748' title='bbox 879 3260 1001 3291; x_wconf 90' lang='lat' dir='ltr'>tribunal</span> <span class='ocrx_word' id='word_1_749' title='bbox 1016 3270 1112 3291; x_wconf 88' lang='lat' dir='ltr'>meum</span> <span class='ocrx_word' id='word_1_750' title='bbox 1132 3262 1170 3292; x_wconf 92' lang='lat' dir='ltr'>vi-</span> 
     </span>
     <span class='ocr_line' id='line_1_84' title="bbox 86 3305 255 3336; baseline 0 -2"><span class='ocrx_word' id='word_1_751' title='bbox 86 3315 114 3335; x_wconf 93' lang='lat' dir='ltr'>es</span> <span class='ocrx_word' id='word_1_752' title='bbox 125 3305 255 3336; x_wconf 88' lang='lat' dir='ltr'>lambere.</span> 
     </span>
    </p>

    <p class='ocr_par' dir='ltr' id='par_1_16' title="bbox 49 3341 628 3382">
     <span class='ocr_line' id='line_1_85' title="bbox 49 3341 628 3382; baseline -0.005 -10"><span class='ocrx_word' id='word_1_753' title='bbox 49 3341 136 3374; x_wconf 88' lang='lat' dir='ltr'>Canes</span> <span class='ocrx_word' id='word_1_754' title='bbox 151 3365 160 3380; x_wconf 81' lang='grc'>.,</span> <span class='ocrx_word' id='word_1_755' title='bbox 181 3353 232 3382; x_wconf 88' lang='lat' dir='ltr'>pro</span> <span class='ocrx_word' id='word_1_756' title='bbox 244 3341 340 3372; x_wconf 84' lang='lat' dir='ltr'>Furiis.</span> <span class='ocrx_word' id='word_1_757' title='bbox 363 3341 437 3379; x_wconf 83' lang='lat' dir='ltr'>Virg.</span> <span class='ocrx_word' id='word_1_758' title='bbox 448 3345 474 3371; x_wconf 92' lang='lat'>6.</span> <span class='ocrx_word' id='word_1_759' title='bbox 489 3341 550 3371; x_wconf 81' lang='lat' dir='ltr'>AEn.</span> <span class='ocrx_word' id='word_1_760' title='bbox 563 3349 628 3377; x_wconf 80' lang='lat'>257.</span> 
     </span>
    </p>

    <p class='ocr_par' dir='ltr' id='par_1_17' title="bbox 35 3375 1003 3454">
     <span class='ocr_line' id='line_1_86' title="bbox 238 3375 980 3418; baseline -0.009 -8"><span class='ocrx_word' id='word_1_761' title='bbox 238 3396 275 3401; x_wconf 91' lang='lat'>-—</span> <span class='ocrx_word' id='word_1_762' title='bbox 285 3380 402 3417; x_wconf 82' lang='lat' dir='ltr'>visaeque</span> <span class='ocrx_word' id='word_1_763' title='bbox 410 3389 494 3409; x_wconf 88' lang='lat' dir='ltr'>canes</span> <span class='ocrx_word' id='word_1_764' title='bbox 504 3377 609 3408; x_wconf 85' lang='lat' dir='ltr'>ululare</span> <span class='ocrx_word' id='word_1_765' title='bbox 618 3386 667 3415; x_wconf 87' lang='lat' dir='ltr'>per</span> <span class='ocrx_word' id='word_1_766' title='bbox 677 3375 806 3406; x_wconf 85' lang='lat' dir='ltr'>umbram</span> <span class='ocrx_word' id='word_1_767' title='bbox 877 3412 883 3418; x_wconf 44' lang='grc'>,</span> <span class='ocrx_word' id='word_1_768' title='bbox 947 3411 952 3417; x_wconf 95' lang='lat'>.</span> <span class='ocrx_word' id='word_1_769' title='bbox 974 3412 980 3418; x_wconf 40' lang='grc' dir='ltr'>ι</span> 
     </span>
     <span class='ocr_line' id='line_1_87' title="bbox 35 3411 1003 3454; baseline -0.009 -4"><span class='ocrx_word' id='word_1_770' title='bbox 35 3450 39 3454; x_wconf 30' lang='grc' dir='ltr'><strong>Δ</strong></span> <span class='ocrx_word' id='word_1_771' title='bbox 139 3420 314 3449; x_wconf 84' lang='lat' dir='ltr'>Adventante</span> <span class='ocrx_word' id='word_1_772' title='bbox 324 3418 385 3448; x_wconf 88' lang='lat' dir='ltr'>dea.</span> <span class='ocrx_word' id='word_1_773' title='bbox 501 3416 556 3446; x_wconf 89' lang='lat' dir='ltr'>Ubi</span> <span class='ocrx_word' id='word_1_774' title='bbox 566 3416 676 3446; x_wconf 83' lang='lat' dir='ltr'>Servius</span> <span class='ocrx_word' id='word_1_775' title='bbox 687 3437 696 3451; x_wconf 96' lang='lat'>,</span> <span class='ocrx_word' id='word_1_776' title='bbox 718 3415 808 3444; x_wconf 89' lang='lat' dir='ltr'>Canes</span> <span class='ocrx_word' id='word_1_777' title='bbox 821 3412 915 3442; x_wconf 88' lang='lat' dir='ltr'>Furias</span> <span class='ocrx_word' id='word_1_778' title='bbox 925 3411 1003 3442; x_wconf 90' lang='lat' dir='ltr'>dicit.</span> 
     </span>
    </p>

    <p class='ocr_par' dir='ltr' id='par_1_18' title="bbox 49 3455 596 3491">
     <span class='ocr_line' id='line_1_88' title="bbox 49 3455 596 3491; baseline -0.005 -4"><span class='ocrx_word' id='word_1_779' title='bbox 49 3455 164 3487; x_wconf 77' lang='lat' dir='ltr'>Infernae</span> <span class='ocrx_word' id='word_1_780' title='bbox 173 3467 265 3487; x_wconf 87' lang='lat' dir='ltr'>canes.</span> <span class='ocrx_word' id='word_1_781' title='bbox 287 3456 355 3486; x_wconf 84' lang='lat' dir='ltr'>Hor.</span> <span class='ocrx_word' id='word_1_782' title='bbox 372 3467 394 3485; x_wconf 87' lang='lat'>1.</span> <span class='ocrx_word' id='word_1_783' title='bbox 410 3455 498 3485; x_wconf 89' lang='lat' dir='ltr'>Serm.</span> <span class='ocrx_word' id='word_1_784' title='bbox 511 3459 538 3488; x_wconf 88' lang='lat'>8.</span> <span class='ocrx_word' id='word_1_785' title='bbox 552 3463 596 3491; x_wconf 84' lang='lat'>35.</span> 
     </span>
    </p>

    <p class='ocr_par' dir='ltr' id='par_1_19' title="bbox 50 3494 472 3529">
     <span class='ocr_line' id='line_1_89' title="bbox 50 3494 472 3529; baseline -0.009 -3"><span class='ocrx_word' id='word_1_786' title='bbox 50 3495 177 3526; x_wconf 86' lang='lat' dir='ltr'>Semidei.</span> <span class='ocrx_word' id='word_1_787' title='bbox 200 3495 302 3525; x_wconf 85' lang='lat' dir='ltr'>Lucan.</span> <span class='ocrx_word' id='word_1_788' title='bbox 314 3494 362 3524; x_wconf 92' lang='lat' dir='ltr'>lib.</span> <span class='ocrx_word' id='word_1_789' title='bbox 372 3499 398 3528; x_wconf 88' lang='lat'>8.</span> <span class='ocrx_word' id='word_1_790' title='bbox 409 3499 472 3529; x_wconf 84' lang='lat'>832.</span> 
     </span>
    </p>

    <p class='ocr_par' dir='ltr' id='par_1_20' title="bbox 140 3527 1075 3571">
     <span class='ocr_line' id='line_1_90' title="bbox 140 3527 1075 3571; baseline -0.01 -8"><span class='ocrx_word' id='word_1_791' title='bbox 140 3534 201 3563; x_wconf 90' lang='lat' dir='ltr'>Nos</span> <span class='ocrx_word' id='word_1_792' title='bbox 210 3534 240 3562; x_wconf 86' lang='lat' dir='ltr'>in</span> <span class='ocrx_word' id='word_1_793' title='bbox 251 3532 356 3571; x_wconf 86' lang='lat' dir='ltr'>templa</span> <span class='ocrx_word' id='word_1_794' title='bbox 367 3538 446 3561; x_wconf 90' lang='lat' dir='ltr'>tuam</span> <span class='ocrx_word' id='word_1_795' title='bbox 454 3531 583 3561; x_wconf 85' lang='lat' dir='ltr'>Romana</span> <span class='ocrx_word' id='word_1_796' title='bbox 597 3529 759 3567; x_wconf 89' lang='lat' dir='ltr'>accepimus</span> <span class='ocrx_word' id='word_1_797' title='bbox 770 3527 823 3557; x_wconf 77' lang='lat' dir='ltr'>Isin</span> <span class='ocrx_word' id='word_1_798' title='bbox 1069 3564 1075 3570; x_wconf 95' lang='lat'>.</span> 
     </span>
    </p>

    <p class='ocr_par' dir='ltr' id='par_1_21' title="bbox 69 3563 1172 3687">
     <span class='ocr_line' id='line_1_91' title="bbox 138 3563 1170 3609; baseline -0.007 -8"><span class='ocrx_word' id='word_1_799' title='bbox 138 3571 336 3609; x_wconf 84' lang='lat' dir='ltr'>Semideosque</span> <span class='ocrx_word' id='word_1_800' title='bbox 359 3579 451 3600; x_wconf 88' lang='lat' dir='ltr'>canes.</span> <span class='ocrx_word' id='word_1_801' title='bbox 532 3567 672 3597; x_wconf 87' lang='lat' dir='ltr'>Videlicet</span> <span class='ocrx_word' id='word_1_802' title='bbox 690 3566 863 3596; x_wconf 80' lang='lat' dir='ltr'>Mercurium</span> <span class='ocrx_word' id='word_1_803' title='bbox 884 3573 969 3608; x_wconf 69' lang='lat' dir='ltr'>quern</span> <span class='ocrx_word' id='word_1_804' title='bbox 986 3563 1106 3594; x_wconf 88' lang='lat' dir='ltr'>Anubim</span> <span class='ocrx_word' id='word_1_805' title='bbox 1122 3572 1170 3595; x_wconf 87' lang='lat' dir='ltr'>vo-</span> 
     </span>
     <span class='ocr_line' id='line_1_92' title="bbox 69 3603 1172 3646; baseline -0.006 -6"><span class='ocrx_word' id='word_1_806' title='bbox 69 3614 142 3640; x_wconf 73' lang='lat' dir='ltr'>sant.</span> <span class='ocrx_word' id='word_1_807' title='bbox 181 3609 254 3640; x_wconf 87' lang='lat' dir='ltr'>Nam</span> <span class='ocrx_word' id='word_1_808' title='bbox 264 3609 366 3639; x_wconf 90' lang='lat' dir='ltr'>colitur</span> <span class='ocrx_word' id='word_1_809' title='bbox 375 3607 451 3646; x_wconf 88' lang='lat' dir='ltr'>apud</span> <span class='ocrx_word' id='word_1_810' title='bbox 458 3606 605 3644; x_wconf 73' lang='lat' dir='ltr'>ffigypfios</span> <span class='ocrx_word' id='word_1_811' title='bbox 619 3606 650 3634; x_wconf 90' lang='lat' dir='ltr'>in</span> <span class='ocrx_word' id='word_1_812' title='bbox 664 3605 755 3634; x_wconf 85' lang='lat' dir='ltr'>forma</span> <span class='ocrx_word' id='word_1_813' title='bbox 768 3604 843 3633; x_wconf 85' lang='lat' dir='ltr'>canis</span> <span class='ocrx_word' id='word_1_814' title='bbox 855 3612 861 3631; x_wconf 92' lang='lat'>:</span> <span class='ocrx_word' id='word_1_815' title='bbox 884 3605 911 3632; x_wconf 72' lang='grc' dir='ltr'>δι</span> <span class='ocrx_word' id='word_1_816' title='bbox 927 3603 1023 3640; x_wconf 83' lang='lat' dir='ltr'>lingua</span> <span class='ocrx_word' id='word_1_817' title='bbox 1040 3603 1172 3641; x_wconf 83' lang='lat' dir='ltr'>ffigyptia</span> 
     </span>
     <span class='ocr_line' id='line_1_93' title="bbox 71 3646 635 3687; baseline -0.009 -10"><span class='ocrx_word' id='word_1_818' title='bbox 71 3648 173 3677; x_wconf 76' lang='lat' dir='ltr'>Anubis</span> <span class='ocrx_word' id='word_1_819' title='bbox 182 3648 259 3677; x_wconf 86' lang='lat' dir='ltr'>canis</span> <span class='ocrx_word' id='word_1_820' title='bbox 270 3647 381 3676; x_wconf 86' lang='lat' dir='ltr'>dicitur.</span> <span class='ocrx_word' id='word_1_821' title='bbox 419 3646 450 3675; x_wconf 94' lang='lat' dir='ltr'>V.</span> <span class='ocrx_word' id='word_1_822' title='bbox 474 3655 493 3674; x_wconf 86' lang='lat' dir='ltr'>A</span> <span class='ocrx_word' id='word_1_823' title='bbox 503 3654 523 3673; x_wconf 78' lang='grc' dir='ltr'><strong>Ν</strong></span> <span class='ocrx_word' id='word_1_824' title='bbox 534 3654 552 3673; x_wconf 89' lang='grc' dir='ltr'>υ</span> <span class='ocrx_word' id='word_1_825' title='bbox 563 3655 578 3672; x_wconf 81' lang='lat' dir='ltr'>B</span> <span class='ocrx_word' id='word_1_826' title='bbox 588 3655 597 3672; x_wconf 95' lang='lat'>1</span> <span class='ocrx_word' id='word_1_827' title='bbox 606 3653 635 3687; x_wconf 48' lang='lat' dir='ltr'>s.-</span> 
     </span>
    </p>

    <p class='ocr_par' dir='ltr' id='par_1_22' title="bbox 51 3679 973 3722">
     <span class='ocr_line' id='line_1_94' title="bbox 51 3679 973 3722; baseline -0.009 -7"><span class='ocrx_word' id='word_1_828' title='bbox 51 3681 232 3722; x_wconf 82' lang='lat' dir='ltr'>Tergeminus</span> <span class='ocrx_word' id='word_1_829' title='bbox 241 3707 248 3720; x_wconf 79' lang='lat'>,</span> <span class='ocrx_word' id='word_1_830' title='bbox 269 3686 305 3714; x_wconf 88' lang='lat' dir='ltr'>de</span> <span class='ocrx_word' id='word_1_831' title='bbox 317 3684 437 3714; x_wconf 89' lang='lat' dir='ltr'>Cerbero</span> <span class='ocrx_word' id='word_1_832' title='bbox 446 3683 559 3713; x_wconf 86' lang='lat' dir='ltr'>dicitur.</span> <span class='ocrx_word' id='word_1_833' title='bbox 580 3681 666 3712; x_wconf 84' lang='lat' dir='ltr'>Ovid.</span> <span class='ocrx_word' id='word_1_834' title='bbox 678 3689 703 3719; x_wconf 88' lang='lat'>3.</span> <span class='ocrx_word' id='word_1_835' title='bbox 714 3680 751 3710; x_wconf 88' lang='lat' dir='ltr'>de</span> <span class='ocrx_word' id='word_1_836' title='bbox 762 3680 824 3709; x_wconf 81' lang='lat' dir='ltr'>Arte</span> <span class='ocrx_word' id='word_1_837' title='bbox 839 3679 898 3708; x_wconf 80' lang='lat' dir='ltr'>Am.</span> <span class='ocrx_word' id='word_1_838' title='bbox 911 3686 973 3715; x_wconf 84' lang='lat'>322.</span> 
     </span>
    </p>

    <p class='ocr_par' dir='ltr' id='par_1_23' title="bbox 52 3721 433 3758">
     <span class='ocr_line' id='line_1_95' title="bbox 52 3721 433 3758; baseline -0.003 -6"><span class='ocrx_word' id='word_1_839' title='bbox 52 3721 204 3753; x_wconf 84' lang='lat' dir='ltr'>Triformis.</span> <span class='ocrx_word' id='word_1_840' title='bbox 225 3724 289 3753; x_wconf 88' lang='lat' dir='ltr'>Sen.</span> <span class='ocrx_word' id='word_1_841' title='bbox 301 3723 392 3753; x_wconf 83' lang='lat' dir='ltr'>OEth.</span> <span class='ocrx_word' id='word_1_842' title='bbox 408 3733 433 3758; x_wconf 81' lang='lat'>9.</span> 
     </span>
    </p>

    <p class='ocr_par' dir='ltr' id='par_1_24' title="bbox 52 3756 574 3795">
     <span class='ocr_line' id='line_1_96' title="bbox 52 3756 574 3795; baseline -0.004 -5"><span class='ocrx_word' id='word_1_843' title='bbox 52 3756 207 3791; x_wconf 86' lang='lat' dir='ltr'>Tartareus.</span> <span class='ocrx_word' id='word_1_844' title='bbox 231 3762 297 3791; x_wconf 87' lang='lat' dir='ltr'>Seri.</span> <span class='ocrx_word' id='word_1_845' title='bbox 312 3761 342 3790; x_wconf 92' lang='lat' dir='ltr'>in</span> <span class='ocrx_word' id='word_1_846' title='bbox 352 3761 434 3790; x_wconf 84' lang='lat' dir='ltr'>Herc.</span> <span class='ocrx_word' id='word_1_847' title='bbox 447 3760 499 3789; x_wconf 87' lang='lat' dir='ltr'>fur.</span> <span class='ocrx_word' id='word_1_848' title='bbox 511 3762 574 3795; x_wconf 87' lang='grc'><strong>649.</strong></span> 
     </span>
    </p>

    <p class='ocr_par' dir='ltr' id='par_1_25' title="bbox 17 3796 1174 3912">
     <span class='ocr_line' id='line_1_97' title="bbox 17 3796 777 3838; baseline -0.004 -10"><span class='ocrx_word' id='word_1_849' title='bbox 17 3829 19 3835; x_wconf 67' lang='grc'>,</span> <span class='ocrx_word' id='word_1_850' title='bbox 54 3796 194 3837; x_wconf 79' lang='lat' dir='ltr'>Vipereos.</span> <span class='ocrx_word' id='word_1_851' title='bbox 216 3799 300 3829; x_wconf 88' lang='lat' dir='ltr'>Ovid.</span> <span class='ocrx_word' id='word_1_852' title='bbox 314 3808 338 3835; x_wconf 90' lang='lat'>3.</span> <span class='ocrx_word' id='word_1_853' title='bbox 353 3800 444 3828; x_wconf 89' lang='lat' dir='ltr'>Amor.</span> <span class='ocrx_word' id='word_1_854' title='bbox 462 3807 503 3826; x_wconf 84' lang='lat'>12.</span> <span class='ocrx_word' id='word_1_855' title='bbox 515 3800 561 3826; x_wconf 88' lang='lat'>26.</span> <span class='ocrx_word' id='word_1_856' title='bbox 770 3832 777 3838; x_wconf 37' lang='grc' dir='ltr'>ι</span> 
     </span>
     <span class='ocr_line' id='line_1_98' title="bbox 54 3832 1174 3875; baseline -0.004 -10"><span class='ocrx_word' id='word_1_857' title='bbox 54 3835 134 3866; x_wconf 88' lang='lat' dir='ltr'>Canis</span> <span class='ocrx_word' id='word_1_858' title='bbox 144 3857 153 3872; x_wconf 88' lang='lat'>,</span> <span class='ocrx_word' id='word_1_859' title='bbox 174 3838 188 3872; x_wconf 97' lang='lat'>[</span> <span class='ocrx_word' id='word_1_860' title='bbox 196 3839 283 3872; x_wconf 53' lang='grc' dir='ltr'>φαλεὸς</span> <span class='ocrx_word' id='word_1_861' title='bbox 299 3839 354 3864; x_wconf 61' lang='grc' dir='ltr'>κύων</span> <span class='ocrx_word' id='word_1_862' title='bbox 366 3837 381 3871; x_wconf 87' lang='grc'>]</span> <span class='ocrx_word' id='word_1_863' title='bbox 401 3836 481 3866; x_wconf 85' lang='lat' dir='ltr'>Piscis</span> <span class='ocrx_word' id='word_1_864' title='bbox 495 3844 592 3872; x_wconf 82' lang='lat' dir='ltr'>genuS,</span> <span class='ocrx_word' id='word_1_865' title='bbox 612 3832 688 3863; x_wconf 82' lang='lat' dir='ltr'>durae</span> <span class='ocrx_word' id='word_1_866' title='bbox 702 3832 857 3875; x_wconf 27' lang='lat' dir='ltr'>carniszq&amp;</span> <span class='ocrx_word' id='word_1_867' title='bbox 867 3834 1014 3874; x_wconf 84' lang='lat' dir='ltr'>propterea</span> <span class='ocrx_word' id='word_1_868' title='bbox 1024 3839 1094 3869; x_wconf 81' lang='lat' dir='ltr'>aegre</span> <span class='ocrx_word' id='word_1_869' title='bbox 1105 3841 1174 3861; x_wconf 84' lang='lat' dir='ltr'>con-</span> 
     </span>
     <span class='ocr_line' id='line_1_99' title="bbox 69 3869 1172 3912; baseline -0.005 -8"><span class='ocrx_word' id='word_1_870' title='bbox 69 3874 176 3909; x_wconf 79' lang='lat' dir='ltr'>ficitur,</span> <span class='ocrx_word' id='word_1_871' title='bbox 197 3874 344 3911; x_wconf 87' lang='lat' dir='ltr'>succosque</span> <span class='ocrx_word' id='word_1_872' title='bbox 352 3874 450 3904; x_wconf 75' lang='lat' dir='ltr'>crassos</span> <span class='ocrx_word' id='word_1_873' title='bbox 461 3875 487 3903; x_wconf 71' lang='grc' dir='ltr'><strong>ἃ</strong></span> <span class='ocrx_word' id='word_1_874' title='bbox 498 3873 578 3903; x_wconf 85' lang='lat' dir='ltr'>salsos</span> <span class='ocrx_word' id='word_1_875' title='bbox 594 3872 622 3901; x_wconf 92' lang='lat' dir='ltr'>in</span> <span class='ocrx_word' id='word_1_876' title='bbox 635 3881 736 3909; x_wconf 90' lang='lat' dir='ltr'>corpus</span> <span class='ocrx_word' id='word_1_877' title='bbox 748 3869 888 3912; x_wconf 64' lang='lat' dir='ltr'>distribuit</span> <span class='ocrx_word' id='word_1_878' title='bbox 899 3891 906 3903; x_wconf 86' lang='lat'>‚</span> <span class='ocrx_word' id='word_1_879' title='bbox 932 3874 964 3897; x_wconf 90' lang='lat' dir='ltr'>ut</span> <span class='ocrx_word' id='word_1_880' title='bbox 973 3878 1008 3899; x_wconf 89' lang='lat' dir='ltr'>ex</span> <span class='ocrx_word' id='word_1_881' title='bbox 1019 3869 1172 3899; x_wconf 87' lang='lat' dir='ltr'>Philotimo</span> 
     </span>
    </p>

    <p class='ocr_par' dir='ltr' id='par_1_26' title="bbox 74 3906 951 3949">
     <span class='ocr_line' id='line_1_100' title="bbox 74 3906 951 3949; baseline -0.007 -8"><span class='ocrx_word' id='word_1_882' title='bbox 74 3913 156 3942; x_wconf 82' lang='lat' dir='ltr'>refert</span> <span class='ocrx_word' id='word_1_883' title='bbox 167 3912 264 3942; x_wconf 89' lang='lat' dir='ltr'>Galen.</span> <span class='ocrx_word' id='word_1_884' title='bbox 279 3912 327 3941; x_wconf 91' lang='lat' dir='ltr'>lib.</span> <span class='ocrx_word' id='word_1_885' title='bbox 340 3921 364 3949; x_wconf 88' lang='lat'>3.</span> <span class='ocrx_word' id='word_1_886' title='bbox 374 3913 410 3942; x_wconf 89' lang='lat' dir='ltr'>de</span> <span class='ocrx_word' id='word_1_887' title='bbox 423 3912 501 3942; x_wconf 80' lang='lat' dir='ltr'>illim.</span> <span class='ocrx_word' id='word_1_888' title='bbox 517 3909 620 3940; x_wconf 86' lang='lat' dir='ltr'>Facult.</span> <span class='ocrx_word' id='word_1_889' title='bbox 643 3907 776 3939; x_wconf 87' lang='lat' dir='ltr'>Canicula</span> <span class='ocrx_word' id='word_1_890' title='bbox 787 3907 856 3936; x_wconf 85' lang='lat' dir='ltr'>Plin.</span> <span class='ocrx_word' id='word_1_891' title='bbox 878 3917 903 3944; x_wconf 90' lang='lat' dir='ltr'>q.</span> <span class='ocrx_word' id='word_1_892' title='bbox 919 3906 951 3935; x_wconf 92' lang='lat' dir='ltr'>V.</span> 
     </span>
    </p>

    <p class='ocr_par' dir='ltr' id='par_1_27' title="bbox 58 3943 1172 4063">
     <span class='ocr_line' id='line_1_101' title="bbox 58 3943 1172 3988; baseline -0.007 -8"><span class='ocrx_word' id='word_1_893' title='bbox 58 3949 139 3980; x_wconf 85' lang='lat' dir='ltr'>Canis</span> <span class='ocrx_word' id='word_1_894' title='bbox 155 3972 163 3985; x_wconf 93' lang='lat'>‚</span> <span class='ocrx_word' id='word_1_895' title='bbox 190 3960 249 3987; x_wconf 81' lang='lat' dir='ltr'>quae</span> <span class='ocrx_word' id='word_1_896' title='bbox 262 3951 286 3979; x_wconf 84' lang='lat'>&amp;</span> <span class='ocrx_word' id='word_1_897' title='bbox 297 3950 445 3984; x_wconf 83' lang='lat' dir='ltr'>Canicula,</span> <span class='ocrx_word' id='word_1_898' title='bbox 467 3950 583 3986; x_wconf 84' lang='lat' dir='ltr'>Signum</span> <span class='ocrx_word' id='word_1_899' title='bbox 592 3947 707 3977; x_wconf 85' lang='lat' dir='ltr'>caeleste.</span> <span class='ocrx_word' id='word_1_900' title='bbox 748 3945 817 3975; x_wconf 88' lang='lat' dir='ltr'>Plin.</span> <span class='ocrx_word' id='word_1_901' title='bbox 835 3943 884 3988; x_wconf 76' lang='lat' dir='ltr'>lib.</span> <span class='ocrx_word' id='word_1_902' title='bbox 901 3949 943 3988; x_wconf 64' lang='grc' dir='ltr'>ιβ.</span> <span class='ocrx_word' id='word_1_903' title='bbox 957 3954 1018 3982; x_wconf 90' lang='lat' dir='ltr'>cap.</span> <span class='ocrx_word' id='word_1_904' title='bbox 1031 3950 1075 3978; x_wconf 88' lang='lat'>28.</span> <span class='ocrx_word' id='word_1_905' title='bbox 1099 3943 1172 3973; x_wconf 88' lang='lat' dir='ltr'>Dein</span> 
     </span>
     <span class='ocr_line' id='line_1_102' title="bbox 74 3982 1172 4026; baseline -0.005 -9"><span class='ocrx_word' id='word_1_906' title='bbox 74 3988 204 4026; x_wconf 85' lang='lat' dir='ltr'>postridie</span> <span class='ocrx_word' id='word_1_907' title='bbox 215 4010 224 4022; x_wconf 80' lang='lat'>,</span> <span class='ocrx_word' id='word_1_908' title='bbox 244 3987 300 4016; x_wconf 89' lang='lat' dir='ltr'>fere</span> <span class='ocrx_word' id='word_1_909' title='bbox 308 3987 410 4025; x_wconf 86' lang='lat' dir='ltr'>ubique</span> <span class='ocrx_word' id='word_1_910' title='bbox 420 3986 574 4017; x_wconf 74' lang='lat' dir='ltr'>confessum</span> <span class='ocrx_word' id='word_1_911' title='bbox 586 3987 658 4015; x_wconf 89' lang='lat' dir='ltr'>inter</span> <span class='ocrx_word' id='word_1_912' title='bbox 665 3993 763 4013; x_wconf 89' lang='lat' dir='ltr'>omnes</span> <span class='ocrx_word' id='word_1_913' title='bbox 779 3983 851 4012; x_wconf 88' lang='lat' dir='ltr'>sidus</span> <span class='ocrx_word' id='word_1_914' title='bbox 868 3982 995 4012; x_wconf 89' lang='lat' dir='ltr'>indicans</span> <span class='ocrx_word' id='word_1_915' title='bbox 1005 4003 1013 4018; x_wconf 89' lang='lat'>,</span> <span class='ocrx_word' id='word_1_916' title='bbox 1034 3982 1110 4020; x_wconf 87' lang='lat' dir='ltr'>quod</span> <span class='ocrx_word' id='word_1_917' title='bbox 1121 3982 1172 4012; x_wconf 83' lang='lat' dir='ltr'>Ca-</span> 
     </span>
     <span class='ocr_line' id='line_1_103' title="bbox 75 4019 938 4063; baseline -0.006 -9"><span class='ocrx_word' id='word_1_918' title='bbox 75 4025 118 4055; x_wconf 83' lang='lat' dir='ltr'>nis</span> <span class='ocrx_word' id='word_1_919' title='bbox 126 4032 216 4057; x_wconf 85' lang='lat' dir='ltr'>ortum</span> <span class='ocrx_word' id='word_1_920' title='bbox 224 4034 356 4056; x_wconf 83' lang='lat' dir='ltr'>vocamus</span> <span class='ocrx_word' id='word_1_921' title='bbox 368 4047 377 4063; x_wconf 91' lang='lat'>,</span> <span class='ocrx_word' id='word_1_922' title='bbox 396 4025 453 4056; x_wconf 86' lang='lat' dir='ltr'>sole</span> <span class='ocrx_word' id='word_1_923' title='bbox 462 4025 582 4063; x_wconf 84' lang='lat' dir='ltr'>primam</span> <span class='ocrx_word' id='word_1_924' title='bbox 591 4030 700 4061; x_wconf 84' lang='lat' dir='ltr'>partem</span> <span class='ocrx_word' id='word_1_925' title='bbox 708 4021 798 4052; x_wconf 79' lang='lat' dir='ltr'>leonis</span> <span class='ocrx_word' id='word_1_926' title='bbox 811 4019 938 4058; x_wconf 82' lang='lat' dir='ltr'>ingreffo.</span> 
     </span>
    </p>
   </div>
   <div class='ocr_carea' id='block_1_4' title="bbox 897 2119 1169 2153">
    <p class='ocr_par' dir='ltr' id='par_1_28' title="bbox 897 2119 1169 2153">
     <span class='ocr_line' id='line_1_104' title="bbox 897 2119 1169 2153; baseline 0.007 -2"><span class='ocrx_word' id='word_1_927' title='bbox 897 2119 1004 2152; x_wconf 64' lang='lat' dir='ltr'>Unc&#39;tus</span> <span class='ocrx_word' id='word_1_928' title='bbox 1021 2122 1106 2152; x_wconf 84' lang='lat' dir='ltr'>senex</span> <span class='ocrx_word' id='word_1_929' title='bbox 1120 2122 1169 2153; x_wconf 73' lang='lat' dir='ltr'>Se-</span> 
     </span>
    </p>
   </div>
   <div class='ocr_carea' id='block_1_5' title="bbox 1226 2996 1644 3034">
    <p class='ocr_par' dir='ltr' id='par_1_29' title="bbox 1226 2996 1644 3034">
     <span class='ocr_line' id='line_1_105' title="bbox 1226 2996 1644 3034; baseline -0.002 -7"><span class='ocrx_word' id='word_1_930' title='bbox 1226 3001 1427 3032; x_wconf 74' lang='lat' dir='ltr'>CANiNus,</span> <span class='ocrx_word' id='word_1_931' title='bbox 1450 3007 1481 3031; x_wconf 83' lang='lat' dir='ltr'>a,</span> <span class='ocrx_word' id='word_1_932' title='bbox 1503 3006 1561 3026; x_wconf 90' lang='lat' dir='ltr'>um.</span> <span class='ocrx_word' id='word_1_933' title='bbox 1583 2996 1644 3034; x_wconf 81' lang='lat' dir='ltr'>Adj.</span> 
     </span>
    </p>
   </div>
   <div class='ocr_carea' id='block_1_6' title="bbox 1230 3937 2112 3978">
    <p class='ocr_par' dir='ltr' id='par_1_30' title="bbox 1230 3937 2112 3978">
     <span class='ocr_line' id='line_1_106' title="bbox 1230 3937 2112 3978; baseline -0.005 -3"><span class='ocrx_word' id='word_1_934' title='bbox 1230 3947 1454 3978; x_wconf 74' lang='lat' dir='ltr'>CANAaiuS,</span> <span class='ocrx_word' id='word_1_935' title='bbox 1475 3953 1508 3978; x_wconf 86' lang='lat' dir='ltr'>a,</span> <span class='ocrx_word' id='word_1_936' title='bbox 1529 3952 1585 3972; x_wconf 92' lang='lat' dir='ltr'>um.</span> <span class='ocrx_word' id='word_1_937' title='bbox 1611 3942 1670 3976; x_wconf 74' lang='lat' dir='ltr'>Adi.</span> <span class='ocrx_word' id='word_1_938' title='bbox 1691 3947 1739 3976; x_wconf 87' lang='lat' dir='ltr'>ut,</span> <span class='ocrx_word' id='word_1_939' title='bbox 1763 3940 1909 3970; x_wconf 89' lang='lat' dir='ltr'>Canarium</span> <span class='ocrx_word' id='word_1_940' title='bbox 1924 3937 2090 3970; x_wconf 80' lang='lat' dir='ltr'>sacrificium</span> <span class='ocrx_word' id='word_1_941' title='bbox 2105 3961 2112 3971; x_wconf 80' lang='lat'><strong>‚</strong></span> 
     </span>
    </p>
   </div>
   <div class='ocr_carea' id='block_1_7' title="bbox 1614 154 2371 205">
    <p class='ocr_par' dir='ltr' id='par_1_31' title="bbox 1614 154 2371 205">
     <span class='ocr_line' id='line_1_107' title="bbox 1614 154 2371 205; baseline 0.009 -17"><span class='ocrx_word' id='word_1_942' title='bbox 1614 154 1643 188; x_wconf 94' lang='lat' dir='ltr'>C</span> <span class='ocrx_word' id='word_1_943' title='bbox 1740 157 1764 189; x_wconf 75' lang='lat' dir='ltr'>A</span> <span class='ocrx_word' id='word_1_944' title='bbox 1859 156 1889 189; x_wconf 77' lang='lat' dir='ltr'>N</span> <span class='ocrx_word' id='word_1_945' title='bbox 2304 171 2346 205; x_wconf 84' lang='lat'>41</span> <span class='ocrx_word' id='word_1_946' title='bbox 2357 173 2371 205; x_wconf 79' lang='grc' dir='ltr'>ς</span> 
     </span>
    </p>
   </div>
   <div class='ocr_carea' id='block_1_8' title="bbox 1251 234 2384 1554">
    <p class='ocr_par' dir='ltr' id='par_1_32' title="bbox 1251 234 2375 302">
     <span class='ocr_line' id='line_1_108' title="bbox 1251 234 2375 272; baseline 0.004 -8"><span class='ocrx_word' id='word_1_947' title='bbox 1251 234 1318 263; x_wconf 73' lang='lat' dir='ltr'>Acer</span> <span class='ocrx_word' id='word_1_948' title='bbox 1330 236 1562 265; x_wconf 71' lang='lat' dir='ltr'>llutumniCanis.</span> <span class='ocrx_word' id='word_1_949' title='bbox 1603 235 1793 266; x_wconf 65' lang='lat' dir='ltr'>Valenflacc.</span> <span class='ocrx_word' id='word_1_950' title='bbox 1806 240 1831 265; x_wconf 91' lang='lat'>6.</span> <span class='ocrx_word' id='word_1_951' title='bbox 1851 237 2005 272; x_wconf 42' lang='lat' dir='ltr'>diatono-1.</span> <span class='ocrx_word' id='word_1_952' title='bbox 2041 238 2059 265; x_wconf 80' lang='lat' dir='ltr'>i,</span> <span class='ocrx_word' id='word_1_953' title='bbox 2078 246 2102 266; x_wconf 78' lang='lat' dir='ltr'>e.</span> <span class='ocrx_word' id='word_1_954' title='bbox 2126 237 2157 266; x_wconf 89' lang='lat' dir='ltr'>ln</span> <span class='ocrx_word' id='word_1_955' title='bbox 2170 238 2309 268; x_wconf 72' lang='lat' dir='ltr'>Autumno</span> <span class='ocrx_word' id='word_1_956' title='bbox 2325 243 2375 270; x_wconf 76' lang='lat' dir='ltr'>fer-</span> 
     </span>
     <span class='ocr_line' id='line_1_109' title="bbox 1271 274 1452 302; baseline 0.006 -1"><span class='ocrx_word' id='word_1_957' title='bbox 1271 274 1452 302; x_wconf 66' lang='lat' dir='ltr'>venriil&#39;imus.</span> 
     </span>
    </p>

    <p class='ocr_par' dir='ltr' id='par_1_33' title="bbox 1251 310 1691 348">
     <span class='ocr_line' id='line_1_110' title="bbox 1251 310 1691 348; baseline 0.002 -10"><span class='ocrx_word' id='word_1_958' title='bbox 1251 310 1367 340; x_wconf 67' lang='lat' dir='ltr'>ffilliser.</span> <span class='ocrx_word' id='word_1_959' title='bbox 1393 312 1462 348; x_wconf 64' lang='lat' dir='ltr'>l&#39;irg.</span> <span class='ocrx_word' id='word_1_960' title='bbox 1479 321 1502 340; x_wconf 93' lang='lat'>2.</span> <span class='ocrx_word' id='word_1_961' title='bbox 1518 312 1616 347; x_wconf 74' lang='lat' dir='ltr'>Georg.</span> <span class='ocrx_word' id='word_1_962' title='bbox 1630 320 1691 344; x_wconf 66' lang='lat'>253.</span> 
     </span>
    </p>

    <p class='ocr_par' dir='ltr' id='par_1_34' title="bbox 1348 348 2026 382">
     <span class='ocr_line' id='line_1_111' title="bbox 1348 348 2026 382; baseline 0.001 -5"><span class='ocrx_word' id='word_1_963' title='bbox 1348 349 1407 378; x_wconf 82' lang='lat' dir='ltr'>l-loc</span> <span class='ocrx_word' id='word_1_964' title='bbox 1417 370 1425 382; x_wconf 80' lang='lat'>,</span> <span class='ocrx_word' id='word_1_965' title='bbox 1447 349 1492 377; x_wconf 84' lang='lat' dir='ltr'>nbi</span> <span class='ocrx_word' id='word_1_966' title='bbox 1504 349 1595 377; x_wconf 75' lang='lat' dir='ltr'>hiulca</span> <span class='ocrx_word' id='word_1_967' title='bbox 1609 349 1648 377; x_wconf 84' lang='lat' dir='ltr'>liti</span> <span class='ocrx_word' id='word_1_968' title='bbox 1661 348 1741 378; x_wconf 79' lang='lat' dir='ltr'>findit</span> <span class='ocrx_word' id='word_1_969' title='bbox 1750 348 1832 378; x_wconf 86' lang='lat' dir='ltr'>Canis</span> <span class='ocrx_word' id='word_1_970' title='bbox 1848 349 1944 378; x_wconf 71' lang='lat' dir='ltr'>aestifer</span> <span class='ocrx_word' id='word_1_971' title='bbox 1956 358 2026 378; x_wconf 79' lang='lat' dir='ltr'>arva.</span> 
     </span>
    </p>

    <p class='ocr_par' dir='ltr' id='par_1_35' title="bbox 1253 385 1673 420">
     <span class='ocr_line' id='line_1_112' title="bbox 1253 385 1673 420; baseline 0 -5"><span class='ocrx_word' id='word_1_972' title='bbox 1253 385 1375 415; x_wconf 71' lang='lat' dir='ltr'>ffistivus.</span> <span class='ocrx_word' id='word_1_973' title='bbox 1398 385 1493 415; x_wconf 89' lang='lat' dir='ltr'>Tibul.</span> <span class='ocrx_word' id='word_1_974' title='bbox 1508 386 1554 414; x_wconf 87' lang='lat' dir='ltr'>lib.</span> <span class='ocrx_word' id='word_1_975' title='bbox 1570 395 1594 418; x_wconf 83' lang='lat'>3.</span> <span class='ocrx_word' id='word_1_976' title='bbox 1610 397 1633 420; x_wconf 82' lang='grc' dir='ltr'>ς.</span> <span class='ocrx_word' id='word_1_977' title='bbox 1648 395 1673 415; x_wconf 85' lang='lat'>2.</span> 
     </span>
    </p>

    <p class='ocr_par' dir='ltr' id='par_1_36' title="bbox 1252 423 1725 460">
     <span class='ocr_line' id='line_1_113' title="bbox 1252 423 1725 460; baseline 0.004 -9"><span class='ocrx_word' id='word_1_978' title='bbox 1252 423 1423 459; x_wconf 69' lang='lat' dir='ltr'>Erigoneius.</span> <span class='ocrx_word' id='word_1_979' title='bbox 1444 424 1528 452; x_wconf 78' lang='lat' dir='ltr'>Ovid.</span> <span class='ocrx_word' id='word_1_980' title='bbox 1546 435 1568 457; x_wconf 76' lang='grc' dir='ltr'>ς.</span> <span class='ocrx_word' id='word_1_981' title='bbox 1583 423 1650 453; x_wconf 75' lang='lat' dir='ltr'>Fast.</span> <span class='ocrx_word' id='word_1_982' title='bbox 1662 433 1725 460; x_wconf 74' lang='lat'>723.</span> 
     </span>
    </p>

    <p class='ocr_par' dir='ltr' id='par_1_37' title="bbox 1252 460 2372 526">
     <span class='ocr_line' id='line_1_114' title="bbox 1252 460 2372 526; baseline 0.004 -38"><span class='ocrx_word' id='word_1_983' title='bbox 1252 460 1363 526; x_wconf 64' lang='lat' dir='ltr'>lcParius.</span> <span class='ocrx_word' id='word_1_984' title='bbox 1385 461 1468 490; x_wconf 90' lang='lat' dir='ltr'>Ovid.</span> <span class='ocrx_word' id='word_1_985' title='bbox 1482 461 1518 490; x_wconf 85' lang='lat' dir='ltr'>de</span> <span class='ocrx_word' id='word_1_986' title='bbox 1531 462 1611 490; x_wconf 84' lang='lat' dir='ltr'>Nuce</span> <span class='ocrx_word' id='word_1_987' title='bbox 1626 467 1684 495; x_wconf 86' lang='lat'>118.</span> <span class='ocrx_word' id='word_1_988' title='bbox 1710 461 1855 499; x_wconf 82' lang='lat' dir='ltr'>Utriusque</span> <span class='ocrx_word' id='word_1_989' title='bbox 1868 462 1983 499; x_wconf 86' lang='lat' dir='ltr'>epitheti</span> <span class='ocrx_word' id='word_1_990' title='bbox 1997 462 2106 492; x_wconf 64' lang='lat' dir='ltr'>causam</span> <span class='ocrx_word' id='word_1_991' title='bbox 2129 461 2161 491; x_wconf 92' lang='lat' dir='ltr'>V.</span> <span class='ocrx_word' id='word_1_992' title='bbox 2185 463 2258 500; x_wconf 85' lang='lat' dir='ltr'>apud</span> <span class='ocrx_word' id='word_1_993' title='bbox 2272 463 2372 502; x_wconf 83' lang='lat' dir='ltr'>llygin.</span> 
     </span>
    </p>

    <p class='ocr_par' dir='ltr' id='par_1_38' title="bbox 1294 507 1383 528">
     <span class='ocr_line' id='line_1_115' title="bbox 1294 507 1383 528; baseline 0 -3"><span class='ocrx_word' id='word_1_994' title='bbox 1294 520 1299 525; x_wconf 92' lang='lat'>.</span> <span class='ocrx_word' id='word_1_995' title='bbox 1324 507 1383 528; x_wconf 73' lang='lat'>110.</span> 
     </span>
    </p>

    <p class='ocr_par' dir='ltr' id='par_1_39' title="bbox 1253 534 2021 574">
     <span class='ocr_line' id='line_1_116' title="bbox 1253 534 2021 574; baseline 0.005 -11"><span class='ocrx_word' id='word_1_996' title='bbox 1253 534 1336 563; x_wconf 85' lang='lat' dir='ltr'>Canis</span> <span class='ocrx_word' id='word_1_997' title='bbox 1348 534 1544 564; x_wconf 80' lang='lat' dir='ltr'>sidusinvisum</span> <span class='ocrx_word' id='word_1_998' title='bbox 1553 535 1690 572; x_wconf 65' lang='lat' dir='ltr'>agricolis.</span> <span class='ocrx_word' id='word_1_999' title='bbox 1714 537 1779 566; x_wconf 84' lang='lat' dir='ltr'>Hor.</span> <span class='ocrx_word' id='word_1_1000' title='bbox 1797 547 1819 566; x_wconf 86' lang='lat' dir='ltr'>r.</span> <span class='ocrx_word' id='word_1_1001' title='bbox 1836 537 1922 567; x_wconf 90' lang='lat' dir='ltr'>Serm.</span> <span class='ocrx_word' id='word_1_1002' title='bbox 1938 546 1963 574; x_wconf 88' lang='lat'>7.</span> <span class='ocrx_word' id='word_1_1003' title='bbox 1976 546 2021 573; x_wconf 78' lang='lat'>²5-</span> 
     </span>
    </p>

    <p class='ocr_par' dir='ltr' id='par_1_40' title="bbox 1253 572 1799 610">
     <span class='ocr_line' id='line_1_117' title="bbox 1253 572 1799 610; baseline 0.005 -10"><span class='ocrx_word' id='word_1_1004' title='bbox 1253 573 1370 601; x_wconf 79' lang='lat' dir='ltr'>Occidit</span> <span class='ocrx_word' id='word_1_1005' title='bbox 1382 573 1473 601; x_wconf 74' lang='lat' dir='ltr'>Canis.</span> <span class='ocrx_word' id='word_1_1006' title='bbox 1500 572 1572 609; x_wconf 81' lang='lat' dir='ltr'>Virg.</span> <span class='ocrx_word' id='word_1_1007' title='bbox 1586 583 1608 602; x_wconf 90' lang='lat'>1.</span> <span class='ocrx_word' id='word_1_1008' title='bbox 1621 574 1719 610; x_wconf 67' lang='lat' dir='ltr'>Georg.</span> <span class='ocrx_word' id='word_1_1009' title='bbox 1736 581 1799 606; x_wconf 72' lang='lat'>219..</span> 
     </span>
    </p>

    <p class='ocr_par' dir='ltr' id='par_1_41' title="bbox 1447 611 2090 642">
     <span class='ocr_line' id='line_1_118' title="bbox 1447 611 2090 642; baseline 0.006 -4"><span class='ocrx_word' id='word_1_1010' title='bbox 1447 625 1484 630; x_wconf 69' lang='lat'>—-</span> <span class='ocrx_word' id='word_1_1011' title='bbox 1496 611 1521 639; x_wconf 67' lang='lat' dir='ltr'>Sc</span> <span class='ocrx_word' id='word_1_1012' title='bbox 1532 611 1644 639; x_wconf 80' lang='lat' dir='ltr'>adverso</span> <span class='ocrx_word' id='word_1_1013' title='bbox 1658 613 1759 641; x_wconf 85' lang='lat' dir='ltr'>cedens</span> <span class='ocrx_word' id='word_1_1014' title='bbox 1774 613 1855 641; x_wconf 81' lang='lat' dir='ltr'>Canis</span> <span class='ocrx_word' id='word_1_1015' title='bbox 1869 613 1975 642; x_wconf 87' lang='lat' dir='ltr'>occidit</span> <span class='ocrx_word' id='word_1_1016' title='bbox 1988 612 2090 642; x_wconf 71' lang='lat' dir='ltr'>Austro.</span> 
     </span>
    </p>

    <p class='ocr_par' dir='ltr' id='par_1_42' title="bbox 1251 647 2378 802">
     <span class='ocr_line' id='line_1_119' title="bbox 1251 647 2375 688; baseline 0.005 -13"><span class='ocrx_word' id='word_1_1017' title='bbox 1251 648 1353 680; x_wconf 70' lang='lat' dir='ltr'>Canis,</span> <span class='ocrx_word' id='word_1_1018' title='bbox 1376 647 1470 676; x_wconf 78' lang='lat' dir='ltr'>Facies</span> <span class='ocrx_word' id='word_1_1019' title='bbox 1483 656 1536 676; x_wconf 87' lang='lat' dir='ltr'>una</span> <span class='ocrx_word' id='word_1_1020' title='bbox 1550 648 1686 683; x_wconf 87' lang='lat' dir='ltr'>talorum,</span> <span class='ocrx_word' id='word_1_1021' title='bbox 1708 660 1766 685; x_wconf 58' lang='lat' dir='ltr'>qua*</span> <span class='ocrx_word' id='word_1_1022' title='bbox 1786 660 1873 679; x_wconf 86' lang='lat' dir='ltr'>unum</span> <span class='ocrx_word' id='word_1_1023' title='bbox 1893 651 2029 680; x_wconf 74' lang='lat' dir='ltr'>duntaxat</span> <span class='ocrx_word' id='word_1_1024' title='bbox 2043 652 2177 688; x_wconf 67' lang='lat' dir='ltr'>punctum</span> <span class='ocrx_word' id='word_1_1025' title='bbox 2196 652 2375 687; x_wconf 84' lang='lat' dir='ltr'>continebat,</span> 
     </span>
     <span class='ocr_line' id='line_1_120' title="bbox 1272 684 2377 727; baseline 0.005 -14"><span class='ocrx_word' id='word_1_1026' title='bbox 1272 686 1337 713; x_wconf 81' lang='lat' dir='ltr'>ideo</span> <span class='ocrx_word' id='word_1_1027' title='bbox 1350 684 1490 713; x_wconf 76' lang='lat' dir='ltr'>damnosa.</span> <span class='ocrx_word' id='word_1_1028' title='bbox 1533 685 1675 715; x_wconf 70' lang='lat' dir='ltr'>Dicitur&amp;</span> <span class='ocrx_word' id='word_1_1029' title='bbox 1687 686 1819 716; x_wconf 77' lang='lat' dir='ltr'>Canicula</span> <span class='ocrx_word' id='word_1_1030' title='bbox 1833 710 1841 721; x_wconf 78' lang='grc'>,</span> <span class='ocrx_word' id='word_1_1031' title='bbox 1863 690 1888 717; x_wconf 80' lang='lat' dir='ltr'>Sc</span> <span class='ocrx_word' id='word_1_1032' title='bbox 1902 689 1966 724; x_wconf 55' lang='lat'>75&amp;</span> <span class='ocrx_word' id='word_1_1033' title='bbox 1987 689 2090 718; x_wconf 73' lang='lat' dir='ltr'>Gr&#39;AECe.</span> <span class='ocrx_word' id='word_1_1034' title='bbox 2135 688 2258 719; x_wconf 81' lang='lat' dir='ltr'>Erasmus</span> <span class='ocrx_word' id='word_1_1035' title='bbox 2276 691 2303 718; x_wconf 89' lang='lat' dir='ltr'>iii</span> <span class='ocrx_word' id='word_1_1036' title='bbox 2317 701 2377 727; x_wconf 88' lang='lat' dir='ltr'>pro-</span> 
     </span>
     <span class='ocr_line' id='line_1_121' title="bbox 1271 722 2378 757; baseline 0.005 -5"><span class='ocrx_word' id='word_1_1037' title='bbox 1271 723 1367 752; x_wconf 89' lang='lat' dir='ltr'>verbio</span> <span class='ocrx_word' id='word_1_1038' title='bbox 1381 744 1388 755; x_wconf 86' lang='lat'>,</span> <span class='ocrx_word' id='word_1_1039' title='bbox 1410 722 1496 750; x_wconf 78' lang='lat' dir='ltr'>Chius</span> <span class='ocrx_word' id='word_1_1040' title='bbox 1512 723 1546 751; x_wconf 79' lang='lat' dir='ltr'>ad</span> <span class='ocrx_word' id='word_1_1041' title='bbox 1556 723 1663 757; x_wconf 78' lang='lat' dir='ltr'>Coum,</span> <span class='ocrx_word' id='word_1_1042' title='bbox 1686 725 1768 753; x_wconf 81' lang='lat' dir='ltr'>tradit</span> <span class='ocrx_word' id='word_1_1043' title='bbox 1787 725 1888 754; x_wconf 87' lang='lat' dir='ltr'>Chium</span> <span class='ocrx_word' id='word_1_1044' title='bbox 1907 726 2028 755; x_wconf 87' lang='lat' dir='ltr'>eundem</span> <span class='ocrx_word' id='word_1_1045' title='bbox 2051 726 2104 755; x_wconf 77' lang='lat' dir='ltr'>cil&#39;e</span> <span class='ocrx_word' id='word_1_1046' title='bbox 2120 737 2185 756; x_wconf 85' lang='lat' dir='ltr'>cum</span> <span class='ocrx_word' id='word_1_1047' title='bbox 2207 727 2299 757; x_wconf 74' lang='lat' dir='ltr'>Cane:</span> <span class='ocrx_word' id='word_1_1048' title='bbox 2326 729 2378 757; x_wconf 68' lang='lat' dir='ltr'>Coi</span> 
     </span>
     <span class='ocr_line' id='line_1_122' title="bbox 1271 759 2355 802; baseline 0.006 -13"><span class='ocrx_word' id='word_1_1049' title='bbox 1271 761 1519 797; x_wconf 67' lang='lat' dir='ltr'>praetereajaetum</span> <span class='ocrx_word' id='word_1_1050' title='bbox 1531 759 1609 789; x_wconf 75' lang='lat' dir='ltr'>fuisse</span> <span class='ocrx_word' id='word_1_1051' title='bbox 1620 760 1732 790; x_wconf 80' lang='lat' dir='ltr'>felicem</span> <span class='ocrx_word' id='word_1_1052' title='bbox 1744 784 1752 795; x_wconf 81' lang='lat'>,</span> <span class='ocrx_word' id='word_1_1053' title='bbox 1773 764 1850 791; x_wconf 68' lang='lat' dir='ltr'>canis</span> <span class='ocrx_word' id='word_1_1054' title='bbox 1861 772 1926 792; x_wconf 92' lang='lat' dir='ltr'>vcro</span> <span class='ocrx_word' id='word_1_1055' title='bbox 1936 764 2087 794; x_wconf 83' lang='lat' dir='ltr'>infelicem.</span> <span class='ocrx_word' id='word_1_1056' title='bbox 2117 764 2185 794; x_wconf 74' lang='lat' dir='ltr'>Pers</span> <span class='ocrx_word' id='word_1_1057' title='bbox 2204 775 2226 802; x_wconf 87' lang='lat'>3.</span> <span class='ocrx_word' id='word_1_1058' title='bbox 2239 766 2293 795; x_wconf 79' lang='lat' dir='ltr'>Sat.</span> <span class='ocrx_word' id='word_1_1059' title='bbox 2310 775 2355 801; x_wconf 76' lang='lat'>49.</span> 
     </span>
    </p>

    <p class='ocr_par' dir='ltr' id='par_1_43' title="bbox 1450 797 1859 834">
     <span class='ocr_line' id='line_1_123' title="bbox 1450 797 1859 834; baseline 0.012 -10"><span class='ocrx_word' id='word_1_1060' title='bbox 1450 797 1563 834; x_wconf 82' lang='lat' dir='ltr'>——quid</span> <span class='ocrx_word' id='word_1_1061' title='bbox 1576 798 1673 827; x_wconf 80' lang='lat' dir='ltr'>dexter</span> <span class='ocrx_word' id='word_1_1062' title='bbox 1688 798 1766 828; x_wconf 80' lang='lat' dir='ltr'>senio</span> <span class='ocrx_word' id='word_1_1063' title='bbox 1778 800 1859 829; x_wconf 81' lang='lat' dir='ltr'>ferret</span> 
     </span>
    </p>

    <p class='ocr_par' dir='ltr' id='par_1_44' title="bbox 1344 834 2062 875">
     <span class='ocr_line' id='line_1_124' title="bbox 1344 834 2062 875; baseline 0.008 -13"><span class='ocrx_word' id='word_1_1064' title='bbox 1344 834 1420 863; x_wconf 85' lang='lat' dir='ltr'>Scire</span> <span class='ocrx_word' id='word_1_1065' title='bbox 1430 842 1487 863; x_wconf 86' lang='lat' dir='ltr'>erat</span> <span class='ocrx_word' id='word_1_1066' title='bbox 1499 836 1526 864; x_wconf 94' lang='lat' dir='ltr'>in</span> <span class='ocrx_word' id='word_1_1067' title='bbox 1537 836 1609 864; x_wconf 87' lang='lat' dir='ltr'>votis</span> <span class='ocrx_word' id='word_1_1068' title='bbox 1619 857 1627 869; x_wconf 94' lang='lat'>,</span> <span class='ocrx_word' id='word_1_1069' title='bbox 1650 836 1780 865; x_wconf 83' lang='lat' dir='ltr'>damnosa</span> <span class='ocrx_word' id='word_1_1070' title='bbox 1789 837 1914 867; x_wconf 88' lang='lat' dir='ltr'>canicula</span> <span class='ocrx_word' id='word_1_1071' title='bbox 1926 845 2062 875; x_wconf 88' lang='lat' dir='ltr'>quantum</span> 
     </span>
    </p>

    <p class='ocr_par' dir='ltr' id='par_1_45' title="bbox 1350 871 1929 911">
     <span class='ocr_line' id='line_1_125' title="bbox 1350 871 1929 911; baseline 0.009 -11"><span class='ocrx_word' id='word_1_1072' title='bbox 1350 871 1481 901; x_wconf 83' lang='lat' dir='ltr'>Raderet.</span> <span class='ocrx_word' id='word_1_1073' title='bbox 1565 873 1663 902; x_wconf 82' lang='lat' dir='ltr'>Itidem</span> <span class='ocrx_word' id='word_1_1074' title='bbox 1676 873 1796 911; x_wconf 69' lang='lat' dir='ltr'>propert.</span> <span class='ocrx_word' id='word_1_1075' title='bbox 1809 886 1835 910; x_wconf 82' lang='lat'>4.</span> <span class='ocrx_word' id='word_1_1076' title='bbox 1849 886 1873 910; x_wconf 85' lang='lat'>9.</span> <span class='ocrx_word' id='word_1_1077' title='bbox 1884 885 1929 906; x_wconf 82' lang='lat'>20.</span> 
     </span>
    </p>

    <p class='ocr_par' dir='ltr' id='par_1_46' title="bbox 1271 910 2378 1022">
     <span class='ocr_line' id='line_1_126' title="bbox 1346 910 2378 950; baseline 0.007 -12"><span class='ocrx_word' id='word_1_1078' title='bbox 1346 910 1463 947; x_wconf 85' lang='lat' dir='ltr'>Semper</span> <span class='ocrx_word' id='word_1_1079' title='bbox 1483 910 1605 939; x_wconf 80' lang='lat' dir='ltr'>damnosi</span> <span class='ocrx_word' id='word_1_1080' title='bbox 1626 910 1773 941; x_wconf 80' lang='lat' dir='ltr'>subsiluere</span> <span class='ocrx_word' id='word_1_1081' title='bbox 1791 921 1882 942; x_wconf 80' lang='lat' dir='ltr'>caneS.</span> <span class='ocrx_word' id='word_1_1082' title='bbox 1960 914 2044 943; x_wconf 79' lang='lat' dir='ltr'>Addit</span> <span class='ocrx_word' id='word_1_1083' title='bbox 2063 924 2097 944; x_wconf 79' lang='lat' dir='ltr'>ex</span> <span class='ocrx_word' id='word_1_1084' title='bbox 2112 915 2240 950; x_wconf 79' lang='lat' dir='ltr'>Martiale</span> <span class='ocrx_word' id='word_1_1085' title='bbox 2252 937 2260 949; x_wconf 96' lang='lat'>,</span> <span class='ocrx_word' id='word_1_1086' title='bbox 2281 915 2378 945; x_wconf 86' lang='lat' dir='ltr'>Senio-</span> 
     </span>
     <span class='ocr_line' id='line_1_127' title="bbox 1272 947 2372 987; baseline 0.007 -12"><span class='ocrx_word' id='word_1_1087' title='bbox 1272 954 1338 976; x_wconf 83' lang='lat' dir='ltr'>nem</span> <span class='ocrx_word' id='word_1_1088' title='bbox 1349 948 1436 976; x_wconf 82' lang='lat' dir='ltr'>videri</span> <span class='ocrx_word' id='word_1_1089' title='bbox 1452 947 1537 985; x_wconf 89' lang='lat' dir='ltr'>perse</span> <span class='ocrx_word' id='word_1_1090' title='bbox 1551 947 1682 978; x_wconf 85' lang='lat' dir='ltr'>felicem:</span> <span class='ocrx_word' id='word_1_1091' title='bbox 1705 955 1830 979; x_wconf 78' lang='lat' dir='ltr'>ceterum</span> <span class='ocrx_word' id='word_1_1092' title='bbox 1851 949 1994 981; x_wconf 84' lang='lat' dir='ltr'>inselicem</span> <span class='ocrx_word' id='word_1_1093' title='bbox 2014 951 2087 987; x_wconf 85' lang='lat' dir='ltr'>fieri,</span> <span class='ocrx_word' id='word_1_1094' title='bbox 2112 953 2130 981; x_wconf 85' lang='lat' dir='ltr'>Ii</span> <span class='ocrx_word' id='word_1_1095' title='bbox 2154 953 2269 982; x_wconf 84' lang='lat' dir='ltr'>accedat</span> <span class='ocrx_word' id='word_1_1096' title='bbox 2287 954 2372 983; x_wconf 86' lang='lat' dir='ltr'>canis.</span> 
     </span>
     <span class='ocr_line' id='line_1_128' title="bbox 1271 985 1692 1022; baseline 0 -7"><span class='ocrx_word' id='word_1_1097' title='bbox 1271 986 1317 1015; x_wconf 83' lang='lat' dir='ltr'>Sic</span> <span class='ocrx_word' id='word_1_1098' title='bbox 1328 986 1403 1014; x_wconf 86' lang='lat' dir='ltr'>enim</span> <span class='ocrx_word' id='word_1_1099' title='bbox 1418 985 1540 1022; x_wconf 88' lang='lat' dir='ltr'>loquitur</span> <span class='ocrx_word' id='word_1_1100' title='bbox 1551 985 1598 1015; x_wconf 89' lang='lat' dir='ltr'>lib.</span> <span class='ocrx_word' id='word_1_1101' title='bbox 1615 996 1655 1021; x_wconf 81' lang='lat'>13.</span> <span class='ocrx_word' id='word_1_1102' title='bbox 1671 996 1692 1015; x_wconf 91' lang='lat' dir='ltr'>r.</span> 
     </span>
    </p>

    <p class='ocr_par' dir='ltr' id='par_1_47' title="bbox 1273 1023 2378 1101">
     <span class='ocr_line' id='line_1_129' title="bbox 1347 1023 2378 1065; baseline 0.007 -14"><span class='ocrx_word' id='word_1_1103' title='bbox 1347 1023 1433 1052; x_wconf 84' lang='lat' dir='ltr'>Senio</span> <span class='ocrx_word' id='word_1_1104' title='bbox 1449 1033 1501 1052; x_wconf 88' lang='lat' dir='ltr'>nec</span> <span class='ocrx_word' id='word_1_1105' title='bbox 1511 1024 1632 1053; x_wconf 86' lang='lat' dir='ltr'>nostrum</span> <span class='ocrx_word' id='word_1_1106' title='bbox 1643 1032 1708 1054; x_wconf 85' lang='lat' dir='ltr'>eum</span> <span class='ocrx_word' id='word_1_1107' title='bbox 1723 1034 1791 1054; x_wconf 83' lang='lat' dir='ltr'>cane</span> <span class='ocrx_word' id='word_1_1108' title='bbox 1804 1024 1908 1061; x_wconf 77' lang='lat' dir='ltr'>quassat</span> <span class='ocrx_word' id='word_1_1109' title='bbox 1919 1025 1995 1055; x_wconf 88' lang='lat' dir='ltr'>ebur.</span> <span class='ocrx_word' id='word_1_1110' title='bbox 2077 1027 2140 1063; x_wconf 85' lang='lat' dir='ltr'>Jam</span> <span class='ocrx_word' id='word_1_1111' title='bbox 2150 1028 2265 1058; x_wconf 88' lang='lat' dir='ltr'>Veneris</span> <span class='ocrx_word' id='word_1_1112' title='bbox 2274 1029 2378 1065; x_wconf 57' lang='lat' dir='ltr'>jasium</span> 
     </span>
     <span class='ocr_line' id='line_1_130' title="bbox 1273 1060 2196 1101; baseline 0.005 -11"><span class='ocrx_word' id='word_1_1113' title='bbox 1273 1060 1328 1091; x_wconf 82' lang='lat' dir='ltr'>esse</span> <span class='ocrx_word' id='word_1_1114' title='bbox 1343 1069 1373 1089; x_wconf 90' lang='lat' dir='ltr'>ut</span> <span class='ocrx_word' id='word_1_1115' title='bbox 1384 1070 1475 1090; x_wconf 88' lang='lat' dir='ltr'>rarum</span> <span class='ocrx_word' id='word_1_1116' title='bbox 1485 1083 1493 1095; x_wconf 91' lang='lat'>,</span> <span class='ocrx_word' id='word_1_1117' title='bbox 1515 1062 1552 1090; x_wconf 90' lang='lat' dir='ltr'>ita</span> <span class='ocrx_word' id='word_1_1118' title='bbox 1563 1061 1750 1091; x_wconf 77' lang='lat' dir='ltr'>felicissimum</span> <span class='ocrx_word' id='word_1_1119' title='bbox 1762 1063 1867 1092; x_wconf 79' lang='lat' dir='ltr'>indicat</span> <span class='ocrx_word' id='word_1_1120' title='bbox 1877 1063 1949 1092; x_wconf 84' lang='lat' dir='ltr'>idem</span> <span class='ocrx_word' id='word_1_1121' title='bbox 1963 1063 2081 1094; x_wconf 87' lang='lat' dir='ltr'>Martial.</span> <span class='ocrx_word' id='word_1_1122' title='bbox 2098 1076 2139 1101; x_wconf 78' lang='lat'>14.</span> <span class='ocrx_word' id='word_1_1123' title='bbox 2155 1075 2196 1101; x_wconf 75' lang='lat'>14.</span> 
     </span>
    </p>

    <p class='ocr_par' dir='ltr' id='par_1_48' title="bbox 1348 1099 2029 1137">
     <span class='ocr_line' id='line_1_131' title="bbox 1348 1099 2029 1137; baseline 0.004 -10"><span class='ocrx_word' id='word_1_1124' title='bbox 1348 1099 1445 1135; x_wconf 84' lang='lat' dir='ltr'>Quum</span> <span class='ocrx_word' id='word_1_1125' title='bbox 1458 1099 1560 1128; x_wconf 88' lang='lat' dir='ltr'>steterit</span> <span class='ocrx_word' id='word_1_1126' title='bbox 1571 1099 1649 1129; x_wconf 92' lang='lat' dir='ltr'>vultu</span> <span class='ocrx_word' id='word_1_1127' title='bbox 1663 1100 1758 1129; x_wconf 89' lang='lat' dir='ltr'>nullus</span> <span class='ocrx_word' id='word_1_1128' title='bbox 1770 1101 1819 1129; x_wconf 91' lang='lat' dir='ltr'>tibi</span> <span class='ocrx_word' id='word_1_1129' title='bbox 1829 1101 1900 1130; x_wconf 89' lang='lat' dir='ltr'>talus</span> <span class='ocrx_word' id='word_1_1130' title='bbox 1909 1101 2010 1131; x_wconf 88' lang='lat' dir='ltr'>eodem</span> <span class='ocrx_word' id='word_1_1131' title='bbox 2021 1123 2029 1137; x_wconf 88' lang='lat'>‚</span> 
     </span>
    </p>

    <p class='ocr_par' dir='ltr' id='par_1_49' title="bbox 1272 1136 2384 1479">
     <span class='ocr_line' id='line_1_132' title="bbox 1386 1136 2378 1176; baseline 0.006 -12"><span class='ocrx_word' id='word_1_1132' title='bbox 1386 1136 1505 1165; x_wconf 83' lang='lat' dir='ltr'>Munera</span> <span class='ocrx_word' id='word_1_1133' title='bbox 1515 1145 1559 1167; x_wconf 84' lang='lat' dir='ltr'>me</span> <span class='ocrx_word' id='word_1_1134' title='bbox 1575 1137 1653 1167; x_wconf 88' lang='lat' dir='ltr'>dices</span> <span class='ocrx_word' id='word_1_1135' title='bbox 1667 1146 1768 1176; x_wconf 87' lang='lat' dir='ltr'>magna</span> <span class='ocrx_word' id='word_1_1136' title='bbox 1778 1138 1883 1168; x_wconf 76' lang='lat' dir='ltr'>dediil&#39;e</span> <span class='ocrx_word' id='word_1_1137' title='bbox 1898 1139 1958 1167; x_wconf 82' lang='lat' dir='ltr'>tibi.</span> <span class='ocrx_word' id='word_1_1138' title='bbox 2054 1139 2112 1169; x_wconf 89' lang='lat' dir='ltr'>Tot</span> <span class='ocrx_word' id='word_1_1139' title='bbox 2127 1146 2219 1170; x_wconf 89' lang='lat' dir='ltr'>autem</span> <span class='ocrx_word' id='word_1_1140' title='bbox 2230 1140 2378 1171; x_wconf 88' lang='lat' dir='ltr'>talislude-</span> 
     </span>
     <span class='ocr_line' id='line_1_133' title="bbox 1272 1174 2381 1214; baseline 0.005 -11"><span class='ocrx_word' id='word_1_1141' title='bbox 1272 1174 1354 1204; x_wconf 81' lang='lat' dir='ltr'>batur</span> <span class='ocrx_word' id='word_1_1142' title='bbox 1364 1195 1372 1207; x_wconf 87' lang='lat'>,</span> <span class='ocrx_word' id='word_1_1143' title='bbox 1395 1181 1464 1211; x_wconf 90' lang='lat' dir='ltr'>quot</span> <span class='ocrx_word' id='word_1_1144' title='bbox 1474 1174 1587 1212; x_wconf 88' lang='lat' dir='ltr'>quisque</span> <span class='ocrx_word' id='word_1_1145' title='bbox 1597 1175 1682 1205; x_wconf 89' lang='lat' dir='ltr'>habet</span> <span class='ocrx_word' id='word_1_1146' title='bbox 1696 1176 1790 1205; x_wconf 86' lang='lat' dir='ltr'>latera.</span> <span class='ocrx_word' id='word_1_1147' title='bbox 1831 1177 1903 1205; x_wconf 84' lang='lat' dir='ltr'>Nam</span> <span class='ocrx_word' id='word_1_1148' title='bbox 1915 1176 2020 1206; x_wconf 72' lang='lat' dir='ltr'>tesseris</span> <span class='ocrx_word' id='word_1_1149' title='bbox 2034 1187 2089 1206; x_wconf 89' lang='lat' dir='ltr'>non</span> <span class='ocrx_word' id='word_1_1150' title='bbox 2101 1178 2163 1214; x_wconf 89' lang='lat' dir='ltr'>plus</span> <span class='ocrx_word' id='word_1_1151' title='bbox 2173 1178 2260 1208; x_wconf 87' lang='lat' dir='ltr'>tribus</span> <span class='ocrx_word' id='word_1_1152' title='bbox 2271 1179 2329 1208; x_wconf 87' lang='lat' dir='ltr'>ludi</span> <span class='ocrx_word' id='word_1_1153' title='bbox 2339 1179 2381 1208; x_wconf 94' lang='lat' dir='ltr'>so-</span> 
     </span>
     <span class='ocr_line' id='line_1_134' title="bbox 1275 1212 2378 1253; baseline 0.004 -11"><span class='ocrx_word' id='word_1_1154' title='bbox 1275 1213 1334 1242; x_wconf 87' lang='lat' dir='ltr'>let:</span> <span class='ocrx_word' id='word_1_1155' title='bbox 1356 1212 1403 1241; x_wconf 91' lang='lat' dir='ltr'>sed</span> <span class='ocrx_word' id='word_1_1156' title='bbox 1415 1212 1531 1250; x_wconf 88' lang='lat' dir='ltr'>propius</span> <span class='ocrx_word' id='word_1_1157' title='bbox 1545 1213 1579 1242; x_wconf 88' lang='lat' dir='ltr'>ad</span> <span class='ocrx_word' id='word_1_1158' title='bbox 1591 1213 1707 1243; x_wconf 87' lang='lat' dir='ltr'>ludendi</span> <span class='ocrx_word' id='word_1_1159' title='bbox 1720 1215 1855 1243; x_wconf 86' lang='lat' dir='ltr'>rationem</span> <span class='ocrx_word' id='word_1_1160' title='bbox 1870 1214 1934 1243; x_wconf 82' lang='lat' dir='ltr'>sacit</span> <span class='ocrx_word' id='word_1_1161' title='bbox 1945 1214 2019 1251; x_wconf 93' lang='lat' dir='ltr'>quod</span> <span class='ocrx_word' id='word_1_1162' title='bbox 2033 1214 2126 1244; x_wconf 85' lang='lat' dir='ltr'>scribit</span> <span class='ocrx_word' id='word_1_1163' title='bbox 2135 1217 2210 1245; x_wconf 84' lang='lat' dir='ltr'>Suet.</span> <span class='ocrx_word' id='word_1_1164' title='bbox 2226 1217 2254 1244; x_wconf 91' lang='lat' dir='ltr'>in</span> <span class='ocrx_word' id='word_1_1165' title='bbox 2268 1218 2378 1253; x_wconf 73' lang='lat' dir='ltr'>August.</span> 
     </span>
     <span class='ocr_line' id='line_1_135' title="bbox 1274 1251 2380 1290; baseline 0.003 -10"><span class='ocrx_word' id='word_1_1166' title='bbox 1274 1260 1337 1288; x_wconf 80' lang='lat' dir='ltr'>cap.</span> <span class='ocrx_word' id='word_1_1167' title='bbox 1352 1259 1396 1287; x_wconf 83' lang='lat'>7¹·</span> <span class='ocrx_word' id='word_1_1168' title='bbox 1418 1251 1537 1279; x_wconf 88' lang='lat' dir='ltr'>recitans</span> <span class='ocrx_word' id='word_1_1169' title='bbox 1548 1261 1583 1280; x_wconf 86' lang='lat' dir='ltr'>ex</span> <span class='ocrx_word' id='word_1_1170' title='bbox 1591 1251 1665 1281; x_wconf 88' lang='lat' dir='ltr'>illius</span> <span class='ocrx_word' id='word_1_1171' title='bbox 1676 1253 1794 1287; x_wconf 86' lang='lat' dir='ltr'>quadam</span> <span class='ocrx_word' id='word_1_1172' title='bbox 1807 1252 1841 1280; x_wconf 87' lang='lat' dir='ltr'>ad</span> <span class='ocrx_word' id='word_1_1173' title='bbox 1854 1251 1998 1282; x_wconf 87' lang='lat' dir='ltr'>Tiberium</span> <span class='ocrx_word' id='word_1_1174' title='bbox 2010 1252 2123 1290; x_wconf 85' lang='lat' dir='ltr'>epistola</span> <span class='ocrx_word' id='word_1_1175' title='bbox 2141 1254 2200 1282; x_wconf 64' lang='lat' dir='ltr'>hirc</span> <span class='ocrx_word' id='word_1_1176' title='bbox 2211 1275 2219 1288; x_wconf 86' lang='lat'>,</span> <span class='ocrx_word' id='word_1_1177' title='bbox 2241 1254 2356 1283; x_wconf 78' lang='lat' dir='ltr'>Coenavi</span> <span class='ocrx_word' id='word_1_1178' title='bbox 2371 1277 2380 1290; x_wconf 85' lang='lat'><em>‚</em></span> 
     </span>
     <span class='ocr_line' id='line_1_136' title="bbox 1275 1287 2381 1324; baseline 0.004 -7"><span class='ocrx_word' id='word_1_1179' title='bbox 1275 1290 1315 1318; x_wconf 89' lang='lat' dir='ltr'>mi</span> <span class='ocrx_word' id='word_1_1180' title='bbox 1332 1287 1446 1324; x_wconf 88' lang='lat' dir='ltr'>Tiberi,</span> <span class='ocrx_word' id='word_1_1181' title='bbox 1482 1298 1547 1317; x_wconf 90' lang='lat' dir='ltr'>cum</span> <span class='ocrx_word' id='word_1_1182' title='bbox 1566 1288 1673 1318; x_wconf 89' lang='lat' dir='ltr'>iisdem.</span> <span class='ocrx_word' id='word_1_1183' title='bbox 1731 1289 1908 1319; x_wconf 80' lang='lat' dir='ltr'>Accefferunt</span> <span class='ocrx_word' id='word_1_1184' title='bbox 1925 1290 2049 1319; x_wconf 79' lang='lat' dir='ltr'>convivae</span> <span class='ocrx_word' id='word_1_1185' title='bbox 2070 1290 2196 1320; x_wconf 85' lang='lat' dir='ltr'>Vinicius</span> <span class='ocrx_word' id='word_1_1186' title='bbox 2226 1293 2252 1321; x_wconf 70' lang='lat' dir='ltr'>Sc</span> <span class='ocrx_word' id='word_1_1187' title='bbox 2278 1292 2381 1321; x_wconf 84' lang='lat' dir='ltr'>Silvius</span> 
     </span>
     <span class='ocr_line' id='line_1_137' title="bbox 1276 1324 2381 1364; baseline 0.006 -13"><span class='ocrx_word' id='word_1_1188' title='bbox 1276 1333 1363 1364; x_wconf 78' lang='lat' dir='ltr'>pater,</span> <span class='ocrx_word' id='word_1_1189' title='bbox 1402 1326 1476 1356; x_wconf 81' lang='lat' dir='ltr'>Inter</span> <span class='ocrx_word' id='word_1_1190' title='bbox 1485 1336 1594 1355; x_wconf 80' lang='lat' dir='ltr'>coenam</span> <span class='ocrx_word' id='word_1_1191' title='bbox 1605 1326 1717 1357; x_wconf 76' lang='lat' dir='ltr'>lusimus</span> <span class='ocrx_word' id='word_1_1192' title='bbox 1733 1324 1860 1364; x_wconf 62' lang='grc' dir='ltr'>γξονῖωιὶἰνς</span> <span class='ocrx_word' id='word_1_1193' title='bbox 1873 1329 1898 1357; x_wconf 73' lang='grc' dir='ltr'><strong>ἃ</strong></span> <span class='ocrx_word' id='word_1_1194' title='bbox 1910 1328 1966 1357; x_wconf 78' lang='lat' dir='ltr'>heri</span> <span class='ocrx_word' id='word_1_1195' title='bbox 1983 1329 2008 1357; x_wconf 83' lang='lat'>&amp;</span> <span class='ocrx_word' id='word_1_1196' title='bbox 2025 1328 2118 1358; x_wconf 79' lang='lat' dir='ltr'>hodie.</span> <span class='ocrx_word' id='word_1_1197' title='bbox 2158 1328 2235 1358; x_wconf 78' lang='lat' dir='ltr'>Talis</span> <span class='ocrx_word' id='word_1_1198' title='bbox 2253 1330 2328 1358; x_wconf 79' lang='lat' dir='ltr'>enlm</span> <span class='ocrx_word' id='word_1_1199' title='bbox 2342 1330 2381 1364; x_wconf 73' lang='lat' dir='ltr'>Ja-</span> 
     </span>
     <span class='ocr_line' id='line_1_138' title="bbox 1277 1363 2384 1403; baseline 0.003 -11"><span class='ocrx_word' id='word_1_1200' title='bbox 1277 1364 1356 1393; x_wconf 71' lang='lat' dir='ltr'>ctatis</span> <span class='ocrx_word' id='word_1_1201' title='bbox 1367 1385 1374 1398; x_wconf 92' lang='lat'>,</span> <span class='ocrx_word' id='word_1_1202' title='bbox 1404 1371 1435 1393; x_wconf 86' lang='lat' dir='ltr'>ut</span> <span class='ocrx_word' id='word_1_1203' title='bbox 1447 1363 1561 1401; x_wconf 88' lang='lat' dir='ltr'>quisque</span> <span class='ocrx_word' id='word_1_1204' title='bbox 1573 1365 1679 1394; x_wconf 84' lang='lat' dir='ltr'>Canem</span> <span class='ocrx_word' id='word_1_1205' title='bbox 1688 1387 1696 1401; x_wconf 90' lang='lat'>,</span> <span class='ocrx_word' id='word_1_1206' title='bbox 1718 1373 1766 1395; x_wconf 87' lang='lat' dir='ltr'>aut</span> <span class='ocrx_word' id='word_1_1207' title='bbox 1774 1366 1925 1395; x_wconf 87' lang='lat' dir='ltr'>Senionem</span> <span class='ocrx_word' id='word_1_1208' title='bbox 1939 1366 2057 1399; x_wconf 78' lang='lat' dir='ltr'>miserat,</span> <span class='ocrx_word' id='word_1_1209' title='bbox 2082 1367 2109 1394; x_wconf 93' lang='lat' dir='ltr'>in</span> <span class='ocrx_word' id='word_1_1210' title='bbox 2123 1365 2241 1403; x_wconf 76' lang='lat' dir='ltr'>singulos</span> <span class='ocrx_word' id='word_1_1211' title='bbox 2253 1367 2322 1396; x_wconf 88' lang='lat' dir='ltr'>talos</span> <span class='ocrx_word' id='word_1_1212' title='bbox 2333 1368 2384 1396; x_wconf 90' lang='lat' dir='ltr'>sin-</span> 
     </span>
     <span class='ocr_line' id='line_1_139' title="bbox 1277 1401 2383 1442; baseline 0.004 -12"><span class='ocrx_word' id='word_1_1213' title='bbox 1277 1402 1357 1440; x_wconf 84' lang='lat' dir='ltr'>gulos</span> <span class='ocrx_word' id='word_1_1214' title='bbox 1367 1401 1497 1431; x_wconf 86' lang='lat' dir='ltr'>denarios</span> <span class='ocrx_word' id='word_1_1215' title='bbox 1508 1402 1537 1431; x_wconf 85' lang='lat' dir='ltr'>in</span> <span class='ocrx_word' id='word_1_1216' title='bbox 1549 1403 1674 1431; x_wconf 88' lang='lat' dir='ltr'>medium</span> <span class='ocrx_word' id='word_1_1217' title='bbox 1689 1403 1851 1432; x_wconf 84' lang='lat' dir='ltr'>conferebat</span> <span class='ocrx_word' id='word_1_1218' title='bbox 1865 1413 1870 1432; x_wconf 93' lang='lat'>:</span> <span class='ocrx_word' id='word_1_1219' title='bbox 1892 1413 1961 1440; x_wconf 87' lang='lat' dir='ltr'>quos</span> <span class='ocrx_word' id='word_1_1220' title='bbox 1973 1403 2237 1434; x_wconf 88' lang='lat' dir='ltr'>tollebatuniversos</span> <span class='ocrx_word' id='word_1_1221' title='bbox 2247 1426 2256 1440; x_wconf 86' lang='lat'>,</span> <span class='ocrx_word' id='word_1_1222' title='bbox 2277 1405 2383 1442; x_wconf 88' lang='lat' dir='ltr'>quiVe-</span> 
     </span>
     <span class='ocr_line' id='line_1_140' title="bbox 1277 1439 2136 1479; baseline 0.002 -11"><span class='ocrx_word' id='word_1_1223' title='bbox 1277 1450 1373 1469; x_wconf 87' lang='lat' dir='ltr'>nerem</span> <span class='ocrx_word' id='word_1_1224' title='bbox 1384 1439 1496 1474; x_wconf 80' lang='lat' dir='ltr'>jecerat.</span> <span class='ocrx_word' id='word_1_1225' title='bbox 1533 1440 1564 1469; x_wconf 95' lang='lat' dir='ltr'>V.</span> <span class='ocrx_word' id='word_1_1226' title='bbox 1587 1440 1625 1469; x_wconf 89' lang='lat' dir='ltr'>ibi</span> <span class='ocrx_word' id='word_1_1227' title='bbox 1637 1441 1766 1470; x_wconf 89' lang='lat' dir='ltr'>Torrent.</span> <span class='ocrx_word' id='word_1_1228' title='bbox 1781 1441 1824 1470; x_wconf 89' lang='lat' dir='ltr'>vel</span> <span class='ocrx_word' id='word_1_1229' title='bbox 1836 1442 1930 1479; x_wconf 89' lang='lat' dir='ltr'>potius</span> <span class='ocrx_word' id='word_1_1230' title='bbox 1942 1441 2031 1471; x_wconf 86' lang='lat' dir='ltr'>Pitisci</span> <span class='ocrx_word' id='word_1_1231' title='bbox 2044 1441 2136 1471; x_wconf 79' lang='lat' dir='ltr'>Lexic.</span> 
     </span>
    </p>

    <p class='ocr_par' dir='ltr' id='par_1_50' title="bbox 1258 1477 2380 1554">
     <span class='ocr_line' id='line_1_141' title="bbox 1258 1477 2380 1517; baseline 0.002 -10"><span class='ocrx_word' id='word_1_1232' title='bbox 1258 1478 1343 1507; x_wconf 85' lang='lat' dir='ltr'>Canis</span> <span class='ocrx_word' id='word_1_1233' title='bbox 1353 1499 1361 1512; x_wconf 90' lang='lat'>,</span> <span class='ocrx_word' id='word_1_1234' title='bbox 1383 1478 1524 1513; x_wconf 73' lang='grc' dir='ltr'>[σκύλαξ]</span> <span class='ocrx_word' id='word_1_1235' title='bbox 1546 1477 1656 1507; x_wconf 84' lang='lat' dir='ltr'>Vinculi</span> <span class='ocrx_word' id='word_1_1236' title='bbox 1670 1478 1844 1516; x_wconf 77' lang='lat' dir='ltr'>ferreigenus</span> <span class='ocrx_word' id='word_1_1237' title='bbox 1855 1479 1919 1513; x_wconf 86' lang='lat' dir='ltr'>fuit,</span> <span class='ocrx_word' id='word_1_1238' title='bbox 1940 1480 2015 1508; x_wconf 85' lang='lat' dir='ltr'>unde</span> <span class='ocrx_word' id='word_1_1239' title='bbox 2026 1480 2102 1517; x_wconf 84' lang='lat' dir='ltr'>apud</span> <span class='ocrx_word' id='word_1_1240' title='bbox 2113 1479 2198 1509; x_wconf 82' lang='lat' dir='ltr'>Plaut.</span> <span class='ocrx_word' id='word_1_1241' title='bbox 2212 1479 2380 1517; x_wconf 83' lang='lat' dir='ltr'>Cas.2.6.37.</span> 
     </span>
     <span class='ocr_line' id='line_1_142' title="bbox 1279 1515 2324 1554; baseline 0.002 -10"><span class='ocrx_word' id='word_1_1242' title='bbox 1279 1516 1385 1545; x_wconf 83' lang='lat' dir='ltr'>Canem</span> <span class='ocrx_word' id='word_1_1243' title='bbox 1400 1516 1470 1545; x_wconf 86' lang='lat' dir='ltr'>serre</span> <span class='ocrx_word' id='word_1_1244' title='bbox 1482 1537 1489 1550; x_wconf 81' lang='lat'>,</span> <span class='ocrx_word' id='word_1_1245' title='bbox 1512 1515 1551 1545; x_wconf 85' lang='lat' dir='ltr'>est</span> <span class='ocrx_word' id='word_1_1246' title='bbox 1562 1515 1693 1546; x_wconf 65' lang='lat' dir='ltr'>Vintium</span> <span class='ocrx_word' id='word_1_1247' title='bbox 1701 1517 1763 1546; x_wconf 76' lang='lat' dir='ltr'>effe.</span> <span class='ocrx_word' id='word_1_1248' title='bbox 1805 1517 1834 1546; x_wconf 96' lang='lat' dir='ltr'>V.</span> <span class='ocrx_word' id='word_1_1249' title='bbox 1856 1517 1895 1546; x_wconf 90' lang='lat' dir='ltr'>ibi</span> <span class='ocrx_word' id='word_1_1250' title='bbox 1911 1517 2032 1554; x_wconf 86' lang='lat' dir='ltr'>Interpp.</span> <span class='ocrx_word' id='word_1_1251' title='bbox 2044 1519 2070 1547; x_wconf 67' lang='grc' dir='ltr'><strong>ἃ</strong></span> <span class='ocrx_word' id='word_1_1252' title='bbox 2082 1518 2147 1546; x_wconf 82' lang='lat' dir='ltr'>Fest.</span> <span class='ocrx_word' id='word_1_1253' title='bbox 2161 1518 2189 1546; x_wconf 90' lang='lat' dir='ltr'>in</span> <span class='ocrx_word' id='word_1_1254' title='bbox 2200 1517 2324 1547; x_wconf 83' lang='lat' dir='ltr'>Catulus.</span> 
     </span>
    </p>
   </div>
   <div class='ocr_carea' id='block_1_9' title="bbox 1219 1554 2384 1591">
    <p class='ocr_par' dir='ltr' id='par_1_51' title="bbox 1219 1554 2384 1591">
     <span class='ocr_line' id='line_1_143' title="bbox 1219 1554 2384 1591; baseline 0.001 -7"><span class='ocrx_word' id='word_1_1255' title='bbox 1219 1554 1443 1588; x_wconf 55' lang='lat' dir='ltr'>Simnana,</span> <span class='ocrx_word' id='word_1_1256' title='bbox 1465 1564 1495 1583; x_wconf 66' lang='grc' dir='ltr'>τε.</span> <span class='ocrx_word' id='word_1_1257' title='bbox 1517 1555 1682 1589; x_wconf 57' lang='grc' dir='ltr'>[κυνάεαον]</span> <span class='ocrx_word' id='word_1_1258' title='bbox 1704 1555 1803 1584; x_wconf 85' lang='lat' dir='ltr'>dimin.</span> <span class='ocrx_word' id='word_1_1259' title='bbox 1842 1554 1900 1584; x_wconf 92' lang='lat' dir='ltr'>Cic.</span> <span class='ocrx_word' id='word_1_1260' title='bbox 1915 1564 1938 1591; x_wconf 88' lang='lat'>3.</span> <span class='ocrx_word' id='word_1_1261' title='bbox 1961 1556 1996 1584; x_wconf 88' lang='lat' dir='ltr'>de</span> <span class='ocrx_word' id='word_1_1262' title='bbox 2010 1556 2070 1584; x_wconf 80' lang='lat' dir='ltr'>Nat.</span> <span class='ocrx_word' id='word_1_1263' title='bbox 2088 1555 2227 1585; x_wconf 87' lang='lat' dir='ltr'>Deor.26.</span> <span class='ocrx_word' id='word_1_1264' title='bbox 2257 1557 2292 1585; x_wconf 81' lang='lat' dir='ltr'>At</span> <span class='ocrx_word' id='word_1_1265' title='bbox 2313 1556 2384 1585; x_wconf 88' lang='lat' dir='ltr'>illud</span> 
     </span>
    </p>
   </div>
   <div class='ocr_carea' id='block_1_10' title="bbox 1257 1591 2396 2610">
    <p class='ocr_par' dir='ltr' id='par_1_52' title="bbox 1259 1591 2384 1631">
     <span class='ocr_line' id='line_1_144' title="bbox 1259 1591 2384 1631; baseline 0.002 -10"><span class='ocrx_word' id='word_1_1266' title='bbox 1259 1602 1318 1621; x_wconf 91' lang='lat' dir='ltr'>non</span> <span class='ocrx_word' id='word_1_1267' title='bbox 1328 1591 1414 1620; x_wconf 88' lang='lat' dir='ltr'>modo</span> <span class='ocrx_word' id='word_1_1268' title='bbox 1426 1601 1483 1620; x_wconf 91' lang='lat' dir='ltr'>non</span> <span class='ocrx_word' id='word_1_1269' title='bbox 1499 1592 1667 1629; x_wconf 77' lang='lat' dir='ltr'>arrogantis.</span> <span class='ocrx_word' id='word_1_1270' title='bbox 1688 1592 1735 1622; x_wconf 90' lang='lat' dir='ltr'>sed</span> <span class='ocrx_word' id='word_1_1271' title='bbox 1755 1593 1849 1630; x_wconf 86' lang='lat' dir='ltr'>potius</span> <span class='ocrx_word' id='word_1_1272' title='bbox 1873 1593 2019 1630; x_wconf 90' lang='lat' dir='ltr'>prudentis</span> <span class='ocrx_word' id='word_1_1273' title='bbox 2033 1616 2041 1628; x_wconf 85' lang='lat'>,</span> <span class='ocrx_word' id='word_1_1274' title='bbox 2063 1594 2219 1631; x_wconf 84' lang='lat' dir='ltr'>intelligere</span> <span class='ocrx_word' id='word_1_1275' title='bbox 2238 1592 2263 1622; x_wconf 91' lang='lat' dir='ltr'>se</span> <span class='ocrx_word' id='word_1_1276' title='bbox 2281 1594 2384 1623; x_wconf 88' lang='lat' dir='ltr'>habere</span> 
     </span>
    </p>

    <p class='ocr_par' dir='ltr' id='par_1_53' title="bbox 1257 1629 2382 1668">
     <span class='ocr_line' id='line_1_145' title="bbox 1257 1629 2382 1668; baseline 0.003 -10"><span class='ocrx_word' id='word_1_1277' title='bbox 1257 1629 1366 1659; x_wconf 89' lang='lat' dir='ltr'>sensum</span> <span class='ocrx_word' id='word_1_1278' title='bbox 1379 1631 1404 1659; x_wconf 68' lang='grc' dir='ltr'>ἃ</span> <span class='ocrx_word' id='word_1_1279' title='bbox 1415 1630 1568 1659; x_wconf 84' lang='lat' dir='ltr'>rationem:</span> <span class='ocrx_word' id='word_1_1280' title='bbox 1591 1630 1651 1659; x_wconf 75' lang='lat' dir='ltr'>haec</span> <span class='ocrx_word' id='word_1_1281' title='bbox 1661 1630 1760 1659; x_wconf 86' lang='lat' dir='ltr'>eadem</span> <span class='ocrx_word' id='word_1_1282' title='bbox 1772 1633 1798 1660; x_wconf 68' lang='grc' dir='ltr'>ἃ</span> <span class='ocrx_word' id='word_1_1283' title='bbox 1810 1631 1967 1661; x_wconf 81' lang='lat' dir='ltr'>caniculam</span> <span class='ocrx_word' id='word_1_1284' title='bbox 1982 1641 2040 1660; x_wconf 92' lang='lat' dir='ltr'>non</span> <span class='ocrx_word' id='word_1_1285' title='bbox 2052 1631 2162 1661; x_wconf 86' lang='lat' dir='ltr'>habere.</span> <span class='ocrx_word' id='word_1_1286' title='bbox 2204 1631 2382 1668; x_wconf 88' lang='lat' dir='ltr'>Frequentio-</span> 
     </span>
    </p>

    <p class='ocr_par' dir='ltr' id='par_1_54' title="bbox 1258 1667 1750 1705">
     <span class='ocr_line' id='line_1_146' title="bbox 1258 1667 1750 1705; baseline 0.002 -9"><span class='ocrx_word' id='word_1_1287' title='bbox 1258 1669 1280 1697; x_wconf 79' lang='lat' dir='ltr'>ri</span> <span class='ocrx_word' id='word_1_1288' title='bbox 1291 1669 1320 1697; x_wconf 88' lang='lat' dir='ltr'>in</span> <span class='ocrx_word' id='word_1_1289' title='bbox 1332 1667 1381 1697; x_wconf 85' lang='lat' dir='ltr'>usu</span> <span class='ocrx_word' id='word_1_1290' title='bbox 1391 1667 1523 1703; x_wconf 81' lang='lat' dir='ltr'>Catulus,</span> <span class='ocrx_word' id='word_1_1291' title='bbox 1549 1667 1625 1705; x_wconf 88' lang='lat' dir='ltr'>quod</span> <span class='ocrx_word' id='word_1_1292' title='bbox 1645 1667 1663 1697; x_wconf 92' lang='lat' dir='ltr'>s.</span> <span class='ocrx_word' id='word_1_1293' title='bbox 1678 1667 1697 1697; x_wconf 90' lang='lat' dir='ltr'>l.</span> <span class='ocrx_word' id='word_1_1294' title='bbox 1720 1668 1750 1697; x_wconf 87' lang='lat' dir='ltr'>V.</span> 
     </span>
    </p>

    <p class='ocr_par' dir='ltr' id='par_1_55' title="bbox 1261 1705 2367 1745">
     <span class='ocr_line' id='line_1_147' title="bbox 1261 1705 2367 1745; baseline 0 -11"><span class='ocrx_word' id='word_1_1295' title='bbox 1261 1706 1396 1735; x_wconf 87' lang='lat' dir='ltr'>Canicula</span> <span class='ocrx_word' id='word_1_1296' title='bbox 1410 1727 1418 1739; x_wconf 82' lang='lat'>,</span> <span class='ocrx_word' id='word_1_1297' title='bbox 1440 1705 1608 1735; x_wconf 90' lang='lat' dir='ltr'>Convicium</span> <span class='ocrx_word' id='word_1_1298' title='bbox 1618 1706 1646 1734; x_wconf 90' lang='lat' dir='ltr'>in</span> <span class='ocrx_word' id='word_1_1299' title='bbox 1654 1706 1800 1735; x_wconf 86' lang='lat' dir='ltr'>mulierem</span> <span class='ocrx_word' id='word_1_1300' title='bbox 1812 1705 1968 1744; x_wconf 85' lang='lat' dir='ltr'>improbam</span> <span class='ocrx_word' id='word_1_1301' title='bbox 1979 1707 2054 1745; x_wconf 84' lang='lat' dir='ltr'>apud</span> <span class='ocrx_word' id='word_1_1302' title='bbox 2065 1707 2152 1736; x_wconf 87' lang='lat' dir='ltr'>Plaut.</span> <span class='ocrx_word' id='word_1_1303' title='bbox 2168 1707 2249 1736; x_wconf 89' lang='lat' dir='ltr'>Curc.</span> <span class='ocrx_word' id='word_1_1304' title='bbox 2266 1718 2289 1742; x_wconf 82' lang='grc' dir='ltr'>ς.</span> <span class='ocrx_word' id='word_1_1305' title='bbox 2305 1717 2328 1737; x_wconf 85' lang='lat'>1.</span> <span class='ocrx_word' id='word_1_1306' title='bbox 2341 1713 2367 1741; x_wconf 81' lang='lat'>8.</span> 
     </span>
    </p>

    <p class='ocr_par' dir='ltr' id='par_1_56' title="bbox 1257 1744 2387 1848">
     <span class='ocr_line' id='line_1_148' title="bbox 1257 1744 2385 1781; baseline 0.001 -8"><span class='ocrx_word' id='word_1_1307' title='bbox 1257 1744 1367 1774; x_wconf 90' lang='lat' dir='ltr'>Dicitur</span> <span class='ocrx_word' id='word_1_1308' title='bbox 1375 1745 1458 1772; x_wconf 91' lang='lat' dir='ltr'>etiam</span> <span class='ocrx_word' id='word_1_1309' title='bbox 1471 1744 1506 1772; x_wconf 85' lang='lat' dir='ltr'>de</span> <span class='ocrx_word' id='word_1_1310' title='bbox 1521 1744 1645 1773; x_wconf 89' lang='lat' dir='ltr'>Homine</span> <span class='ocrx_word' id='word_1_1311' title='bbox 1662 1745 1802 1779; x_wconf 87' lang='lat' dir='ltr'>mordaci;</span> <span class='ocrx_word' id='word_1_1312' title='bbox 1833 1744 1903 1774; x_wconf 91' lang='lat' dir='ltr'>Gell.</span> <span class='ocrx_word' id='word_1_1313' title='bbox 1916 1755 1942 1779; x_wconf 79' lang='lat'>4.</span> <span class='ocrx_word' id='word_1_1314' title='bbox 1957 1754 2002 1775; x_wconf 85' lang='lat'>20.</span> <span class='ocrx_word' id='word_1_1315' title='bbox 2031 1745 2089 1781; x_wconf 81' lang='lat' dir='ltr'>Qii</span> <span class='ocrx_word' id='word_1_1316' title='bbox 2113 1745 2221 1781; x_wconf 78' lang='lat' dir='ltr'>jurabat</span> <span class='ocrx_word' id='word_1_1317' title='bbox 2241 1745 2385 1775; x_wconf 86' lang='lat' dir='ltr'>cavillator</span> 
     </span>
     <span class='ocr_line' id='line_1_149' title="bbox 1277 1781 2387 1848; baseline 0.001 -37"><span class='ocrx_word' id='word_1_1318' title='bbox 1277 1782 1391 1848; x_wconf 54' lang='lat' dir='ltr'>puidaGi</span> <span class='ocrx_word' id='word_1_1319' title='bbox 1403 1781 1570 1848; x_wconf 58' lang='lat' dir='ltr'>{canicula</span> <span class='ocrx_word' id='word_1_1320' title='bbox 1579 1784 1605 1812; x_wconf 70' lang='grc' dir='ltr'>δε</span> <span class='ocrx_word' id='word_1_1321' title='bbox 1615 1782 1700 1812; x_wconf 87' lang='lat' dir='ltr'>nimis</span> <span class='ocrx_word' id='word_1_1322' title='bbox 1713 1782 1886 1812; x_wconf 85' lang='lat' dir='ltr'>ridicularius</span> <span class='ocrx_word' id='word_1_1323' title='bbox 1900 1783 1961 1812; x_wconf 88' lang='lat' dir='ltr'>fuit.</span> <span class='ocrx_word' id='word_1_1324' title='bbox 2000 1782 2128 1820; x_wconf 77' lang='lat' dir='ltr'>Castigati</span> <span class='ocrx_word' id='word_1_1325' title='bbox 2141 1784 2225 1812; x_wconf 88' lang='lat' dir='ltr'>codd.</span> <span class='ocrx_word' id='word_1_1326' title='bbox 2242 1783 2387 1813; x_wconf 81' lang='lat' dir='ltr'>Canalicu-</span> 
     </span>
    </p>

    <p class='ocr_par' dir='ltr' id='par_1_57' title="bbox 1290 1829 1533 1849">
     <span class='ocr_line' id='line_1_150' title="bbox 1290 1829 1533 1849; baseline -0.004 0"><span class='ocrx_word' id='word_1_1327' title='bbox 1290 1830 1313 1849; x_wconf 70' lang='grc' dir='ltr'>ει.</span> <span class='ocrx_word' id='word_1_1328' title='bbox 1379 1842 1386 1848; x_wconf 92' lang='grc'><strong>.</strong></span> <span class='ocrx_word' id='word_1_1329' title='bbox 1437 1829 1533 1848; x_wconf 89' lang='lat' dir='ltr'>ronov.</span> 
     </span>
    </p>

    <p class='ocr_par' dir='ltr' id='par_1_58' title="bbox 1259 1857 2395 2084">
     <span class='ocr_line' id='line_1_151' title="bbox 1259 1857 2390 1894; baseline 0.002 -8"><span class='ocrx_word' id='word_1_1330' title='bbox 1259 1857 1408 1892; x_wconf 76' lang='lat' dir='ltr'>Canicula,</span> <span class='ocrx_word' id='word_1_1331' title='bbox 1430 1857 1612 1893; x_wconf 61' lang='lat' dir='ltr'>[dspo&#39;nvi&amp;]</span> <span class='ocrx_word' id='word_1_1332' title='bbox 1633 1857 1718 1886; x_wconf 85' lang='lat' dir='ltr'>Stella</span> <span class='ocrx_word' id='word_1_1333' title='bbox 1728 1866 1787 1894; x_wconf 54' lang='lat' dir='ltr'>quac</span> <span class='ocrx_word' id='word_1_1334' title='bbox 1798 1860 1824 1889; x_wconf 64' lang='grc' dir='ltr'><strong>ἃ</strong></span> <span class='ocrx_word' id='word_1_1335' title='bbox 1834 1858 1919 1888; x_wconf 88' lang='lat' dir='ltr'>Sirius</span> <span class='ocrx_word' id='word_1_1336' title='bbox 1930 1859 2032 1888; x_wconf 86' lang='lat' dir='ltr'>dicitur</span> <span class='ocrx_word' id='word_1_1337' title='bbox 2045 1881 2052 1891; x_wconf 87' lang='lat'>,</span> <span class='ocrx_word' id='word_1_1338' title='bbox 2073 1859 2102 1887; x_wconf 93' lang='lat' dir='ltr'>in</span> <span class='ocrx_word' id='word_1_1339' title='bbox 2122 1859 2217 1888; x_wconf 82' lang='lat' dir='ltr'>medio</span> <span class='ocrx_word' id='word_1_1340' title='bbox 2230 1866 2327 1888; x_wconf 85' lang='lat' dir='ltr'>centro</span> <span class='ocrx_word' id='word_1_1341' title='bbox 2339 1869 2390 1888; x_wconf 85' lang='lat' dir='ltr'>cae-</span> 
     </span>
     <span class='ocr_line' id='line_1_152' title="bbox 1277 1895 2385 1934; baseline 0.001 -9"><span class='ocrx_word' id='word_1_1342' title='bbox 1277 1895 1316 1925; x_wconf 89' lang='lat' dir='ltr'>li:</span> <span class='ocrx_word' id='word_1_1343' title='bbox 1344 1895 1379 1924; x_wconf 88' lang='lat' dir='ltr'>ad</span> <span class='ocrx_word' id='word_1_1344' title='bbox 1390 1905 1473 1932; x_wconf 80' lang='lat' dir='ltr'>quain</span> <span class='ocrx_word' id='word_1_1345' title='bbox 1485 1905 1571 1932; x_wconf 88' lang='lat' dir='ltr'>quum</span> <span class='ocrx_word' id='word_1_1346' title='bbox 1585 1895 1632 1924; x_wconf 89' lang='lat' dir='ltr'>Sol</span> <span class='ocrx_word' id='word_1_1347' title='bbox 1652 1897 1810 1933; x_wconf 80' lang='lat' dir='ltr'>pervenerit</span> <span class='ocrx_word' id='word_1_1348' title='bbox 1820 1919 1828 1929; x_wconf 90' lang='lat'>,</span> <span class='ocrx_word' id='word_1_1349' title='bbox 1854 1897 2012 1934; x_wconf 80' lang='lat' dir='ltr'>duplicatur</span> <span class='ocrx_word' id='word_1_1350' title='bbox 2027 1896 2104 1925; x_wconf 83' lang='lat' dir='ltr'>aestus</span> <span class='ocrx_word' id='word_1_1351' title='bbox 2115 1918 2122 1932; x_wconf 91' lang='lat'>,</span> <span class='ocrx_word' id='word_1_1352' title='bbox 2144 1899 2170 1927; x_wconf 66' lang='grc' dir='ltr'>ἃ</span> <span class='ocrx_word' id='word_1_1353' title='bbox 2184 1898 2273 1926; x_wconf 90' lang='lat' dir='ltr'>nimio</span> <span class='ocrx_word' id='word_1_1354' title='bbox 2291 1897 2385 1926; x_wconf 87' lang='lat' dir='ltr'>calore</span> 
     </span>
     <span class='ocr_line' id='line_1_153' title="bbox 1278 1933 2392 1972; baseline 0.002 -10"><span class='ocrx_word' id='word_1_1355' title='bbox 1278 1934 1413 1970; x_wconf 83' lang='lat' dir='ltr'>languent</span> <span class='ocrx_word' id='word_1_1356' title='bbox 1425 1933 1583 1962; x_wconf 79' lang='lat' dir='ltr'>mortalium</span> <span class='ocrx_word' id='word_1_1357' title='bbox 1595 1943 1720 1970; x_wconf 89' lang='lat' dir='ltr'>corpora.</span> <span class='ocrx_word' id='word_1_1358' title='bbox 1765 1934 1796 1963; x_wconf 92' lang='lat' dir='ltr'>V.</span> <span class='ocrx_word' id='word_1_1359' title='bbox 1820 1934 1890 1964; x_wconf 87' lang='lat' dir='ltr'>Plin.</span> <span class='ocrx_word' id='word_1_1360' title='bbox 1903 1934 1952 1964; x_wconf 89' lang='lat' dir='ltr'>lib.</span> <span class='ocrx_word' id='word_1_1361' title='bbox 1966 1940 2007 1968; x_wconf 81' lang='lat'>¹8-</span> <span class='ocrx_word' id='word_1_1362' title='bbox 2026 1944 2089 1972; x_wconf 87' lang='lat' dir='ltr'>cap.</span> <span class='ocrx_word' id='word_1_1363' title='bbox 2102 1940 2147 1968; x_wconf 83' lang='lat'>28.</span> <span class='ocrx_word' id='word_1_1364' title='bbox 2179 1935 2237 1964; x_wconf 91' lang='lat' dir='ltr'>Cic.</span> <span class='ocrx_word' id='word_1_1365' title='bbox 2252 1945 2274 1964; x_wconf 89' lang='lat'>1.</span> <span class='ocrx_word' id='word_1_1366' title='bbox 2297 1936 2332 1964; x_wconf 88' lang='lat' dir='ltr'>de</span> <span class='ocrx_word' id='word_1_1367' title='bbox 2342 1935 2392 1964; x_wconf 87' lang='lat' dir='ltr'>Di-</span> 
     </span>
     <span class='ocr_line' id='line_1_154' title="bbox 1279 1971 2392 2010; baseline 0.001 -9"><span class='ocrx_word' id='word_1_1368' title='bbox 1279 1972 1335 2001; x_wconf 92' lang='lat' dir='ltr'>vin.</span> <span class='ocrx_word' id='word_1_1369' title='bbox 1350 1980 1411 2007; x_wconf 84' lang='lat'>130.</span> <span class='ocrx_word' id='word_1_1370' title='bbox 1444 1971 1555 2000; x_wconf 86' lang='lat' dir='ltr'>Etenim</span> <span class='ocrx_word' id='word_1_1371' title='bbox 1569 1971 1642 2000; x_wconf 87' lang='lat' dir='ltr'>Ceos</span> <span class='ocrx_word' id='word_1_1372' title='bbox 1655 1972 1816 2009; x_wconf 86' lang='lat' dir='ltr'>accepimus</span> <span class='ocrx_word' id='word_1_1373' title='bbox 1826 1979 1916 2003; x_wconf 88' lang='lat' dir='ltr'>ortum</span> <span class='ocrx_word' id='word_1_1374' title='bbox 1928 1972 2068 2002; x_wconf 59' lang='lat' dir='ltr'>Caniculae</span> <span class='ocrx_word' id='word_1_1375' title='bbox 2079 1972 2226 2010; x_wconf 74' lang='lat' dir='ltr'>diligenter</span> <span class='ocrx_word' id='word_1_1376' title='bbox 2242 1975 2392 2009; x_wconf 79' lang='lat' dir='ltr'>quotannis</span> 
     </span>
     <span class='ocr_line' id='line_1_155' title="bbox 1277 2007 2395 2047; baseline 0.002 -9"><span class='ocrx_word' id='word_1_1377' title='bbox 1277 2009 1366 2039; x_wconf 85' lang='lat' dir='ltr'>solere</span> <span class='ocrx_word' id='word_1_1378' title='bbox 1373 2009 1476 2038; x_wconf 85' lang='lat' dir='ltr'>servare</span> <span class='ocrx_word' id='word_1_1379' title='bbox 1487 2030 1495 2044; x_wconf 90' lang='lat'>,</span> <span class='ocrx_word' id='word_1_1380' title='bbox 1517 2009 1763 2046; x_wconf 67' lang='lat' dir='ltr'>conjetfturamque</span> <span class='ocrx_word' id='word_1_1381' title='bbox 1774 2020 1874 2047; x_wconf 83' lang='lat' dir='ltr'>capere</span> <span class='ocrx_word' id='word_1_1382' title='bbox 1883 2033 1891 2046; x_wconf 95' lang='lat'>,</span> <span class='ocrx_word' id='word_1_1383' title='bbox 1913 2019 1944 2041; x_wconf 89' lang='lat' dir='ltr'>ut</span> <span class='ocrx_word' id='word_1_1384' title='bbox 1954 2007 2047 2041; x_wconf 86' lang='lat' dir='ltr'>scribit</span> <span class='ocrx_word' id='word_1_1385' title='bbox 2058 2010 2189 2041; x_wconf 82' lang='lat' dir='ltr'>Ponticus</span> <span class='ocrx_word' id='word_1_1386' title='bbox 2202 2010 2363 2041; x_wconf 84' lang='lat' dir='ltr'>Heraclides</span> <span class='ocrx_word' id='word_1_1387' title='bbox 2386 2033 2395 2046; x_wconf 96' lang='lat'>,</span> 
     </span>
     <span class='ocr_line' id='line_1_156' title="bbox 1278 2046 1893 2084; baseline 0.003 -8"><span class='ocrx_word' id='word_1_1388' title='bbox 1278 2046 1427 2077; x_wconf 84' lang='lat' dir='ltr'>salubrisne</span> <span class='ocrx_word' id='word_1_1389' title='bbox 1436 2056 1471 2076; x_wconf 84' lang='lat' dir='ltr'>an</span> <span class='ocrx_word' id='word_1_1390' title='bbox 1484 2046 1615 2084; x_wconf 85' lang='lat' dir='ltr'>pestilens</span> <span class='ocrx_word' id='word_1_1391' title='bbox 1632 2057 1722 2077; x_wconf 83' lang='lat' dir='ltr'>annus</span> <span class='ocrx_word' id='word_1_1392' title='bbox 1738 2047 1846 2077; x_wconf 89' lang='lat' dir='ltr'>futurus</span> <span class='ocrx_word' id='word_1_1393' title='bbox 1854 2048 1893 2078; x_wconf 83' lang='lat' dir='ltr'>sit.</span> 
     </span>
    </p>

    <p class='ocr_par' dir='ltr' id='par_1_59' title="bbox 1260 2083 1878 2123">
     <span class='ocr_line' id='line_1_157' title="bbox 1260 2083 1878 2123; baseline 0 -7"><span class='ocrx_word' id='word_1_1394' title='bbox 1260 2086 1348 2116; x_wconf 74' lang='lat' dir='ltr'>AEstus</span> <span class='ocrx_word' id='word_1_1395' title='bbox 1359 2083 1507 2114; x_wconf 87' lang='lat' dir='ltr'>Caniculae.</span> <span class='ocrx_word' id='word_1_1396' title='bbox 1532 2085 1600 2114; x_wconf 87' lang='lat' dir='ltr'>Hor.</span> <span class='ocrx_word' id='word_1_1397' title='bbox 1620 2094 1643 2114; x_wconf 89' lang='lat'>1.</span> <span class='ocrx_word' id='word_1_1398' title='bbox 1665 2085 1755 2115; x_wconf 89' lang='lat' dir='ltr'>Carm.</span> <span class='ocrx_word' id='word_1_1399' title='bbox 1774 2095 1816 2122; x_wconf 88' lang='lat'>17.</span> <span class='ocrx_word' id='word_1_1400' title='bbox 1835 2096 1878 2123; x_wconf 85' lang='lat'>17.</span> 
     </span>
    </p>

    <p class='ocr_par' dir='ltr' id='par_1_60' title="bbox 1355 2122 1838 2157">
     <span class='ocr_line' id='line_1_158' title="bbox 1355 2122 1838 2157; baseline 0.004 -6"><span class='ocrx_word' id='word_1_1401' title='bbox 1355 2123 1450 2152; x_wconf 88' lang='lat' dir='ltr'>Hicin</span> <span class='ocrx_word' id='word_1_1402' title='bbox 1460 2123 1575 2152; x_wconf 51' lang='lat' dir='ltr'>reduCTa</span> <span class='ocrx_word' id='word_1_1403' title='bbox 1585 2122 1656 2152; x_wconf 87' lang='lat' dir='ltr'>valle</span> <span class='ocrx_word' id='word_1_1404' title='bbox 1667 2144 1675 2157; x_wconf 93' lang='lat'>,</span> <span class='ocrx_word' id='word_1_1405' title='bbox 1697 2123 1838 2153; x_wconf 67' lang='lat' dir='ltr'>Caniculae</span> 
     </span>
    </p>

    <p class='ocr_par' dir='ltr' id='par_1_61' title="bbox 1261 2160 1727 2198">
     <span class='ocr_line' id='line_1_159' title="bbox 1261 2160 1727 2198; baseline -0.002 -7"><span class='ocrx_word' id='word_1_1406' title='bbox 1261 2160 1400 2198; x_wconf 86' lang='lat' dir='ltr'>Flagrans.</span> <span class='ocrx_word' id='word_1_1407' title='bbox 1425 2161 1490 2190; x_wconf 82' lang='lat' dir='ltr'>Hor.</span> <span class='ocrx_word' id='word_1_1408' title='bbox 1505 2170 1529 2196; x_wconf 91' lang='lat'>3.</span> <span class='ocrx_word' id='word_1_1409' title='bbox 1542 2160 1630 2190; x_wconf 88' lang='lat' dir='ltr'>Carm.</span> <span class='ocrx_word' id='word_1_1410' title='bbox 1646 2171 1687 2196; x_wconf 87' lang='lat'>13.</span> <span class='ocrx_word' id='word_1_1411' title='bbox 1702 2172 1727 2197; x_wconf 91' lang='lat'>9.</span> 
     </span>
    </p>

    <p class='ocr_par' dir='ltr' id='par_1_62' title="bbox 1258 2198 2392 2238">
     <span class='ocr_line' id='line_1_160' title="bbox 1258 2198 2392 2238; baseline 0 -9"><span class='ocrx_word' id='word_1_1412' title='bbox 1258 2198 1555 2234; x_wconf 83' lang='lat' dir='ltr'>Insana.Pers.3.Sat.5.</span> <span class='ocrx_word' id='word_1_1413' title='bbox 1578 2215 1616 2219; x_wconf 92' lang='lat'>—</span> <span class='ocrx_word' id='word_1_1414' title='bbox 1624 2198 1707 2228; x_wconf 83' lang='lat' dir='ltr'>siccas</span> <span class='ocrx_word' id='word_1_1415' title='bbox 1719 2199 1813 2229; x_wconf 86' lang='lat' dir='ltr'>insana</span> <span class='ocrx_word' id='word_1_1416' title='bbox 1822 2199 1956 2229; x_wconf 87' lang='lat' dir='ltr'>Canicula</span> <span class='ocrx_word' id='word_1_1417' title='bbox 1965 2199 2063 2229; x_wconf 82' lang='lat' dir='ltr'>messes</span> <span class='ocrx_word' id='word_1_1418' title='bbox 2095 2200 2156 2236; x_wconf 77' lang='lat' dir='ltr'>Jam</span> <span class='ocrx_word' id='word_1_1419' title='bbox 2168 2198 2277 2229; x_wconf 88' lang='lat' dir='ltr'>dudum</span> <span class='ocrx_word' id='word_1_1420' title='bbox 2285 2199 2392 2238; x_wconf 84' lang='lat' dir='ltr'>coquit.</span> 
     </span>
    </p>

    <p class='ocr_par' dir='ltr' id='par_1_63' title="bbox 1260 2236 1989 2274">
     <span class='ocr_line' id='line_1_161' title="bbox 1260 2236 1989 2274; baseline -0.001 -7"><span class='ocrx_word' id='word_1_1421' title='bbox 1260 2237 1363 2267; x_wconf 87' lang='lat' dir='ltr'>Rubra.</span> <span class='ocrx_word' id='word_1_1422' title='bbox 1388 2237 1455 2266; x_wconf 90' lang='lat' dir='ltr'>Hor.</span> <span class='ocrx_word' id='word_1_1423' title='bbox 1466 2246 1492 2266; x_wconf 90' lang='lat'>2.</span> <span class='ocrx_word' id='word_1_1424' title='bbox 1505 2236 1594 2266; x_wconf 88' lang='lat' dir='ltr'>Serm.</span> <span class='ocrx_word' id='word_1_1425' title='bbox 1610 2247 1633 2272; x_wconf 81' lang='grc' dir='ltr'>ς.</span> <span class='ocrx_word' id='word_1_1426' title='bbox 1646 2246 1689 2274; x_wconf 85' lang='lat'>39.</span> <span class='ocrx_word' id='word_1_1427' title='bbox 1986 2238 1989 2239; x_wconf 50' lang='lat'><em>⁷</em></span> 
     </span>
    </p>

    <p class='ocr_par' dir='ltr' id='par_1_64' title="bbox 1261 2274 1792 2311">
     <span class='ocr_line' id='line_1_162' title="bbox 1261 2274 1792 2311; baseline -0.004 -6"><span class='ocrx_word' id='word_1_1428' title='bbox 1261 2275 1382 2305; x_wconf 63' lang='lat' dir='ltr'>sitiens:</span> <span class='ocrx_word' id='word_1_1429' title='bbox 1398 2275 1484 2304; x_wconf 89' lang='lat' dir='ltr'>Ovid.</span> <span class='ocrx_word' id='word_1_1430' title='bbox 1494 2283 1521 2304; x_wconf 86' lang='lat'>2.</span> <span class='ocrx_word' id='word_1_1431' title='bbox 1534 2274 1570 2304; x_wconf 88' lang='lat' dir='ltr'>de</span> <span class='ocrx_word' id='word_1_1432' title='bbox 1582 2277 1645 2305; x_wconf 83' lang='lat' dir='ltr'>Arte</span> <span class='ocrx_word' id='word_1_1433' title='bbox 1657 2277 1717 2304; x_wconf 86' lang='lat' dir='ltr'>Am.</span> <span class='ocrx_word' id='word_1_1434' title='bbox 1727 2283 1759 2311; x_wconf 89' lang='lat'>23</span> <span class='ocrx_word' id='word_1_1435' title='bbox 1769 2284 1792 2304; x_wconf 88' lang='lat' dir='ltr'>r.</span> 
     </span>
    </p>

    <p class='ocr_par' dir='ltr' id='par_1_65' title="bbox 1261 2312 2396 2578">
     <span class='ocr_line' id='line_1_163' title="bbox 1261 2312 2392 2352; baseline 0 -10"><span class='ocrx_word' id='word_1_1436' title='bbox 1261 2313 1396 2343; x_wconf 86' lang='lat' dir='ltr'>Canicula</span> <span class='ocrx_word' id='word_1_1437' title='bbox 1406 2335 1414 2347; x_wconf 91' lang='lat'>,</span> <span class='ocrx_word' id='word_1_1438' title='bbox 1434 2322 1485 2350; x_wconf 90' lang='lat' dir='ltr'>pro</span> <span class='ocrx_word' id='word_1_1439' title='bbox 1494 2312 1670 2342; x_wconf 87' lang='lat' dir='ltr'>Sideratione</span> <span class='ocrx_word' id='word_1_1440' title='bbox 1682 2312 1738 2349; x_wconf 78' lang='lat' dir='ltr'>ipsa</span> <span class='ocrx_word' id='word_1_1441' title='bbox 1751 2314 1777 2342; x_wconf 70' lang='grc' dir='ltr'>ἃ</span> <span class='ocrx_word' id='word_1_1442' title='bbox 1787 2312 2047 2343; x_wconf 87' lang='lat' dir='ltr'>carbunculatione.</span> <span class='ocrx_word' id='word_1_1443' title='bbox 2069 2312 2139 2343; x_wconf 86' lang='lat' dir='ltr'>Plin.</span> <span class='ocrx_word' id='word_1_1444' title='bbox 2156 2313 2205 2343; x_wconf 86' lang='lat' dir='ltr'>lib.</span> <span class='ocrx_word' id='word_1_1445' title='bbox 2219 2319 2260 2348; x_wconf 82' lang='lat'>18.</span> <span class='ocrx_word' id='word_1_1446' title='bbox 2272 2323 2333 2352; x_wconf 87' lang='lat' dir='ltr'>cap.</span> <span class='ocrx_word' id='word_1_1447' title='bbox 2345 2318 2392 2347; x_wconf 80' lang='lat'>28.</span> 
     </span>
     <span class='ocr_line' id='line_1_164' title="bbox 1280 2351 2396 2389; baseline 0 -9"><span class='ocrx_word' id='word_1_1448' title='bbox 1280 2351 1395 2381; x_wconf 91' lang='lat' dir='ltr'>Publica</span> <span class='ocrx_word' id='word_1_1449' title='bbox 1409 2351 1469 2380; x_wconf 68' lang='lat' dir='ltr'>haec</span> <span class='ocrx_word' id='word_1_1450' title='bbox 1488 2352 1514 2380; x_wconf 66' lang='grc' dir='ltr'>ὃς</span> <span class='ocrx_word' id='word_1_1451' title='bbox 1528 2360 1635 2388; x_wconf 64' lang='lat' dir='ltr'>magnae</span> <span class='ocrx_word' id='word_1_1452' title='bbox 1650 2351 1817 2380; x_wconf 66' lang='lat' dir='ltr'>differentiae</span> <span class='ocrx_word' id='word_1_1453' title='bbox 1836 2361 1852 2380; x_wconf 89' lang='lat' dir='ltr'>a</span> <span class='ocrx_word' id='word_1_1454' title='bbox 1870 2352 2026 2388; x_wconf 82' lang='lat' dir='ltr'>prioribus,</span> <span class='ocrx_word' id='word_1_1455' title='bbox 2047 2351 2110 2381; x_wconf 87' lang='lat' dir='ltr'>aliis</span> <span class='ocrx_word' id='word_1_1456' title='bbox 2132 2352 2290 2389; x_wconf 86' lang='lat' dir='ltr'>rubiginem</span> <span class='ocrx_word' id='word_1_1457' title='bbox 2305 2374 2312 2386; x_wconf 75' lang='lat'>,.</span> <span class='ocrx_word' id='word_1_1458' title='bbox 2335 2351 2396 2380; x_wconf 88' lang='lat' dir='ltr'>aliis</span> 
     </span>
     <span class='ocr_line' id='line_1_165' title="bbox 1280 2386 2394 2427; baseline 0 -9"><span class='ocrx_word' id='word_1_1459' title='bbox 1280 2389 1447 2424; x_wconf 77' lang='lat' dir='ltr'>uredinem,</span> <span class='ocrx_word' id='word_1_1460' title='bbox 1469 2388 1529 2418; x_wconf 88' lang='lat' dir='ltr'>aliis</span> <span class='ocrx_word' id='word_1_1461' title='bbox 1540 2386 1704 2418; x_wconf 87' lang='lat' dir='ltr'>Caniculam</span> <span class='ocrx_word' id='word_1_1462' title='bbox 1718 2389 1926 2427; x_wconf 81' lang='lat' dir='ltr'>appellantibus</span> <span class='ocrx_word' id='word_1_1463' title='bbox 1944 2411 1952 2424; x_wconf 85' lang='lat'>,</span> <span class='ocrx_word' id='word_1_1464' title='bbox 1973 2390 2106 2419; x_wconf 85' lang='lat' dir='ltr'>omnibus</span> <span class='ocrx_word' id='word_1_1465' title='bbox 2126 2399 2191 2419; x_wconf 92' lang='lat' dir='ltr'>vero</span> <span class='ocrx_word' id='word_1_1466' title='bbox 2212 2390 2394 2418; x_wconf 81' lang='lat' dir='ltr'>sterilitatem.</span> 
     </span>
     <span class='ocr_line' id='line_1_166' title="bbox 1280 2425 2396 2465; baseline -0.002 -8"><span class='ocrx_word' id='word_1_1467' title='bbox 1280 2428 1327 2457; x_wconf 91' lang='lat' dir='ltr'>Sic</span> <span class='ocrx_word' id='word_1_1468' title='bbox 1338 2437 1373 2456; x_wconf 85' lang='lat' dir='ltr'>ex</span> <span class='ocrx_word' id='word_1_1469' title='bbox 1384 2427 1498 2456; x_wconf 88' lang='lat' dir='ltr'>vetustis</span> <span class='ocrx_word' id='word_1_1470' title='bbox 1512 2425 1590 2455; x_wconf 91' lang='lat' dir='ltr'>libris</span> <span class='ocrx_word' id='word_1_1471' title='bbox 1599 2427 1717 2455; x_wconf 88' lang='lat' dir='ltr'>restituit</span> <span class='ocrx_word' id='word_1_1472' title='bbox 1727 2427 1876 2456; x_wconf 87' lang='lat' dir='ltr'>Turnebus</span> <span class='ocrx_word' id='word_1_1473' title='bbox 1886 2449 1894 2462; x_wconf 87' lang='lat'>,</span> <span class='ocrx_word' id='word_1_1474' title='bbox 1916 2437 2002 2464; x_wconf 87' lang='lat' dir='ltr'>quum</span> <span class='ocrx_word' id='word_1_1475' title='bbox 2012 2435 2094 2457; x_wconf 86' lang='lat' dir='ltr'>antea</span> <span class='ocrx_word' id='word_1_1476' title='bbox 2112 2438 2163 2465; x_wconf 92' lang='lat' dir='ltr'>pro</span> <span class='ocrx_word' id='word_1_1477' title='bbox 2181 2427 2317 2457; x_wconf 82' lang='lat' dir='ltr'>Canicula</span> <span class='ocrx_word' id='word_1_1478' title='bbox 2331 2427 2396 2456; x_wconf 83' lang='lat' dir='ltr'>Car-</span> 
     </span>
     <span class='ocr_line' id='line_1_167' title="bbox 1282 2465 2396 2502; baseline -0.001 -8"><span class='ocrx_word' id='word_1_1479' title='bbox 1282 2465 1422 2494; x_wconf 83' lang='lat' dir='ltr'>bunculus</span> <span class='ocrx_word' id='word_1_1480' title='bbox 1430 2465 1586 2502; x_wconf 81' lang='lat' dir='ltr'>legeretur,</span> <span class='ocrx_word' id='word_1_1481' title='bbox 1609 2474 1668 2501; x_wconf 66' lang='lat' dir='ltr'>qum</span> <span class='ocrx_word' id='word_1_1482' title='bbox 1680 2465 1803 2494; x_wconf 87' lang='lat' dir='ltr'>nominis</span> <span class='ocrx_word' id='word_1_1483' title='bbox 1825 2465 1902 2494; x_wconf 89' lang='lat' dir='ltr'>idem</span> <span class='ocrx_word' id='word_1_1484' title='bbox 1919 2466 2035 2495; x_wconf 85' lang='lat' dir='ltr'>valentis</span> <span class='ocrx_word' id='word_1_1485' title='bbox 2051 2466 2207 2495; x_wconf 87' lang='lat' dir='ltr'>substitutio</span> <span class='ocrx_word' id='word_1_1486' title='bbox 2227 2466 2275 2494; x_wconf 88' lang='lat' dir='ltr'>etsi</span> <span class='ocrx_word' id='word_1_1487' title='bbox 2294 2475 2350 2494; x_wconf 78' lang='lat' dir='ltr'>non</span> <span class='ocrx_word' id='word_1_1488' title='bbox 2364 2465 2396 2494; x_wconf 76' lang='lat' dir='ltr'>[it</span> 
     </span>
     <span class='ocr_line' id='line_1_168' title="bbox 1281 2501 2396 2541; baseline 0.001 -9"><span class='ocrx_word' id='word_1_1489' title='bbox 1281 2503 1467 2541; x_wconf 85' lang='lat' dir='ltr'>improbanda</span> <span class='ocrx_word' id='word_1_1490' title='bbox 1475 2524 1483 2537; x_wconf 91' lang='lat'>,</span> <span class='ocrx_word' id='word_1_1491' title='bbox 1508 2501 1556 2531; x_wconf 87' lang='lat' dir='ltr'>suo</span> <span class='ocrx_word' id='word_1_1492' title='bbox 1566 2508 1662 2532; x_wconf 87' lang='lat' dir='ltr'>tamen</span> <span class='ocrx_word' id='word_1_1493' title='bbox 1674 2502 1798 2539; x_wconf 89' lang='lat' dir='ltr'>quidque</span> <span class='ocrx_word' id='word_1_1494' title='bbox 1809 2502 1874 2533; x_wconf 93' lang='lat' dir='ltr'>loco</span> <span class='ocrx_word' id='word_1_1495' title='bbox 1887 2503 1967 2533; x_wconf 88' lang='lat' dir='ltr'>reddi</span> <span class='ocrx_word' id='word_1_1496' title='bbox 1975 2504 2141 2541; x_wconf 84' lang='lat' dir='ltr'>restituique</span> <span class='ocrx_word' id='word_1_1497' title='bbox 2153 2504 2192 2534; x_wconf 90' lang='lat' dir='ltr'>est</span> <span class='ocrx_word' id='word_1_1498' title='bbox 2201 2503 2396 2541; x_wconf 80' lang='lat' dir='ltr'>aequiffimum.</span> 
     </span>
     <span class='ocr_line' id='line_1_169' title="bbox 1282 2540 1822 2578; baseline 0 -8"><span class='ocrx_word' id='word_1_1499' title='bbox 1282 2541 1395 2578; x_wconf 82' lang='lat' dir='ltr'>Legitur</span> <span class='ocrx_word' id='word_1_1500' title='bbox 1407 2540 1600 2570; x_wconf 80' lang='lat' dir='ltr'>Carbunculus</span> <span class='ocrx_word' id='word_1_1501' title='bbox 1615 2541 1645 2569; x_wconf 90' lang='lat' dir='ltr'>in</span> <span class='ocrx_word' id='word_1_1502' title='bbox 1654 2541 1721 2570; x_wconf 89' lang='lat' dir='ltr'>edit.</span> <span class='ocrx_word' id='word_1_1503' title='bbox 1738 2540 1822 2570; x_wconf 88' lang='lat' dir='ltr'>Hard.</span> 
     </span>
    </p>

    <p class='ocr_par' dir='ltr' id='par_1_66' title="bbox 1264 2577 1748 2610">
     <span class='ocr_line' id='line_1_170' title="bbox 1264 2577 1748 2610; baseline -0.006 0"><span class='ocrx_word' id='word_1_1504' title='bbox 1264 2578 1432 2610; x_wconf 85' lang='lat' dir='ltr'>Caniculain</span> <span class='ocrx_word' id='word_1_1505' title='bbox 1447 2577 1517 2607; x_wconf 80' lang='lat' dir='ltr'>talis.</span> <span class='ocrx_word' id='word_1_1506' title='bbox 1565 2578 1595 2607; x_wconf 96' lang='lat' dir='ltr'>V.</span> <span class='ocrx_word' id='word_1_1507' title='bbox 1619 2587 1637 2607; x_wconf 86' lang='lat' dir='ltr'>c</span> <span class='ocrx_word' id='word_1_1508' title='bbox 1648 2588 1667 2607; x_wconf 64' lang='lat' dir='ltr'>a</span> <span class='ocrx_word' id='word_1_1509' title='bbox 1679 2588 1698 2607; x_wconf 79' lang='lat' dir='ltr'>N</span> <span class='ocrx_word' id='word_1_1510' title='bbox 1708 2589 1716 2607; x_wconf 89' lang='lat'>1</span> <span class='ocrx_word' id='word_1_1511' title='bbox 1727 2588 1748 2607; x_wconf 85' lang='lat' dir='ltr'>s.</span> 
     </span>
    </p>
   </div>
   <div class='ocr_carea' id='block_1_11' title="bbox 1933 2123 2144 2154">
    <p class='ocr_par' dir='ltr' id='par_1_67' title="bbox 1933 2123 2144 2154">
     <span class='ocr_line' id='line_1_171' title="bbox 1933 2123 2144 2154; baseline 0.005 -1"><span class='ocrx_word' id='word_1_1512' title='bbox 1933 2123 2040 2154; x_wconf 86' lang='lat' dir='ltr'>Vitabis</span> <span class='ocrx_word' id='word_1_1513' title='bbox 2057 2124 2144 2154; x_wconf 77' lang='lat' dir='ltr'>aestus.</span> 
     </span>
    </p>
   </div>
   <div class='ocr_carea' id='block_1_12' title="bbox 1225 2616 2396 2652">
    <p class='ocr_par' dir='ltr' id='par_1_68' title="bbox 1225 2616 2396 2652">
     <span class='ocr_line' id='line_1_172' title="bbox 1225 2616 2396 2652; baseline -0.003 -4"><span class='ocrx_word' id='word_1_1514' title='bbox 1225 2619 1248 2649; x_wconf 90' lang='lat' dir='ltr'>C</span> <span class='ocrx_word' id='word_1_1515' title='bbox 1259 2629 1278 2648; x_wconf 93' lang='lat' dir='ltr'>A</span> <span class='ocrx_word' id='word_1_1516' title='bbox 1289 2627 1310 2646; x_wconf 78' lang='lat' dir='ltr'>N</span> <span class='ocrx_word' id='word_1_1517' title='bbox 1320 2628 1329 2645; x_wconf 92' lang='lat'>1</span> <span class='ocrx_word' id='word_1_1518' title='bbox 1339 2626 1356 2646; x_wconf 87' lang='lat' dir='ltr'>c</span> <span class='ocrx_word' id='word_1_1519' title='bbox 1365 2626 1385 2645; x_wconf 87' lang='lat' dir='ltr'>u</span> <span class='ocrx_word' id='word_1_1520' title='bbox 1395 2628 1411 2645; x_wconf 85' lang='lat' dir='ltr'>L</span> <span class='ocrx_word' id='word_1_1521' title='bbox 1421 2620 1436 2645; x_wconf 66' lang='lat' dir='ltr'>Fi</span> <span class='ocrx_word' id='word_1_1522' title='bbox 1448 2626 1463 2644; x_wconf 81' lang='lat' dir='ltr'>R</span> <span class='ocrx_word' id='word_1_1523' title='bbox 1474 2627 1482 2644; x_wconf 91' lang='lat'>1</span> <span class='ocrx_word' id='word_1_1524' title='bbox 1494 2626 1515 2651; x_wconf 80' lang='lat' dir='ltr'>S,</span> <span class='ocrx_word' id='word_1_1525' title='bbox 1528 2616 1589 2652; x_wconf 78' lang='lat' dir='ltr'>Adj.</span> <span class='ocrx_word' id='word_1_1526' title='bbox 1604 2626 1628 2645; x_wconf 90' lang='lat' dir='ltr'>e.</span> <span class='ocrx_word' id='word_1_1527' title='bbox 1651 2623 1698 2651; x_wconf 87' lang='lat' dir='ltr'>ut,</span> <span class='ocrx_word' id='word_1_1528' title='bbox 1718 2616 1784 2646; x_wconf 85' lang='lat' dir='ltr'>Dies</span> <span class='ocrx_word' id='word_1_1529' title='bbox 1795 2616 1974 2647; x_wconf 85' lang='lat' dir='ltr'>Caniculares</span> <span class='ocrx_word' id='word_1_1530' title='bbox 1985 2617 2019 2646; x_wconf 89' lang='lat' dir='ltr'>ab</span> <span class='ocrx_word' id='word_1_1531' title='bbox 2034 2617 2202 2647; x_wconf 86' lang='lat' dir='ltr'>Astronomis</span> <span class='ocrx_word' id='word_1_1532' title='bbox 2216 2623 2351 2647; x_wconf 83' lang='lat' dir='ltr'>vocantur</span> <span class='ocrx_word' id='word_1_1533' title='bbox 2361 2616 2396 2646; x_wconf 84' lang='lat' dir='ltr'>ab</span> 
     </span>
    </p>
   </div>
   <div class='ocr_carea' id='block_1_13' title="bbox 1263 2654 2397 2882">
    <p class='ocr_par' dir='ltr' id='par_1_69' title="bbox 1263 2654 2397 2882">
     <span class='ocr_line' id='line_1_173' title="bbox 1264 2654 2397 2692; baseline -0.002 -6"><span class='ocrx_word' id='word_1_1534' title='bbox 1264 2664 1327 2686; x_wconf 92' lang='lat' dir='ltr'>ortu</span> <span class='ocrx_word' id='word_1_1535' title='bbox 1338 2654 1373 2684; x_wconf 89' lang='lat' dir='ltr'>ad</span> <span class='ocrx_word' id='word_1_1536' title='bbox 1380 2654 1510 2683; x_wconf 83' lang='lat' dir='ltr'>occasum</span> <span class='ocrx_word' id='word_1_1537' title='bbox 1521 2654 1670 2689; x_wconf 82' lang='lat' dir='ltr'>Caniculae,</span> <span class='ocrx_word' id='word_1_1538' title='bbox 1686 2664 1755 2691; x_wconf 88' lang='lat' dir='ltr'>quos</span> <span class='ocrx_word' id='word_1_1539' title='bbox 1767 2655 1937 2692; x_wconf 87' lang='lat' dir='ltr'>periculosos</span> <span class='ocrx_word' id='word_1_1540' title='bbox 1949 2655 2003 2685; x_wconf 77' lang='lat' dir='ltr'>effe</span> <span class='ocrx_word' id='word_1_1541' title='bbox 2020 2656 2108 2685; x_wconf 87' lang='lat' dir='ltr'>aiunt.</span> <span class='ocrx_word' id='word_1_1542' title='bbox 2148 2655 2220 2684; x_wconf 85' lang='lat' dir='ltr'>Sunt</span> <span class='ocrx_word' id='word_1_1543' title='bbox 2228 2662 2320 2684; x_wconf 81' lang='lat' dir='ltr'>autem</span> <span class='ocrx_word' id='word_1_1544' title='bbox 2339 2664 2397 2684; x_wconf 85' lang='lat' dir='ltr'>nia-</span> 
     </span>
     <span class='ocr_line' id='line_1_174' title="bbox 1263 2692 2393 2730; baseline -0.003 -6"><span class='ocrx_word' id='word_1_1545' title='bbox 1263 2694 1340 2724; x_wconf 80' lang='lat' dir='ltr'>xime</span> <span class='ocrx_word' id='word_1_1546' title='bbox 1360 2693 1433 2722; x_wconf 89' lang='lat' dir='ltr'>circa</span> <span class='ocrx_word' id='word_1_1547' title='bbox 1454 2692 1566 2728; x_wconf 83' lang='lat' dir='ltr'>triginta</span> <span class='ocrx_word' id='word_1_1548' title='bbox 1585 2692 1646 2721; x_wconf 79' lang='lat' dir='ltr'>dies</span> <span class='ocrx_word' id='word_1_1549' title='bbox 1663 2692 1723 2730; x_wconf 81' lang='lat' dir='ltr'>post</span> <span class='ocrx_word' id='word_1_1550' title='bbox 1740 2692 1883 2723; x_wconf 85' lang='lat' dir='ltr'>solstitium</span> <span class='ocrx_word' id='word_1_1551' title='bbox 1894 2693 2026 2723; x_wconf 64' lang='lat' dir='ltr'>aestivum.</span> <span class='ocrx_word' id='word_1_1552' title='bbox 2068 2692 2169 2723; x_wconf 87' lang='lat' dir='ltr'>Pallad.</span> <span class='ocrx_word' id='word_1_1553' title='bbox 2185 2694 2213 2722; x_wconf 85' lang='lat' dir='ltr'>in</span> <span class='ocrx_word' id='word_1_1554' title='bbox 2225 2693 2278 2727; x_wconf 73' lang='lat' dir='ltr'>Jul.</span> <span class='ocrx_word' id='word_1_1555' title='bbox 2295 2703 2355 2730; x_wconf 80' lang='lat' dir='ltr'>cap.</span> <span class='ocrx_word' id='word_1_1556' title='bbox 2370 2703 2393 2722; x_wconf 89' lang='lat'>1.</span> 
     </span>
     <span class='ocr_line' id='line_1_175' title="bbox 1267 2729 2395 2769; baseline -0.002 -8"><span class='ocrx_word' id='word_1_1557' title='bbox 1267 2732 1331 2762; x_wconf 85' lang='lat' dir='ltr'>Hoc</span> <span class='ocrx_word' id='word_1_1558' title='bbox 1341 2730 1436 2760; x_wconf 88' lang='lat' dir='ltr'>mense</span> <span class='ocrx_word' id='word_1_1559' title='bbox 1446 2731 1553 2759; x_wconf 86' lang='lat' dir='ltr'>utiliter</span> <span class='ocrx_word' id='word_1_1560' title='bbox 1562 2751 1570 2765; x_wconf 83' lang='grc'><em>,</em></span> <span class='ocrx_word' id='word_1_1561' title='bbox 1592 2729 1709 2759; x_wconf 85' lang='lat' dir='ltr'>velante</span> <span class='ocrx_word' id='word_1_1562' title='bbox 1720 2730 1897 2760; x_wconf 83' lang='lat' dir='ltr'>Caniculares</span> <span class='ocrx_word' id='word_1_1563' title='bbox 1905 2731 1966 2761; x_wconf 87' lang='lat' dir='ltr'>dies</span> <span class='ocrx_word' id='word_1_1564' title='bbox 1978 2754 1987 2767; x_wconf 85' lang='lat'>,</span> <span class='ocrx_word' id='word_1_1565' title='bbox 2008 2731 2097 2761; x_wconf 84' lang='lat' dir='ltr'>filices</span> <span class='ocrx_word' id='word_1_1566' title='bbox 2113 2731 2267 2769; x_wconf 65' lang='lat' dir='ltr'>extirpzibis</span> <span class='ocrx_word' id='word_1_1567' title='bbox 2278 2753 2285 2765; x_wconf 88' lang='lat'>,</span> <span class='ocrx_word' id='word_1_1568' title='bbox 2307 2732 2332 2760; x_wconf 65' lang='grc' dir='ltr'>δί</span> <span class='ocrx_word' id='word_1_1569' title='bbox 2350 2740 2395 2759; x_wconf 86' lang='lat' dir='ltr'>ca-</span> 
     </span>
     <span class='ocr_line' id='line_1_176' title="bbox 1263 2767 2395 2806; baseline -0.002 -7"><span class='ocrx_word' id='word_1_1570' title='bbox 1263 2771 1360 2799; x_wconf 87' lang='lat' dir='ltr'>ricem.</span> <span class='ocrx_word' id='word_1_1571' title='bbox 1402 2768 1494 2798; x_wconf 85' lang='lat' dir='ltr'>Bassus</span> <span class='ocrx_word' id='word_1_1572' title='bbox 1504 2790 1512 2803; x_wconf 90' lang='lat'>,</span> <span class='ocrx_word' id='word_1_1573' title='bbox 1533 2767 1579 2797; x_wconf 86' lang='lat' dir='ltr'>seu</span> <span class='ocrx_word' id='word_1_1574' title='bbox 1600 2768 1649 2804; x_wconf 86' lang='lat' dir='ltr'>(ut</span> <span class='ocrx_word' id='word_1_1575' title='bbox 1665 2768 1725 2797; x_wconf 85' lang='lat' dir='ltr'>aliis</span> <span class='ocrx_word' id='word_1_1576' title='bbox 1735 2768 1848 2806; x_wconf 85' lang='lat' dir='ltr'>placet)</span> <span class='ocrx_word' id='word_1_1577' title='bbox 1869 2769 2051 2799; x_wconf 89' lang='lat' dir='ltr'>Germanicus</span> <span class='ocrx_word' id='word_1_1578' title='bbox 2063 2768 2149 2798; x_wconf 60' lang='lat' dir='ltr'>Caesar</span> <span class='ocrx_word' id='word_1_1579' title='bbox 2160 2770 2188 2798; x_wconf 91' lang='lat' dir='ltr'>in</span> <span class='ocrx_word' id='word_1_1580' title='bbox 2202 2771 2312 2798; x_wconf 72' lang='lat' dir='ltr'>Aratum</span> <span class='ocrx_word' id='word_1_1581' title='bbox 2324 2790 2332 2804; x_wconf 91' lang='lat'>,</span> <span class='ocrx_word' id='word_1_1582' title='bbox 2352 2768 2395 2798; x_wconf 90' lang='lat' dir='ltr'>Si-</span> 
     </span>
     <span class='ocr_line' id='line_1_177' title="bbox 1264 2805 2293 2842; baseline -0.002 -5"><span class='ocrx_word' id='word_1_1583' title='bbox 1264 2809 1336 2837; x_wconf 77' lang='lat' dir='ltr'>rium</span> <span class='ocrx_word' id='word_1_1584' title='bbox 1346 2807 1437 2836; x_wconf 86' lang='lat' dir='ltr'>Latini</span> <span class='ocrx_word' id='word_1_1585' title='bbox 1450 2805 1614 2835; x_wconf 78' lang='lat' dir='ltr'>Caniculam</span> <span class='ocrx_word' id='word_1_1586' title='bbox 1628 2813 1746 2842; x_wconf 85' lang='lat' dir='ltr'>vocant,</span> <span class='ocrx_word' id='word_1_1587' title='bbox 1767 2807 1843 2836; x_wconf 91' lang='lat' dir='ltr'>unde</span> <span class='ocrx_word' id='word_1_1588' title='bbox 1854 2808 1880 2837; x_wconf 75' lang='lat' dir='ltr'>Sc</span> <span class='ocrx_word' id='word_1_1589' title='bbox 1893 2808 1953 2837; x_wconf 87' lang='lat' dir='ltr'>dies</span> <span class='ocrx_word' id='word_1_1590' title='bbox 1964 2807 2141 2837; x_wconf 75' lang='lat' dir='ltr'>caniculares</span> <span class='ocrx_word' id='word_1_1591' title='bbox 2155 2808 2293 2836; x_wconf 83' lang='lat' dir='ltr'>dicuntur.</span> 
     </span>
     <span class='ocr_line' id='line_1_178' title="bbox 1263 2844 1926 2882; baseline -0.003 -6"><span class='ocrx_word' id='word_1_1592' title='bbox 1263 2845 1449 2876; x_wconf 82' lang='lat' dir='ltr'>lnclementia</span> <span class='ocrx_word' id='word_1_1593' title='bbox 1458 2844 1631 2874; x_wconf 86' lang='lat' dir='ltr'>canicularis.</span> <span class='ocrx_word' id='word_1_1594' title='bbox 1654 2844 1751 2874; x_wconf 89' lang='lat' dir='ltr'>Sidon.</span> <span class='ocrx_word' id='word_1_1595' title='bbox 1762 2854 1789 2873; x_wconf 90' lang='lat'>2.</span> <span class='ocrx_word' id='word_1_1596' title='bbox 1806 2845 1889 2882; x_wconf 86' lang='lat' dir='ltr'>Epist.</span> <span class='ocrx_word' id='word_1_1597' title='bbox 1900 2855 1926 2875; x_wconf 94' lang='lat'>2.</span> 
     </span>
    </p>
   </div>
   <div class='ocr_carea' id='block_1_14' title="bbox 1226 2881 2392 2920">
    <p class='ocr_par' dir='ltr' id='par_1_70' title="bbox 1226 2881 2392 2920">
     <span class='ocr_line' id='line_1_179' title="bbox 1226 2881 2392 2920; baseline -0.003 -6"><span class='ocrx_word' id='word_1_1598' title='bbox 1226 2885 1248 2914; x_wconf 88' lang='lat' dir='ltr'>C</span> <span class='ocrx_word' id='word_1_1599' title='bbox 1260 2893 1351 2914; x_wconf 71' lang='lat' dir='ltr'>Aure</span> <span class='ocrx_word' id='word_1_1600' title='bbox 1363 2893 1380 2912; x_wconf 83' lang='lat' dir='ltr'>u</span> <span class='ocrx_word' id='word_1_1601' title='bbox 1392 2886 1462 2911; x_wconf 66' lang='grc' dir='ltr'>ιᾸτ</span> <span class='ocrx_word' id='word_1_1602' title='bbox 1474 2892 1490 2911; x_wconf 83' lang='grc' dir='ltr'>υ</span> <span class='ocrx_word' id='word_1_1603' title='bbox 1501 2892 1513 2912; x_wconf 86' lang='lat' dir='ltr'>s</span> <span class='ocrx_word' id='word_1_1604' title='bbox 1528 2904 1536 2917; x_wconf 90' lang='lat'>,</span> <span class='ocrx_word' id='word_1_1605' title='bbox 1557 2892 1590 2918; x_wconf 88' lang='lat' dir='ltr'>a,</span> <span class='ocrx_word' id='word_1_1606' title='bbox 1611 2892 1669 2912; x_wconf 90' lang='lat' dir='ltr'>um.</span> <span class='ocrx_word' id='word_1_1607' title='bbox 1691 2882 1768 2912; x_wconf 82' lang='lat' dir='ltr'>aliud</span> <span class='ocrx_word' id='word_1_1608' title='bbox 1791 2882 1853 2920; x_wconf 67' lang='lat' dir='ltr'>adj.</span> <span class='ocrx_word' id='word_1_1609' title='bbox 1874 2889 1905 2913; x_wconf 83' lang='lat' dir='ltr'>ut</span> <span class='ocrx_word' id='word_1_1610' title='bbox 1925 2882 2019 2914; x_wconf 84' lang='lat' dir='ltr'>Herba</span> <span class='ocrx_word' id='word_1_1611' title='bbox 2035 2882 2200 2913; x_wconf 87' lang='lat' dir='ltr'>caniculata.</span> <span class='ocrx_word' id='word_1_1612' title='bbox 2240 2881 2346 2911; x_wconf 82' lang='lat' dir='ltr'>Macer.</span> <span class='ocrx_word' id='word_1_1613' title='bbox 2363 2891 2392 2911; x_wconf 66' lang='grc' dir='ltr'>α.</span> 
     </span>
    </p>
   </div>
   <div class='ocr_carea' id='block_1_15' title="bbox 1261 2930 2393 3863">
    <p class='ocr_par' dir='ltr' id='par_1_71' title="bbox 1261 2930 2393 3863">
     <span class='ocr_line' id='line_1_180' title="bbox 1265 2932 1388 2952; baseline -0.016 0"><span class='ocrx_word' id='word_1_1614' title='bbox 1265 2932 1297 2952; x_wconf 89' lang='lat' dir='ltr'>ca</span> <span class='ocrx_word' id='word_1_1615' title='bbox 1320 2945 1326 2950; x_wconf 96' lang='lat'>.</span> <span class='ocrx_word' id='word_1_1616' title='bbox 1381 2943 1388 2950; x_wconf 94' lang='lat'>.</span> 
     </span>
     <span class='ocr_line' id='line_1_181' title="bbox 1264 2930 1864 3032; baseline -0.002 -42"><span class='ocrx_word' id='word_1_1617' title='bbox 1264 2932 1325 2990; x_wconf 38' lang='lat' dir='ltr'>Usa</span> <span class='ocrx_word' id='word_1_1618' title='bbox 1336 2930 1502 2989; x_wconf 53' lang='lat' dir='ltr'>c3a5niculata.</span> <span class='ocrx_word' id='word_1_1619' title='bbox 1524 2957 1613 2988; x_wconf 87' lang='lat' dir='ltr'>Marc.</span> <span class='ocrx_word' id='word_1_1620' title='bbox 1632 2958 1736 2996; x_wconf 87' lang='lat' dir='ltr'>Empir.</span> <span class='ocrx_word' id='word_1_1621' title='bbox 1749 2968 1809 3032; x_wconf 79' lang='lat' dir='ltr'>cap]-</span> <span class='ocrx_word' id='word_1_1622' title='bbox 1821 2967 1864 2994; x_wconf 85' lang='lat'>13.</span> 
     </span>
     <span class='ocr_line' id='line_1_182' title="bbox 1690 2999 1860 3028; baseline -0.012 0"><span class='ocrx_word' id='word_1_1623' title='bbox 1690 2999 1786 3028; x_wconf 60' lang='lat' dir='ltr'>nvvt’tss&#39;ff</span> <span class='ocrx_word' id='word_1_1624' title='bbox 1829 3002 1860 3026; x_wconf 81' lang='lat' dir='ltr'>ut</span> 
     </span>
     <span class='ocr_line' id='line_1_183' title="bbox 1264 2998 2300 3074; baseline -0.003 -10"><span class='ocrx_word' id='word_1_1625' title='bbox 1264 3035 1536 3074; x_wconf 85' lang='lat' dir='ltr'>Appetituscaninus</span> <span class='ocrx_word' id='word_1_1626' title='bbox 1556 2998 1682 3071; x_wconf 52' lang='grc' dir='ltr'>[κυνώδὶιξ</span> <span class='ocrx_word' id='word_1_1627' title='bbox 1696 3034 1794 3070; x_wconf 61' lang='grc' dir='ltr'>ᾊξεξις]</span> <span class='ocrx_word' id='word_1_1628' title='bbox 1817 3018 1892 3072; x_wconf 66' lang='lat' dir='ltr'>apu’d</span> <span class='ocrx_word' id='word_1_1629' title='bbox 1903 3031 2039 3063; x_wconf 71' lang='lat' dir='ltr'>medicos.</span> <span class='ocrx_word' id='word_1_1630' title='bbox 2069 3032 2101 3063; x_wconf 89' lang='lat' dir='ltr'>V.</span> <span class='ocrx_word' id='word_1_1631' title='bbox 2123 3039 2300 3062; x_wconf 67' lang='lat' dir='ltr'>nutritus.</span> 
     </span>
     <span class='ocr_line' id='line_1_184' title="bbox 1262 3070 2391 3110; baseline -0.003 -7"><span class='ocrx_word' id='word_1_1632' title='bbox 1262 3074 1369 3104; x_wconf 83' lang='lat' dir='ltr'>Dentes</span> <span class='ocrx_word' id='word_1_1633' title='bbox 1380 3073 1493 3108; x_wconf 84' lang='lat' dir='ltr'>canini,</span> <span class='ocrx_word' id='word_1_1634' title='bbox 1515 3073 1561 3110; x_wconf 93' lang='lat' dir='ltr'>qui</span> <span class='ocrx_word' id='word_1_1635' title='bbox 1570 3073 1722 3102; x_wconf 82' lang='lat' dir='ltr'>anteriores</span> <span class='ocrx_word' id='word_1_1636' title='bbox 1731 3072 1811 3108; x_wconf 91' lang='lat' dir='ltr'>latos,</span> <span class='ocrx_word' id='word_1_1637' title='bbox 1834 3074 1861 3102; x_wconf 67' lang='grc' dir='ltr'>ἃ,</span> <span class='ocrx_word' id='word_1_1638' title='bbox 1874 3072 2036 3110; x_wconf 84' lang='lat' dir='ltr'>posteriores</span> <span class='ocrx_word' id='word_1_1639' title='bbox 2050 3071 2178 3109; x_wconf 88' lang='lat' dir='ltr'>duplices</span> <span class='ocrx_word' id='word_1_1640' title='bbox 2190 3070 2391 3100; x_wconf 78' lang='lat' dir='ltr'>discriminant.</span> 
     </span>
     <span class='ocr_line' id='line_1_185' title="bbox 1284 3110 1985 3149; baseline -0.004 -9"><span class='ocrx_word' id='word_1_1641' title='bbox 1284 3111 1353 3141; x_wconf 88' lang='lat' dir='ltr'>Plin.</span> <span class='ocrx_word' id='word_1_1642' title='bbox 1370 3111 1419 3140; x_wconf 91' lang='lat' dir='ltr'>lib.</span> <span class='ocrx_word' id='word_1_1643' title='bbox 1434 3120 1476 3140; x_wconf 87' lang='lat'>11.</span> <span class='ocrx_word' id='word_1_1644' title='bbox 1495 3120 1556 3149; x_wconf 87' lang='lat' dir='ltr'>cap.</span> <span class='ocrx_word' id='word_1_1645' title='bbox 1570 3120 1612 3147; x_wconf 88' lang='lat'>37.</span> <span class='ocrx_word' id='word_1_1646' title='bbox 1632 3110 1717 3148; x_wconf 78' lang='lat' dir='ltr'>vulgo</span> <span class='ocrx_word' id='word_1_1647' title='bbox 1730 3110 1863 3140; x_wconf 89' lang='lat' dir='ltr'>Oculares</span> <span class='ocrx_word' id='word_1_1648' title='bbox 1874 3116 1985 3139; x_wconf 87' lang='lat' dir='ltr'>vocant.</span> 
     </span>
     <span class='ocr_line' id='line_1_186' title="bbox 1262 3147 2231 3189; baseline -0.003 -11"><span class='ocrx_word' id='word_1_1649' title='bbox 1262 3149 1431 3187; x_wconf 90' lang='lat' dir='ltr'>Eloquentia</span> <span class='ocrx_word' id='word_1_1650' title='bbox 1441 3149 1549 3178; x_wconf 88' lang='lat' dir='ltr'>canina.</span> <span class='ocrx_word' id='word_1_1651' title='bbox 1572 3149 1693 3185; x_wconf 79' lang='lat' dir='ltr'>Quintil.</span> <span class='ocrx_word' id='word_1_1652' title='bbox 1714 3149 1760 3177; x_wconf 88' lang='lat' dir='ltr'>lib.</span> <span class='ocrx_word' id='word_1_1653' title='bbox 1775 3159 1818 3177; x_wconf 89' lang='lat'>12.</span> <span class='ocrx_word' id='word_1_1654' title='bbox 1831 3158 1892 3186; x_wconf 85' lang='lat' dir='ltr'>cap.</span> <span class='ocrx_word' id='word_1_1655' title='bbox 1905 3158 1930 3181; x_wconf 82' lang='lat'>9·</span> <span class='ocrx_word' id='word_1_1656' title='bbox 1953 3147 2040 3189; x_wconf 29' lang='lat' dir='ltr'>Quae‘</span> <span class='ocrx_word' id='word_1_1657' title='bbox 2165 3183 2172 3189; x_wconf 46' lang='lat'>.</span> <span class='ocrx_word' id='word_1_1658' title='bbox 2225 3184 2231 3189; x_wconf 30' lang='grc' dir='ltr'>ἱ</span> 
     </span>
     <span class='ocr_line' id='line_1_187' title="bbox 1261 3184 2393 3222; baseline -0.003 -5"><span class='ocrx_word' id='word_1_1659' title='bbox 1261 3187 1405 3217; x_wconf 85' lang='lat' dir='ltr'>Facundia</span> <span class='ocrx_word' id='word_1_1660' title='bbox 1418 3187 1527 3216; x_wconf 84' lang='lat' dir='ltr'>canina.</span> <span class='ocrx_word' id='word_1_1661' title='bbox 1565 3187 1636 3216; x_wconf 85' lang='lat' dir='ltr'>Gell.</span> <span class='ocrx_word' id='word_1_1662' title='bbox 1653 3196 1694 3222; x_wconf 87' lang='lat'>13.</span> <span class='ocrx_word' id='word_1_1663' title='bbox 1709 3197 1749 3222; x_wconf 86' lang='lat'>19.</span> <span class='ocrx_word' id='word_1_1664' title='bbox 1767 3192 1834 3216; x_wconf 80' lang='lat' dir='ltr'>extr.</span> <span class='ocrx_word' id='word_1_1665' title='bbox 1847 3186 1965 3218; x_wconf 82' lang='lat' dir='ltr'>dicitur,</span> <span class='ocrx_word' id='word_1_1666' title='bbox 1989 3184 2074 3217; x_wconf 78' lang='lat' dir='ltr'>Cuius</span> <span class='ocrx_word' id='word_1_1667' title='bbox 2093 3193 2187 3212; x_wconf 89' lang='lat' dir='ltr'>omnis</span> <span class='ocrx_word' id='word_1_1668' title='bbox 2206 3193 2246 3213; x_wconf 92' lang='lat' dir='ltr'>vis</span> <span class='ocrx_word' id='word_1_1669' title='bbox 2258 3184 2288 3213; x_wconf 93' lang='lat' dir='ltr'>in</span> <span class='ocrx_word' id='word_1_1670' title='bbox 2300 3184 2393 3214; x_wconf 88' lang='lat' dir='ltr'>crimi-</span> 
     </span>
     <span class='ocr_line' id='line_1_188' title="bbox 1280 3221 2390 3262; baseline -0.005 -8"><span class='ocrx_word' id='word_1_1671' title='bbox 1280 3225 1376 3255; x_wconf 84' lang='lat' dir='ltr'>nando</span> <span class='ocrx_word' id='word_1_1672' title='bbox 1388 3227 1413 3255; x_wconf 84' lang='lat'>&amp;</span> <span class='ocrx_word' id='word_1_1673' title='bbox 1423 3225 1610 3254; x_wconf 88' lang='lat' dir='ltr'>conviciando</span> <span class='ocrx_word' id='word_1_1674' title='bbox 1625 3225 1712 3262; x_wconf 87' lang='lat' dir='ltr'>posita</span> <span class='ocrx_word' id='word_1_1675' title='bbox 1722 3225 1760 3254; x_wconf 90' lang='lat' dir='ltr'>est</span> <span class='ocrx_word' id='word_1_1676' title='bbox 1771 3247 1779 3257; x_wconf 90' lang='lat'>,</span> <span class='ocrx_word' id='word_1_1677' title='bbox 1801 3225 1827 3253; x_wconf 71' lang='grc' dir='ltr'>ἃ</span> <span class='ocrx_word' id='word_1_1678' title='bbox 1842 3222 2082 3256; x_wconf 59' lang='lat' dir='ltr'>obtrectatoribus,</span> <span class='ocrx_word' id='word_1_1679' title='bbox 2103 3221 2309 3251; x_wconf 86' lang='lat' dir='ltr'>accusatoribus</span> <span class='ocrx_word' id='word_1_1680' title='bbox 2320 3244 2329 3254; x_wconf 84' lang='lat'>,</span> <span class='ocrx_word' id='word_1_1681' title='bbox 2349 3233 2390 3253; x_wconf 80' lang='lat' dir='ltr'>ra.</span> 
     </span>
     <span class='ocr_line' id='line_1_189' title="bbox 1280 3260 2391 3301; baseline -0.002 -8"><span class='ocrx_word' id='word_1_1682' title='bbox 1280 3263 1407 3301; x_wconf 84' lang='lat' dir='ltr'>bulisque</span> <span class='ocrx_word' id='word_1_1683' title='bbox 1419 3262 1573 3293; x_wconf 85' lang='lat' dir='ltr'>forensibus</span> <span class='ocrx_word' id='word_1_1684' title='bbox 1583 3263 1723 3292; x_wconf 88' lang='lat' dir='ltr'>tribuitur.</span> <span class='ocrx_word' id='word_1_1685' title='bbox 1754 3261 1785 3292; x_wconf 88' lang='lat' dir='ltr'>V.</span> <span class='ocrx_word' id='word_1_1686' title='bbox 1806 3261 1912 3291; x_wconf 86' lang='lat' dir='ltr'>Sallust.</span> <span class='ocrx_word' id='word_1_1687' title='bbox 1932 3261 2036 3297; x_wconf 85' lang='lat' dir='ltr'>Fragm.</span> <span class='ocrx_word' id='word_1_1688' title='bbox 2055 3269 2117 3296; x_wconf 87' lang='lat' dir='ltr'>cap.</span> <span class='ocrx_word' id='word_1_1689' title='bbox 2131 3268 2174 3296; x_wconf 88' lang='lat'>32.</span> <span class='ocrx_word' id='word_1_1690' title='bbox 2186 3268 2211 3296; x_wconf 87' lang='lat'>3.</span> <span class='ocrx_word' id='word_1_1691' title='bbox 2233 3261 2259 3289; x_wconf 75' lang='grc' dir='ltr'>δι</span> <span class='ocrx_word' id='word_1_1692' title='bbox 2273 3260 2391 3291; x_wconf 87' lang='lat' dir='ltr'>Hieron.</span> 
     </span>
     <span class='ocr_line' id='line_1_190' title="bbox 1282 3301 1599 3340; baseline -0.003 -9"><span class='ocrx_word' id='word_1_1693' title='bbox 1282 3302 1367 3340; x_wconf 79' lang='lat' dir='ltr'>Epist.</span> <span class='ocrx_word' id='word_1_1694' title='bbox 1380 3301 1478 3337; x_wconf 65' lang='grc' dir='ltr'>94.εά</span> <span class='ocrx_word' id='word_1_1695' title='bbox 1490 3302 1599 3338; x_wconf 78' lang='lat' dir='ltr'>August.</span> 
     </span>
     <span class='ocr_line' id='line_1_191' title="bbox 1262 3338 2214 3379; baseline -0.006 -9"><span class='ocrx_word' id='word_1_1696' title='bbox 1262 3339 1318 3370; x_wconf 85' lang='lat' dir='ltr'>Lac</span> <span class='ocrx_word' id='word_1_1697' title='bbox 1329 3340 1470 3369; x_wconf 86' lang='lat' dir='ltr'>caninum.</span> <span class='ocrx_word' id='word_1_1698' title='bbox 1494 3339 1578 3370; x_wconf 92' lang='lat' dir='ltr'>Ovid.</span> <span class='ocrx_word' id='word_1_1699' title='bbox 1590 3340 1620 3368; x_wconf 92' lang='lat' dir='ltr'>in</span> <span class='ocrx_word' id='word_1_1700' title='bbox 1632 3338 1715 3374; x_wconf 86' lang='lat' dir='ltr'>lbin,</span> <span class='ocrx_word' id='word_1_1701' title='bbox 1733 3346 1797 3371; x_wconf 83' lang='lat'>229.</span> <span class='ocrx_word' id='word_1_1702' title='bbox 1864 3373 1870 3379; x_wconf 27' lang='grc' dir='ltr'>α</span> <span class='ocrx_word' id='word_1_1703' title='bbox 1974 3373 1979 3379; x_wconf 39' lang='grc'><strong>.</strong></span> <span class='ocrx_word' id='word_1_1704' title='bbox 2120 3373 2125 3379; x_wconf 93' lang='lat'>.</span> <span class='ocrx_word' id='word_1_1705' title='bbox 2151 3373 2156 3379; x_wconf 42' lang='grc' dir='ltr'>Ι</span> <span class='ocrx_word' id='word_1_1706' title='bbox 2207 3372 2214 3379; x_wconf 48' lang='grc'><strong><em>.</em></strong></span> 
     </span>
     <span class='ocr_line' id='line_1_192' title="bbox 1263 3372 2389 3412; baseline -0.003 -4"><span class='ocrx_word' id='word_1_1707' title='bbox 1263 3378 1414 3408; x_wconf 84' lang='lat' dir='ltr'>Prandium</span> <span class='ocrx_word' id='word_1_1708' title='bbox 1431 3377 1565 3407; x_wconf 88' lang='lat' dir='ltr'>caninum</span> <span class='ocrx_word' id='word_1_1709' title='bbox 1579 3399 1588 3412; x_wconf 92' lang='lat'>,</span> <span class='ocrx_word' id='word_1_1710' title='bbox 1617 3383 1732 3407; x_wconf 85' lang='lat' dir='ltr'>vocatur</span> <span class='ocrx_word' id='word_1_1711' title='bbox 1754 3374 1921 3404; x_wconf 71' lang='lat' dir='ltr'>Abstemlum</span> <span class='ocrx_word' id='word_1_1712' title='bbox 1932 3395 1941 3409; x_wconf 92' lang='lat'>‚</span> <span class='ocrx_word' id='word_1_1713' title='bbox 1971 3382 2002 3402; x_wconf 88' lang='lat' dir='ltr'>in</span> <span class='ocrx_word' id='word_1_1714' title='bbox 2021 3382 2076 3410; x_wconf 89' lang='lat' dir='ltr'>quo</span> <span class='ocrx_word' id='word_1_1715' title='bbox 2097 3372 2170 3402; x_wconf 90' lang='lat' dir='ltr'>nihil</span> <span class='ocrx_word' id='word_1_1716' title='bbox 2187 3374 2246 3403; x_wconf 81' lang='lat' dir='ltr'>vini</span> <span class='ocrx_word' id='word_1_1717' title='bbox 2260 3379 2389 3412; x_wconf 83' lang='lat' dir='ltr'>potatur:</span> 
     </span>
     <span class='ocr_line' id='line_1_193' title="bbox 1283 3413 1797 3454; baseline -0.008 -9"><span class='ocrx_word' id='word_1_1718' title='bbox 1283 3417 1415 3454; x_wconf 88' lang='lat' dir='ltr'>quoniam</span> <span class='ocrx_word' id='word_1_1719' title='bbox 1427 3416 1504 3445; x_wconf 88' lang='lat' dir='ltr'>canis</span> <span class='ocrx_word' id='word_1_1720' title='bbox 1515 3415 1612 3444; x_wconf 88' lang='lat' dir='ltr'>vinum</span> <span class='ocrx_word' id='word_1_1721' title='bbox 1628 3416 1695 3444; x_wconf 87' lang='lat' dir='ltr'>odio</span> <span class='ocrx_word' id='word_1_1722' title='bbox 1706 3413 1797 3442; x_wconf 84' lang='lat' dir='ltr'>habet.</span> 
     </span>
     <span class='ocr_line' id='line_1_194' title="bbox 1261 3452 1931 3492; baseline -0.007 -8"><span class='ocrx_word' id='word_1_1723' title='bbox 1261 3454 1356 3485; x_wconf 77' lang='lat' dir='ltr'>Scaeva</span> <span class='ocrx_word' id='word_1_1724' title='bbox 1365 3454 1473 3483; x_wconf 82' lang='lat' dir='ltr'>canina.</span> <span class='ocrx_word' id='word_1_1725' title='bbox 1496 3453 1583 3482; x_wconf 84' lang='lat' dir='ltr'>Plaut.</span> <span class='ocrx_word' id='word_1_1726' title='bbox 1599 3452 1657 3482; x_wconf 87' lang='lat' dir='ltr'>Cas.</span> <span class='ocrx_word' id='word_1_1727' title='bbox 1672 3463 1696 3486; x_wconf 85' lang='grc' dir='ltr'>ς.</span> <span class='ocrx_word' id='word_1_1728' title='bbox 1710 3463 1735 3487; x_wconf 89' lang='lat'>4.</span> <span class='ocrx_word' id='word_1_1729' title='bbox 1750 3462 1776 3485; x_wconf 84' lang='lat'>4.</span> <span class='ocrx_word' id='word_1_1730' title='bbox 1927 3486 1931 3492; x_wconf 44' lang='grc' dir='ltr'>Ι</span> 
     </span>
     <span class='ocr_line' id='line_1_195' title="bbox 1357 3485 2391 3526; baseline -0.005 -5"><span class='ocrx_word' id='word_1_1731' title='bbox 1357 3492 1416 3521; x_wconf 89' lang='lat' dir='ltr'>Hac</span> <span class='ocrx_word' id='word_1_1732' title='bbox 1427 3491 1474 3521; x_wconf 92' lang='lat' dir='ltr'>ibo</span> <span class='ocrx_word' id='word_1_1733' title='bbox 1485 3514 1492 3526; x_wconf 91' lang='lat'>,</span> <span class='ocrx_word' id='word_1_1734' title='bbox 1514 3492 1644 3519; x_wconf 81' lang='lat' dir='ltr'>caninam</span> <span class='ocrx_word' id='word_1_1735' title='bbox 1655 3490 1769 3519; x_wconf 68' lang='lat' dir='ltr'>scaevam</span> <span class='ocrx_word' id='word_1_1736' title='bbox 1778 3487 1856 3525; x_wconf 89' lang='lat' dir='ltr'>spero</span> <span class='ocrx_word' id='word_1_1737' title='bbox 1867 3486 2012 3515; x_wconf 85' lang='lat' dir='ltr'>meliorem</span> <span class='ocrx_word' id='word_1_1738' title='bbox 2027 3485 2096 3515; x_wconf 82' lang='lat' dir='ltr'>fore.</span> <span class='ocrx_word' id='word_1_1739' title='bbox 2192 3487 2317 3524; x_wconf 86' lang='lat' dir='ltr'>Quidam</span> <span class='ocrx_word' id='word_1_1740' title='bbox 2327 3488 2391 3518; x_wconf 83' lang='lat' dir='ltr'>Coe.</span> 
     </span>
     <span class='ocr_line' id='line_1_196' title="bbox 1282 3524 2392 3567; baseline -0.006 -7"><span class='ocrx_word' id='word_1_1741' title='bbox 1282 3540 1347 3560; x_wconf 88' lang='lat' dir='ltr'>nam</span> <span class='ocrx_word' id='word_1_1742' title='bbox 1359 3529 1475 3567; x_wconf 89' lang='lat' dir='ltr'>legunt,</span> <span class='ocrx_word' id='word_1_1743' title='bbox 1495 3529 1541 3558; x_wconf 86' lang='lat' dir='ltr'>sed</span> <span class='ocrx_word' id='word_1_1744' title='bbox 1559 3529 1640 3557; x_wconf 87' lang='lat' dir='ltr'>male.</span> <span class='ocrx_word' id='word_1_1745' title='bbox 1683 3527 1745 3555; x_wconf 88' lang='lat' dir='ltr'>Hoc</span> <span class='ocrx_word' id='word_1_1746' title='bbox 1761 3532 1856 3554; x_wconf 86' lang='lat' dir='ltr'>autem</span> <span class='ocrx_word' id='word_1_1747' title='bbox 1876 3524 2009 3561; x_wconf 81' lang='lat' dir='ltr'>significat</span> <span class='ocrx_word' id='word_1_1748' title='bbox 2025 3524 2183 3561; x_wconf 78' lang='lat' dir='ltr'>Auspicium</span> <span class='ocrx_word' id='word_1_1749' title='bbox 2195 3547 2204 3560; x_wconf 89' lang='lat'>‚</span> <span class='ocrx_word' id='word_1_1750' title='bbox 2225 3527 2301 3563; x_wconf 90' lang='lat' dir='ltr'>quod</span> <span class='ocrx_word' id='word_1_1751' title='bbox 2316 3528 2392 3556; x_wconf 72' lang='lat' dir='ltr'>cani-</span> 
     </span>
     <span class='ocr_line' id='line_1_197' title="bbox 1282 3562 2392 3606; baseline -0.005 -8"><span class='ocrx_word' id='word_1_1752' title='bbox 1282 3569 1334 3598; x_wconf 83' lang='lat' dir='ltr'>bus</span> <span class='ocrx_word' id='word_1_1753' title='bbox 1348 3568 1503 3606; x_wconf 89' lang='lat' dir='ltr'>plerunque</span> <span class='ocrx_word' id='word_1_1754' title='bbox 1515 3566 1613 3595; x_wconf 84' lang='lat' dir='ltr'>infelix</span> <span class='ocrx_word' id='word_1_1755' title='bbox 1625 3567 1651 3595; x_wconf 59' lang='lat' dir='ltr'>Se</span> <span class='ocrx_word' id='word_1_1756' title='bbox 1664 3564 1812 3593; x_wconf 83' lang='lat' dir='ltr'>infaustum</span> <span class='ocrx_word' id='word_1_1757' title='bbox 1823 3563 1861 3591; x_wconf 88' lang='lat' dir='ltr'>est</span> <span class='ocrx_word' id='word_1_1758' title='bbox 1872 3584 1880 3597; x_wconf 90' lang='lat'>,</span> <span class='ocrx_word' id='word_1_1759' title='bbox 1904 3572 1990 3602; x_wconf 84' lang='lat' dir='ltr'>quum</span> <span class='ocrx_word' id='word_1_1760' title='bbox 2006 3563 2032 3591; x_wconf 64' lang='lat' dir='ltr'>Se</span> <span class='ocrx_word' id='word_1_1761' title='bbox 2047 3562 2188 3592; x_wconf 64' lang='lat' dir='ltr'>caedantur</span> <span class='ocrx_word' id='word_1_1762' title='bbox 2198 3564 2224 3593; x_wconf 67' lang='grc' dir='ltr'>ἃ</span> <span class='ocrx_word' id='word_1_1763' title='bbox 2236 3563 2307 3593; x_wconf 89' lang='lat' dir='ltr'>male</span> <span class='ocrx_word' id='word_1_1764' title='bbox 2319 3565 2392 3594; x_wconf 85' lang='lat' dir='ltr'>acci.</span> 
     </span>
     <span class='ocr_line' id='line_1_198' title="bbox 1284 3600 2392 3645; baseline -0.007 -9"><span class='ocrx_word' id='word_1_1765' title='bbox 1284 3607 1405 3645; x_wconf 82' lang='lat' dir='ltr'>piantur.</span> <span class='ocrx_word' id='word_1_1766' title='bbox 1428 3605 1472 3634; x_wconf 93' lang='lat' dir='ltr'>vel</span> <span class='ocrx_word' id='word_1_1767' title='bbox 1488 3605 1581 3642; x_wconf 90' lang='lat' dir='ltr'>potius</span> <span class='ocrx_word' id='word_1_1768' title='bbox 1594 3603 1733 3632; x_wconf 84' lang='lat' dir='ltr'>Latratum</span> <span class='ocrx_word' id='word_1_1769' title='bbox 1747 3601 1823 3630; x_wconf 88' lang='lat' dir='ltr'>canis</span> <span class='ocrx_word' id='word_1_1770' title='bbox 1832 3600 2072 3637; x_wconf 76' lang='lat' dir='ltr'>diciti&#39;iuspicium</span> <span class='ocrx_word' id='word_1_1771' title='bbox 2081 3600 2225 3635; x_wconf 86' lang='lat' dir='ltr'>caninum,</span> <span class='ocrx_word' id='word_1_1772' title='bbox 2247 3612 2332 3638; x_wconf 92' lang='lat' dir='ltr'>quum</span> <span class='ocrx_word' id='word_1_1773' title='bbox 2345 3603 2392 3632; x_wconf 75' lang='lat' dir='ltr'>sae-</span> 
     </span>
     <span class='ocr_line' id='line_1_199' title="bbox 1283 3637 2390 3680; baseline -0.006 -6"><span class='ocrx_word' id='word_1_1774' title='bbox 1283 3646 1345 3674; x_wconf 90' lang='lat' dir='ltr'>vius</span> <span class='ocrx_word' id='word_1_1775' title='bbox 1357 3645 1383 3674; x_wconf 71' lang='lat' dir='ltr'>Sc</span> <span class='ocrx_word' id='word_1_1776' title='bbox 1396 3642 1517 3680; x_wconf 87' lang='lat' dir='ltr'>asperius</span> <span class='ocrx_word' id='word_1_1777' title='bbox 1531 3641 1661 3670; x_wconf 79' lang='lat' dir='ltr'>iatratura</span> <span class='ocrx_word' id='word_1_1778' title='bbox 1682 3639 1713 3667; x_wconf 90' lang='lat' dir='ltr'>sit</span> <span class='ocrx_word' id='word_1_1779' title='bbox 1736 3648 1814 3667; x_wconf 86' lang='lat' dir='ltr'>uxor.</span> <span class='ocrx_word' id='word_1_1780' title='bbox 1855 3638 1929 3667; x_wconf 87' lang='lat' dir='ltr'>Varr.</span> <span class='ocrx_word' id='word_1_1781' title='bbox 1945 3638 1981 3666; x_wconf 88' lang='lat' dir='ltr'>de</span> <span class='ocrx_word' id='word_1_1782' title='bbox 2002 3637 2030 3667; x_wconf 92' lang='lat' dir='ltr'>L.</span> <span class='ocrx_word' id='word_1_1783' title='bbox 2042 3637 2071 3666; x_wconf 93' lang='lat' dir='ltr'>L.</span> <span class='ocrx_word' id='word_1_1784' title='bbox 2085 3638 2111 3666; x_wconf 90' lang='lat'>6.</span> <span class='ocrx_word' id='word_1_1785' title='bbox 2129 3648 2191 3676; x_wconf 89' lang='lat' dir='ltr'>pag.</span> <span class='ocrx_word' id='word_1_1786' title='bbox 2202 3644 2247 3673; x_wconf 84' lang='lat'>80.</span> <span class='ocrx_word' id='word_1_1787' title='bbox 2269 3641 2313 3670; x_wconf 88' lang='lat' dir='ltr'>ed.</span> <span class='ocrx_word' id='word_1_1788' title='bbox 2326 3648 2390 3670; x_wconf 82' lang='lat' dir='ltr'>tert,</span> 
     </span>
     <span class='ocr_line' id='line_1_200' title="bbox 1283 3674 2389 3719; baseline -0.004 -7"><span class='ocrx_word' id='word_1_1789' title='bbox 1283 3682 1381 3719; x_wconf 87' lang='lat' dir='ltr'>Steph.</span> <span class='ocrx_word' id='word_1_1790' title='bbox 1403 3680 1489 3717; x_wconf 82' lang='lat' dir='ltr'>Quod</span> <span class='ocrx_word' id='word_1_1791' title='bbox 1501 3680 1593 3716; x_wconf 88' lang='lat' dir='ltr'>pueris</span> <span class='ocrx_word' id='word_1_1792' title='bbox 1602 3676 1739 3715; x_wconf 87' lang='lat' dir='ltr'>turpicula</span> <span class='ocrx_word' id='word_1_1793' title='bbox 1750 3685 1791 3705; x_wconf 91' lang='lat' dir='ltr'>res</span> <span class='ocrx_word' id='word_1_1794' title='bbox 1799 3676 1829 3704; x_wconf 88' lang='lat' dir='ltr'>in</span> <span class='ocrx_word' id='word_1_1795' title='bbox 1839 3675 1914 3704; x_wconf 85' lang='lat' dir='ltr'>collo</span> <span class='ocrx_word' id='word_1_1796' title='bbox 1925 3675 2053 3712; x_wconf 67' lang='lat' dir='ltr'>quaedam</span> <span class='ocrx_word' id='word_1_1797' title='bbox 2066 3674 2251 3714; x_wconf 85' lang='lat' dir='ltr'>suspenditur,</span> <span class='ocrx_word' id='word_1_1798' title='bbox 2273 3688 2308 3708; x_wconf 89' lang='lat' dir='ltr'>ne</span> <span class='ocrx_word' id='word_1_1799' title='bbox 2321 3679 2389 3717; x_wconf 87' lang='lat' dir='ltr'>quid</span> 
     </span>
     <span class='ocr_line' id='line_1_201' title="bbox 1284 3713 2159 3755; baseline -0.007 -5"><span class='ocrx_word' id='word_1_1800' title='bbox 1284 3720 1356 3750; x_wconf 85' lang='lat' dir='ltr'>obsit</span> <span class='ocrx_word' id='word_1_1801' title='bbox 1369 3742 1377 3755; x_wconf 93' lang='lat'>,</span> <span class='ocrx_word' id='word_1_1802' title='bbox 1401 3718 1481 3747; x_wconf 78' lang='lat' dir='ltr'>bonae</span> <span class='ocrx_word' id='word_1_1803' title='bbox 1493 3718 1585 3746; x_wconf 65' lang='lat' dir='ltr'>scaeva:</span> <span class='ocrx_word' id='word_1_1804' title='bbox 1600 3715 1687 3745; x_wconf 86' lang='lat' dir='ltr'>causa.</span> <span class='ocrx_word' id='word_1_1805' title='bbox 1729 3713 1763 3743; x_wconf 88' lang='lat' dir='ltr'>Et</span> <span class='ocrx_word' id='word_1_1806' title='bbox 1775 3713 1884 3743; x_wconf 80' lang='lat' dir='ltr'>Plautus</span> <span class='ocrx_word' id='word_1_1807' title='bbox 1894 3735 1902 3748; x_wconf 85' lang='lat'>,</span> <span class='ocrx_word' id='word_1_1808' title='bbox 1925 3713 2019 3743; x_wconf 81' lang='lat' dir='ltr'>Pseud.</span> <span class='ocrx_word' id='word_1_1809' title='bbox 2035 3724 2061 3746; x_wconf 74' lang='grc'>4.</span> <span class='ocrx_word' id='word_1_1810' title='bbox 2076 3723 2101 3750; x_wconf 89' lang='lat'>7.</span> <span class='ocrx_word' id='word_1_1811' title='bbox 2116 3723 2159 3750; x_wconf 85' lang='lat'>39.</span> 
     </span>
     <span class='ocr_line' id='line_1_202' title="bbox 1345 3751 2389 3792; baseline -0.003 -6"><span class='ocrx_word' id='word_1_1812' title='bbox 1345 3758 1420 3787; x_wconf 89' lang='lat' dir='ltr'>Bene</span> <span class='ocrx_word' id='word_1_1813' title='bbox 1429 3765 1481 3792; x_wconf 80' lang='lat' dir='ltr'>ego</span> <span class='ocrx_word' id='word_1_1814' title='bbox 1490 3754 1524 3784; x_wconf 92' lang='lat' dir='ltr'>ab</span> <span class='ocrx_word' id='word_1_1815' title='bbox 1538 3755 1592 3783; x_wconf 88' lang='lat' dir='ltr'>hoc</span> <span class='ocrx_word' id='word_1_1816' title='bbox 1605 3753 1743 3791; x_wconf 80' lang='lat' dir='ltr'>praedatus</span> <span class='ocrx_word' id='word_1_1817' title='bbox 1752 3751 1800 3780; x_wconf 88' lang='lat' dir='ltr'>ibo</span> <span class='ocrx_word' id='word_1_1818' title='bbox 1811 3773 1819 3787; x_wconf 93' lang='lat'>‚</span> <span class='ocrx_word' id='word_1_1819' title='bbox 1840 3752 1907 3781; x_wconf 91' lang='lat' dir='ltr'>novi</span> <span class='ocrx_word' id='word_1_1820' title='bbox 1920 3774 1927 3786; x_wconf 88' lang='lat'><em>‚</em></span> <span class='ocrx_word' id='word_1_1821' title='bbox 1950 3751 2023 3781; x_wconf 86' lang='lat' dir='ltr'>bona</span> <span class='ocrx_word' id='word_1_1822' title='bbox 2033 3751 2120 3781; x_wconf 69' lang='lat' dir='ltr'>scaeva</span> <span class='ocrx_word' id='word_1_1823' title='bbox 2134 3752 2172 3781; x_wconf 88' lang='lat' dir='ltr'>est</span> <span class='ocrx_word' id='word_1_1824' title='bbox 2182 3753 2262 3783; x_wconf 89' lang='lat' dir='ltr'>mihi.</span> <span class='ocrx_word' id='word_1_1825' title='bbox 2350 3754 2389 3783; x_wconf 88' lang='lat' dir='ltr'>Ea</span> 
     </span>
     <span class='ocr_line' id='line_1_203' title="bbox 1285 3789 2390 3829; baseline -0.004 -4"><span class='ocrx_word' id='word_1_1826' title='bbox 1285 3796 1359 3825; x_wconf 65' lang='lat' dir='ltr'>dista</span> <span class='ocrx_word' id='word_1_1827' title='bbox 1372 3794 1405 3824; x_wconf 92' lang='lat' dir='ltr'>ab</span> <span class='ocrx_word' id='word_1_1828' title='bbox 1419 3794 1513 3822; x_wconf 65' lang='lat' dir='ltr'>Scaeva</span> <span class='ocrx_word' id='word_1_1829' title='bbox 1524 3813 1533 3826; x_wconf 93' lang='lat'>,</span> <span class='ocrx_word' id='word_1_1830' title='bbox 1553 3792 1582 3820; x_wconf 90' lang='lat' dir='ltr'>id</span> <span class='ocrx_word' id='word_1_1831' title='bbox 1595 3791 1634 3820; x_wconf 85' lang='lat' dir='ltr'>est</span> <span class='ocrx_word' id='word_1_1832' title='bbox 1647 3790 1748 3819; x_wconf 84' lang='lat' dir='ltr'>finistra</span> <span class='ocrx_word' id='word_1_1833' title='bbox 1758 3811 1767 3824; x_wconf 88' lang='lat'>,</span> <span class='ocrx_word' id='word_1_1834' title='bbox 1788 3789 1864 3826; x_wconf 92' lang='lat' dir='ltr'>quod</span> <span class='ocrx_word' id='word_1_1835' title='bbox 1883 3799 1943 3826; x_wconf 82' lang='lat' dir='ltr'>quae</span> <span class='ocrx_word' id='word_1_1836' title='bbox 1963 3789 2065 3819; x_wconf 88' lang='lat' dir='ltr'>sinistra</span> <span class='ocrx_word' id='word_1_1837' title='bbox 2081 3789 2160 3825; x_wconf 84' lang='lat' dir='ltr'>sunt,</span> <span class='ocrx_word' id='word_1_1838' title='bbox 2183 3790 2257 3820; x_wconf 88' lang='lat' dir='ltr'>bona</span> <span class='ocrx_word' id='word_1_1839' title='bbox 2270 3791 2390 3829; x_wconf 84' lang='lat' dir='ltr'>auspicia</span> 
     </span>
     <span class='ocr_line' id='line_1_204' title="bbox 1286 3827 2316 3863; baseline -0.005 0"><span class='ocrx_word' id='word_1_1840' title='bbox 1286 3833 1484 3863; x_wconf 86' lang='lat' dir='ltr'>existimantur.</span> <span class='ocrx_word' id='word_1_1841' title='bbox 1505 3828 1630 3859; x_wconf 89' lang='lat' dir='ltr'>Turneb.</span> <span class='ocrx_word' id='word_1_1842' title='bbox 1646 3834 1672 3862; x_wconf 87' lang='lat'>8.</span> <span class='ocrx_word' id='word_1_1843' title='bbox 1688 3837 1730 3857; x_wconf 90' lang='lat'>11.</span> <span class='ocrx_word' id='word_1_1844' title='bbox 1743 3829 1770 3857; x_wconf 71' lang='lat' dir='ltr'>&lt;Sc</span> <span class='ocrx_word' id='word_1_1845' title='bbox 1789 3830 1831 3857; x_wconf 90' lang='lat'>16.</span> <span class='ocrx_word' id='word_1_1846' title='bbox 1848 3836 1871 3862; x_wconf 89' lang='lat'>3.</span> <span class='ocrx_word' id='word_1_1847' title='bbox 1911 3827 1968 3857; x_wconf 88' lang='lat' dir='ltr'>Sed</span> <span class='ocrx_word' id='word_1_1848' title='bbox 1988 3828 2019 3856; x_wconf 95' lang='lat' dir='ltr'>V.</span> <span class='ocrx_word' id='word_1_1849' title='bbox 2042 3829 2068 3857; x_wconf 67' lang='grc' dir='ltr'>ἃ</span> <span class='ocrx_word' id='word_1_1850' title='bbox 2079 3828 2201 3858; x_wconf 92' lang='lat' dir='ltr'>Gronov.</span> <span class='ocrx_word' id='word_1_1851' title='bbox 2215 3829 2250 3857; x_wconf 78' lang='lat' dir='ltr'>ad</span> <span class='ocrx_word' id='word_1_1852' title='bbox 2261 3829 2316 3858; x_wconf 91' lang='lat' dir='ltr'>loc.</span> 
     </span>
    </p>
   </div>
   <div class='ocr_carea' id='block_1_16' title="bbox 1229 3865 2390 3905">
    <p class='ocr_par' dir='ltr' id='par_1_72' title="bbox 1229 3865 2390 3905">
     <span class='ocr_line' id='line_1_205' title="bbox 1229 3865 2390 3905; baseline -0.005 -3"><span class='ocrx_word' id='word_1_1853' title='bbox 1229 3872 1310 3902; x_wconf 72' lang='lat' dir='ltr'>CAN</span> <span class='ocrx_word' id='word_1_1854' title='bbox 1321 3882 1330 3899; x_wconf 90' lang='lat' dir='ltr'>r</span> <span class='ocrx_word' id='word_1_1855' title='bbox 1341 3880 1360 3899; x_wconf 74' lang='lat' dir='ltr'>N</span> <span class='ocrx_word' id='word_1_1856' title='bbox 1372 3880 1410 3903; x_wconf 84' lang='lat' dir='ltr'>A,</span> <span class='ocrx_word' id='word_1_1857' title='bbox 1433 3878 1464 3897; x_wconf 86' lang='lat' dir='ltr'>ae.</span> <span class='ocrx_word' id='word_1_1858' title='bbox 1486 3867 1504 3896; x_wconf 86' lang='lat' dir='ltr'>f.</span> <span class='ocrx_word' id='word_1_1859' title='bbox 1527 3877 1577 3905; x_wconf 89' lang='lat' dir='ltr'>pro</span> <span class='ocrx_word' id='word_1_1860' title='bbox 1593 3867 1683 3896; x_wconf 87' lang='lat' dir='ltr'>Carne</span> <span class='ocrx_word' id='word_1_1861' title='bbox 1708 3865 1818 3895; x_wconf 86' lang='lat' dir='ltr'>canina.</span> <span class='ocrx_word' id='word_1_1862' title='bbox 1848 3865 1977 3895; x_wconf 86' lang='lat' dir='ltr'>Proverb.</span> <span class='ocrx_word' id='word_1_1863' title='bbox 1990 3865 2064 3895; x_wconf 88' lang='lat' dir='ltr'>Varr.</span> <span class='ocrx_word' id='word_1_1864' title='bbox 2077 3869 2102 3895; x_wconf 85' lang='lat'>6.</span> <span class='ocrx_word' id='word_1_1865' title='bbox 2116 3866 2152 3896; x_wconf 87' lang='lat' dir='ltr'>de</span> <span class='ocrx_word' id='word_1_1866' title='bbox 2162 3866 2190 3896; x_wconf 92' lang='lat' dir='ltr'>L.</span> <span class='ocrx_word' id='word_1_1867' title='bbox 2202 3866 2231 3896; x_wconf 91' lang='lat' dir='ltr'>L.</span> <span class='ocrx_word' id='word_1_1868' title='bbox 2247 3875 2271 3903; x_wconf 93' lang='lat'>3.</span> <span class='ocrx_word' id='word_1_1869' title='bbox 2307 3867 2390 3896; x_wconf 77' lang='lat' dir='ltr'>Canis</span> 
     </span>
    </p>
   </div>
   <div class='ocr_carea' id='block_1_17' title="bbox 1267 3905 2392 4054">
    <p class='ocr_par' dir='ltr' id='par_1_73' title="bbox 1267 3905 2392 4054">
     <span class='ocr_line' id='line_1_206' title="bbox 1268 3905 1526 3939; baseline -0.023 0"><span class='ocrx_word' id='word_1_1870' title='bbox 1268 3909 1396 3939; x_wconf 82' lang='lat' dir='ltr'>caninam</span> <span class='ocrx_word' id='word_1_1871' title='bbox 1407 3916 1464 3934; x_wconf 91' lang='lat' dir='ltr'>non</span> <span class='ocrx_word' id='word_1_1872' title='bbox 1480 3905 1526 3934; x_wconf 89' lang='lat' dir='ltr'>est.</span> 
     </span>
     <span class='ocr_line' id='line_1_207' title="bbox 2135 3941 2389 3979; baseline 0.004 -9"><span class='ocrx_word' id='word_1_1873' title='bbox 2135 3942 2222 3977; x_wconf 74' lang='lat' dir='ltr'>Quod</span> <span class='ocrx_word' id='word_1_1874' title='bbox 2238 3941 2321 3971; x_wconf 71' lang='lat' dir='ltr'>tiebat</span> <span class='ocrx_word' id='word_1_1875' title='bbox 2336 3951 2389 3979; x_wconf 88' lang='lat' dir='ltr'>pro</span> 
     </span>
     <span class='ocr_line' id='line_1_208' title="bbox 1267 3978 2392 4054; baseline -0.005 -41"><span class='ocrx_word' id='word_1_1876' title='bbox 1267 3983 1390 4022; x_wconf 77' lang='lat' dir='ltr'>frugibus</span> <span class='ocrx_word' id='word_1_1877' title='bbox 1404 3981 1587 4020; x_wconf 76' lang='lat' dir='ltr'>deprecandae</span> <span class='ocrx_word' id='word_1_1878' title='bbox 1600 3979 1706 4010; x_wconf 72' lang='lat' dir='ltr'>saevitiae</span> <span class='ocrx_word' id='word_1_1879' title='bbox 1721 3978 1800 4009; x_wconf 79' lang='lat' dir='ltr'>causa</span> <span class='ocrx_word' id='word_1_1880' title='bbox 1813 3979 1907 4009; x_wconf 85' lang='lat' dir='ltr'>fider-is</span> <span class='ocrx_word' id='word_1_1881' title='bbox 1918 3979 2068 4009; x_wconf 80' lang='lat' dir='ltr'>Caniculae.</span> <span class='ocrx_word' id='word_1_1882' title='bbox 2091 3979 2132 4008; x_wconf 87' lang='lat' dir='ltr'>Ex</span> <span class='ocrx_word' id='word_1_1883' title='bbox 2142 3979 2162 4009; x_wconf 88' lang='lat' dir='ltr'><strong>F</strong></span> <span class='ocrx_word' id='word_1_1884' title='bbox 2164 3979 2228 4009; x_wconf 87' lang='lat' dir='ltr'>est0.</span> <span class='ocrx_word' id='word_1_1885' title='bbox 2301 4017 2392 4054; x_wconf 60' lang='lat' dir='ltr'>Augu-</span> 
     </span>
    </p>
   </div>
  </div>
 </body>
</html>
