2604 4222
176 145 244 182 616
603 137 634 171 C
730 133 766 168 O
859 127 895 163 N

213 224 421 258 Ferventiss‘ime
433 219 573 257 concerpi.
615 217 672 246 Cic.
686 221 712 250 8.
729 214 794 244 Fam
814 216 841 243 6.
861 208 946 251 Quod
963 206 1012 236 tibi
1023 204 1102 241 supra
1112 200 1213 247 scripsi,
1231 198 1328 229 Curio-

238 273 302 293 nem
316 262 395 292 valde
404 262 519 298 frigere:
546 259 601 293 jam
609 254 689 284 calet.
711 262 775 281 nam
784 247 977 280 ferventissime
986 247 1173 285 concerpitur.
1290 273 1295 279 ¹

183 303 207 333 C
216 313 232 330 0
240 311 261 330 Ν
270 311 288 330 0
298 311 312 329 r.
321 310 337 329 11
346 310 360 328 1»
369 309 388 328 T
397 309 414 327 u
424 308 435 328 s
445 320 453 333 ,
474 287 738 332 [dizazraegqyiflp'co-]
759 289 852 318 Partic.
874 293 905 314 ut
912 305 921 319 ,
942 283 1099 317 Concerpta
1111 275 1235 307 linteola.
1257 273 1328 303 Plin.

222 339 270 369 lib.
281 344 396 374 28.cap.
410 346 450 369 ις.
472 335 505 364 Et
514 332 559 362 lib.
571 340 615 360 21.
627 339 686 366 cap.
701 337 724 362 3.
783 364 789 369 ,

186 377 209 409 C
219 387 235 407 o
247 386 267 406 Ν
277 384 394 405 crin‘ro
403 396 411 408 ,
432 367 666 409 [συναγωίζομου]
686 367 740 394 are.
763 360 851 392 Simul

224 416 376 449 Antequam
387 412 438 441 iret
447 411 474 438 in
485 407 548 438 exil.
563 415 603 440 ¹3·
626 404 708 434 Nunc
720 401 801 439 igitur
812 398 851 428 sil

226 452 325 482 centiae
335 451 433 479 virtute
445 448 526 476 {retus
535 444 641 481 supero.
866 472 871 478 ¹
1217 463 1224 469 .
1315 459 1322 466 ·

227 489 393 519 Concertare
410 484 555 514 velocitate
574 478 666 509 nandi.
705 472 842 505 Columel.
853 471 901 501 lib.
910 475 937 505 8.
952 477 1013 506 cap.
1031 477 1072 511 1ς.
1094 465 1130 494 Ut
1144 463 1201 508 sirie
1217 459 1335 499 impedi-

245 534 342 556 mento
355 546 364 560 ,
385 532 470 561 quum
487 520 629 558 apricitate
647 515 701 544 diei
723 513 840 551 gestiunt
857 518 938 544 aves,
958 505 1046 536 nandi
1064 503 1212 534 velocitate
1222 507 1336 529 concer-

229 570 392 631 ctgss‘ct'extare
401 606 463 627 cum
473 593 587 624 inimico
597 613 605 626 ,
626 588 781 624 Confligere
791 595 854 616 cum
862 584 948 614 hoste.
970 581 1028 611 Cic.
1039 588 1088 618 pro
1099 578 1170 614 Lege
1178 573 1275 606 Manil.
1287 578 1331 606 28.

229 640 394 668 Concertare
413 644 477 664 cum
491 632 582 666 aliquo
598 629 633 657 de
649 637 678 656 re
699 626 798 662 aliqua.
839 624 897 652 Cic.
912 631 939 656 3.
950 620 985 648 de
1001 619 1063 648 Nat.
1077 617 1158 646 Deor.
1171 623 1214 658 μ.
1244 612 1284 641 Ex
1299 619 1333 653 00

248 677 330 713 igitur
342 676 368 704 &
383 672 472 710 Lisyto
485 669 553 699 estis
564 665 695 696 Hercules
705 685 713 699 ,
734 671 817 700 quem
831 656 999 691 concertasse
1011 664 1076 686 cum
1092 651 1218 692 Apolline
1240 650 1275 679 dc
1288 654 1335 678 tri-

248 714 322 752 pode
336 712 501 748 accepimus.
703 739 708 744 ⁸
726 739 731 745 ⁸
856 735 862 741 ι
917 734 922 740 Ι

231 751 397 782 concertare
410 756 473 777 cum
483 743 575 781 aliquo
585 764 593 777 ,
613 750 666 780 pro
680 739 796 775 Litigare
806 737 833 766 &
842 744 932 764 rixari.
952 732 1018 777 Ter.
1030 729 1107 761 Adel.
1122 737 1148 758 2.
1160 736 1186 757 2.
1196 735 1223 757 2.

382 801 419 808 —
433 783 498 822 quid
509 783 577 810 istuc
587 780 690 809 Sannio
698 777 735 806 est
746 797 753 808 ,
775 773 850 812 quod
859 780 887 802 te
896 771 979 802 audio

307 824 406 854 Nescio
421 821 486 860 quid
495 816 661 849 concertasse
671 824 734 844 cum
745 812 833 842 hero?

230 862 394 892 Concertare
407 869 471 890 cum
482 858 573 894 aliquo
584 854 682 884 verbis.
720 852 777 880 Cic.
791 859 813 886 3.
828 850 881 878 Att.
898 855 938 876 12.

249 901 290 929 dit
303 908 332 928 ut
345 909 406 928 curn
417 907 450 926 eo
460 895 541 925 verbo
552 903 607 923 uno
622 889 813 920 concertarim.
1011 919 1017 925 ὓ
1054 918 1059 923 ¹
1155 915 1160 921 ι

192 938 214 968 C
222 948 238 967 0
250 947 269 966 Ν
279 947 296 966 0
306 947 320 966 1³
331 947 344 965 R
355 947 374 965 1·
382 946 401 964 A
411 945 430 964 T
442 944 458 962 u
468 943 490 967 s,
498 943 522 966 a,
540 941 595 960 um.
608 931 621 966 [
632 923 847 962 σωηωνισμᾶρῶυ]
866 922 962 952 Partic.
985 919 1043 948 Cic.
1052 927 1080 946 in
1092 916 1183 946 Partit.
1197 924 1241 948 09.
1264 912 1335 948 Qiae

230 976 312 1004 etiam
327 974 343 1002 si
356 980 500 1009 antequam
512 966 735 1003 resinjudicium
746 963 838 997 venit,
859 966 906 990 aut
916 963 1082 990 concertata,
1104 959 1151 983 aut
1166 951 1334 988 dijudicata,

229 1011 408 1042 autconfeeta
418 1019 475 1038 non
485 1008 562 1037 sunt:
585 1012 677 1034 tamen
688 1025 694 1035 .
707 1003 760 1031 &c.
911 1034 916 1040 ·

192 1051 214 1080 C
223 1060 239 1078 0
250 1060 267 1078 Ν
279 1059 295 1078 0
307 1059 344 1078 1111
354 1058 373 1077 ’1-
384 1058 428 1077 AT
439 1058 446 1075 i
458 1057 474 1075 o
488 1067 495 1081 ‚
517 1044 586 1074 onis.
609 1043 627 1071 f.
650 1037 797 1076 [aboi-sem]
818 1035 885 1065 Plin.
897 1032 945 1063 lib.
958 1041 1004 1062 20.
1017 1040 1077 1068 cap.
1092 1034 1134 1063 18.
1157 1027 1221 1064 Qua
1232 1025 1266 1054 de
1273 1033 1336 1054 cau-

227 1088 254 1116 sa
264 1096 361 1119 maaria
377 1083 547 1115 concertatio
557 1080 656 1110 extitit.

227 1121 355 1154 Studium
367 1119 588 1152 concertationis.
628 1117 685 1146 Cic.
699 1123 720 1142 1.
740 1112 774 1141 de
785 1110 875 1140 Divin.
891 1111 935 1137 62.
960 1107 1088 1142 Namque
1104 1100 1259 1133 Carneades
1270 1107 1336 1128 con-

246 1162 405 1192 certationis
416 1160 505 1189 studio
515 1180 522 1191 ,
543 1155 627 1185 modo
635 1154 673 1183 ait
682 1153 735 1181 hoc
746 1171 754 1183 ,
774 1147 859 1177 modo
870 1145 950 1175 illud.

227 1201 388 1230 Animorum
400 1195 577 1227 concertatio.
619 1192 676 1221 Cic.
687 1197 736 1227 pro
746 1188 817 1215 Sext.
829 1193 872 1220 77.
896 1181 1007 1212 Caedem
1019 1189 1084 1210 vero
1094 1184 1199 1208 tantam
1214 1198 1221 1211 ,
1242 1180 1334 1218 tantos

247 1231 359 1266 acervos
378 1243 524 1272 corporum
537 1231 674 1261 extrudos
683 1249 690 1261 ,
711 1224 758 1254 nisi
781 1224 851 1252 forte
864 1220 914 1249 illo
934 1220 1063 1262 Cinnano
1082 1223 1162 1259 atque
1179 1215 1333 1244 Octaviano

247 1275 294 1304 die
305 1296 313 1309 ,
332 1274 392 1310 quis
408 1281 526 1308 unquam
538 1271 564 1298 iii
576 1269 636 1297 foro
648 1264 715 1295 vidit
726 1264 738 1291 ἱ)
759 1271 810 1298 qua
820 1269 855 1289 ex
864 1263 1073 1301 concertatione
1082 1251 1258 1283 animorum?

228 1313 434 1342 Sententiarum
446 1331 453 1344 ,
475 1307 551 1337 nullo
561 1306 635 1335 idem
646 1301 782 1333 censente.
806 1297 873 1340 Plin.
886 1295 932 1324 lib.
946 1303 1066 1338 29..cap3
1079 1302 1107 1336 1..

228 1350 389 1379 Verboruni.
430 1347 484 1376 Cic.
499 1347 525 1374 in
539 1343 625 1373 Partit.
637 1347 681 1376 81.
703 1335 865 1374 Disputandi
874 1333 1049 1371 prudentiam
1059 1330 1334 1371 imitatur'concertffl

247 1388 286 1417 tio
297 1386 472 1423 captatioque
484 1383 637 1412 verborum.
670 1376 802 1410 Loquitur
812 1373 846 1401 de
865 1371 954 1404 vitiis,
974 1378 1035 1406 quae
1050 1366 1251 1410 assimulatione
1270 1372 1335 1408 qua·

249 1426 311 1454 dam
323 1426 347 1454 δι
360 1424 499 1452 vicinitate
511 1421 638 1448 virtutem
647 1413 826 1446 aemulantur,
847 1408 957 1451 ejusque
967 1405 1111 1451 personam
1122 1404 1250 1446 indpunt.
1282 1401 1334 1429 Ce-

248 1469 335 1491 terum
357 1461 403 1490 hic
422 1457 661 1488 concertationem
680 1450 800 1490 appellat
808 1469 816 1481 ,
837 1458 874 1476 viv
899 1456 1015 1487 romano
1051 1443 1114 1472 Duo
1133 1450 1210 1484 enim
1232 1446 1332 1481 genera

247 1499 433 1536 Sophistarum
452 1497 560 1526 fuerunt
584 1492 651 1522 olim
663 1512 671 1525 ,
699 1497 786 1518 unum
808 1483 895 1514 simile
915 1481 1069 1512 oratoribus
1081 1502 1088 1514 ,
1110 1478 1198 1522 qualis
1206 1516 1212 1521 ⁴
1221 1477 1333 1520 Gorgias

245 1536 396 1567 Leontinus
417 1535 483 1564 fuit:
505 1532 619 1561 alterum
634 1527 719 1557 siinile
733 1523 946 1554 Dialefficorum
956 1541 965 1555 ‚
987 1528 1082 1548 eorum
1104 1526 1151 1553 qui
1171 1515 1273 1558 Eristici
1289 1522 1334 1556 vo-

246 1574 395 1607 cabantur,
416 1572 491 1601 unde
505 1569 600 1601 1640101
618 1566 683 1603 >629¹
703 1562 777 1601 apud
789 1558 976 1591 Aristotelem,
997 1567 1012 1586 a
1029 1556 1128 1593 quibus
1145 1553 1261 1583 Eristicis
1274 1551 1335 1580 Dia-

246 1611 342 1641 1001103
354 1610 473 1647 prosecta
483 1607 589 1636 videtur
598 1627 606 1639 ,
626 1603 645 1633 si
660 1602 764 1632 Laertio
774 1598 921 1629 credimus.
961 1595 994 1625 111
1008 1594 1060 1624 hos
1076 1595 1101 1624 &
1111 1591 1212 1622 alteros
1222 1597 1335 1628 quoque

248 1649 377 1678 Isocrates
389 1649 416 1676 in
428 1645 521 1676 libello
533 1649 630 1673 contra
640 1639 787 1678 Sophistas.
808 1674 814 1680 ¹
826 1633 982 1676 Turnebus.

228 1686 407 1716 Concertatio
416 1685 443 1713 in
454 1681 617 1720 disputando
627 1679 759 1717 pertinax.
782 1674 841 1703 Cic.
854 1683 876 1703 i.
892 1671 927 1701 de
937 1671 995 1701 Fin.
1007 1678 1034 1706 7.

228 1724 409 1754 concertatio
420 1744 429 1758 ,
450 1722 528 1752 Rixa.
550 1718 614 1748 Ter.
627 1715 699 1746 Adel.
710 1723 735 1744 2.
746 1723 771 1742 2.
785 1722 820 1755 4‘.
863 1748 869 1754 Ι

507 1773 545 1778 -—
558 1763 699 1791 nunquam
715 1751 771 1781 vidi
782 1751 906 1786 iniquius
1047 1780 1053 1788 .
1217 1777 1223 1785 .

318 1796 560 1828 concertationem
570 1797 756 1830 comparatam
763 1810 771 1823 ,
793 1795 874 1825 quam
883 1794 942 1823 quae
950 1781 1036 1813 hodie
1046 1785 1117 1810 inter
1126 1788 1178 1808 nos
1185 1777 1253 1808 Fuit:

318 1836 374 1870 Ego
389 1833 545 1873 vapulando
556 1853 564 1867 ‚
585 1830 630 1859 iile
639 1825 807 1858 verberando
818 1822 930 1867 ,1usque
943 1820 1026 1852 ambo
1036 1817 1129 1848 defessi
1137 1816 1240 1846 sumus.

229 1870 432 1912 Disputationes
442 1871 529 1910 plenae
542 1866 788 1898 concertationum.
810 1861 869 1891 Cic.
881 1871 904 1890 1.
916 1860 951 1890 de
961 1859 1036 1888 Orat.
1051 1866 1111 1900 194.
1170 1892 1177 1898 ·
1229 1890 1236 1896 ·
1295 1888 1300 1895 .
1316 1889 1322 1896 .

193 1911 215 1943 C
225 1922 241 1941 0
249 1922 268 1941 Ν
276 1921 293 1941 0
304 1921 317 1940 a
325 1921 342 1940 R
351 1920 370 1939 T
380 1914 395 1939 Ᾰ
407 1920 424 1938 T
434 1920 450 1938 o
461 1919 477 1937 11
486 1931 494 1943 ,
515 1908 577 1937 oris.
600 1914 637 1934 m.
657 1902 746 1933 Tacit.
758 1911 800 1936 ¹4·
810 1901 879 1928 Ann.
889 1907 934 1933 29.
946 1905 971 1933 3.
1002 1894 1131 1925 Paulinus
1141 1891 1253 1921 scientia
1263 1888 1336 1919 mili-

230 1951 274 1979 tiae
287 1951 312 1979 Sc
328 1957 435 1978 rumore
447 1945 543 1984 populi
554 1941 722 1984 Corbulonis
735 1941 917 1968 concertator.
938 1935 957 1964 i.
967 1943 991 1963 0.
1013 1931 1146 1963 AEmulus.

194 1987 216 2018 C
226 1997 242 2017 ο
253 1997 272 2016 Ν
281 1996 298 2016 c
306 1996 320 2015 Ε
329 1996 345 2015 R
354 1995 401 2014 TA
409 1995 428 2013 T
437 1988 454 2014 ὃ
465 1994 479 2012 R
490 1993 525 2012 1U
533 1992 545 2012 s
555 2003 563 2016 ‚
585 1977 759 2016 [layum-ivs]
780 1975 840 2010 Adj.
870 1974 927 2003 Cic.
944 1973 979 2001 de
991 1970 1062 2000 Clar.
1072 1970 1150 1999 Orat.
1162 1969 1227 2010 ²8⁶:
1257 1966 1335 2009 Thu-

231 2024 344 2061 cydides
363 2023 437 2052 enim
453 2023 542 2050 reru‘m
558 2018 688 2056 gestarum
707 2012 900 2052 pronuntiator
919 2010 1038 2039 sincerus
1046 2029 1054 2044 ‚
1076 2008 1102 2036 &
1124 2005 1235 2043 grandis
1251 2012 1336 2034 etiam

232 2063 300 2092 fuit:
322 2061 375 2090 hoc
386 2058 491 2089 forense
504 2054 736 2087 concertatorium
745 2049 877 2088 iudiciale
888 2058 945 2078 non
955 2046 1081 2076 tractavit
1091 2052 1187 2087 genus:

197 2100 219 2130 C
229 2110 245 2129 0
254 2109 273 2129 Ν
284 2108 301 2129 0
309 2108 324 2128 iz
332 2108 349 2128 1³.
357 2108 377 2126 Τ
387 2108 405 2127 Α
415 2100 478 2126 *riv
489 2106 504 2125 u
515 2105 526 2125 s
535 2114 545 2131 .,
566 2091 685 2130 Quintil.
705 2090 752 2119 lib.
767 2098 791 2126 7.
808 2097 867 2124 cap.
879 2096 905 2123 3.
940 2085 1039 2115 Mutua
1066 2081 1203 2112 accusatio
1213 2101 1222 2116 ,
1252 2087 1336 2117 quam

235 2137 321 2167 Graeci
339 2130 533 2170 ἀνπηςιπνῳῖοω
546 2136 665 2164 vocant,
685 2127 767 2157 nostri
778 2126 890 2163 quidam
900 2121 1124 2154 concertativam.

198 2175 431 2206 concussio.
452 2171 661 2201 Coucnsso.
682 2165 906 2194 Coucnssus.
946 2161 976 2190 V.
999 2166 1186 2188 concano-

198 2213 220 2242 C
229 2222 246 2242 ο
255 2221 273 2241 Ν
284 2220 357 2241 01111
373 2231 381 2245 ,
402 2219 433 2239 ae.
455 2209 474 2238 f.
496 2204 606 2244 [adfigi]
628 2205 721 2234 Genus
730 2201 808 2240 piscis
818 2200 884 2230 testa
896 2199 1067 2229 contectum.
1104 2193 1279 2224 concharum
1292 2199 1338 2228 ge-

235 2258 299 2279 nera
310 2253 466 2280 enumerat,
489 2244 555 2275 Plin.
570 2244 615 2272 lib.
626 2253 648 2278 9.
663 2251 722 2279 cap.
736 2248 779 2277 33.
802 2238 836 2268 Et
845 2246 939 2267 earum
950 2242 1078 2278 naturam
1086 2232 1207 2271 explicat
1218 2238 1278 2267 cap.
1290 2238 1333 2266 35.

232 2287 263 2316 In
275 2286 388 2316 conchis
400 2280 699 2317 nascunturmargaritae
708 2301 715 2313 ‚
736 2284 767 2307 ut
780 2276 885 2305 ibidem
898 2275 982 2303 docet
993 2271 1062 2302 Plin.
1274 2304 1278 2310 ι

234 2324 352 2354 Conchae
363 2323 494 2352 dicuntur
502 2343 509 2354 ,
531 2320 600 2356 Quae
609 2317 702 2346 testam
713 2316 809 2344 laevem
819 2313 936 2347 habent,
956 2321 988 2340 ac
1006 2308 1122 2347 politam
1131 2329 1139 2341 ,
1158 2306 1212 2335 five
1232 2303 1336 2335 unifor-

252 2363 333 2391 miter
344 2367 475 2395 ruemam,
489 2358 541 2387 live
555 2354 766 2385 denticulatam:
788 2351 954 2381 Ostreavero
964 2371 973 2384 ,
994 2349 1064 2384 Quae
1075 2345 1195 2383 asperam
1203 2343 1336 2372 scabram-

253 2409 305 2436 que
317 2408 324 2427 :
347 2395 467 2434 quamvis
489 2393 607 2434 generali
626 2392 738 2421 nomine
763 2389 858 2419 Ostrea
884 2395 994 2425 quoque
1004 2407 1012 2421 ,
1042 2383 1163 2413 Conchae
1190 2386 1335 2423 vocentur.

253 2437 321 2467 Item
333 2445 390 2472 quae
401 2444 435 2463 ex
446 2443 501 2463 uno
513 2439 619 2462 tantum
627 2430 710 2459 latere
727 2427 820 2457 testam
832 2426 951 2461 habent,
970 2423 1057 2453 altero
1071 2420 1191 2459 scopulis
1208 2426 1256 2449 aut
1269 2417 1338 2455 lapi-

253 2474 332 2502 dibus
343 2495 350 2507 ,
370 2478 416 2501 aut
429 2472 506 2501 alteri
517 2469 635 2499 materiae
647 2467 794 2496 adhaerent.

236 2511 354 2540 Conchae
364 2519 448 2545 genus
460 2509 640 2537 imbricatum.
670 2504 700 2533 V.
722 2515 731 2532 1
741 2513 761 2532 M
771 2512 786 2531 B
794 2512 809 2530 11
817 2509 868 2531 ax.

235 2545 404 2578 Thessalicus
414 2546 579 2576 concharum
589 2542 673 2573 color.
696 2541 800 2570 Lucret.
817 2549 842 2568 2.
858 2546 920 2573 500.

615 2596 651 2601 —
660 2578 845 2614 Meliboeaque
856 2575 965 2612 fulgens

328 2622 447 2659 Purpura
459 2618 614 2649 Thessalico
626 2617 790 2646 concharum
801 2615 888 2643 tincta
900 2611 1001 2641 colore.

238 2659 412 2689 Concharum
423 2656 588 2696 pectunculi.
621 2655 651 2684 V.
674 2651 853 2683 Pecrunculus
871 2651 901 2679 in
920 2659 935 2678 P
943 2658 958 2678 11
968 2658 985 2678 0
993 2657 1013 2677 τ
1023 2657 1041 2677 υ
1049 2656 1072 2677 s.

239 2698 367 2736 Capaces.
390 2696 456 2726 Hor.
467 2704 491 2725 2.
505 2694 593 2723 Carm.
606 2701 630 2728 7.
641 2701 686 2727 ²³·

428 2749 465 2754 —
473 2732 558 2762 funde
567 2730 714 2767 capacibus

316 2772 462 2808 Unguenta
471 2770 505 2798 de
515 2767 636 2798 conchis.

240 2810 350 2840 Detritis
362 2809 476 2838 conchis
487 2807 585 2835 laevior.
608 2803 690 2834 Ovid.
706 2811 748 2839 13.
761 2801 829 2832 Met.
842 2807 906 2838 792.

241 2848 323 2877 Dives
338 2846 454 2876 concha.
476 2844 571 2874 Claud.
586 2842 676 2879 Epigr.
690 2843 731 2870 16.

243 2885 355 2922 Erycina
367 2883 485 2916 concha,
505 2882 578 2910 dieta
587 2880 621 2908 ab
631 2878 755 2916 epitheto
768 2875 890 2910 Veneris,
909 2873 952 2903 vel
965 2872 1040 2910 quod
1052 2870 1108 2909 ipsa
1120 2870 1158 2900 est
1167 2869 1269 2900 Veneri
1280 2869 1344 2908 Ery-

259 2922 418 2966 0111εεῖ3013,
438 2920 481 2950 νο1
491 2918 565 2957 quod
574 2917 675 2947 dicitur
686 2916 776 2945 Venus
794 2923 809 2943 e
825 2912 931 2942 concha
945 2911 1049 2941 marina
1059 2908 1200 2947 prodiisse.
1220 2908 1341 2946 Propert.

246 2960 531 3033 1111ἕ1131ἒ1118.
547 3002 590 3029 ³9.

246 3035 366 3064 Marinae.
389 3034 471 3062 Ovid.
487 3043 525 3067 ¹5·
538 3031 605 3061 Met.
617 3031 680 3063 264.

247 3071 344 3100 Patula.
368 3071 450 3100 Pinna
461 3069 567 3099 duabus
576 3066 723 3105 grandibus
734 3061 826 3102 patula
832 3060 954 3091 conchis.
975 3059 1033 3089 Cic.
1047 3068 1073 3088 2.
1085 3058 1121 3088 de
1129 3058 1192 3088 Nat.
1203 3057 1286 3087 Deor.
1298 3066 1344 3094 23.

245 3109 369 3145 Plagusiae
388 3107 518 3142 conchae,
541 3105 718 3135 nominantur
735 3112 750 3131 a
768 3101 860 3130 Plauto
882 3099 953 3128 Ruri.
966 3107 991 3127 2.
1008 3107 1030 3126 1.
1048 3102 1074 3130 8.
1097 3106 1150 3133 quo
1171 3096 1285 3125 nomine
1300 3106 1346 3126 eas

265 3147 355 3175 venire
377 3146 502 3174 existimo
521 3154 581 3182 quae
602 3141 718 3172 crustam
737 3137 890 3175 tegumenti
913 3135 997 3177 latam
1022 3133 1198 3172 patulamque
1223 3133 1346 3169 liabent,

267 3184 335 3220 quasi
356 3182 512 3214 vzmoe‘rocou
531 3182 668 3210 dicantur.
708 3178 779 3207 Nam
800 3186 815 3204 a
832 3182 935 3201 maxa:
957 3172 1121 3206 deducitur,
1154 3181 1207 3207 quo
1232 3172 1348 3200 nomine

267 3230 351 3255 quum
369 3220 399 3249 iit
415 3229 494 3249 mons
513 3219 616 3248 Ciliciae
628 3237 638 3254 ‚
658 3216 734 3245 idem
751 3221 845 3243 tamen
862 3212 945 3241 etiam
964 3219 1045 3239 mons
1069 3208 1204 3238 Placusius
1223 3217 1344 3239 vocatur.

270 3258 306 3287 Ex
318 3258 459 3286 Turnebo.

874 363 994 391 certare,
1016 356 1042 385 &
1062 351 1241 382 contendere.
1272 348 1331 378 Cic.

853 398 936 434 ingua
947 394 985 424 est
995 390 1213 423 concertandum
1223 409 1231 423 ,
1251 387 1333 415 inno-

962 845 1017 875 Sed
1034 841 1098 881 quia
1111 847 1253 876 nunquam
1266 834 1336 865 acci-

252 3295 370 3324 Prctiosae
382 3294 502 3323 conchae.
525 3292 622 3323 Claud.
635 3300 658 3326 3.
670 3289 749 3320 Coris.
764 3288 836 3318 Hori.
849 3295 915 3316 1110.

251 3332 417 3398 SquffleiiteS.
456 3333 473 3360 i.
490 3341 514 3361 e.
538 3329 669 3360 Sordidae.
690 3327 798 3365 Virga..
820 3324 993 3361 Georg.348.
1027 3320 1137 3351 Servius
1157 3319 1290 3351 Coclileas
1309 3321 1350 3351 in-

271 3376 297 3397 11·
322 3377 376 3405 igit.

252 3405 368 3436 Tenues.
391 3406 474 3435 Ovid.
485 3415 510 3434 2.
525 3406 612 3434 Amor.
625 3412 667 3433 11.
682 3411 722 3439 ¹3·

255 3442 380 3471 Venercae
404 3443 518 3471 concha:
544 3442 668 3479 quaedam
693 3443 825 3470 vocantur
845 3445 880 3466 ex
902 3445 955 3471 ec,
975 3433 1049 3470 quod
1069 3438 1149 3462 enata
1167 3433 1232 3462 mari
1257 3433 1349 3464 Venus

273 3480 377 3508 concha
393 3480 480 3509 delata
495 3480 533 3508 est
547 3482 574 3509 in
587 3480 717 3516 Cyprum.
757 3476 822 3505 Plin.
844 3484 887 3508 3²-
901 3483 942 3502 11.
968 3472 1095 3500 Venerem
1108 3493 1115 3505 ‚
1136 3480 1206 3505 uva,
1227 3469 1350 3508 Xiphise.

274 3516 318 3545 ubi
338 3517 437 3546 Urenas
453 3517 576 3546 inaudito
591 3516 653 3544 sane
666 3513 750 3543 verbo
770 3516 795 3542 &
813 3511 892 3541 nihili
911 3510 995 3539 hodie
1012 3519 1039 3537 iri
1060 3509 1189 3537 omnibus
1204 3507 1279 3537 libris
1291 3509 1351 3538 scri-

274 3554 352 3582 bitur.
392 3553 569 3583 venerearum
585 3552 751 3582 concharum
773 3550 810 3579 est
831 3548 906 3586 apud
922 3550 1055 3576 Senecam
1073 3547 1179 3574 mentio
1200 3545 1280 3582 Epist.
1306 3556 1347 3579 ις.

275 3591 315 3653 111ὶ1
331 3590 434 3625 verbis,
455 3591 601 3625 Venereae,
622 3589 817 3627 spondylique,
838 3586 961 3616 &ostrea
971 3592 1085 3615 eatenus
1102 3582 1271 3620 circumcisa,
1293 3593 1351 3620 quae

275 3636 399 3656 ciuntur.

259 3664 336 3692 Viles.
361 3664 424 3692 Hor.
440 3673 464 3692 2.
479 3664 562 3693 Serm.
578 3669 658 3698 428.

259 3700 402 3742 Compiere
413 3700 437 3729 sc
447 3701 567 3730 conchis.
585 3701 642 3730 Cic.
655 3699 724 3729 mdc
734 3699 797 3728 Nat.
808 3699 889 3727 Dcor.
906 3706 968 3732 124.

259 3738 384 3768 Inlodere
393 3738 519 3766 conchas.
542 3739 605 3774 virg
623 3747 648 3766 2.
663 3739 759 3771 Geora.
776 3742 836 3770 345³.

342 3777 391 3816 {lut
400 3774 516 3809 lapidem
528 3774 653 3803 bibulum
664 3797 671 3808 ,
692 3781 738 3803 aut
750 3773 900 3809 squalentes
912 3769 1006 3800 infode
1015 3769 1144 3799 conchas.
1299 3767 1354 3800 Ubi

279 3812 388 3840 Servius
397 3832 405 3844 ,
425 3810 549 3839 Cochleat
561 3820 670 3848 propter
683 3811 850 3839 admittenda
860 3809 1005 3846 spiramina
1017 3809 1198 3836 iniudiuntur.

261 3848 360 3883 [011011.-
370 3847 496 3876 conchas.
535 3848 622 3875 Cice.
635 3849 810 3876 1100111033.
832 3847 869 3875 lta
881 3846 1061 3874 soletiiarrare
1072 3844 1210 3874 scaevola.
1231 3844 1353 3873 conchas

279 3896 327 3914 eos
344 3887 368 3913 ὁὶ
383 3884 527 3912 umbilicos
535 3885 568 3910 ati
579 3884 698 3913 Caietam
720 3886 744 3912 8(
760 3885 794 3912 ad
811 3883 973 3912 Laurentum
993 3884 1080 3918 legere
1099 3879 1250 3911 coniueffe.
1289 3883 1356 3910 Sue-

279 3930 336 3951 ton.
361 3924 390 3950 in
407 3921 490 3956 Lalig.
513 3924 627 3956 cap.46.
659 3921 811 3954 Postremo,
831 3919 903 3956 quasi
922 3926 1122 3956 perpetraturus
1141 3919 1264 3955 bellum,
1285 3918 1356 3948 dire.

1390 2117 1413 2147 C
1422 2128 1439 2146 0
1449 2127 1468 2146 Ν
1478 2127 1495 2146 0
1503 2127 1523 2146 u
1533 2127 1549 2146 0
1559 2127 1571 2146 s
1584 2139 1593 2153 ,
1614 2116 1734 2152 [κόίΞςΘι
1747 2115 1762 2150 ]
1784 2114 1874 2144 Mazae
1885 2123 1973 2151 genus
1984 2134 1992 2148 ‚
2013 2121 2069 2150 prae
2080 2110 2179 2141 ceteris
2191 2109 2346 2140 laudatum.

1389 2229 1414 2260 C
1423 2240 1439 2259 o
1450 2240 1468 2259 Ν
1478 2240 1495 2260 0
1506 2240 1526 2259 H
1535 2240 1553 2260 ir
1563 2242 1578 2259 r.
1589 2241 1598 2259 ι
1609 2240 1626 2259 υ
1636 2241 1655 2259 M
1665 2251 1674 2265 ,
1695 2226 1863 2265 [ιωίὶεύλιον]
1882 2226 1980 2257 Latine
1991 2225 2091 2256 Murex
2099 2224 2200 2254 dicitur
2211 2233 2220 2259 ;
2241 2221 2323 2261 piscis
2332 2231 2419 2260 genus
2431 2230 2466 2251 ex
2478 2229 2547 2251 con·
2561 2246 2564 2259 7

1394 2833 1722 2869 θοΝοῐ-ιγιιῑτυς,
1746 2834 1805 2869 Adj.

1408 3661 1455 3691 Co
1465 3671 1484 3689 Ν
1493 3665 1531 3690 oi
1542 3672 1558 3689 n
1568 3672 1585 3690 0
1596 3683 1604 3696 ,
1623 3663 1665 3691 idi
1678 3684 1686 3696 ,
1706 3661 1777 3691 isum
1790 3683 1797 3694 ,
1821 3657 1992 3696 [σνγιώοῦω]
2013 3660 2067 3688 ere.
2090 3666 2124 3686 ex
2140 3657 2201 3685 Con
2212 3657 2239 3685 &
2250 3654 2333 3684 Caedo
2349 3651 2551 3690 compositum;
2583 3681 2585 3683 ,

1867 105 1895 139 C
1995 105 2029 139 O
2127 103 2162 138 N

1445 193 1490 221 ‹fta
1499 189 1558 220 acie
1569 188 1598 218 in
1615 187 1697 217 litore
1713 185 1844 220 Oceani,
1878 196 1910 215 ac
1928 185 2030 215 balistis
2049 184 2237 220 machinisque
2257 182 2391 223 dispositis
2404 207 2412 219 ,
2433 183 2547 214 nemine

1446 238 1530 266 gnaro
1539 234 1586 256 aut
1596 227 1730 263 opinante
1747 223 1879 257 <quidnam
1902 233 1956 260 cre}
1970 232 2046 252 turus
2061 223 2127 252 essct
2138 246 2145 255 ,
2167 229 2280 260 repent-J
2293 231 2322 252 ut
2339 222 2460 252 conchas
2475 216 2548 258 lege-

1448 268 1544 295 rent&
1558 265 1627 293 sinus
1644 262 1800 299 replerent3
1826 263 1978 297 imperavit.
2001 262 2132 296 conjung.
2152 259 2489 295 Aurel.Vit-‘10r.inCalig.

1428 303 1553 334 Pisciculi
1567 301 1641 338 parvi
1655 302 1683 328 iu
1695 299 1785 327 conch
1797 309 1831 326 ·ni
1846 300 1967 326 hiantem
1977 299 2111 327 innatant.
2137 298 2194 327 Cic.
2213 307 2236 326 2.
2251 297 2285 326 de
2295 298 2357 327 Nat.
2370 298 2449 327 Deor.
2463 305 2507 332 ²³-

1428 342 1515 408 Tgstlae
1528 340 1589 404 ipszle
1598 338 1734 404 {ignores
1757 337 1868 374 proprie
1879 336 2000 365 Conc'nae
2014 336 2155 372 dicuntur,
2177 335 2271 372 quales
2282 335 2344 364 sunt
2354 334 2543 364 cochlearum.
2593 341 2599 346 ‘¹

1474 388 1565 408 oume
1612 385 1694 403 i.¹0
1717 383 1778 407 ³35.

1511 414 1665 452 implicitus
1677 411 1791 441 conthae
1800 410 1896 445 limax,
1914 410 2070 447 hirsutaque
2084 419 2192 449 campe.
2274 409 2361 439 Ovid.
2372 412 2397 439 6.
2407 408 2549 444 Fast.i74.'

1511 453 1567 482 Ostl
1575 460 1660 487 eaque
1671 451 1697 478 in
1707 449 1821 478 conchis
1832 455 1890 476 tuta
1900 448 1976 477 fuere
1988 448 2048 477 suis.

1431 491 1500 521 Salis
1511 489 1625 519 concha.
1668 488 1684 515 i.
1698 497 1721 516 e.
1744 486 1858 515 Concha
1870 495 1929 521 quae
1939 485 1976 514 sal
1988 485 2122 514 continet.
2164 484 2231 514 Hor.
2246 494 2270 513 1.
2285 484 2372 514 Serm.
2383 491 2407 519 3.
2422 492 2466 518 14.

1430 529 1552 559 Conchae
1565 550 1571 557 .
1593 528 1664 554 inter
1677 524 1857 553 Instrumenta
1870 524 2006 560 pictorum
2028 530 2207 552 numerantur
2220 532 2234 551 a
2254 522 2391 551 Martiano
2408 519 2549 557 ,Iuriscon-

1448 566 1558 596 sultoin
1576 564 1593 593 1.
1611 564 1678 592 110111
1692 562 1812 600 pictoris.
1836 561 1867 591 D.
1881 561 1916 589 de
1927 561 2016 589 fundo
2029 561 2159 589 instrurfto
2173 562 2198 589 8<
2215 560 2335 589 instrum.
2357 558 2410 596 leg.
2435 557 2548 587 Pictoris

1449 605 1631 633 instrumento
1643 601 1734 637 legato
1747 621 1754 633 ‚
1776 608 1864 633 cerae,
1886 598 2010 632 colores.
2033 597 2188 634 similiaque
2206 597 2306 626 horum
2325 597 2415 633 legato
2429 596 2547 630 cedunt,

1448 643 1516 671 item
1530 638 1671 678 peniculi,
1693 639 1717 667 Sc
1729 637 1866 670 cauteria,
1886 637 1912 666 &
1925 635 2050 666 conchae.
2090 635 2162 665 Sane
2184 636 2305 673 pictores
2326 634 2467 671 hodieque
2484 631 2549 662 suos

1450 679 1556 709 colores
1566 678 1592 705 in
1606 676 1720 705 conchis
1731 681 1881 703 macerant.

1430 717 1545 747 Concha
1556 738 1563 750 ,
1585 713 1658 743 Vasis
1668 722 1753 750 genus
1763 721 1916 741 concavum
1929 733 1937 747 ,
1958 720 1990 740 ac
2000 709 2122 747 superius
2132 709 2269 748 patulum,
2289 708 2324 738 ab
2334 706 2418 745 hujus
2430 706 2547 738 conchae

1448 753 1637 784 similitudine.
1670 753 1739 781 Cato
1751 752 1785 780 de
1800 750 1831 780 R.
1845 750 1866 779 R
1889 759 1949 787 cap.
1966 757 2007 784 13.
2029 748 2060 778 ln
2070 748 2170 778 cellam
2179 747 2311 777 oleariam
2320 746 2380 776 haec
2391 755 2462 784 opus
2472 745 2545 774 sunt.

1448 792 1530 823 Dolia
1541 791 1642 820 olearia
1654 788 1785 827 opercula
1798 809 1806 823 ,
1827 787 1902 817 labra
1921 786 2024 816 olearia
2042 795 2080 814 xi
2090 796 2118 815 ii
2129 796 2140 815 1
2150 807 2158 822 ,
2181 785 2303 816 conchas
2324 784 2443 821 majores
2457 783 2524 813 duas
2535 802 2546 817 ‚

1448 833 1476 861 ἃ
1486 831 1606 859 minores
1617 828 1693 856 duas.
1714 825 1810 861 Juven.
1824 829 1849 855 6.
1866 826 1920 855 Sat.
1941 833 2003 860 304.

1520 867 1616 903 Quum
1628 865 1731 894 bibitur
1742 863 1850 893 concha
1860 886 1868 897 ,
1889 872 1975 900 quum
1986 862 2041 897 jam
2049 861 2185 898 vertigine
2195 861 2301 890 tectum

1522 904 1658 934 Ambulat.
1755 901 1821 930 Plin.
1835 901 1882 930 lib.
1897 910 1940 936 33.
1954 909 2014 938 cap.
2028 905 2054 933 8.
2075 899 2119 929 Fit
2129 904 2223 928 autem
2233 898 2343 928 duobus
2353 895 2455 931 modis,
2469 894 2546 925 aerels

1447 943 1584 974 mortariis
1594 963 1602 977 ,
1624 939 1784 979 pistillisque
1792 940 1858 968 trito
1869 939 1957 968 minio
1969 947 2003 966 ex
2015 943 2095 966 aceto
2105 959 2113 973 ,
2134 941 2182 966 aut
2195 937 2298 974 patinis
2308 934 2440 966 fictilibus
2455 934 2547 971 impo-

1446 983 1526 1011 situm
1540 981 1627 1009 ferrea
1635 978 1762 1012 concha,
1783 976 1879 1015 calyce
1890 983 2075 1013 coopertum,
2095 974 2190 1012 argilla
2202 973 2364 1013 superillita.
2399 971 2475 1002 conf.
2496 971 2548 1001 Ca·
2583 970 2589 977 ’“

1448 1029 1530 1057 paces
1541 1040 1548 1053 ,
1570 1019 1596 1047 ck
1611 1017 1679 1046 Salis
1689 1015 1796 1045 concha
1806 1037 1814 1049 ,
1835 1024 1870 1044 ex
1881 1015 1946 1044 Hor.
1959 1013 2047 1051 supra.
2598 1010 2599 1014 ’

1428 1056 1543 1088 Concha
1558 1078 1566 1090 ,
1587 1065 1638 1093 pro
1654 1053 1734 1083 Tuba
1744 1054 1866 1091 ponitur.
1890 1052 1963 1089 Virg.
1975 1055 2001 1080 6.
2019 1050 2081 1081 AEn.
2097 1058 2159 1087 171.

1519 1094 1575 1124 Sed
1588 1101 1646 1122 tum
1656 1091 1728 1121 forte
1741 1101 1808 1120 cava
1822 1090 1891 1120 dum
1901 1089 2029 1128 personat
2040 1097 2149 1125 aequora
2158 1085 2276 1117 concha.
2370 1085 2481 1116 Servius
2489 1084 2546 1115 hoc

1447 1142 1550 1162 nornen
1565 1142 1579 1160 a
1591 1128 1657 1166 »ρέΓχη
1675 1129 1800 1158 deducit.
1822 1128 1875 1158 Alii
1885 1128 2013 1157 Latinum
2022 1132 2139 1164 putant,
2159 1135 2175 1155 a
2188 1124 2369 1155 Concavitate
2380 1124 2545 1159 deductum,

1445 1172 1536 1207 itaque
1547 1169 1602 1204 sirie
1612 1167 1776 1206 aspiratione
1785 1166 1914 1196 scribunt.
1936 1165 2009 1195 adde
2020 1164 2089 1194 Plin.
2102 1169 2128 1198 8.
2143 1174 2168 1198 ς.

1427 1208 1546 1239 Ventosa
1557 1207 1673 1236 concha.
1697 1206 1716 1234 i.
1729 1215 1754 1234 e.
1778 1205 1866 1233 Vento
1876 1203 1980 1233 inflata.
2002 1202 2103 1232 Lucan.
2113 1211 2139 1238 9.
2153 1210 2216 1238 349.
2238 1200 2274 1230 de
2288 1199 2408 1230 Tritone
2418 1196 2548 1237 Neptuni

1445 1247 1571 1276 tubicine
1582 1267 1590 1279 ,
1612 1244 1658 1281 qui
1670 1241 1778 1272 concha
1790 1243 1876 1271 utitur
1885 1243 1948 1271 vice
1957 1239 2039 1270 tubae.

1427 1285 1540 1315 Concha
1551 1282 1650 1312 caerula
1660 1304 1668 1316 ,
1690 1290 1741 1319 pro
1750 1280 1835 1311 Caelo.
1876 1280 1961 1309 Varro
1976 1282 2002 1308 ⁶.
2015 1278 2052 1307 de
2062 1277 2092 1307 L.
2103 1276 2133 1306 L.
2146 1285 2172 1306 2.
2196 1275 2229 1306 Id
2245 1275 2301 1311 est,
2321 1280 2354 1304 ut
2369 1274 2407 1304 ait
2414 1274 2547 1310 Naevius,

1448 1320 1700 1358 Haemisphaerium,
1721 1318 1768 1348 ubi
1778 1317 1887 1348 concha
1897 1316 1996 1347 caerula
2005 1315 2113 1354 septum
2125 1314 2183 1344 stat.
2226 1313 2282 1344 Hic
2293 1312 2548 1350 eleganterconca.
2587 1345 2590 1350 .

1444 1370 1478 1390 va
1497 1359 1555 1389 caeli
1573 1358 1752 1390 convexitas,
1774 1366 1851 1386 more
1868 1354 2024 1393 tegumenti
2045 1355 2072 1384 &
2091 1352 2206 1382 conchae
2223 1356 2419 1382 concamerata
2440 1351 2467 1380 &
2487 1359 2550 1380 cur·
2575 1347 2585 1386 ζ

1443 1406 1506 1428 vata
1524 1396 1695 1433 intelligitur.
1735 1394 1885 1424 Turnebus
1904 1392 2015 1429 Advers.
2027 1401 2072 1421 22·
2089 1400 2135 1428 ας.
2171 1390 2228 1420 Sed
2249 1390 2279 1420 iri
2297 1388 2382 1419 editis
2398 1387 2476 1418 libris
2492 1387 2549 1418 alia
2575 1388 2590 1406 s

1443 1437 1528 1465 lectio
1547 1439 1699 1472 comparet.

1386 1474 1410 1506 C
1421 1485 1438 1504 o
1449 1485 1467 1502 Ν
1477 1484 1494 1503 0
1503 1484 1522 1502 i-i
1531 1477 1548 1502 Ᾰ
1558 1482 1577 1501 T
1587 1482 1604 1502 υ
1613 1481 1636 1504 s,
1648 1481 1672 1505 a,
1682 1480 1739 1500 um.
1752 1469 1855 1506 Adj.1n
1867 1478 1978 1505 morem
1986 1467 2102 1498 conchae
2114 1470 2250 1496 curvatus.
2261 1463 2382 1494 Plin.lib.
2390 1472 2547 1501 io.cap.2o.

1425 1513 1461 1542 de
1473 1520 1582 1550 pavone
1591 1532 1599 1546 ,
1619 1507 1708 1538 Simul
1717 1508 1821 1537 umbrae
1833 1507 1967 1546 quosdam
1984 1504 2155 1544 repercussus
2171 1504 2270 1534 ceteris
2288 1501 2336 1540 qui
2349 1502 2380 1532 in
2391 1511 2479 1540 opaco
2492 1501 2548 1532 cla-

1424 1551 1481 1580 rius
1497 1549 1602 1578 micant
1612 1570 1621 1582 ,
1642 1546 1781 1576 conchata
1791 1546 1889 1583 quaerit
1899 1544 1996 1574 cauda.
2590 1539 2591 1542 ’

1387 1588 1411 1619 C
1420 1598 1436 1618 0
1447 1598 1466 1617 Ν
1476 1596 1494 1617 0
1503 1597 1524 1616 H
1532 1598 1541 1616 i
1550 1596 1562 1616 s
1571 1608 1580 1622 ,
1600 1586 1632 1615 is.
1652 1586 1672 1615 i.
1695 1584 1826 1621 [κόγνύς]
1847 1582 1927 1615 Fabae
1935 1591 2023 1620 genus
2032 1603 2040 1618 ‚
2061 1579 2116 1611 five
2125 1579 2258 1610 EduIIum
2271 1587 2307 1609 ex
2317 1577 2389 1608 faba.
2409 1576 2509 1613 Juven.
2520 1581 2549 1615 30'

1425 1627 1481 1657 Sat.
1498 1634 1603 1696 2'Chius
1613 1659 1723 1691 conche
1733 1659 1847 1689 tumes?
1869 1658 1931 1695 quis
1944 1663 2039 1688 tecum
2047 1655 2141 1686 sectile
2151 1663 2267 1693 porrum

1516 1700 1617 1735 Sutor,
1639 1700 1665 1728 81
1686 1698 1753 1727 elixi
1774 1697 1898 1726 vervecis
1923 1693 1998 1725 labra
2018 1694 2165 1725 comedit?
2258 1692 2386 1722 Perottus
2406 1690 2478 1720 dicit
2492 1687 2548 1720 effe

1424 1738 1525 1770 Fabam
1545 1747 1610 1767 cum
1631 1736 1736 1766 cortice
1754 1734 1804 1764 suo
1833 1734 1954 1770 elixam,
1984 1733 2020 1763 ad
2042 1731 2231 1762 differentiam
2251 1730 2332 1761 Fabae
2351 1728 2455 1764 fressae,
2485 1737 2546 1766 quae

1423 1778 1483 1807 sine
1499 1777 1602 1807 cortice
1619 1775 1772 1817 coquitur,
1783 1783 1799 1802 a
1818 1772 1997 1802 similitudine
2011 1770 2145 1801 videlicet
2163 1768 2351 1802 concharum,
2381 1768 2456 1804 quud
2480 1775 2548 1795 con-

1424 1816 1512 1882 fraf‘to
1531 1815 1654 1849 cortice,
1674 1811 1752 1843 velut
1764 1810 1902 1849 implicita
1916 1809 2033 1840 conchis
2047 1808 2101 1839 suis
2115 1806 2266 1838 caruncula
2278 1828 2288 1844 ,
2310 1804 2444 1836 videatur.
2474 1803 2548 1834 Mar-

1425 1859 1464 1883 na
1477 1875 1484 1883 .
1498 1861 1656 1928 Isis-immet
1669 1888 1750 1918 rubra
1762 1886 1879 1917 conchis
1896 1885 1946 1915 tibi
1957 1883 2062 1924 pallida
2073 1883 2140 1915 testa
2150 1904 2159 1920 ‚

1548 1928 1697 1957 Lautorum
1707 1926 1797 1955 comis
1807 1924 1877 1962 saepe
1887 1933 1986 1962 negare
1997 1929 2088 1961 potes.

1429 1965 1551 1996 Conchis
1565 1966 1687 1995 1111111613.
1710 1962 1828 1993 Martial.
1841 1972 1866 1998 7.
1881 1971 1924 1999 77.
1947 1962 1976 1990 in
1988 1959 2123 1999 Papilum.

1388 2004 1412 2035 C
1422 2015 1438 2034 0
1447 2014 1468 2034 Ν
1477 2014 1495 2033 0
1505 2008 1572 2033 Hir
1583 2014 1602 2032 A
1611 2024 1620 2038 ,
1638 2013 1670 2032 ae.
1684 2011 1721 2032 m.
1737 2001 1795 2038 Qui
1806 1998 1954 2037 conchylia
1962 1998 2102 2036 conquirit
2109 1998 2138 2027 in
2149 1996 2227 2027 mari.
2248 1995 2336 2027 Plaut.
2348 1994 2421 2026 Rud.
2433 2002 2460 2025 2.
2471 2002 2498 2024 2.
2516 2003 2542 2030 ς.

1518 2041 1626 2071 Salvete
1640 2040 1713 2069 fures
1725 2038 1874 2072 maritimi,
1896 2037 2034 2067 conchitae
2044 2042 2127 2073 atque
2135 2035 2274 2066 hamiotae.
2357 2031 2547 2070 Conchyliarii

1428 2079 1511 2110 etiam
1522 2080 1660 2108 dicuntur.
1702 2077 1742 2107 Al.
1763 2075 1835 2106 male
1846 2074 2000 2113 Conchytae
2007 2083 2057 2113 per
2068 2083 2095 2111 y.
2386 2108 2421 2145 Q

2415 2117 2452 2137 uo
2463 2108 2547 2137 etiam

1427 2156 1543 2184 nomine
1553 2165 1567 2184 a
1590 2155 1627 2184 ud
1638 2154 1747 2184 Graecos
1759 2151 1923 2189 significatur
1936 2149 2091 2181 Oculorum
2099 2148 2268 2178 concavitas.
2309 2146 2340 2177 V.
2364 2145 2456 2176 Ruell.
2466 2145 2546 2175 liba.

1427 2203 1488 2230 cap.
1500 2202 1545 2222 20.
1590 2200 1601 2221 t
1614 2191 1678 2221 Cael.
1693 2191 1814 2228 Rhodig.
1826 2189 1876 2219 lib.
1892 2192 1933 2219 16.
1946 2198 2006 2226 cap.
2025 2197 2047 2217 1.

1427 2269 1540 2298 charum
1560 2277 1660 2306 genere
1671 2289 1678 2303 ,
1699 2274 1730 2296 ut
1745 2267 1829 2295 docet
1847 2265 1916 2295 Plin.
1939 2264 1988 2294 lib.
2001 2274 2028 2300 9.
2039 2273 2099 2300 cap.
2116 2272 2157 2298 35.
2171 2263 2197 2291 Sc
2211 2265 2254 2297 3⁶·
2277 2260 2335 2290 Cic.
2349 2262 2379 2290 in
2394 2259 2479 2289 Pison.
2497 2263 2545 2295 ⁶7·

1426 2306 1558 2373 ExitruCta
1572 2306 1665 2335 mensa
1689 2314 1749 2334 non
1767 2302 1923 2341 conchyliis
1940 2308 1988 2332 aut
2003 2300 2125 2340 piscibus
2137 2321 2146 2336 ,
2165 2299 2213 2329 sed
2231 2298 2320 2329 multa
2336 2307 2418 2328 carne
2436 2297 2547 2327 subran-

1426 2354 1453 2373 ci
1477 2354 1500 2373 a.
2511 2359 2515 2367 .

1427 2381 1525 2412 Conch
1547 2381 1635 2417 lium,
1666 2388 1871 2418 nonnunquam
1897 2378 1936 2408 est
1957 2386 2063 2407 nomen
2090 2374 2219 2414 generale
2242 2374 2277 2404 ad
2296 2382 2395 2403 omnes
2414 2371 2549 2404 conchas.

1446 2419 1514 2449 Plin.
1544 2420 1578 2448 ib.
1590 2429 1615 2454 9.
1627 2429 1688 2455 cap.
1704 2421 1747 2455 36.
1768 2418 1873 2454 Lingua
1883 2425 2010 2454 purpurae
2018 2413 2195 2452 longitudine
2205 2411 2331 2450 digitaln,
2351 2420 2405 2450 qua
2419 2409 2547 2450 pascitur,

1445 2457 1615 2495 perforando
1628 2457 1731 2493 reliqua
1745 2454 1909 2493 conchylia:
1932 2460 2007 2483 tanta
2017 2453 2118 2482 duritia
2126 2452 2223 2481 aculeo
2230 2450 2276 2480 est.

1428 2494 1546 2524 Lubrica
1555 2494 1711 2532 conchylia.
1734 2494 1799 2522 Hor.
1813 2503 1839 2522 ².
1852 2494 1938 2521 Serm.
1949 2502 1974 2526 4.
1988 2500 2032 2528 30.

1428 2533 1470 2563 Ex
1480 2532 1620 2569 conchylii
1630 2531 1738 2562 concha
1751 2530 1836 2560 incisa
1850 2529 1991 2567 colligitur
2000 2527 2097 2558 succus
2108 2525 2249 2565 tingendis
2259 2523 2377 2555 vestibus
2394 2523 2544 2562 expetitus.
2562 2547 2565 2554 .

1447 2578 1482 2599 ex
1492 2580 1526 2599 eo
1536 2572 1611 2600 enim
1623 2570 1744 2600 inficitur
1754 2579 1891 2606 purpura,
1930 2567 1958 2596 ui
1976 2566 2055 2597 color
2074 2566 2196 2596 austerus
2210 2565 2240 2594 in
2258 2562 2358 2601 glauco
2376 2563 2433 2599 est,
2455 2561 2546 2592 &ira-
2572 2571 2573 2574 ¹

1446 2607 1532 2637 scenti
1547 2608 1638 2637 similis
1651 2610 1728 2636 mari.
1752 2607 1820 2636 Plin.
1833 2606 1880 2635 lib.
1897 2577 1994 2642 91031).
2010 2607 2053 2641 36.

1427 2645 1618 2683 Conchylium
1630 2668 1638 2681 ,
1659 2645 1719 2683 Ipse
1729 2644 1815 2674 color.
1857 2642 1925 2673 Plin.
1938 2642 1986 2672 lib.
1998 2652 2024 2677 9.
2036 2651 2096 2679 cap.
2110 2644 2155 2676 ³6-
2176 2638 2353 2669 Concharum
2367 2637 2402 2667 ad
2413 2644 2561 2676 purpuras,

1451 2685 1477 2713 &
1494 2683 1641 2721 conchylia
1650 2683 1749 2712 eadem
1760 2681 1872 2720 quidem
1884 2681 1922 2710 est
1932 2681 2045 2710 materia
2055 2701 2064 2714 ,
2084 2679 2130 2707 sed
2140 2678 2219 2708 distat
2228 2681 2459 2714 temperamento.

1429 2720 1543 2751 Poscere
1560 2721 1750 2759 conchylium.
1778 2721 1796 2750 i.
1817 2730 1842 2749 0.
1864 2718 1973 2748 Vestem
1984 2716 2200 2754 conchyliatam.
2223 2714 2342 2752 Quintil.
2354 2713 2404 2743 lib.
2419 2722 2441 2742 1.
2455 2720 2567 2750 capa->r

1452 2758 1587 2788 Nondum
1599 2760 1687 2797 prima
1696 2758 1780 2788 verba
1790 2757 1937 2795 exprimit.
1962 2757 1988 2786 &
1998 2756 2053 2792 jam
2064 2763 2183 2784 coccum
2193 2752 2340 2790 intelligit:
2361 2752 2418 2787 jam
2429 2750 2552 2788 conchy-
2576 2752 2578 2755 ’

1452 2796 1521 2837 lium
1533 2796 1628 2834 poscit.
1670 2796 1801 2833 Loquitur
1809 2802 1904 2825 autem
1917 2794 1952 2823 de
1960 2794 2054 2832 pueris
2064 2792 2148 2822 nimis
2158 2791 2279 2821 molliter
2290 2789 2424 2819 educatis.
2554 2794 2562 2807 ὲ

1827 2827 2031 2869 [ῳᾶυλιωπές]
2058 2836 2089 2860 ut
2099 2852 2109 2867 ‚
2138 2828 2322 2866 Conchyliata
2342 2826 2422 2856 vestis
2435 2847 2444 2862 ‚
2475 2824 2547 2862 Qpae

1432 2873 1537 2901 murice
1550 2873 1636 2901 1111613
1647 2873 1693 2901 est.
1715 2871 1745 2901 V.
1768 2870 1851 2909 paulo
1861 2870 1932 2899 infra
1941 2879 1976 2899 ex
1987 2869 2054 2898 Plin.

1433 2909 1614 2947 Conchyliata
1625 2909 1828 2947 peristromata.
1852 2907 2034 2944 Quaeinfeeta
2045 2905 2106 2935 sunt
2114 2904 2196 2934 succo
2210 2901 2432 2940 conchyliorum.
2456 2898 2572 2930 Cic.2.‘'

1453 2948 1572 2985 Philipp.
1582 2951 1626 2983 67.
1650 2947 1841 2985 Conchyliatis
1852 2945 1903 2975 Cn.
1918 2944 2041 2983 Pompeii
2057 2942 2255 2982 peristromatis
2266 2941 2406 2971 servorum
2423 2939 2454 2969 in
2473 2938 2551 2968 cellis

1453 2983 1540 3014 rectos
1554 2987 1648 3014 stratos
1660 2986 1775 3014 videres.

1435 3022 1510 3053 Inter
1525 3023 1707 3060 Conchyliata
1722 3024 1747 3052 &
1761 3023 1898 3059 Purpurea
1919 3020 1975 3049 hoc
1991 3016 2121 3054 interest3
2144 3017 2219 3055 quod
2238 3016 2410 3054 Purpureum
2430 3013 2568 3054 inficitur,

1455 3070 1583 3104 purpurae
1593 3061 1661 3089 flore
1675 3063 1700 3090 &
1712 3060 1823 3089 buceini
1835 3056 1916 3088 succo
1927 3080 1936 3094 ,
1956 3063 2032 3087 certo
2044 3057 2165 3094 quodam
2176 3060 2414 3091 temperamento:
2435 3053 2464 3081 in
2479 3051 2560 3080 Con-³

1455 3098 1582 3135 chyliatis
1592 3108 1649 3127 non
1662 3098 1828 3128 miscebatur
1839 3097 2008 3130 buccinum,
2028 3100 2060 3124 ut
2078 3094 2180 3123 Plinius
2194 3092 2303 3127 scribit,
2323 3090 2371 3120 sed
2387 3091 2425 3120 ita
2436 3089 2577 3121 obscurem

1458 3137 1484 3165 δι
1499 3135 1647 3170 mendose,
1669 3142 1699 3166 ut
1714 3135 1831 3172 intelligi
1848 3143 1905 3163 non
1927 3132 2019 3171 possit.
2057 3132 2104 3161 Sic
2123 3131 2199 3160 enim
2216 3129 2315 3167 legitur
2328 3128 2376 3157 lib.
2389 3138 2414 3162 9.
2434 3137 2492 3164 cap.
2505 3126 2555 3161 39:>

1458 3173 1489 3202 ln
1500 3173 1674 3211 conchyliata
1686 3174 1758 3203 veste
1768 3181 1859 3202 cetera
1873 3171 1971 3200 eadem
1983 3170 2039 3199 sine
2058 3169 2179 3199 buccino
2189 3189 2198 3204 ‚
2218 3175 2371 3205 praeterque
2384 3166 2427 3201 jus
2445 3172 2551 3208 tempe-

1458 3218 1530 3240 ratur
1540 3221 1608 3249 aqua
1619 3210 1764 3249 proinviso
1777 3209 1891 3240 humani
1905 3215 1985 3246 potus
1994 3213 2185 3241 excremento,
2206 3204 2322 3235 dimidia
2330 3205 2356 3234 &
2365 3202 2552 3233 medicamina

1456 3249 1605 3278 adduntur.
1655 3247 1800 3278 Turnebus
1823 3257 1888 3277 vero
1907 3245 1958 3281 sic,
1987 3244 2199 3283 astipulantibus
2225 3241 2364 3272 veteribus
2390 3239 2551 3274 codicibus,'

1458 3286 1609 3323 Praeterque
1621 3288 1680 3323 ejus
1690 3292 1891 3324 temperatura,
1913 3286 2008 3320 &quat
2017 3292 2069 3321 pro
2085 3281 2204 3312 indiviso
2222 3279 2336 3309 humani
2355 3284 2437 3316 potus
2456 3284 2552 3306 excre-

1459 3331 1554 3352 mento
1566 3325 1723 3354 remedia&
1739 3323 1925 3353 medicamina
1944 3322 2092 3351 adduntur.
2133 3320 2206 3349 Nam
2224 3317 2382 3347 inficiendis
2400 3313 2550 3352 conchylio

1458 3361 1607 3391 velleribus
1616 3384 1623 3396 ,
1646 3372 1731 3399 quum
1743 3363 1894 3390 humanum
1905 3358 2100 3389 admisceretur
2111 3356 2211 3386 lotium
2222 3377 2229 3390 ,
2251 3361 2282 3384 ut
2292 3355 2351 3390 ejus
2366 3353 2459 3383 odoris
2473 3351 2554 3381 foedi-

1461 3404 1501 3428 tas
1510 3400 1720 3434 emendaretur,
1742 3398 1946 3428 medicamenta
1955 3396 2082 3433 quaedam
2096 3397 2121 3425 ἃ
2133 3393 2254 3424 remedia
2265 3391 2476 3422 adhibebantur.
2499 3389 2554 3418 Mi-

1458 3436 1583 3466 scebatur
1596 3438 1733 3467 &lotium
1745 3436 1884 3473 tingendae
1896 3443 2038 3477 purpurae:
2060 3432 2135 3462 unde
2154 3433 2179 3461 &
2201 3429 2351 3460 indivisum
2367 3428 2457 3463 dixit,
2479 3424 2554 3464 quod

1463 3476 1489 3504 &
1503 3475 1530 3502 in
1541 3485 1660 3512 purpura
1670 3497 1678 3509 ,
1700 3483 1729 3504 ut
1738 3474 1768 3503 in
1780 3471 1930 3510 conchylio
1941 3471 2075 3508 tingendo
2084 3469 2240 3500 adderetur.
2281 3467 2374 3504 Quare
2390 3465 2426 3496 de
2438 3462 2554 3504 graviffi-

1459 3521 1507 3541 mo
1520 3514 1544 3541 ὁὶ
1556 3513 1704 3541 taeterrimo
1715 3512 1801 3540 odore
1810 3511 1882 3539 dixit
1895 3508 2013 3539 Martial.
2027 3519 2052 3543 4.
2065 3519 2091 3543 4.

1535 3550 1619 3586 Quod
1633 3550 1676 3578 bis
1688 3549 1792 3578 murice
1802 3545 1889 3577 vellus
1908 3547 2092 3584 inquinatum.
2174 3543 2316 3574 Hactenus
2333 3539 2456 3571 Turneb.
2481 3549 2505 3574 ς.
2525 3547 2551 3572 ⁹-

1464 3586 1588 3629 11111113.
1602 3597 1637 3617 ex
1649 3586 1709 3617 Mff.
1720 3582 2142 3617 1101010111Ιοἐῖ101101111011111111,
2162 3581 2209 3610 nisi
2223 3580 2300 3618 quod
2314 3579 2398 3609 etiam
2416 3577 2465 3608 Pro
2483 3576 2554 3606 indi·
2585 3575 2587 3590 ¹

1462 3624 1518 3652 viso
1535 3624 1616 3661 legit,
1639 3626 1665 3654 81
1677 3625 1712 3654 de
1724 3624 1809 3660 AEqua
1819 3624 1947 3659 portione
1960 3621 2099 3658 utriusque
2109 3618 2234 3655 exponit.

1447 3699 1576 3742 fignificat
1589 3699 1749 3729 Minutatim
1761 3698 1876 3728 caedere.
1917 3695 2055 3726 Columel.
2066 3694 2114 3724 lib.
2127 3704 2168 3723 12.
2185 3702 2247 3731 cap.
2260 3697 2285 3727 8.
2308 3690 2470 3728 Concisique
2478 3687 2552 3718 sesti·
2598 3724 2599 3729 ¹

1447 3746 1473 3764 vi
1486 3745 1558 3772 porri
1569 3759 1576 3771 ,
1599 3744 1732 3773 quantum
1741 3736 1851 3766 videtur
1862 3734 1986 3767 adiicito.

1446 3774 1599 3802 Concidere
1609 3775 1725 3804 minute.
1767 3771 1905 3802 Columel.
1922 3771 1970 3802 lib.
1985 3780 2026 3801 12.
2039 3778 2100 3808 cap.
2110 3777 2155 3799 22.
2187 3766 2255 3798 Haec
2265 3766 2373 3797 minute
2391 3763 2550 3796 concidito,
2600 3774 2604 3782 ·

1465 3812 1490 3840 &
1502 3811 1652 3840 adniisceto
1664 3813 1718 3849 pici
1732 3811 1924 3840 Nemeturicae.

1448 3847 1601 3891 Concidere
1611 3849 1694 3886 usque
1713 3849 1749 3878 ad
1767 3848 1861 3877 sanum
1876 3855 1986 3885 corpus.
2025 3843 2096 3874 Cels.
2107 3842 2155 3873 lib.
2170 3853 2193 3879 ς.
2204 3851 2266 3880 cap.
2278 3850 2324 3876 27.
2358 3838 2467 3870 Deinde
2480 3835 2554 3874 quie-

1464 3885 1530 3921 quid
1540 3886 1646 3915 aridum
1655 3887 1707 3919 est,
1730 3888 1754 3915 81
1773 3885 1930 3914 intentione
1940 3883 2058 3921 quadam
2070 3882 2230 3919 proximum
2244 3887 2355 3918 quoque
2369 3877 2464 3907 locum
2482 3872 2552 3904 male
2592 3883 2604 3899 e¹

1462 3922 1547 3953 habet
1557 3945 1564 3959 ‚
1584 3924 1668 3961 usque
1676 3924 1713 3954 ad
1723 3923 1819 3953 sanum
1834 3932 1934 3960 corpus
1943 3919 2103 3951 concidere.
2593 3940 2596 3949 .

2402 3947 2554 3980 Concidere
2592 3956 2604 3981 ς
