2600 4177
496 113 521 147 B
618 114 645 149 E
740 116 768 150 L

43 191 107 222 ΒΒι,
116 202 131 219 L
143 200 159 229 A
171 199 213 219 To
223 200 237 219 x
247 213 254 225 ,
276 192 340 221 siris.
362 201 399 221 m.
421 193 594 229 [oronte-iric,
613 192 760 232 mimae]
784 198 841 234 Qui
852 198 956 229 bellum
968 202 1038 237 gerit
1048 224 1056 237 ,
1077 201 1120 232 vel
1130 202 1191 230 lon-

79 239 111 267 ga
122 227 185 257 belli
197 230 395 259 exercitatione
405 230 510 267 praestat
520 233 545 260 8(
556 233 676 262 excellit.
700 234 769 271 Virg.
788 245 827 265 12.
848 238 908 267 ffin.
925 241 989 273 614.

156 265 261 294 Interea
277 275 402 296 extremo
421 267 538 297 bellator
560 270 589 298 in
604 280 712 306 aequore
723 272 844 303 Turnus.
940 278 998 306 Cic.
1008 287 1035 312 4.
1051 275 1132 305 'susc
1147 285 1191 311 42.

80 302 139 332 Nec
150 312 214 331 vero
224 303 258 331 de
270 303 447 334 bellatoribus
463 305 551 335 solum
564 307 722 345 disputant,
736 312 787 340 διε.

78 339 197 369 Bellator
208 340 298 370 bellat.
321 342 404 370 Ovid.
419 352 440 378 3.
461 344 496 372 de
511 346 572 373 Arte
587 346 646 374 Am.
664 355 724 382 359.

79 377 153 406 Ensis
164 377 288 407 bellator.
310 379 357 408 Sil.
375 379 422 408 lib.
442 389 481 416 ¹3·
499 385 559 417 376.

80 414 187 482 Equuji}
209 415 257 444 Per
269 426 350 452 quem
367 417 470 447 bellum
481 419 599 455 geritur,
622 426 653 449 ut
664 421 828 453 aitServius.
850 423 922 462 Virg.
935 434 961 453 2.
976 424 1077 462 Georg.
1092 434 1152 461 145.
1168 426 1194 454 ὅ(

104 462 142 480 io.
191 462 215 481 n.
230 459 293 487 89¹-
739 476 744 484 ·

78 489 155 519 Felix
167 490 289 520 bellator.
314 491 410 521 Claud.
424 492 452 521 in
467 493 518 522 sec.
531 493 612 523 Cons.
625 494 684 524 Stil.
701 505 742 525 12.

80 527 150 557 Meri
161 527 315 558 bellatores.
355 529 386 559 In
419 541 438 558 M
450 541 462 558 Β
474 541 487 558 Β
499 541 516 559 υ
526 541 545 558 s.

80 565 172 594 Severi
187 565 342 595 bellatores.
382 567 479 597 Claud.
493 569 519 597 in
531 568 583 598 sec.
595 569 675 598 Cons.
686 570 760 599 Hon.
772 581 836 606 ⁴21·
857 574 931 603 conf.
953 574 1088 605 Broeckh.
1102 575 1136 604 ad
1148 574 1197 604 Ti-

102 602 167 631 bull.
185 613 207 632 1.
229 608 325 639 xi.46.
348 605 476 635 &Bam
494 607 527 635 ad
546 607 664 643 Quintil.
680 608 756 638 Decl.
772 615 834 642 ³06.
858 622 885 648 p.
902 623 965 649 595.

45 639 280 673 BittLFiTxix‚
300 643 359 671 icis
383 643 400 671 f.
423 643 590 679 [πιλτμιςὶς]
613 645 682 682 Virg.
701 656 722 674 i.
736 647 798 676 AEn.
813 657 877 684 493.

160 678 245 707 Aurea
262 679 428 709 subnectens
440 690 541 710 exertae
553 682 663 719 cingula
675 693 802 713 mammae

158 715 296 745 Bellatrix.
378 718 419 747 De
431 719 596 749 Penthesilea
611 723 781 751 Amazonum
792 723 893 759 regina.

53 767 56 770 ⁴
82 752 187 782 Cohors
198 753 333 783 bellatrix.
357 755 423 784 Stat.
437 760 462 785 6.
481 756 569 787 Theb.
582 762 643 786 262.

81 790 150 820 Diva
163 791 304 826 bellatrix,
328 792 422 822 Pallas.
447 794 530 823 Ovid.
544 806 566 824 i.
581 795 661 825 Trist.
674 806 697 831 ς.
708 800 753 833 76.

82 827 225 872 Iracundia
236 829 370 873 bellatrix.
393 831 450 877 Cio.
462 832 583 876 43Tusc.
598 842 641 880 53·

0 887 2 935 J
39 864 479 941 Βὲῗίᾞὶἶρῖῗῗῗεῗῗξῗ
491 870 918 948 ¹[¹¹.{'i{..⁶.⁰.2³?]‘¹31¹3;.¹7³.³tpist.
932 921 957 947 9.
980 911 1014 942 Et
1025 913 1098 950 quas.
1116 912 1201 943 bena-

83 941 185 970 torium
197 942 286 971 stilum
296 943 430 974 suaserim.
453 946 588 975 Ainmian.
599 955 643 981 23.
659 958 682 981 ς.
705 947 851 978 Bellatoria
864 951 996 986 jumenta.

43 978 67 1011 B
77 988 90 1007 Β
100 989 138 1007 LL
147 989 164 1008 A
175 989 194 1007 T
203 990 221 1008 u
232 990 246 1008 Β
259 991 293 1010 ιο
303 1003 310 1015 ,
333 988 363 1010 ut
374 988 530 1016 πυλεμκσειω.
554 984 608 1013 Dio
628 995 655 1021 p.
670 989 730 1022 367.
746 987 773 1014 in
785 986 849 1016 fine.
893 989 925 1014 Ες
937 985 973 1015 viv
989 991 1116 1015 ssoeuvm'ow
1129 995 1200 1015 mm-

6 1021 7 1024 ’
82 1017 210 1050 fanniam
224 1018 354 1053 ἐξέπεμψε.
393 1019 462 1050 Vide
473 1030 507 1049 an
525 1022 628 1051 nonibi
641 1022 705 1060 Xyl.
725 1025 860 1061 interpres
879 1026 953 1054 dicat
963 1025 1198 1055 Bellaturientem.

82 1054 146 1083 Scio
157 1056 182 1083 8(
194 1055 261 1085 alios
272 1057 435 1093 interpretes
446 1058 506 1087 usos
518 1059 573 1088 effe
584 1060 612 1088 in
628 1061 773 1090 reddendo
792 1063 851 1091 illo.
892 1063 938 1092 Sic
954 1064 1110 1093 Coenaturit
1121 1086 1128 1099 ,
1150 1065 1202 1093 Ca-

83 1093 181 1121 caturit
193 1093 309 1122 Martial.
324 1095 357 1124 H.
371 1096 409 1125 St.
444 1096 474 1125 V.
497 1097 526 1125 in
538 1098 680 1135 posteriori
691 1109 760 1129 voce
772 1099 791 1129 s.
806 1100 823 1129 l.
847 1101 921 1130 conf.
934 1101 1014 1131 Thes.
1029 1102 1115 1131 Graec.
1127 1102 1203 1132 Hen-

83 1130 131 1158 rici
142 1131 223 1159 nostri
234 1153 241 1165 ,
265 1131 318 1161 vol.
333 1142 355 1169 3.
369 1133 422 1162 col.
434 1138 497 1169 462.

9 1175 11 1187 '1
46 1167 135 1197 But
144 1177 161 1196 A
171 1177 190 1196 x
200 1190 207 1203 ,
233 1170 297 1199 acis.
320 1170 398 1200 Idem
410 1181 443 1200 ac
453 1171 609 1202 Bellicosus.
632 1173 734 1203 Bellaci
746 1175 864 1205 confisus
876 1183 967 1213 gente.
991 1177 1199 1213 Lucan.4.406.

8 1200 11 1243 i
45 1204 112 1235 BEL
121 1216 137 1233 L
147 1215 193 1234 υΝ
204 1217 220 1235 υ
231 1218 251 1235 M
262 1229 270 1242 ,
291 1207 335 1236 vel
353 1208 373 1237 B
384 1219 396 1237 Β
407 1221 421 1237 ι.
433 1219 450 1237 u
460 1219 479 1237 N
491 1220 508 1239 u
518 1221 538 1239 Μ
549 1233 557 1246 ,
576 1213 704 1247 [semitm
716 1213 731 1247 ]
745 1213 913 1243 Venetorum
924 1215 1062 1252 oppidum
1074 1215 1200 1251 initalia,

83 1243 274 1279 utPatavium,
297 1245 493 1283 Opitergium,
515 1248 626 1279 Vicetia.
651 1249 779 1280 Plin.lib.
795 1261 817 1287 3.
830 1262 889 1290 cap.
906 1263 947 1288 19.

9 1300 12 1314 -,
45 1279 202 1317 Battus,
234 1282 263 1312 V.
286 1293 413 1314 BONUS.

44 1316 244 1349 Rutu-Tot
254 1330 310 1356 us,
331 1322 368 1351 est
381 1322 483 1352 Belluae
497 1323 590 1354 similis
601 1347 608 1360 ,
630 1331 662 1354 ut
677 1326 716 1355 ait
738 1326 837 1356 Festus.
881 1327 942 1356 Hoc
964 1337 1121 1365 cognomen
1140 1328 1203 1358 tulit

11 1352 13 1359 ’
81 1355 112 1385 L.
123 1356 241 1386 Sicinius
252 1359 357 1396 primus
374 1360 517 1391 Tribunus
528 1362 602 1399 pleb.
616 1366 729 1393 auctore
742 1364 873 1402 Dionysio
887 1367 912 1395 &
931 1366 1067 1395 Paediuno.
1109 1366 1140 1396 V.
1163 1366 1204 1396 Si—

81 1404 145 1431 gon.
160 1395 196 1423 de
205 1396 287 1425 Nom.
300 1397 381 1427 Rom.
394 1408 453 1436 cap.
469 1410 492 1434 ς.
532 1399 587 1435 [In
599 1401 668 1431 Festi
683 1402 767 1431 codd.
788 1402 912 1433 Bellutus
930 1404 1085 1442 expressum
1096 1426 1104 1438 ,
1126 1411 1157 1433 ut
1176 1405 1203 1434 &

82 1441 126 1469 ap.
144 1432 238 1469 Sigon.
262 1434 292 1464 V.
314 1435 391 1473 supra
404 1437 431 1465 in
453 1447 605 1468 BELLUA.
629 1439 660 1468 ln
680 1439 787 1469 Asconii
805 1441 888 1470 codd.
903 1451 1062 1479 cognomen
1073 1441 1204 1471 illudVe-

83 1469 156 1500 lutus
169 1470 294 1501 scribitur
307 1495 315 1506 ,
337 1475 413 1510 quod
426 1475 520 1504 Graece
536 1478 654 1506 Bima-<eu
671 1477 790 1508 effertur.

11 1514 13 1546 ξ
36 1506 68 1545 Β
78 1517 91 1536 Β
100 1518 115 1536 1.
125 1518 141 1537 o
150 1511 167 1537 A
177 1519 194 1537 c
204 1519 220 1538 o
230 1519 252 1545 s,
264 1511 290 1539 &
304 1510 325 1540 Β
337 1521 350 1539 Β
358 1522 399 1556 ¹10
410 1521 428 1541 T
437 1515 454 1542 ὅ
465 1523 481 1542 c
489 1523 506 1542 o
515 1514 1128 1556 s,Herba‚al.Dictamnus.Apul.deHerb.cap.
1147 1520 1190 1547 6².

12 1558 13 1563 ¹
46 1543 276 1577 Butocutus.
319 1548 349 1578 V.
372 1560 400 1578 in
416 1560 537 1580 natus.

42 1580 68 1614 ’Β
76 1592 89 1612 Β
99 1594 156 1619 LO,
177 1584 221 1614 vel
234 1585 254 1614 B
264 1597 286 1615 ie
296 1597 312 1614 L
321 1596 338 1616 o
346 1609 354 1621 ,
377 1589 474 1624 [ezzeli-
489 1589 576 1618 Strab.
594 1590 685 1618 Bam-0¹1⁹
700 1591 769 1621 Ptol.

787 1591 800 1628 ]
821 1592 934 1622 Nomen
950 1592 1024 1622 urbis
1042 1594 1068 1622 &
1083 1593 1159 1622 fluvii
1173 1593 1202 1622 in

85 1621 213 1659 Hispania
222 1623 336 1660 Baetica,
358 1625 446 1656 Strab.
457 1626 504 1656 lib.
520 1636 542 1659 z.
564 1627 651 1657 Belou
663 1629 730 1659 Plin.
744 1630 762 1658 l.
781 1639 803 1666 3.
816 1640 839 1659 c.
855 1641 878 1660 1.
894 1633 919 1661 ὅ(
933 1630 951 1660 l.
967 1642 990 1665 ς.
1004 1640 1028 1659 c.
1045 1640 1068 1660 1.

13 1668 14 1676 ¹
46 1656 90 1690 ΒΕ
100 1670 115 1688 L
125 1662 142 1689 ὀ
151 1670 171 1688 Ν
181 1671 194 1689 Β
206 1683 214 1696 ,
235 1671 273 1692 es.
296 1662 314 1691 f.
336 1664 465 1700 [Βελάνη]
487 1665 566 1695 Piscis
578 1666 615 1695 est
625 1688 633 1700 ,
655 1669 701 1704 qui
713 1667 778 1697 alias
791 1667 887 1698 Latine
902 1670 973 1698 Acus
989 1668 1099 1698 dicitur.
1122 1668 1203 1711 Utro-

11 1703 13 1709 ¹
84 1707 137 1735 que
150 1699 264 1728 nomine
278 1710 293 1729 a
312 1702 405 1736 tenui,
431 1704 504 1732 ret‘ta
527 1705 553 1733 ὅ(
566 1704 688 1742 oblonga
706 1705 792 1743 figura
810 1707 949 1740 dedudo,
972 1706 1082 1744 qualem
1102 1707 1158 1735 fere
1173 1715 1202 1734 in

83 1745 134 1764 acu
146 1736 251 1767 sartoris
259 1739 406 1769 cernimus.
448 1740 516 1770 Plin.
530 1741 578 1770 lib.
591 1753 617 1776 9.
633 1753 694 1781 cap.
708 1754 750 1776 ςι,
775 1745 844 1773 Acus
858 1767 865 1778 ,
886 1745 994 1781 inquit,
1018 1745 1072 1773 sive
1090 1743 1202 1779 belone,

83 1782 156 1803 unus
166 1775 282 1811 piscium
295 1798 302 1811 ,
326 1777 486 1811 dehiscente
498 1786 611 1817 propter
630 1781 840 1811 multitudinem
859 1790 937 1812 utero
951 1804 959 1817 ,
980 1784 1070 1821 parit:
1093 1793 1107 1811 a
1122 1789 1203 1823 partu

83 1811 212 1841 coalescit
221 1813 320 1844 vulnus
335 1837 343 1850 ‚
365 1816 442 1853 quod
451 1819 476 1846 <Sc
486 1818 515 1846 in
524 1818 637 1848 caeciliis
646 1819 819 1858 serpentibus
828 1821 950 1850 tradunt.
995 1820 1083 1858 Vulgo
1098 1820 1204 1856 Angust-

81 1851 141 1885 gula
155 1850 266 1881 dicitur.
291 1853 365 1882 conf.
383 1853 450 1883 Plin.
464 1864 506 1891 32·
520 1865 545 1892 7.
559 1857 585 1885 8(
601 1866 611 1885 1
622 1868 642 1886 i.

11 1868 14 1924 l
43 1885 68 1916 B
77 1896 91 1915 Β
100 1898 115 1915 L
124 1897 140 1916 o
149 1897 161 1918 s
172 1910 179 1923 ,
202 1890 306 1925 [βέλΘ
318 1891 332 1926 ]
352 1890 450 1921 Latine
460 1893 562 1922 dicitur
572 1893 683 1924 Telum.
725 1895 806 1925 Caius
819 1896 854 1925 de
866 1895 1019 1926 Verborum
1031 1894 1204 1934 fignificatio-

11 1926 14 1966 Ι
80 1934 125 1954 ne.
168 1926 253 1963 Quod
265 1938 316 1957 nos
325 1928 413 1958 telum
427 1930 599 1968 appellamus
610 1954 618 1968 ,
635 1933 678 1962 illi
697 1937 779 1965 1322&
794 1934 937 1972 appellant
950 1943 957 1964 :
979 1944 1069 1972 eoque
1088 1934 1203 1963 nomine

12 1976 15 1983 ι
84 1962 167 2001 vulgo
178 1966 292 2002 quidem
304 1966 335 1995 ld
347 1967 509 2004 significatur
519 1971 594 2007 quod
606 1970 640 2000 ab
651 1981 714 2001 arcu
729 1972 856 2002 mittitur.

39 1998 191 2038 BeruA,
224 2003 254 2033 V.
275 2014 430 2035 BELLUA.

37 2036 90 2083 ,Ba
101 2049 116 2067 L
125 2049 143 2068 u
152 2049 164 2069 s
176 2061 184 2076 ,
205 2041 338 2079 [Maca]
360 2043 471 2073 Nomen
486 2046 630 2082 proprium
643 2047 726 2084 primi
735 2048 806 2085 regis
818 2047 982 2085 Assyriorum
993 2069 1001 2083 ‚
1024 2048 1050 2077 &
1061 2048 1146 2086 patris
1155 2046 1205 2077 Ni-

83 2077 131 2111 ni,
152 2087 167 2107 a
180 2078 245 2108 Sole
256 2079 410 2111 deductum
419 2103 426 2115 ,
449 2085 495 2119 qui
509 2083 672 2121 ilffyriorum
682 2084 776 2121 lingua
784 2086 831 2115 Bel
846 2087 958 2115 dicitur.
1173 2123 1178 2128 ¹

83 2114 165 2145 Belus
178 2116 247 2146 alius
263 2117 317 2147 fuit
327 2118 471 2149 Phoenices
483 2131 531 2150 rex
542 2143 550 2156 ,
573 2123 599 2151 &
619 2129 696 2160 pater
719 2124 838 2153 Didonis
850 2146 858 2159 ,
880 2126 919 2154 vir
940 2124 1065 2153 militaris
1082 2123 1204 2152 scientiae

100 2153 278 2190 peritissimus
288 2178 295 2191 ,
318 2157 363 2194 qui
377 2157 495 2196 Cyprios
505 2159 671 2189 Phoenicum
678 2160 755 2191 littus
765 2162 924 2192 infestantes
941 2162 1059 2200 piratica
1076 2161 1184 2199 subegit
1194 2182 1202 2196 ,

101 2199 132 2220 ut
142 2192 180 2221 est
190 2193 265 2231 apud
276 2193 346 2232 Virg.
361 2205 383 2223 1.
395 2196 456 2226 AEn.
470 2201 533 2226 621.

329 2248 404 2254 ——
411 2235 519 2270 genitor
530 2241 589 2265 tum
599 2236 681 2275 Belus
691 2238 815 2275 opimam
889 2274 891 2276 Ι

138 2265 262 2298 Vastabat
272 2269 403 2308 Cyprum.
415 2274 466 2301 &a
508 2273 569 2302 Alio
579 2276 694 2304 nomine
704 2275 849 2305 dicebatur
861 2274 976 2310 Metres,
991 2280 1023 2305 ut
1033 2275 1072 2304 ait
1082 2274 1202 2304 Servius.

52 2314 53 2317 ¹
83 2302 141 2334 Beli
153 2305 243 2343 plures
251 2308 364 2338 fuerunt
372 2331 379 2344 ,
402 2320 520 2347 quorum
530 2312 636 2349 primus
644 2313 762 2351 Epapho
774 2321 854 2342 natus
866 2313 903 2341 est
913 2312 1042 2352 AEgyptio
1056 2323 1119 2350 rege
1129 2335 1137 2347 ,
1157 2313 1206 2348 Jo-

95 2343 142 2372 »vis
154 2344 179 2373 &
192 2344 265 2374 isidis
275 2345 352 2375 filio:
374 2348 427 2377 five
440 2370 449 2383 ,
471 2357 501 2378 ut
514 2350 606 2387 placet
615 2351 731 2380 Eusebio
741 2373 749 2387 ,
772 2351 846 2381 Isidis
856 2352 880 2381 ὃ(
892 2351 1028 2389 Telegoni
1039 2351 1202 2386 cujusdam:

102 2381 147 2409 cui
159 2383 218 2419 post
240 2384 337 2421 Apidis
354 2393 473 2415 mortem
486 2387 530 2416 Isis
542 2388 654 2425 nupsit,
676 2399 705 2419 re
725 2396 809 2418 nante
829 2389 941 2418 Athenis
963 2392 1106 2427 Cecrope,
1129 2399 1203 2418 anno

102 2420 201 2448 mundi
220 2431 264 2449 Mn
275 2432 291 2451 c
301 2432 354 2452 ex.
393 2424 417 2453 ls
429 2424 531 2455 Priscus
543 2427 646 2456 dicitur
656 2449 664 2462 ,
685 2438 700 2457 a
742 2427 929 2456 differentiam
943 2427 1001 2456 Beli
1023 2427 1107 2465 patris
1119 2426 1206 2456 Dido-

100 2457 144 2486 nis
156 2479 163 2490 .
185 2459 209 2487 8(
218 2459 285 2488 item
293 2460 402 2490 alterius
412 2464 496 2500 patris
506 2463 573 2493 Nini
582 2466 652 2502 regis
662 2487 671 2500 ,
692 2467 738 2494 cui
755 2465 895 2503 templum
909 2464 1069 2503 Babyloniae
1086 2465 1205 2494 aedifica-

101 2500 161 2524 tum
173 2496 219 2525 est.
262 2497 301 2527 Ex
313 2498 380 2528 Belo
391 2499 479 2529 Prisco
490 2523 498 2536 ,
522 2501 632 2532 Danaus
651 2505 678 2533 &
695 2503 830 2541 AEgyptus
839 2525 847 2538 ,
867 2503 943 2532 unde
956 2503 1032 2541 regio
1044 2513 1148 2532 nomen
1161 2513 1205 2532 ac-

103 2534 197 2570 cepit,
219 2536 245 2564 &
256 2536 363 2573 Agenor
374 2539 470 2574 geniti.
510 2539 622 2570 Danaus
632 2551 716 2578 quum
725 2541 812 2570 effent
820 2542 846 2570 ei
859 2541 1059 2579 quinquaginta
1074 2541 1136 2570 filiae
1147 2563 1159 2584 ,¹
1177 2543 1205 2571 &

54 2579 56 2581 ’
101 2570 220 2609 AEgypto
231 2574 347 2603 totidem
357 2585 446 2619 mares
456 2598 463 2611 ,
483 2577 642 2615 responsum
649 2581 758 2617 accepit
772 2579 798 2608 se
813 2589 828 2609 a
844 2589 946 2616 genero
965 2579 1184 2609 interfectumiri
1194 2601 1204 2615 ,

101 2615 702 2692 23³s332‘3g3‘esuuff'iiii{esssssissi‘teits{23¹³}'‚
719 2617 959 2692 53335322‘583.
975 2617 1204 2685 ffsss‘ssssssn‘zffl-L‘}

103 2692 218 2721 cerunt,
240 2696 420 2726 praeterquam
435 2690 648 2729 Hypermnestra
660 2715 668 2728 ,
690 2703 750 2730 quae
758 2693 870 2730 Lynceo
879 2694 936 2722 viro
947 2694 1074 2731 pepercit
1089 2703 1096 2723 :
1121 2703 1136 2722 a
1148 2703 1204 2730 quo

103 2722 214 2754 Danaus
232 2726 373 2763 postquam
395 2737 483 2758 annos
502 2730 637 2767 regnasset
652 2742 686 2767 L,
711 2732 871 2760 interfectus
893 2732 938 2760 est.
978 2732 1118 2768 Conjuges
1137 2741 1204 2773 yero

105 2770 164 2796 quae
177 2763 202 2791 8(
213 2762 349 2793 Danaides
362 2766 387 2794 8(
398 2765 508 2796 Belides
520 2775 654 2798 vocantur
666 2791 673 2804 ,
696 2769 760 2798 dare
771 2769 895 2798 criminis
906 2779 1004 2807 poenas
1016 2771 1091 2807 apud
1101 2771 1205 2799 interos

59 2828 66 2838 Ι
102 2798 228 2829 feruntur
237 2823 244 2833 .
265 2811 334 2839 aqua
342 2802 458 2841 implere
468 2806 575 2842 pertusa
584 2806 657 2836 dolia
666 2814 809 2836 conantes.
833 2807 869 2836 de
879 2808 979 2844 quibus
991 2807 1069 2845 plura
1080 2806 1201 2837 Volater.

104 2838 130 2866 &
145 2836 255 2868 Lucian.
273 2840 346 2869 conf.
358 2841 394 2870 de
408 2841 535 2879 pluribus
546 2844 617 2874 Belis
629 2867 636 2880 ,
650 2844 773 2874 Perizon.
791 2845 867 2882 Oiig.
881 2845 975 2882 Babyl.
989 2855 1050 2883 cap.
1066 2856 1089 2880 5.
1103 2846 1128 2874 &
1138 2854 1164 2882 7.

74 2873 147 2904 ..Hoc
156 2877 239 2905 etiam
248 2878 362 2907 nomine
371 2879 461 2909 dietus
472 2880 583 2911 Fluvius
594 2883 677 2920 Syriae
688 2905 695 2917 ,
718 2883 764 2912 ubi
782 2884 871 2921 primo
883 2891 1021 2921 repertum
1032 2883 1083 2912 fuit
1091 2883 1202 2912 vitrum.

103 2912 174 2942 Plin.
189 2913 236 2943 lib.
252 2926 275 2948 ς.
289 2925 347 2952 cap.
363 2927 403 2953 ¹9·
425 2917 535 2957 Joseph.
549 2919 597 2949 lib.
614 2931 636 2950 1.
648 2920 715 2950 Bell.
726 2921 834 2956 Judaic.
856 2921 946 2950 stadiis
959 2943 967 2957 ,
988 2923 1026 2951 ait
1037 2943 1044 2956 ,
1065 2920 1175 2950 duobus
1187 2931 1204 2951 a

102 2950 272 2982 Ptolemaide
284 2953 380 2984 Belum
393 2965 504 2986 amnem
519 2958 633 2994 distare,
655 2959 733 2994 juxta
752 2969 836 2996 quem
851 2958 1028 2997 sepulchrum
1041 2959 1204 2989 Memnonis

103 2988 152 3023 fit,
173 2991 296 3020 &vitrea
307 2992 337 3021 in
355 2994 472 3023 rotunda
487 2995 558 3025 valle
576 3006 677 3031 arena,
698 3007 781 3034 quam
797 2998 870 3026 venti
890 3007 925 3026 ex
942 2998 1122 3026 circumdatis
1135 2998 1204 3033 'ogis

101 3028 277 3065 convehant,
298 3029 459 3061 inexhausta
469 3032 566 3063 seculis
577 3035 624 3070 vi,
644 3035 690 3064 sed
704 3042 767 3064 ante
785 3035 880 3064 onmia
897 3035 1016 3064 mirabili
1032 3043 1096 3064 natu

103 3065 180 3094 tandi
195 3065 249 3096 alia
261 3077 372 3105 quoque
386 3070 413 3097 in
424 3070 527 3100 vitrum
539 3093 547 3107 ,
569 3082 629 3109 quae
640 3074 775 3111 attigerit,
798 3073 918 3102 metalla.
1116 3111 1120 3116 ι

83 3101 164 3132 Belus
179 3103 339 3142 Stephano,
360 3106 508 3144 Oppidum
525 3109 564 3139 est
578 3110 717 3148 Hispaniae
732 3133 739 3145 ‚
761 3121 818 3140 non
833 3110 933 3148 procul
955 3110 989 3140 ab
1008 3110 1136 3140 Herculis
1157 3120 1207 3139 co-

99 3135 204 3171 lumnis
214 3164 222 3177 ,
242 3143 318 3172 idem
328 3144 443 3175 fortassis
452 3156 517 3176 cum
529 3157 563 3177 eo
577 3149 652 3186 quod
669 3159 685 3179 a
696 3148 785 3178 Plinio
798 3149 885 3179 Belon
901 3148 1064 3187 appellatur.
1119 3150 1133 3185 [
1145 3148 1205 3187 lpse

102 3184 196 3208 tamen
206 3180 301 3218 Steph.
314 3181 465 3220 distinguit.
903 3216 913 3219 ,

25 3234 27 3254 2
84 3214 239 3247 Belusitem
251 3219 366 3250 Gemma
377 3221 434 3256 est,
454 3222 540 3252 vitrea
561 3223 666 3261 specie,
688 3225 884 3263 magnitudine
899 3225 979 3254 nucis
989 3224 1130 3263 juglandis
1145 3246 1153 3259 ,
1175 3224 1206 3253 in

26 3260 27 3264 ’
59 3275 61 3278 ⁴
104 3254 207 3285 Arbelis
216 3256 347 3292 nascenS,
369 3266 399 3288 ut
407 3269 442 3289 ex
453 3260 606 3291 Democriti
619 3263 754 3292 sententia
771 3264 855 3292 refert
873 3263 940 3292 Plin.
955 3263 1002 3291 lib.
1014 3272 1056 3299 37.
1071 3272 1133 3300 cap.
1149 3272 1192 3290 io.

25 3295 28 3310 i
85 3289 143 3321 Beli
157 3293 271 3330 oculus,
292 3295 353 3325 Isid.
372 3301 412 3326 ¹6.
433 3308 474 3326 io.
495 3298 662 3335 Beloculus,
694 3301 811 3330 Gemma
831 3300 974 3335 albicans,
995 3300 1132 3337 pupillam
1149 3301 1208 3328 cin-

105 3331 146 3368 git
156 3332 277 3368 nigram,
294 3342 310 3362 e
319 3334 414 3364 medio
426 3345 509 3365 aureo
519 3336 626 3375 fulgore
637 3339 788 3368 lucentem.
830 3339 896 3368 Haec
907 3346 1021 3376 propter
1032 3339 1150 3376 speciem
1160 3338 1207 3381 Sa-

102 3370 249 3398 cratislimo
264 3370 430 3408 Assyriorum
442 3373 502 3403 Deo
512 3375 629 3406 dicatur.
652 3377 719 3406 Haec
740 3377 807 3405 Plin.
826 3376 845 3406 l.
861 3386 886 3406 c.
906 3376 954 3405 ubi
974 3386 990 3405 a
1010 3376 1144 3414 superiori
1166 3376 1207 3404 di-

59 3437 62 3440 ,
76 3420 78 3422 v
103 3406 242 3444 stinguere
250 3409 367 3439 videtur.
407 3411 496 3449 Vulgo
509 3412 578 3442 Catti
590 3414 687 3444 oculus
701 3415 813 3444 dicitur.
1187 3451 1193 3457 ,

49 3440 135 3473 Beni
148 3455 206 3479 As,
228 3446 294 3475 adis.
317 3447 336 3477 f.
361 3447 420 3477 Beli
431 3450 540 3487 neptis,
562 3452 650 3482 Danai
660 3452 726 3482 filia.
764 3453 829 3482 Seri.
848 3452 929 3481 Herc.
949 3451 1039 3481 OEth.
1053 3454 1118 3487 960.
1140 3451 1208 3481 Stri-

24 3499 25 3503 =
87 3482 131 3510 eto
141 3489 253 3512 cruenta
266 3484 353 3514 Belias
363 3486 435 3516 ferro
447 3488 528 3518 stetit.
695 3489 698 3499 ¹

22 3552 24 3554 ,
51 3515 165 3549 Bittio
177 3530 228 3556 ss,
251 3519 390 3558 [Βηλίὺς]
411 3532 568 3564 patronym.
581 3526 661 3556 masc.
676 3527 748 3566 Virg.
761 3537 786 3558 2.
802 3527 862 3557 AEn.
877 3533 920 3561 81.

240 3575 315 3580 ---
325 3560 343 3589 si
354 3561 425 3591 forte
436 3570 495 3593 tuas
506 3565 632 3601 pervenit
643 3566 678 3595 ad
690 3575 768 3595 aures

157 3594 260 3626 Belidae
271 3607 376 3628 nomen
389 3599 553 3631 Palamedis.

1144 3045 1171 3064 n)
1175 3045 1205 3064 U·

633 3603 650 3632 i.
666 3613 690 3633 e.
713 3604 840 3642 Septimo
849 3603 935 3640 gradu
946 3603 1083 3640 originem
1100 3602 1209 3632 ducen-

87 3631 230 3662 tisaBelo.
271 3635 389 3666 Servius.
412 3639 486 3668 cons.
502 3639 551 3669 Sil.
571 3650 593 3670 1.
610 3650 655 3676 75.

51 3667 159 3699 Βῗωὸ
169 3692 176 3705 a
195 3671 259 3701 Fdis.
282 3675 398 3710 [Βηλὶς]
419 3684 575 3715 patronym.
589 3678 666 3708 foem.
679 3679 756 3708 unde
772 3677 880 3707 Belides
890 3700 898 3711 ,
919 3677 978 3706 Beli
991 3685 1090 3715 neptes
1110 3679 1209 3708 dicun.

87 3712 131 3737 tur
142 3730 149 3743 ‚
170 3718 230 3746 quae
241 3711 267 3739 &
276 3710 416 3743 Danaides
425 3725 439 3743 a
452 3722 529 3752 patre
540 3715 644 3746 Danao.
686 3716 715 3747 V.
738 3726 832 3745 eacus.
856 3715 938 3745 Ovid.
950 3726 977 3752 4.
1001 3715 1072 3746 Met.
1086 3721 1151 3752 462.

165 3746 317 3785 Molirique
332 3749 384 3779 suis
393 3750 499 3782 lethum
510 3754 681 3791 patruelibus
692 3755 761 3784 ausae
771 3776 779 3789 ‚

167 3784 276 3815 Assidue
290 3797 318 3816 re
340 3795 421 3818 etuiit
430 3800 496 3827 quas
508 3792 628 3829 perdant
641 3792 751 3823 Belides
764 3792 862 3821 undas.

51 3817 276 3852 -BiztzoiNuM
289 3845 297 3859 ,
336 3827 414 3856 'enus
431 3829 573 3865 quoddam
593 3831 718 3867 gummi,
749 3840 764 3860 a
784 3827 1008 3867 pharmacopolis
1031 3828 1066 3858 sic
1084 3828 1207 3865 dietum,

88 3857 178 3895 filphii
190 3858 325 3896 liquorem
333 3866 490 3895 ementiens
503 3889 511 3901 ,
532 3877 618 3904 quum
637 3878 696 3897 non
714 3868 746 3898 sit
756 3877 857 3897 revera.
902 3866 942 3895 De
961 3866 1015 3895 hoc
1030 3867 1117 3896 multa
1139 3868 1210 3896 Mat-

89 3895 168 3925 thiol.
186 3897 221 3926 ad
232 3897 322 3929 Diosc.
339 3900 387 3931 lib.
401 3911 424 3937 3.
439 3913 499 3942 cap.
513 3910 558 3941 78.
600 3905 631 3936 V.
662 3916 788 3936 ιΛεΒΒ.
809 3904 930 3935 Borrich.
952 3903 1031 3942 Ling.
1050 3904 1158 3935 Pharm.
1180 3915 1207 3936 v.

87 3932 208 4002 Benvzze.
247 3935 289 4004 {ta
297 3939 375 3970 enim
384 3940 468 3981 vulgo
483 3950 593 3973 vocant.

198 3983 224 4003 i..
260 3996 267 4004 .

1683 119 1707 153 B
1805 119 1831 153 E
1930 121 1960 156 R

1690 200 1714 234 B
1811 202 1838 236 E
1935 203 1974 237 M

2335 139 2405 173 339

1247 247 1267 277 Β
1277 258 1291 277 Β
1301 259 1320 277 Μ
1331 258 1371 278 ΑΒ
1382 260 1398 278 c
1409 259 1427 278 H
1440 257 1496 279 ius
1512 271 1520 283 ,
1543 246 1741 285 [anfl492'22‹&]
1778 258 1812 278 ex
1837 248 1957 279 Caesarea
1982 250 2166 288 Cappadociae
2190 252 2307 291 sophista
2317 277 2324 290 ,
2356 258 2404 293 qui

1286 286 1389 323 scripsit
1402 297 1443 315 res
1455 288 1539 323 gestas
1551 286 1722 315 Constantini
1736 286 1829 323 ll'lagni
1842 288 1975 325 principis
1989 287 2064 317 libris
2076 290 2174 319 decem
2187 300 2192 319 :
2217 301 2347 328 prasterea
2359 296 2405 323 de.

1287 324 1468 353 clamationes
1477 325 1608 360 quasdam
1622 326 1645 351 ἃ
1658 324 1804 353 orationes.
1849 325 1954 354 Suidzis.

1249 361 1270 390 B
1281 371 1293 389 Β
1304 373 1322 388 Μ
1335 372 1349 389 Β
1358 373 1366 389 ι
1377 372 1396 390 Ν
1408 372 1426 390 A
1436 372 1470 390 oi
1482 373 1499 391 A
1510 385 1518 397 ,
1540 362 1607 391 Plin.
1619 361 1666 390 lib.
1679 372 1704 396 4.
1724 367 1815 399 cap.6.
1830 372 1943 395 nomen,
1954 373 2009 399 quo
2024 364 2099 399 regio
2113 365 2218 394 Nemea
2228 369 2347 397 vocitata
2356 370 2403 398 est.

1288 398 1350 427 Hoc
1362 407 1454 428 autern
1464 400 1491 427 in
1501 400 1563 428 loco
1572 399 1719 428 contendit
1733 399 1895 428 Hermolaus
1907 423 1914 434 ,
1935 400 2116 430 Bembinadia
2127 424 2133 436 ,
2156 413 2213 431 non
2224 403 2357 433 Bembina
2370 406 2408 434 lc-

1290 436 1423 473 genduni.
1464 438 1547 468 Cuius
1563 437 1798 472 verbalizecsunt,
1821 437 1982 473 Legendum
1998 439 2233 469 estut-mbinirdia.
2258 442 2407 472 Fuiteniiii

1288 474 1364 502 vicus
1376 474 1489 502 Nemeae
1504 474 1634 502 Bembina
1646 496 1654 507 ,
1677 475 1750 503 unde
1769 475 1895 504 Nemaeus
1916 476 1959 504 leo
1977 486 1990 504 a
2004 477 2095 513 poetis
2116 477 2286 508 Bembinites
2308 481 2405 510 dictus.

1287 510 1343 539 Sed
1355 513 1379 539 St
1392 512 1418 538 in
1431 511 1554 539 l’liiutino
1568 512 1659 540 Milite
1674 533 1681 545 ,
1707 522 1728 540 1.
1751 523 1772 541 i.
1788 524 1827 547 ¹4-
1850 514 1895 541 ubi
1919 514 2035 549 dicitur,
2060 515 2283 545 lionibainatiiles
2300 517 2409 547 elutum

1290 548 1371 576 instar
1382 570 1388 580 .
1411 549 1534 583 cogitent
1547 549 1670 583 legentes
1689 560 1723 577 an
1740 551 1948 580 emendandum
1970 551 2015 587 sit,
2038 552 2236 583 Bembinatidis
2259 554 2347 584 belum·
2369 557 2409 584 in-

1289 585 1339 613 star
1350 607 1358 620 ,
1381 586 1434 613 hoc
1445 586 1481 614 est
1491 608 1499 619 ,
1522 587 1645 615 Nemcai
1656 586 1743 615 leonis
1755 589 1842 617 instar.
1869 588 1955 618 Locus
1967 589 2106 619 Plautinus
2120 601 2195 620 nunc
2205 592 2283 620 aliter
2297 593 2405 630 legitur.

1688 626 1710 658 B
1812 628 1836 660 F.
1930 628 1963 661 N

1250 669 1331 699 BEN.
1356 668 1560 699 Beneficiarius.
1602 671 1681 701 BEN.
1704 674 1765 702 ME.
1789 674 1862 703 Bene
1875 676 1974 704 merito
1986 697 1995 711 ,
2017 676 2061 705 vel
2080 677 2154 706 Bene
2168 679 2295 707 merenti.
2325 677 2405 708 BEN.

1291 706 1376 735 MER.
1399 707 1472 736 Fac.
1496 708 1570 736 Bene
1585 713 1701 738 merenti
1715 712 1789 739 fecit.

1251 744 1272 774 B
1282 748 1297 773 ἒ,
1309 754 1327 772 Ν
1337 749 1354 772 A
1365 755 1380 772 c
1392 755 1430 773 us
1440 767 1447 777 ,
1471 747 1629 781 [Βήνακςῖυ]
1652 747 1736 776 Lacus
1756 749 1793 777 est
1808 748 1929 779 Venetiae
1940 773 1948 785 ,
1970 761 1985 780 e
2005 761 2060 788 quo
2074 752 2173 781 fluvius
2193 753 2314 783 nascitur
2336 754 2410 784 Min-

1289 783 1348 811 cius
1359 804 1367 817 ,
1390 789 1419 811 ut
1431 784 1469 811 ait
1479 783 1588 812 Servius
1599 783 1627 812 in
1638 785 1712 813 hunc
1725 785 1828 819 Virgilii
1841 787 1935 816 locum
1946 810 1953 821 ,
1980 799 2020 818 10.
2037 789 2098 818 [En.
2111 799 2174 825 205.

1384 820 1456 848 Hinc
1468 830 1578 857 quoque
1590 822 1756 858 quingentos
1772 823 1799 851 in
1817 823 1842 852 se
1855 824 2012 855 Mezentius
2021 835 2108 856 armat
2118 849 2125 862 ,

1386 858 1466 893 Quos
1480 865 1556 895 patre
1568 858 1676 888 Benaco
1690 860 1794 889 velatus
1804 863 1938 891 arundine
1950 863 2046 899 glauca

1382 896 1505 925 Mincius
1520 896 1616 925 infesta
1626 897 1746 925 ducebat
1762 898 1789 926 in
1807 908 1914 935 aequora
1925 901 2002 937 pinu.
2084 901 2162 931 [dem
2179 912 2203 932 2.
2225 902 2324 941 Georg.
2347 908 2408 935 160.

1289 932 1344 962 Ubi
1356 934 1430 962 idem
1444 934 1564 968 Servius,
1577 934 1701 964 Benacus
1709 934 1784 963 lacus
1794 936 1832 964 est
1844 937 1935 970 ltaliae,
1949 939 2198 975 quim21gnitri<1inc
2208 940 2256 975 sui,
2267 943 2412 979 tempesta-

1289 977 1331 1000 tes
1341 971 1561 1000 efficitmarinas.
1585 972 1615 1001 V.
1634 972 1722 1001 Strab.
1738 972 1786 1001 lib.
1798 984 1822 1007 4.
1839 976 1865 1003 Sc
1879 975 1944 1004 l'lin.
1962 975 2010 1005 lib.
2023 987 2039 1011 9
2065 987 2125 1015 cap.
2138 987 2179 1006 22.
2196 980 2221 1007 8(
2239 988 2262 1013 3.
2276 989 2335 1017 cap.
2350 991 2390 1015 ιι),

1252 1009 1273 1039 Β
1283 1019 1325 1038 ΒΝ
1336 1019 1353 1037 D
1364 1020 1372 1037 i
1382 1019 1393 1038 s
1405 1032 1412 1044 ,
1436 1008 1560 1045 [Gs‘ao'lc]
1582 1017 1612 1039 ut
1622 1009 1713 1039 scribit
1726 1010 1877 1047 Hesychius
1889 1034 1897 1045 ,
1920 1012 2013 1049 lingua
2030 1014 2169 1044 Thracum
2186 1015 2274 1045 Diana
2289 1018 2413 1055 appella-

1290 1054 1335 1075 tur
1345 1069 1353 1080 ,
1374 1048 1449 1076 unde
1461 1049 1486 1076 8(
1496 1047 1630 1076 Bendidia
1642 1049 1700 1081 eius
1710 1049 1784 1076 feriae
1802 1049 1912 1078 Athenis
1930 1052 2107 1081 vocabantur.
2150 1053 2220 1082 Nam
2235 1055 2293 1090 ejus
2312 1055 2384 1085 sacra
2395 1066 2411 1086 e

1290 1084 1409 1114 Thracia
1418 1085 1499 1114 ascita
1511 1086 1687 1115 Athenienses
1697 1095 1860 1123 receperant
1871 1109 1878 1122 ,
1900 1087 2008 1125 illisque
2023 1089 2097 1118 feriis
2119 1090 2243 1120 disseruit
2264 1093 2292 1120 in
2312 1093 2411 1124 Piraeeo

1290 1123 1326 1151 de
1338 1124 1448 1160 optimo
1463 1123 1633 1160 Reipublicae
1648 1124 1716 1153 statu
1731 1124 1858 1154 Socrates
1870 1147 1877 1159 ,
1900 1133 1930 1154 ut
1947 1136 1962 1155 a
1977 1126 2088 1155 Platone
2106 1127 2124 1156 l.
2143 1138 2163 1158 i.
2180 1136 2246 1158 extr.
2271 1130 2350 1160 Polit.
2373 1142 2416 1161 re-

1289 1160 1386 1190 fertur.
1429 1161 1485 1190 Liv.
1498 1167 1539 1195 38.
1555 1173 1599 1196 41.
1622 1161 1812 1190 Romanorum
1825 1185 1832 1197 ,
1854 1164 1961 1199 inquit,
1983 1165 2104 1201 primum
2119 1175 2215 1202 agmen
2230 1174 2305 1197 extra
2316 1169 2414 1199 stiltum

1291 1199 1364 1228 circa
1375 1198 1698 1237 templumBendidium.
1724 1200 1761 1229 Ex
1776 1199 1919 1230 Turnebo.
1944 1201 2021 1230 Adde
2031 1201 2132 1230 Lucian
2155 1203 2301 1243 Jup.I'rag.
2314 1217 2411 1244 p,22i,

1291 1236 1380 1266 Graev.
1404 1238 1428 1266 8(
1452 1247 1519 1274 quos
1533 1237 1627 1266 laudat
1636 1237 1742 1267 Vossius
1752 1238 1788 1266 de
1799 1238 1898 1266 Theoi.
1920 1238 2001 1268 Gent.
2014 1249 2039 1268 2.
2056 1249 2097 1275 57.
2115 1249 2182 1270 extr.

1252 1274 1274 1304 B
1284 1284 1325 1303 ΒΝ
1335 1285 1353 1303 D
1363 1285 1372 1303 ι
1382 1284 1399 1303 o
1410 1285 1418 1303 r
1429 1285 1447 1303 A
1460 1298 1466 1306 ,
1489 1276 1504 1310 [
1520 1273 1661 1310 vadlfmc]
1683 1276 1763 1305 Sacra
1777 1275 1855 1304 fuisse
1872 1276 1968 1305 Dianae
1985 1277 2059 1314 apud
2074 1277 2196 1307 Thraces
2213 1288 2304 1310 narrat
2317 1281 2414 1312 Strabo

1291 1312 1309 1341 l.
1326 1322 1367 1341 10.
1382 1322 1416 1341 ex
1427 1313 1527 1350 quibus
1539 1313 1663 1350 Orphica
1678 1314 1813 1351 originem
1826 1314 1974 1351 sumpsere.
1994 1315 2181 1353 Caethodig.
2196 1316 2288 1352 libag.
2304 1329 2413 1356 cap.23.

1254 1350 1274 1380 B
1286 1360 1299 1379 Β
1310 1360 1329 1378 N
1340 1360 1354 1378 Β
1365 1372 1373 1384 ,
1394 1360 1431 1379 es.
1454 1352 1557 1387 [Bm]
1579 1351 1728 1389 Oppidum
1740 1351 1828 1381 Cretae
1839 1351 1886 1380 sub
1899 1354 2023 1390 Gortyne
2033 1353 2079 1382 sita
2090 1376 2098 1389 ,
2120 1356 2198 1390 cujus
2209 1356 2308 1385 incolae
2318 1358 2417 1387 dicun.

1292 1395 1337 1417 tur
1350 1388 1451 1417 Benzei.
1473 1389 1569 1426 Steph.

1253 1425 1370 1458 ΒΒΝΒ,
1396 1425 1611 1462 BeNizpico,
1640 1426 1875 1462 BENEFAcio,
1905 1427 2230 1466 ΒΒΝΒΒιειΑΒιυε,
2266 1431 2417 1463 Basien-

1293 1473 1399 1493 cium.
1441 1464 1474 1493 V.
1497 1464 1592 1500 Bene,
1615 1464 1645 1493 in
1668 1474 1797 1494 BONUS.

1253 1501 1274 1531 B
1285 1511 1298 1530 Β
1310 1511 1329 1530 Ν
1342 1512 1355 1530 Β
1367 1512 1383 1530 A
1398 1513 1411 1530 Β
1422 1512 1440 1531 N
1452 1513 1469 1531 u
1482 1514 1517 1538 M,
1540 1503 1558 1531 i.
1581 1513 1608 1532 n.
1631 1502 1726 1531 Galliae
1735 1503 1832 1532 civitas
1843 1524 1852 1537 ,
1871 1503 1948 1532 unde
1964 1503 2048 1533 hodie
2064 1503 2224 1534 Bearnensis
2244 1506 2417 1545 principatus

1293 1549 1397 1569 nomen
1417 1541 1508 1570 habet.
1547 1540 1578 1569 V.
1613 1540 1710 1577 Scalig.
1724 1540 1797 1570 Lect.
1814 1540 1910 1569 Auson.
1926 1551 1951 1570 2.
1965 1551 1990 1578 7.
2003 1552 2030 1579 p.
2045 1552 2104 1574 107.

1252 1577 1274 1607 B
1284 1587 1298 1606 Β
1309 1587 1330 1606 Ν
1340 1588 1379 1606 izv
1389 1588 1403 1606 Β
1413 1588 1431 1607 N
1442 1588 1462 1606 T
1472 1589 1490 1607 u
1499 1589 1519 1607 Μ
1531 1601 1539 1612 ‚
1561 1580 1658 1614 [ss-5212
1672 1578 1703 1603 ἦν
1718 1601 1725 1612 ,
1748 1579 1835 1608 strab.
1851 1577 1980 1606 Βενεέεντὲτ
1993 1581 2114 1617 Steph.]
2136 1580 2284 1618 Oppidum
2296 1583 2333 1612 est
2343 1584 2419 1614 Sam-

1291 1616 1392 1644 nitium
1416 1617 1444 1644 in
1461 1615 1555 1651 ltalia,
1577 1626 1592 1644 a
1604 1615 1743 1645 Diomede
1763 1617 1910 1646 conditum
1922 1617 2024 1647 fertur:
2047 1618 2122 1656 apud
2134 1619 2209 1656 quod
2228 1629 2245 1648 x
2257 1630 2273 1648 x
2286 1630 2312 1649 x.
2332 1622 2419 1652 millia

1291 1654 1458 1683 Samnitium
1477 1653 1543 1683 czesa
1560 1653 1691 1689 fuerunt,
1713 1655 1741 1683 A.
1761 1654 1792 1684 V.
1813 1665 1878 1690 441.
1895 1654 1926 1684 C.
1956 1655 2081 1693 Sulpicio
2103 1657 2197 1694 Longo
2209 1679 2217 1692 ,
2243 1659 2282 1687 M.
2302 1659 2418 1690 Poetelio

1291 1701 1335 1721 co
1347 1701 1388 1721 ss.
1417 1693 1481 1721 Hor.
1500 1703 1521 1720 i.
1543 1692 1631 1721 Serm.
1649 1703 1672 1725 ς.
1687 1701 1730 1729 71.

1372 1729 1529 1759 Tendimus
1542 1730 1607 1759 hinc
1622 1732 1694 1759 ret-“ta
1710 1730 1914 1760 Beneventum.
1998 1731 2090 1761 Festus
2108 1754 2115 1767 ,
2140 1732 2335 1763 Beneventum
2349 1757 2356 1769 ,
2378 1737 2420 1765 in.

1292 1768 1368 1804 quit,
1391 1768 1510 1797 Colonia
1523 1778 1587 1797 cum
1600 1768 1786 1797 deduceretur
1795 1790 1802 1802 ,
1824 1768 1959 1806 appellari
1970 1777 2097 1807 coeptuin
2113 1772 2150 1799 est
2174 1771 2295 1801 melioris
2317 1774 2418 1804 ominis

1292 1805 1381 1834 causa.
1401 1806 1529 1843 Namque
1538 1815 1600 1835 eam
1610 1806 1708 1835 urbem
1723 1814 1802 1835 antea
1814 1806 1899 1835 Graeci
1912 1807 2068 1837 incolentes
2078 1815 2202 1840 κριλοιπον
2214 1810 2262 1844 (al.
2270 1813 2420 1848 Mamurra)

1292 1842 1382 1872 Latini
1397 1843 1588 1873 Maleventum
1600 1843 1788 1882 appellarunt.
1800 1843 2418 1887 V.Plin.l.3.c.i1.Liv.l.9.c.27.extr.8teph.

1253 1880 1276 1911 B
1287 1891 1329 1910 EN
1340 1891 1378 1909 Βν
1392 1891 1405 1910 Β
1414 1892 1433 1910 N
1442 1892 1461 1910 T
1471 1892 1489 1911 A
1501 1891 1521 1910 N
1531 1892 1548 1910 u
1557 1891 1568 1911 s
1583 1904 1590 1915 ,
1612 1892 1627 1911 a
1637 1903 1645 1917 ,
1668 1891 1724 1911 um.
1746 1881 1932 1918 [mustei-iiico-
1944 1883 2069 1921 Steph.]
2090 1890 2137 1921 ut,
2158 1884 2371 1917 Beneventanus
2381 1888 2421 1917 su-

1292 1925 1345 1948 tor.
1372 1919 1472 1954 Juven.
1489 1930 1513 1955 5.
1527 1920 1581 1949 Sat.
1595 1924 1641 1955 46.

1254 1956 1528 1993 ΒΒΝΒνοΒΒΝε,
1549 1958 1757 1987 ΒΒΝιῡΝυς.
1799 1956 1830 1986 V.
1852 1957 1944 1992 Bene,
1970 1959 1998 1987 iri
2021 1969 2147 1989 BONUS.

1253 1994 1275 2024 B
1284 2005 1298 2023 Β
1307 2005 1326 2023 N
1335 2005 1355 2023 N
1365 2005 1382 2023 A
1395 2017 1402 2029 ,
1424 1996 1539 2031 [βέννα]
1559 1996 1653 2033 lingua
1665 1995 1769 2025 Gallica
1784 1995 1911 2025 Vehiculi
1926 2005 2012 2033 genus
2033 1997 2204 2035 appellatur:
2227 1999 2302 2029 unde
2321 2011 2422 2031 vocari-

1292 2039 1336 2062 tur
1347 2032 1565 2062 Combennones
1578 2056 1585 2068 ,
1609 2034 1640 2063 In
1652 2034 1751 2062 eadem
1763 2032 1855 2062 benna
1865 2032 1998 2064 sedentes.
2022 2035 2088 2064 Haec
2099 2035 2199 2065 Festus.
2222 2036 2290 2066 Cato
2303 2039 2337 2067 de
2347 2039 2377 2069 R.
2387 2040 2419 2070 R.

1292 2081 1355 2108 cap.
1371 2080 1415 2105 23.
1437 2071 1540 2100 Bennae
1556 2077 1700 2101 emantur:
1723 2071 1793 2100 oleae
1803 2071 1917 2101 caducae
1928 2071 2058 2102 saliantur
2086 2074 2160 2103 conf.
2175 2073 2239 2104 Lex.
2252 2075 2339 2105 Pitisc.

1293 2108 1375 2138 Unde
1388 2109 1607 2147 Compennones
1619 2132 1626 2143 ,
1647 2119 1697 2146 pro
1711 2119 1766 2144 quo
1783 2109 1997 2145 Campannones
2016 2112 2042 2140 &
2062 2112 2175 2140 tandem
2197 2116 2363 2149 Compizgnm
2380 2115 2422 2144 di.

1294 2148 1370 2176 stum
1381 2147 1441 2177 fuit.
1471 2148 1552 2184 Apud
1564 2147 1659 2184 Belgas
1670 2146 1839 2182 quibusdam
1853 2147 1923 2177 locis
1937 2150 1990 2177 Une
2003 2148 2079 2176 henne
2089 2171 2097 2183 ,
2119 2156 2151 2178 ut
2164 2160 2177 2178 a
2187 2149 2241 2182 Doi
2262 2151 2301 2186 (f.
2320 2154 2422 2190 Douay)

1295 2185 1367 2213 dixit
1378 2185 1447 2213 mihi
1455 2184 1627 2218 Comelinus,
1638 2184 1713 2222 apud
1726 2185 1892 2215 Valones.H.
1905 2186 1944 2215 St.
1957 2185 2094 2222 [Utuntur
2107 2187 2159 2217 hac
2171 2198 2240 2217 voce
2251 2189 2334 2219 etiam
2347 2200 2423 2221 nunc

1294 2222 1435 2257 Germani,
1444 2225 1503 2250 Eine
1517 2222 1653 2252 Benne.De
1664 2223 1771 2256 origine
1780 2233 1803 2252 v.
1815 2227 1972 2259 Compagnon
1985 2223 2110 2253 V.tamen
2121 2225 2239 2263 Gangin
2253 2226 2419 2266 Compagus.

1256 2259 1278 2290 B
1290 2270 1361 2289 ΒΝΝ
1373 2271 1391 2288 A
1402 2269 1505 2296 RtUS,
1528 2260 1572 2290 vel
1587 2262 1681 2298 potius
1698 2260 1718 2289 B
1731 2270 1773 2289 ΒΝ
1785 2270 1902 2291 Axius.
1925 2260 2009 2291 Closs.
2026 2261 2085 2292 Lat.
2100 2263 2146 2293 Gr.
2165 2264 2302 2302 σιηιαέςχυς.

1256 2298 1419 2328 ΒΒΝΖοι-Ξ.
1460 2297 1490 2327 V.
1514 2308 1745 2328 BELZ01NUM.

1255 2336 1346 2372 Bao,
1368 2339 1424 2366 are.
1465 2335 1497 2365 V.
1518 2346 1673 2366 BEATUS.

1696 2375 1719 2409 B
1821 2375 1846 2408 E
1955 2376 1986 2411 R

1256 2424 1277 2454 B
1287 2434 1323 2453 ΒΒ
1335 2434 1348 2453 Β
1358 2434 1392 2454 es
1402 2434 1421 2453 u
1430 2435 1446 2453 L
1456 2434 1475 2453 A
1487 2447 1495 2459 ,
1518 2423 1667 2462 Oppidum
1693 2423 1731 2453 est
1749 2423 1889 2462 Hispaniae
1906 2424 2015 2454 Baeticae
2025 2446 2034 2461 ,
2062 2425 2092 2454 in
2110 2432 2253 2457 conventu
2274 2427 2420 2460 Gaditano.

1296 2461 1365 2491 Plin.
1382 2462 1430 2491 lib.
1467 2473 1519 2492 .ca
1542 2486 1547 2492 .
1572 2473 1593 2491 i.

1256 2500 1278 2530 Β
1288 2510 1349 2529 aas
1359 2510 1398 2529 ex
1412 2523 1419 2535 ,
1442 2472 1507 2530 citis.
1522 2473 1566 2529 lin.
1590 2499 1770 2537 Antiquepro
1781 2499 1896 2529 Vervex.
1938 2499 2037 2530 Gloffae
2051 2501 2184 2538 oeream,
2206 2502 2318 2533 berbex.
2348 2504 2422 2535 Hinc

1295 2548 1345 2576 pro
1356 2538 1479 2567 Homine
1491 2538 1601 2575 stupido
1615 2537 1722 2566 Petron.
1733 2547 1794 2575 cap.
1808 2547 1850 2574 57.
1874 2538 1951 2575 Quid
1970 2540 2044 2568 rides
2058 2539 2184 2569 berbex?
2221 2541 2250 2571 V.
2273 2542 2312 2570 ibi
2326 2542 2419 2573 Burin.

1295 2578 1321 2606 8(
1332 2575 1442 2606 Salmas.
1454 2577 1489 2605 ad
1501 2575 1608 2613 Vopisc.
1623 2575 1711 2604 Aurel.
1723 2585 1783 2610 cap.
1795 2575 1845 2605 ult.

1255 2613 1277 2644 B
1287 2624 1300 2642 Β
1311 2624 1324 2642 Β
1336 2625 1351 2642 Β
1361 2624 1374 2642 Β
1383 2624 1400 2643 c
1411 2616 1427 2643 ῠ
1436 2624 1477 2643 r.u
1487 2624 1498 2643 s
1509 2636 1517 2649 ,
1539 2614 1637 2642 dimin.
1658 2613 1765 2642 Reines.
1785 2613 1816 2642 in
1828 2612 1921 2643 Schol.
1937 2613 1972 2643 ad
1986 2613 2097 2645 Petron.
2110 2615 2216 2653 Fragm.
2230 2617 2311 2656 Trag.
2334 2630 2360 2657 p.
2378 2629 2419 2658 57.

1296 2653 1322 2681 &
1335 2661 1379 2687 97.
1393 2652 1443 2681 ubi
1460 2661 1520 2689 cap.
1536 2661 1578 2688 37.
1600 2651 1737 2680 Babecali.
2244 2664 2247 2666 ·

1257 2690 1278 2719 B
1290 2700 1302 2718 Β
1314 2699 1329 2718 Β
1340 2700 1357 2719 c
1367 2700 1383 2719 o
1394 2700 1409 2718 r<
1419 2700 1436 2718 c
1449 2700 1466 2718 A
1475 2700 1495 2718 T
1506 2699 1555 2725 es,
1576 2689 1672 2726 Populi
1683 2689 1773 2726 ignoti
1784 2687 1846 2717 sunt
1855 2688 1952 2718 Galliae
1963 2689 2142 2726 Aquitanicae.
2158 2692 2419 2731 Plin.lib..1.cap.19.

1256 2727 1277 2758 B
1290 2738 1303 2756 Β
1316 2738 1378 2757 Rite
1388 2738 1406 2756 γ
1417 2737 1465 2756 ΝΤ
1475 2737 1532 2762 us,
1563 2727 1766 2763 [Βερέκυντῷψ]
1800 2726 1967 2762 Genetivus,
1989 2734 2019 2757 ut
2041 2728 2138 2767 Steph.
2158 2730 2211 2763 ait.
2245 2734 2310 2761 recti
2327 2734 2417 2764 abiisse.

1296 2765 1379 2795 Mons
1393 2765 1513 2802 Phrvgiae
1522 2765 1574 2800 est,
1602 2767 1629 2794 &
1639 2774 1742 2794 nomen
1752 2765 1870 2802 oppidi,
1893 2766 1920 2794 in
1932 2775 1988 2802 quo
2005 2773 2091 2796 mater
2106 2767 2190 2798 deum
2202 2768 2307 2806 Cybele
2318 2771 2422 2808 prisco-¹

1293 2813 1356 2833 rum
1364 2804 1417 2833 ritu
1430 2799 1589 2832 colebatur:
1611 2803 1688 2831 unde
1700 2802 1862 2840 Berecyntia
1872 2803 1945 2833 dicta
1959 2803 2005 2833 est.
2033 2804 2062 2833 V.
2084 2805 2149 2835 dit‘t.
2159 2806 2212 2843 seq.

1255 2840 1277 2870 B
1288 2851 1326 2870 ΒΒ
1337 2852 1351 2871 Β
1360 2852 1377 2870 c
1386 2852 1403 2870 ir
1415 2852 1433 2870 Ν
1442 2851 1462 2869 T
1473 2852 1482 2870 1
1493 2851 1510 2870 u
1521 2851 1532 2870 s
1543 2863 1551 2875 ,
1573 2837 1769 2877 [82322617192]
1797 2841 1857 2876 Adj.
1880 2847 1911 2870 ut
1920 2863 1929 2876 ,
1950 2841 2045 2871 Cornu
2065 2842 2261 2881 Berecyntium
2273 2866 2280 2879 ,
2303 2845 2369 2874 Hor.
2395 2857 2418 2876 r.

1294 2879 1433 2912 Carm.18.
1443 2879 1604 2916 13.i.e.Quo
1614 2879 1771 2908 excitantur
1781 2878 1815 2907 ad
1828 2879 2240 2919 furoremCybelesBerecyntiae
2250 2882 2414 2914 sacerdotes.

1293 2917 1378 2947 Tibia
1388 2918 1559 2955 Berecyntia.
1599 2916 1664 2945 Hor.
1681 2925 1705 2952 3.
1718 2916 1808 2945 Carm.
1825 2926 1866 2951 19.
1880 2923 1921 2951 18.
1945 2917 1971 2946 h.
1985 2927 2008 2947 e.
2034 2918 2163 2956 Phrygia.
2185 2921 2211 2949 Sc
2227 2921 2324 2956 quaein
2337 2920 2419 2952 sicris

1312 2955 1483 2987 Berecvntiae
1494 2954 1611 2992 Cybeles
1623 2954 1781 2983 adhibetur.
1823 2954 1872 2984 vel
1884 2955 1955 2984 forte
1970 2955 2072 2985 Buxea.
2110 2956 2141 2986 ln
2158 2956 2322 2995 Berecyntio
2341 2961 2418 2990 enim

1314 2989 1532 3031 traetu'plurima
1541 2992 1580 3022 est
1589 2992 1689 3022 buxus.
1712 2992 1780 3021 Plin.
1794 2992 1894 3022 lib-16.
1905 3003 1966 3031 cap.
1977 2997 2020 3022 16.
2039 3000 2108 3023 extr.

1294 3032 1459 3068 Berecyntia
1479 3031 1590 3068 (inquit
1601 3030 1732 3064 Servius)
1753 3030 1843 3060 Mater
1853 3030 1937 3060 desim
1950 3053 1957 3066 ,
1979 3032 2052 3061 dieta
2069 3042 2083 3061 a
2094 3039 2190 3061 monte
2207 3032 2328 3071 Phrygiae
2338 3035 2419 3065 Bere.

1315 3077 1416 3107 cynto,
1438 3069 1518 3102 cuius
1537 3068 1638 3097 ultima
1654 3067 1756 3106 syllaba
1772 3074 1845 3097 caret
1862 3068 2040 3106 aspiratione:
2063 3079 2144 3106 quarn
2164 3070 2291 3100 addimus
2309 3074 2420 3109 quoties

1314 3114 1440 3136 montem
1453 3107 1516 3136 Deli
1526 3106 1669 3144 Cynthum
1682 3106 1809 3135 dicimus.
1849 3105 1891 3136 Est
1898 3113 1991 3136 autem
1999 3109 2090 3136 tenuis
2100 3107 2146 3136 ista
2157 3107 2285 3138 discretio
2295 3131 2302 3143 ,
2318 3112 2418 3148 quibus

1315 3145 1476 3174 nominibus
1488 3143 1611 3173 subtrahi
1620 3144 1722 3173 debeat
1732 3144 1868 3181 aspiratio.
1905 3144 1978 3174 Nam
1998 3154 2081 3178 ecce,
2103 3145 2190 3182 Ripaei
2211 3154 2320 3177 montes
2341 3150 2420 3179 Arca.

1315 3184 1387 3218 diae,
1409 3192 1466 3211 non
1478 3182 1634 3211 scribuntur
1651 3192 1714 3211 cum
1733 3182 1914 3220 aspiratione:
1936 3192 2017 3218 quam
2035 3183 2162 3211 addimus
2181 3193 2266 3219 quum
2287 3185 2418 3224 Riphaeos

1313 3227 1425 3250 montes
1433 3221 1551 3258 Scythiae
1564 3219 1755 3257 significamus.
1791 3219 1857 3248 Hiec
1870 3220 1977 3249 Servius
1991 3220 2026 3248 ad
2039 3220 2112 3258 Virg.
2123 3230 2149 3255 9.
2160 3220 2222 3251 AEn.
2237 3228 2283 3256 82,

1375 3259 1434 3294 Ipsa
1445 3259 1529 3288 deum
1540 3259 1626 3287 fertur
1634 3258 1753 3294 genitrix
1762 3257 1926 3294 Berecyntia
1936 3267 2066 3294 magnum
2131 3296 2136 3301 .

1376 3296 1499 3326 Vocibus
1508 3297 1549 3326 his
1559 3295 1641 3325 affata
1653 3295 1760 3333 Jovem.
1844 3295 1986 3331 Quicquid
2003 3302 2097 3324 tamen
2109 3296 2178 3325 dicit
2191 3297 2301 3328 Servius
2312 3319 2320 3335 ,
2341 3299 2420 3330 vide-

1314 3344 1376 3364 mus
1388 3334 1483 3371 passim
1494 3334 1528 3364 ab
1538 3335 1669 3363 omnibus
1679 3332 1788 3371 aspirari
1801 3332 1989 3370 Berecynthus
2000 3333 2026 3361 &
2040 3333 2231 3370 Berecynthia.

1295 3373 1387 3402 Mater
1397 3373 1566 3409 Berecyntia.
1609 3372 1678 3408 Virg.
1693 3375 1718 3400 6.
1733 3371 1795 3400 AEn.
1807 3380 1870 3407 742.
1894 3370 1967 3399 conf.
1982 3370 2050 3400 Stat.
2062 3382 2089 3407 4.
2102 3371 2192 3401 Theb.
2207 3378 2270 3410 782.

1299 3411 1436 3440 Genitrix.
1461 3410 1532 3447 Virg.
1543 3420 1569 3445 9.
1587 3410 1648 3439 AEn.
1662 3415 1706 3442 82.
1779 3446 1785 3451 ἢ
2028 3445 2034 3451 0

1258 3449 1281 3479 Β
1291 3459 1305 3477 Β
1316 3459 1330 3476 Β
1341 3458 1354 3477 Β
1364 3458 1409 3477 cir
1418 3458 1438 3477 N
1448 3458 1467 3476 *r
1478 3459 1486 3477 1
1497 3452 1512 3477 A
1524 3458 1541 3477 c
1551 3458 1569 3477 u
1579 3457 1591 3476 s
1603 3468 1612 3483 ,
1636 3446 1712 3476 aliud
1735 3445 1794 3480 Adi.
1819 3451 1866 3481 ut,
1887 3444 2103 3482 Berecyntiacus
2126 3445 2261 3478 sacerdos.
2288 3449 2418 3482 Prudent.

1298 3486 1403 3516 advers.
1417 3486 1574 3523 Symmacli.
1585 3495 1609 3514 2.
1625 3494 1666 3519 51·
1904 3520 1910 3525 ·
1955 3520 1960 3525 ·
2025 3520 2031 3525 ⁴

1259 3524 1281 3555 B
1291 3535 1305 3553 Β
1316 3535 1330 3552 Β
1340 3534 1354 3552 Β,
1363 3534 1380 3553 c
1390 3534 1409 3553 Y
1418 3534 1438 3552 Ν
1447 3534 1466 3552 τ
1476 3535 1485 3552 1
1495 3534 1513 3552 A
1523 3534 1540 3552 n
1552 3533 1565 3552 Β
1573 3533 1585 3551 s
1595 3545 1602 3556 ,
1624 3532 1654 3550 ae.
1677 3528 1832 3559 patronym.
1855 3519 1941 3550 Ovid.
1953 3530 1982 3549 ln
1992 3519 2053 3549 [bin
2069 3527 2130 3556 508.
2153 3522 2274 3553 Venator
2285 3525 2422 3565 Berecyn-

1297 3562 1393 3591 tiades.
1419 3562 1437 3591 i.
1451 3572 1476 3591 e.
1501 3561 1576 3590 Attis.
1610 3560 1638 3588 V.
1662 3559 1784 3595 interpp.
2003 3593 2006 3600 Ι

1259 3600 1351 3630 ΒΒΒΒ
1363 3603 1470 3634 Nica,
1499 3599 1542 3627 vel
1565 3598 1584 3627 B
1598 3606 1662 3625 ΒΒο
1674 3605 1737 3624 Nic
1749 3605 1779 3629 Β,
1797 3604 1834 3624 es.
1864 3595 1882 3624 f.
1907 3595 2061 3638 [Begfvrzri]
2083 3595 2158 3626 Uxor
2180 3597 2320 3630 Ptolemaei
2338 3602 2421 3640 Lagi,

1298 3644 1388 3667 mater
1397 3636 1588 3673 Philadelphi,
1610 3643 1669 3663 rara
1680 3633 1779 3661 mulier
1790 3633 1878 3661 forma
1890 3655 1897 3666 ‚
1919 3634 1944 3662 &
1955 3643 2014 3661 Viro
2024 3633 2131 3664 summe
2144 3635 2255 3667 dilecta,

1298 3675 1431 3705 Berenice
1439 3675 1504 3703 item
1517 3673 1600 3703 altera
1611 3693 1618 3706 ,
1641 3670 1813 3707 Philadelphi
1826 3670 1892 3705 filio,
1914 3670 2065 3700 Ptolemaeo
2078 3672 2215 3710 Evergeti,
2227 3676 2301 3705 fratri
2315 3683 2423 3714 patrue-

1317 3713 1335 3742 li
1345 3712 1505 3748 suomipsit:
1528 3711 1606 3745 cujus
1618 3709 1707 3737 crines
1717 3708 1745 3735 in
1762 3708 1861 3737 caelum
1877 3708 1954 3738 relati
1974 3716 2122 3746 putantur,
2142 3712 2315 3748 persuasione
2332 3715 2423 3744 Cono-

1318 3751 1363 3779 nis
1377 3748 1573 3778 mathematici.
1616 3746 1658 3775 De
1669 3744 1769 3781 quibus
1780 3745 1899 3783 elegiam
1913 3747 2070 3784 composuit
2081 3748 2268 3780 Callimachus
2278 3774 2286 3785 ,
2307 3762 2424 3782 conver-

1318 3788 1373 3817 sam
1388 3787 1491 3815 deinde
1507 3796 1522 3814 a
1533 3784 1622 3814 Catul.
1641 3783 1729 3811 Carm.
1745 3787 1790 3812 66.
1832 3784 1896 3820 Ejus
1915 3792 1993 3822 pater
2007 3784 2104 3823 Magas
2122 3786 2244 3824 Cyrenes
2263 3799 2312 3819 rex
2323 3811 2330 3825 ,
2353 3790 2422 3821 Ptol.

1318 3824 1495 3857 Philadelphi
1509 3825 1535 3852 8(
1550 3822 1672 3851 Arsinoes
1682 3820 1773 3850 frater.
1879 3858 1884 3864 Ι

1301 3862 1360 3893 Alia
1385 3862 1451 3890 item
1482 3860 1613 3890 Berenice
1634 3859 1687 3887 fuit
1699 3880 1706 3890 ,
1744 3858 1886 3888 Costobari
1909 3859 1934 3888 &
1956 3859 2081 3890 Salomes
2104 3859 2226 3892 Herodis
2252 3864 2292 3893 M.
2325 3864 2424 3895 sororis

1319 3900 1391 3932 filia,
1424 3907 1483 3934 quae
1515 3897 1605 3934 nupsit
1634 3895 1787 3925 Aristobulo
1821 3897 1939 3926 Herodis
1967 3899 2092 3931 eiusdem
2123 3899 2181 3929 filio
2192 3923 2200 3935 ,
2236 3912 2318 3939 quem
2348 3911 2424 3940 pater

1319 3937 1413 3975 postea
1432 3936 1578 3965 interfecit.
1609 3934 1745 3971 josephus
1763 3944 1807 3963 20.
1826 3945 1849 3969 5.
1893 3936 2020 3973 Agrippae
2039 3936 2153 3967 Maioris
2178 3945 2282 3972 mater,
2316 3940 2351 3968 de
2371 3950 2425 3977 qua

1319 3974 1417 4005 Strabo
1429 3973 1466 4004 sic
1476 3974 1534 4010 ait,
1555 3972 1642 4003 Caesar
1653 3971 1786 4010 Augustus
1795 3981 1897 4009 magno
1910 3973 2016 4003 honore
2024 3974 2206 4013 prosequutus
2216 3976 2256 4006 est
2262 3977 2382 4007 Herodis
2394 3979 2426 4007 li-

1806 4009 1856 4040 Uu
1877 4019 1894 4040 2
2327 4014 2408 4046 beros
2418 4038 2427 4055 ,
