<?xml version="1.0" encoding="UTF-8"?>
<!DOCTYPE html PUBLIC "-//W3C//DTD XHTML 1.0 Transitional//EN"
    "http://www.w3.org/TR/xhtml1/DTD/xhtml1-transitional.dtd">
<html xmlns="http://www.w3.org/1999/xhtml" xml:lang="en" lang="en">
 <head>
  <title>
</title>
<meta http-equiv="Content-Type" content="text/html;charset=utf-8" />
  <meta name='ocr-system' content='tesseract 3.04.00' />
  <meta name='ocr-capabilities' content='ocr_page ocr_carea ocr_par ocr_line ocrx_word'/>
</head>
<body>
  <div class='ocr_page' id='page_1' title='image "./robertistephanil01esti/robertistephanil01esti_0828.png"; bbox 0 0 2604 4222; ppageno 0'>
   <div class='ocr_carea' id='block_1_1' title="bbox 89 138 773 190">
    <p class='ocr_par' dir='ltr' id='par_1_1' title="bbox 89 138 773 190">
     <span class='ocr_line' id='line_1_1' title="bbox 89 138 773 190; baseline -0.003 -14"><span class='ocrx_word' id='word_1_1' title='bbox 89 154 162 190; x_wconf 75' lang='lat'>754</span> <span class='ocrx_word' id='word_1_2' title='bbox 491 141 519 176; x_wconf 87' lang='lat' dir='ltr'>C</span> <span class='ocrx_word' id='word_1_3' title='bbox 614 139 648 176; x_wconf 79' lang='lat' dir='ltr'>Y</span> <span class='ocrx_word' id='word_1_4' title='bbox 741 138 773 173; x_wconf 89' lang='lat' dir='ltr'><strong>T</strong></span> 
     </span>
    </p>
   </div>
   <div class='ocr_carea' id='block_1_2' title="bbox 90 209 1239 437">
    <p class='ocr_par' dir='ltr' id='par_1_2' title="bbox 90 209 1239 437">
     <span class='ocr_line' id='line_1_2' title="bbox 124 209 1238 259; baseline -0.015 -4"><span class='ocrx_word' id='word_1_5' title='bbox 124 222 233 255; x_wconf 69' lang='lat' dir='ltr'>infelix.</span> <span class='ocrx_word' id='word_1_6' title='bbox 274 222 359 252; x_wconf 78' lang='lat' dir='ltr'>Valet.</span> <span class='ocrx_word' id='word_1_7' title='bbox 372 232 395 256; x_wconf 83' lang='grc' dir='ltr'>ς.</span> <span class='ocrx_word' id='word_1_8' title='bbox 407 222 562 259; x_wconf 78' lang='lat' dir='ltr'>Argon.81.</span> <span class='ocrx_word' id='word_1_9' title='bbox 583 220 682 250; x_wconf 76' lang='lat' dir='ltr'>Infelix</span> <span class='ocrx_word' id='word_1_10' title='bbox 693 218 773 252; x_wconf 88' lang='lat' dir='ltr'>sane,</span> <span class='ocrx_word' id='word_1_11' title='bbox 794 217 830 245; x_wconf 91' lang='lat' dir='ltr'>ob</span> <span class='ocrx_word' id='word_1_12' title='bbox 848 213 948 243; x_wconf 87' lang='lat' dir='ltr'>scelera</span> <span class='ocrx_word' id='word_1_13' title='bbox 961 213 989 241; x_wconf 88' lang='lat' dir='ltr'>in</span> <span class='ocrx_word' id='word_1_14' title='bbox 1003 221 1037 241; x_wconf 90' lang='lat' dir='ltr'>eo</span> <span class='ocrx_word' id='word_1_15' title='bbox 1049 209 1171 254; x_wconf 38' lang='lat' dir='ltr'>admissa..</span> <span class='ocrx_word' id='word_1_16' title='bbox 1194 209 1238 239; x_wconf 87' lang='lat' dir='ltr'>Ib1</span> 
     </span>
     <span class='ocr_line' id='line_1_3' title="bbox 143 246 1239 290; baseline -0.015 0"><span class='ocrx_word' id='word_1_17' title='bbox 143 261 218 290; x_wconf 88' lang='lat' dir='ltr'>enim</span> <span class='ocrx_word' id='word_1_18' title='bbox 233 261 341 289; x_wconf 67' lang='lat' dir='ltr'>actaeon</span> <span class='ocrx_word' id='word_1_19' title='bbox 351 269 365 288; x_wconf 89' lang='lat' dir='ltr'>a</span> <span class='ocrx_word' id='word_1_20' title='bbox 375 259 488 288; x_wconf 90' lang='lat' dir='ltr'>canibus</span> <span class='ocrx_word' id='word_1_21' title='bbox 501 258 661 287; x_wconf 73' lang='lat' dir='ltr'>interfectus</span> <span class='ocrx_word' id='word_1_22' title='bbox 672 256 726 285; x_wconf 86' lang='lat' dir='ltr'>est:</span> <span class='ocrx_word' id='word_1_23' title='bbox 745 254 781 282; x_wconf 87' lang='lat' dir='ltr'>ibi</span> <span class='ocrx_word' id='word_1_24' title='bbox 793 252 923 289; x_wconf 75' lang='lat' dir='ltr'>Orpheus</span> <span class='ocrx_word' id='word_1_25' title='bbox 931 260 945 280; x_wconf 85' lang='lat' dir='ltr'>a</span> <span class='ocrx_word' id='word_1_26' title='bbox 958 248 1131 279; x_wconf 82' lang='lat' dir='ltr'>Maenad1bus</span> <span class='ocrx_word' id='word_1_27' title='bbox 1141 246 1239 276; x_wconf 87' lang='lat' dir='ltr'>d1scer-</span> 
     </span>
     <span class='ocr_line' id='line_1_4' title="bbox 146 292 1006 335; baseline -0.013 -9"><span class='ocrx_word' id='word_1_28' title='bbox 146 305 224 335; x_wconf 85' lang='lat' dir='ltr'>ptus:</span> <span class='ocrx_word' id='word_1_29' title='bbox 248 297 285 325; x_wconf 91' lang='lat' dir='ltr'>ibi</span> <span class='ocrx_word' id='word_1_30' title='bbox 299 296 435 326; x_wconf 83' lang='lat' dir='ltr'>Pentheus</span> <span class='ocrx_word' id='word_1_31' title='bbox 449 297 482 325; x_wconf 90' lang='lat' dir='ltr'>ab</span> <span class='ocrx_word' id='word_1_32' title='bbox 499 297 586 332; x_wconf 80' lang='lat' dir='ltr'>Agave</span> <span class='ocrx_word' id='word_1_33' title='bbox 594 303 680 324; x_wconf 90' lang='lat' dir='ltr'>matre</span> <span class='ocrx_word' id='word_1_34' title='bbox 691 292 833 320; x_wconf 84' lang='lat' dir='ltr'>laceratus.</span> <span class='ocrx_word' id='word_1_35' title='bbox 970 323 975 329; x_wconf 31' lang='lat'>⁸</span> <span class='ocrx_word' id='word_1_36' title='bbox 1000 322 1006 329; x_wconf 29' lang='lat'>²</span> 
     </span>
     <span class='ocr_line' id='line_1_5' title="bbox 90 320 1238 369; baseline -0.014 -4"><span class='ocrx_word' id='word_1_37' title='bbox 90 335 165 366; x_wconf 67' lang='lat' dir='ltr'>Cr]-</span> <span class='ocrx_word' id='word_1_38' title='bbox 178 344 197 364; x_wconf 72' lang='lat' dir='ltr'>rt</span> <span class='ocrx_word' id='word_1_39' title='bbox 206 343 269 364; x_wconf 61' lang='lat' dir='ltr'>flos</span> <span class='ocrx_word' id='word_1_40' title='bbox 278 356 285 369; x_wconf 90' lang='lat'>‚</span> <span class='ocrx_word' id='word_1_41' title='bbox 306 335 323 362; x_wconf 92' lang='lat' dir='ltr'>i.</span> <span class='ocrx_word' id='word_1_42' title='bbox 348 334 366 363; x_wconf 85' lang='lat' dir='ltr'>f.</span> <span class='ocrx_word' id='word_1_43' title='bbox 389 330 527 369; x_wconf 61' lang='grc' dir='ltr'>[κόθως]</span> <span class='ocrx_word' id='word_1_44' title='bbox 548 331 634 361; x_wconf 79' lang='lat' dir='ltr'>Insula</span> <span class='ocrx_word' id='word_1_45' title='bbox 644 339 697 359; x_wconf 85' lang='lat' dir='ltr'>una</span> <span class='ocrx_word' id='word_1_46' title='bbox 705 327 867 365; x_wconf 76' lang='lat' dir='ltr'>Cycladum,</span> <span class='ocrx_word' id='word_1_47' title='bbox 888 329 919 353; x_wconf 87' lang='lat' dir='ltr'>ut</span> <span class='ocrx_word' id='word_1_48' title='bbox 927 322 1020 353; x_wconf 74' lang='lat' dir='ltr'>scribit</span> <span class='ocrx_word' id='word_1_49' title='bbox 1028 322 1162 359; x_wconf 85' lang='lat' dir='ltr'>Pompon.</span> <span class='ocrx_word' id='word_1_50' title='bbox 1177 320 1238 350; x_wconf 85' lang='lat' dir='ltr'>Me-</span> 
     </span>
     <span class='ocr_line' id='line_1_6' title="bbox 127 371 794 408; baseline -0.01 -6"><span class='ocrx_word' id='word_1_51' title='bbox 127 372 211 402; x_wconf 86' lang='lat' dir='ltr'>lalib.</span> <span class='ocrx_word' id='word_1_52' title='bbox 223 381 279 408; x_wconf 69' lang='lat'>27.</span> <span class='ocrx_word' id='word_1_53' title='bbox 296 371 379 401; x_wconf 89' lang='lat' dir='ltr'>Ovid.</span> <span class='ocrx_word' id='word_1_54' title='bbox 396 382 418 405; x_wconf 82' lang='grc' dir='ltr'>ς.</span> <span class='ocrx_word' id='word_1_55' title='bbox 438 371 504 400; x_wconf 81' lang='lat' dir='ltr'>Met.</span> <span class='ocrx_word' id='word_1_56' title='bbox 517 377 579 404; x_wconf 80' lang='lat'>253·</span> <span class='ocrx_word' id='word_1_57' title='bbox 788 401 794 406; x_wconf 46' lang='lat'>·</span> 
     </span>
     <span class='ocr_line' id='line_1_7' title="bbox 280 399 873 437; baseline -0.019 1"><span class='ocrx_word' id='word_1_58' title='bbox 280 409 392 437; x_wconf 87' lang='lat' dir='ltr'>-inde</span> <span class='ocrx_word' id='word_1_59' title='bbox 404 417 467 437; x_wconf 84' lang='lat' dir='ltr'>cava</span> <span class='ocrx_word' id='word_1_60' title='bbox 474 405 643 436; x_wconf 84' lang='lat' dir='ltr'>circumdata</span> <span class='ocrx_word' id='word_1_61' title='bbox 658 412 727 431; x_wconf 85' lang='lat' dir='ltr'>nave</span> <span class='ocrx_word' id='word_1_62' title='bbox 738 399 873 436; x_wconf 76' lang='lat' dir='ltr'>Seriphon</span> 
     </span>
    </p>
   </div>
   <div class='ocr_carea' id='block_1_3' title="bbox 89 435 1237 518">
    <p class='ocr_par' dir='ltr' id='par_1_3' title="bbox 89 435 1237 518">
     <span class='ocr_line' id='line_1_8' title="bbox 220 435 1213 480; baseline -0.018 -5"><span class='ocrx_word' id='word_1_63' title='bbox 220 445 325 475; x_wconf 82' lang='lat' dir='ltr'>Deserit</span> <span class='ocrx_word' id='word_1_64' title='bbox 335 467 342 479; x_wconf 82' lang='lat'>,</span> <span class='ocrx_word' id='word_1_65' title='bbox 364 455 380 474; x_wconf 86' lang='lat' dir='ltr'>a</span> <span class='ocrx_word' id='word_1_66' title='bbox 392 445 486 473; x_wconf 83' lang='lat' dir='ltr'>dextra</span> <span class='ocrx_word' id='word_1_67' title='bbox 503 443 612 480; x_wconf 85' lang='lat' dir='ltr'>Cythno</span> <span class='ocrx_word' id='word_1_68' title='bbox 623 463 630 474; x_wconf 91' lang='lat'>,</span> <span class='ocrx_word' id='word_1_69' title='bbox 656 441 798 477; x_wconf 80' lang='lat' dir='ltr'>Gyaroque</span> <span class='ocrx_word' id='word_1_70' title='bbox 811 435 920 464; x_wconf 59' lang='lat' dir='ltr'>relictis.</span> <span class='ocrx_word' id='word_1_71' title='bbox 1137 469 1144 475; x_wconf 37' lang='grc' dir='ltr'>ι</span> <span class='ocrx_word' id='word_1_72' title='bbox 1207 468 1213 474; x_wconf 44' lang='grc'><em>·</em></span> 
     </span>
     <span class='ocr_line' id='line_1_9' title="bbox 89 469 1237 518; baseline -0.014 -4"><span class='ocrx_word' id='word_1_73' title='bbox 89 481 114 514; x_wconf 74' lang='lat' dir='ltr'>C</span> <span class='ocrx_word' id='word_1_74' title='bbox 123 492 167 513; x_wconf 74' lang='grc' dir='ltr'>ΥΤ</span> <span class='ocrx_word' id='word_1_75' title='bbox 179 492 245 513; x_wconf 78' lang='lat' dir='ltr'>Hos</span> <span class='ocrx_word' id='word_1_76' title='bbox 255 504 264 518; x_wconf 77' lang='lat'>,</span> <span class='ocrx_word' id='word_1_77' title='bbox 285 484 303 513; x_wconf 83' lang='lat' dir='ltr'>i.</span> <span class='ocrx_word' id='word_1_78' title='bbox 325 492 361 512; x_wconf 88' lang='lat' dir='ltr'>m.</span> <span class='ocrx_word' id='word_1_79' title='bbox 384 481 496 517; x_wconf 54' lang='grc' dir='ltr'><strong><em>[κνῆνς]</em></strong></span> <span class='ocrx_word' id='word_1_80' title='bbox 518 481 556 509; x_wconf 89' lang='lat' dir='ltr'>Os</span> <span class='ocrx_word' id='word_1_81' title='bbox 566 478 663 516; x_wconf 85' lang='lat' dir='ltr'>capitis</span> <span class='ocrx_word' id='word_1_82' title='bbox 674 473 826 505; x_wconf 87' lang='lat' dir='ltr'>universum</span> <span class='ocrx_word' id='word_1_83' title='bbox 839 478 952 501; x_wconf 84' lang='lat' dir='ltr'>vocatur</span> <span class='ocrx_word' id='word_1_84' title='bbox 961 492 969 505; x_wconf 84' lang='lat'>,</span> <span class='ocrx_word' id='word_1_85' title='bbox 990 476 1021 500; x_wconf 84' lang='lat' dir='ltr'>ut</span> <span class='ocrx_word' id='word_1_86' title='bbox 1031 469 1128 499; x_wconf 77' lang='lat' dir='ltr'>Pollux</span> <span class='ocrx_word' id='word_1_87' title='bbox 1137 474 1237 505; x_wconf 77' lang='lat' dir='ltr'>inquit:</span> 
     </span>
    </p>
   </div>
   <div class='ocr_carea' id='block_1_4' title="bbox 79 507 1241 1717">
    <p class='ocr_par' dir='ltr' id='par_1_4' title="bbox 124 507 1239 594">
     <span class='ocr_line' id='line_1_10' title="bbox 127 507 1239 554; baseline -0.013 -5"><span class='ocrx_word' id='word_1_88' title='bbox 127 519 216 550; x_wconf 84' lang='lat' dir='ltr'>Latini</span> <span class='ocrx_word' id='word_1_89' title='bbox 228 519 340 549; x_wconf 82' lang='lat' dir='ltr'>Calvam</span> <span class='ocrx_word' id='word_1_90' title='bbox 350 540 358 554; x_wconf 92' lang='lat'>,</span> <span class='ocrx_word' id='word_1_91' title='bbox 379 520 404 548; x_wconf 66' lang='grc' dir='ltr'>ἀ</span> <span class='ocrx_word' id='word_1_92' title='bbox 416 517 564 546; x_wconf 85' lang='lat' dir='ltr'>Calvariam</span> <span class='ocrx_word' id='word_1_93' title='bbox 575 516 672 544; x_wconf 84' lang='lat' dir='ltr'>dicunt</span> <span class='ocrx_word' id='word_1_94' title='bbox 683 535 691 547; x_wconf 95' lang='lat'>,</span> <span class='ocrx_word' id='word_1_95' title='bbox 713 520 741 541; x_wconf 90' lang='lat' dir='ltr'>ut</span> <span class='ocrx_word' id='word_1_96' title='bbox 753 510 845 540; x_wconf 88' lang='lat' dir='ltr'>Celsus</span> <span class='ocrx_word' id='word_1_97' title='bbox 858 510 975 538; x_wconf 84' lang='lat' dir='ltr'>testatur.</span> <span class='ocrx_word' id='word_1_98' title='bbox 1019 507 1174 537; x_wconf 84' lang='lat' dir='ltr'>Aristoteles</span> <span class='ocrx_word' id='word_1_99' title='bbox 1192 516 1239 540; x_wconf 65' lang='grc' dir='ltr'>π’.</span> 
     </span>
     <span class='ocr_line' id='line_1_11' title="bbox 124 546 1068 594; baseline -0.017 -6"><span class='ocrx_word' id='word_1_100' title='bbox 124 555 352 594; x_wconf 59' lang='grc' dir='ltr'>λοτένὶῡῑευίεἰι,</span> <span class='ocrx_word' id='word_1_101' title='bbox 373 555 448 592; x_wconf 90' lang='lat' dir='ltr'>quod</span> <span class='ocrx_word' id='word_1_102' title='bbox 458 554 566 590; x_wconf 80' lang='lat' dir='ltr'>capillis</span> <span class='ocrx_word' id='word_1_103' title='bbox 578 550 715 588; x_wconf 81' lang='lat' dir='ltr'>integitur.</span> <span class='ocrx_word' id='word_1_104' title='bbox 738 549 816 578; x_wconf 91' lang='lat' dir='ltr'>Plura</span> <span class='ocrx_word' id='word_1_105' title='bbox 826 546 888 576; x_wconf 85' lang='lat' dir='ltr'>Cael.</span> <span class='ocrx_word' id='word_1_106' title='bbox 905 556 928 581; x_wconf 81' lang='lat'>3.</span> <span class='ocrx_word' id='word_1_107' title='bbox 941 555 985 580; x_wconf 78' lang='lat'>23.</span> <span class='ocrx_word' id='word_1_108' title='bbox 1062 582 1068 588; x_wconf 43' lang='lat'><strong>·</strong></span> 
     </span>
    </p>

    <p class='ocr_par' dir='ltr' id='par_1_5' title="bbox 90 581 1241 702">
     <span class='ocr_line' id='line_1_12' title="bbox 90 581 1241 628; baseline -0.016 -3"><span class='ocrx_word' id='word_1_109' title='bbox 90 593 143 624; x_wconf 69' lang='lat' dir='ltr'>CY</span> <span class='ocrx_word' id='word_1_110' title='bbox 152 604 187 623; x_wconf 84' lang='grc' dir='ltr'>τι</span> <span class='ocrx_word' id='word_1_111' title='bbox 200 604 219 623; x_wconf 72' lang='grc' dir='ltr'>Ν</span> <span class='ocrx_word' id='word_1_112' title='bbox 231 605 240 623; x_wconf 87' lang='grc' dir='ltr'><em>ι</em></span> <span class='ocrx_word' id='word_1_113' title='bbox 252 604 269 623; x_wconf 91' lang='grc' dir='ltr'>υ</span> <span class='ocrx_word' id='word_1_114' title='bbox 280 605 299 622; x_wconf 73' lang='grc' dir='ltr'><strong><em>Μ</em></strong></span> <span class='ocrx_word' id='word_1_115' title='bbox 311 615 319 628; x_wconf 84' lang='grc'><em>,</em></span> <span class='ocrx_word' id='word_1_116' title='bbox 342 594 359 622; x_wconf 93' lang='lat' dir='ltr'>i.</span> <span class='ocrx_word' id='word_1_117' title='bbox 381 602 407 621; x_wconf 89' lang='lat' dir='ltr'>n.</span> <span class='ocrx_word' id='word_1_118' title='bbox 430 590 577 626; x_wconf 61' lang='lat' dir='ltr'>[xviimi]</span> <span class='ocrx_word' id='word_1_119' title='bbox 597 590 699 618; x_wconf 85' lang='lat' dir='ltr'>Civitas</span> <span class='ocrx_word' id='word_1_120' title='bbox 709 596 763 615; x_wconf 87' lang='lat' dir='ltr'>una</span> <span class='ocrx_word' id='word_1_121' title='bbox 774 585 812 615; x_wconf 89' lang='lat' dir='ltr'>est</span> <span class='ocrx_word' id='word_1_122' title='bbox 821 593 855 627; x_wconf 70' lang='lat' dir='ltr'>eit</span> <span class='ocrx_word' id='word_1_123' title='bbox 872 591 987 626; x_wconf 79' lang='lat' dir='ltr'>quatuor</span> <span class='ocrx_word' id='word_1_124' title='bbox 1002 581 1178 611; x_wconf 76' lang='lat' dir='ltr'>Dorienslum</span> <span class='ocrx_word' id='word_1_125' title='bbox 1195 591 1241 611; x_wconf 86' lang='lat' dir='ltr'>ur.</span> 
     </span>
     <span class='ocr_line' id='line_1_13' title="bbox 128 620 1217 668; baseline -0.014 -7"><span class='ocrx_word' id='word_1_126' title='bbox 128 631 209 661; x_wconf 86' lang='lat' dir='ltr'>bibus</span> <span class='ocrx_word' id='word_1_127' title='bbox 221 653 230 666; x_wconf 96' lang='lat'>,</span> <span class='ocrx_word' id='word_1_128' title='bbox 251 641 310 668; x_wconf 82' lang='lat' dir='ltr'>quae</span> <span class='ocrx_word' id='word_1_129' title='bbox 320 635 570 658; x_wconf 75' lang='lat' dir='ltr'>commemorantur</span> <span class='ocrx_word' id='word_1_130' title='bbox 583 636 597 655; x_wconf 91' lang='lat' dir='ltr'>a</span> <span class='ocrx_word' id='word_1_131' title='bbox 608 625 695 655; x_wconf 78' lang='lat' dir='ltr'>Strab.</span> <span class='ocrx_word' id='word_1_132' title='bbox 713 624 758 652; x_wconf 89' lang='lat' dir='ltr'>lib.</span> <span class='ocrx_word' id='word_1_133' title='bbox 769 633 794 657; x_wconf 86' lang='lat'>9.</span> <span class='ocrx_word' id='word_1_134' title='bbox 818 622 886 650; x_wconf 79' lang='lat' dir='ltr'>Plin.</span> <span class='ocrx_word' id='word_1_135' title='bbox 910 620 1041 663; x_wconf 76' lang='lat' dir='ltr'>Cytinum</span> <span class='ocrx_word' id='word_1_136' title='bbox 1057 626 1141 648; x_wconf 86' lang='lat' dir='ltr'>vocat</span> <span class='ocrx_word' id='word_1_137' title='bbox 1152 630 1179 653; x_wconf 77' lang='lat'>4.</span> <span class='ocrx_word' id='word_1_138' title='bbox 1192 629 1217 654; x_wconf 94' lang='lat'>7.</span> 
     </span>
     <span class='ocr_line' id='line_1_14' title="bbox 90 657 1237 702; baseline -0.01 -4"><span class='ocrx_word' id='word_1_139' title='bbox 90 667 241 699; x_wconf 69' lang='lat' dir='ltr'>CYTINu</span> <span class='ocrx_word' id='word_1_140' title='bbox 251 677 262 696; x_wconf 91' lang='lat' dir='ltr'>s</span> <span class='ocrx_word' id='word_1_141' title='bbox 273 689 281 702; x_wconf 87' lang='lat'>‚</span> <span class='ocrx_word' id='word_1_142' title='bbox 302 668 320 696; x_wconf 90' lang='lat' dir='ltr'>i.</span> <span class='ocrx_word' id='word_1_143' title='bbox 342 677 379 695; x_wconf 91' lang='lat' dir='ltr'>m.</span> <span class='ocrx_word' id='word_1_144' title='bbox 404 664 537 701; x_wconf 73' lang='grc' dir='ltr'>[κάπης]</span> <span class='ocrx_word' id='word_1_145' title='bbox 558 663 621 693; x_wconf 87' lang='lat' dir='ltr'>Flos</span> <span class='ocrx_word' id='word_1_146' title='bbox 643 661 732 692; x_wconf 80' lang='lat' dir='ltr'>sativae</span> <span class='ocrx_word' id='word_1_147' title='bbox 753 660 871 698; x_wconf 64' lang='lat' dir='ltr'>punicae.</span> <span class='ocrx_word' id='word_1_148' title='bbox 914 658 979 687; x_wconf 83' lang='lat' dir='ltr'>Plin.</span> <span class='ocrx_word' id='word_1_149' title='bbox 1004 657 1110 692; x_wconf 73' lang='lat' dir='ltr'>l1b.2³.</span> <span class='ocrx_word' id='word_1_150' title='bbox 1132 666 1193 694; x_wconf 81' lang='lat' dir='ltr'>cap.</span> <span class='ocrx_word' id='word_1_151' title='bbox 1210 660 1237 687; x_wconf 90' lang='lat'>6.</span> 
     </span>
    </p>

    <p class='ocr_par' dir='ltr' id='par_1_6' title="bbox 123 693 1240 890">
     <span class='ocr_line' id='line_1_15' title="bbox 127 693 1240 741; baseline -0.012 -7"><span class='ocrx_word' id='word_1_152' title='bbox 127 706 231 735; x_wconf 84' lang='lat' dir='ltr'>Primus</span> <span class='ocrx_word' id='word_1_153' title='bbox 241 704 318 741; x_wconf 83' lang='lat' dir='ltr'>pomi</span> <span class='ocrx_word' id='word_1_154' title='bbox 331 704 410 738; x_wconf 86' lang='lat' dir='ltr'>hujus</span> <span class='ocrx_word' id='word_1_155' title='bbox 421 709 510 739; x_wconf 86' lang='lat' dir='ltr'>partus</span> <span class='ocrx_word' id='word_1_156' title='bbox 520 701 616 731; x_wconf 81' lang='lat' dir='ltr'>florere</span> <span class='ocrx_word' id='word_1_157' title='bbox 626 693 796 736; x_wconf 55' lang='lat' dir='ltr'>inbipientiQ</span> <span class='ocrx_word' id='word_1_158' title='bbox 818 697 927 733; x_wconf 88' lang='lat' dir='ltr'>cytinus</span> <span class='ocrx_word' id='word_1_159' title='bbox 937 703 1049 738; x_wconf 72' lang='lat' dir='ltr'>vocatur</span> <span class='ocrx_word' id='word_1_160' title='bbox 1064 694 1173 737; x_wconf 21' lang='lat' dir='ltr'>Graehcis.</span> <span class='ocrx_word' id='word_1_161' title='bbox 1195 693 1240 738; x_wconf 57' lang='lat' dir='ltr'>Vi:</span> 
     </span>
     <span class='ocr_line' id='line_1_16' title="bbox 126 731 1238 772; baseline -0.012 0"><span class='ocrx_word' id='word_1_162' title='bbox 126 743 161 772; x_wconf 87' lang='lat' dir='ltr'>de</span> <span class='ocrx_word' id='word_1_163' title='bbox 175 742 323 771; x_wconf 84' lang='lat' dir='ltr'>Ruellium.</span> <span class='ocrx_word' id='word_1_164' title='bbox 347 739 517 770; x_wconf 86' lang='lat' dir='ltr'>Dioscorides</span> <span class='ocrx_word' id='word_1_165' title='bbox 528 739 572 767; x_wconf 63' lang='lat' dir='ltr'>lib.</span> <span class='ocrx_word' id='word_1_166' title='bbox 590 748 612 766; x_wconf 85' lang='lat'>1.</span> <span class='ocrx_word' id='word_1_167' title='bbox 635 738 744 765; x_wconf 86' lang='lat' dir='ltr'>videtur</span> <span class='ocrx_word' id='word_1_168' title='bbox 755 734 864 771; x_wconf 85' lang='lat' dir='ltr'>cytinos</span> <span class='ocrx_word' id='word_1_169' title='bbox 876 733 1050 769; x_wconf 80' lang='lat' dir='ltr'>flores1p11us</span> <span class='ocrx_word' id='word_1_170' title='bbox 1063 731 1128 760; x_wconf 79' lang='lat' dir='ltr'>mah</span> <span class='ocrx_word' id='word_1_171' title='bbox 1142 733 1238 768; x_wconf 77' lang='lat' dir='ltr'>punici</span> 
     </span>
     <span class='ocr_line' id='line_1_17' title="bbox 124 769 1240 817; baseline -0.013 -7"><span class='ocrx_word' id='word_1_172' title='bbox 124 779 273 817; x_wconf 76' lang='lat' dir='ltr'>appellasse</span> <span class='ocrx_word' id='word_1_173' title='bbox 283 800 290 812; x_wconf 87' lang='lat'>,</span> <span class='ocrx_word' id='word_1_174' title='bbox 312 787 395 814; x_wconf 88' lang='lat' dir='ltr'>quum</span> <span class='ocrx_word' id='word_1_175' title='bbox 404 784 495 806; x_wconf 83' lang='lat' dir='ltr'>tamen</span> <span class='ocrx_word' id='word_1_176' title='bbox 506 785 562 804; x_wconf 92' lang='lat' dir='ltr'>non</span> <span class='ocrx_word' id='word_1_177' title='bbox 570 775 637 804; x_wconf 85' lang='lat' dir='ltr'>flore</span> <span class='ocrx_word' id='word_1_178' title='bbox 647 795 654 808; x_wconf 93' lang='lat'>,</span> <span class='ocrx_word' id='word_1_179' title='bbox 678 773 724 802; x_wconf 84' lang='lat' dir='ltr'>sed</span> <span class='ocrx_word' id='word_1_180' title='bbox 736 783 749 800; x_wconf 85' lang='lat' dir='ltr'>a</span> <span class='ocrx_word' id='word_1_181' title='bbox 759 770 875 801; x_wconf 78' lang='lat' dir='ltr'>floribus</span> <span class='ocrx_word' id='word_1_182' title='bbox 889 771 993 808; x_wconf 85' lang='lat' dir='ltr'>primus</span> <span class='ocrx_word' id='word_1_183' title='bbox 1002 771 1117 804; x_wconf 59' lang='lat' dir='ltr'>fruatis,</span> <span class='ocrx_word' id='word_1_184' title='bbox 1135 770 1164 797; x_wconf 85' lang='lat' dir='ltr'>in</span> <span class='ocrx_word' id='word_1_185' title='bbox 1181 769 1240 807; x_wconf 85' lang='lat' dir='ltr'>spe-</span> 
     </span>
     <span class='ocr_line' id='line_1_18' title="bbox 124 807 1239 853; baseline -0.011 -7"><span class='ocrx_word' id='word_1_186' title='bbox 124 819 195 848; x_wconf 87' lang='lat' dir='ltr'>ciem</span> <span class='ocrx_word' id='word_1_187' title='bbox 207 816 270 845; x_wconf 85' lang='lat' dir='ltr'>mali</span> <span class='ocrx_word' id='word_1_188' title='bbox 282 817 376 853; x_wconf 89' lang='lat' dir='ltr'>punici</span> <span class='ocrx_word' id='word_1_189' title='bbox 388 814 532 851; x_wconf 77' lang='lat' dir='ltr'>figuratus,</span> <span class='ocrx_word' id='word_1_190' title='bbox 554 812 671 849; x_wconf 91' lang='lat' dir='ltr'>Cytinus</span> <span class='ocrx_word' id='word_1_191' title='bbox 681 810 843 847; x_wconf 83' lang='lat' dir='ltr'>appelletur.</span> <span class='ocrx_word' id='word_1_192' title='bbox 885 808 980 837; x_wconf 84' lang='lat' dir='ltr'>Celsus</span> <span class='ocrx_word' id='word_1_193' title='bbox 994 815 1054 836; x_wconf 90' lang='lat' dir='ltr'>turn</span> <span class='ocrx_word' id='word_1_194' title='bbox 1073 807 1155 840; x_wconf 85' lang='lat' dir='ltr'>alibi,</span> <span class='ocrx_word' id='word_1_195' title='bbox 1178 814 1239 836; x_wconf 89' lang='lat' dir='ltr'>tum</span> 
     </span>
     <span class='ocr_line' id='line_1_19' title="bbox 123 845 1240 890; baseline -0.008 -7"><span class='ocrx_word' id='word_1_196' title='bbox 123 854 171 884; x_wconf 87' lang='lat' dir='ltr'>lib.</span> <span class='ocrx_word' id='word_1_197' title='bbox 185 865 207 888; x_wconf 83' lang='grc' dir='ltr'>ς,</span> <span class='ocrx_word' id='word_1_198' title='bbox 221 863 279 890; x_wconf 84' lang='lat' dir='ltr'>cap.</span> <span class='ocrx_word' id='word_1_199' title='bbox 295 863 335 887; x_wconf 87' lang='lat'>¹9·</span> <span class='ocrx_word' id='word_1_200' title='bbox 357 853 385 880; x_wconf 90' lang='lat' dir='ltr'>in</span> <span class='ocrx_word' id='word_1_201' title='bbox 397 851 540 888; x_wconf 86' lang='lat' dir='ltr'>emplastro</span> <span class='ocrx_word' id='word_1_202' title='bbox 551 872 559 885; x_wconf 91' lang='lat'><strong>‚</strong></span> <span class='ocrx_word' id='word_1_203' title='bbox 580 849 656 887; x_wconf 91' lang='lat' dir='ltr'>quod</span> <span class='ocrx_word' id='word_1_204' title='bbox 670 847 823 885; x_wconf 87' lang='lat' dir='ltr'>Rhypodes</span> <span class='ocrx_word' id='word_1_205' title='bbox 833 846 935 876; x_wconf 84' lang='lat' dir='ltr'>dicitur</span> <span class='ocrx_word' id='word_1_206' title='bbox 945 868 953 882; x_wconf 93' lang='lat'>,</span> <span class='ocrx_word' id='word_1_207' title='bbox 975 845 1091 883; x_wconf 79' lang='lat' dir='ltr'>Cytinos</span> <span class='ocrx_word' id='word_1_208' title='bbox 1110 845 1240 882; x_wconf 86' lang='lat' dir='ltr'>Capitula</span> 
     </span>
    </p>

    <p class='ocr_par' dir='ltr' id='par_1_7' title="bbox 124 889 1179 929">
     <span class='ocr_line' id='line_1_20' title="bbox 124 889 1179 929; baseline -0.008 -9"><span class='ocrx_word' id='word_1_209' title='bbox 124 890 187 920; x_wconf 88' lang='lat' dir='ltr'>mali</span> <span class='ocrx_word' id='word_1_210' title='bbox 202 889 463 929; x_wconf 78' lang='lat' dir='ltr'>puniciappellavit.</span> <span class='ocrx_word' id='word_1_211' title='bbox 1174 919 1179 925; x_wconf 39' lang='lat'>¹</span> 
     </span>
    </p>

    <p class='ocr_par' dir='ltr' id='par_1_8' title="bbox 89 918 1238 1002">
     <span class='ocr_line' id='line_1_21' title="bbox 89 918 1238 960; baseline -0.01 -2"><span class='ocrx_word' id='word_1_212' title='bbox 89 929 111 960; x_wconf 94' lang='lat' dir='ltr'>C</span> <span class='ocrx_word' id='word_1_213' title='bbox 119 937 139 958; x_wconf 75' lang='grc' dir='ltr'>Υ</span> <span class='ocrx_word' id='word_1_214' title='bbox 147 938 165 958; x_wconf 80' lang='lat'>1·</span> <span class='ocrx_word' id='word_1_215' title='bbox 175 939 182 956; x_wconf 84' lang='grc' dir='ltr'><strong><em>ι</em></strong></span> <span class='ocrx_word' id='word_1_216' title='bbox 192 938 204 957; x_wconf 94' lang='lat' dir='ltr'>s</span> <span class='ocrx_word' id='word_1_217' title='bbox 214 948 220 957; x_wconf 89' lang='lat'>.</span> <span class='ocrx_word' id='word_1_218' title='bbox 242 926 328 956; x_wconf 78' lang='lat' dir='ltr'>Insula</span> <span class='ocrx_word' id='word_1_219' title='bbox 338 927 371 955; x_wconf 91' lang='lat' dir='ltr'>ad</span> <span class='ocrx_word' id='word_1_220' title='bbox 379 926 470 954; x_wconf 79' lang='lat' dir='ltr'>fauces</span> <span class='ocrx_word' id='word_1_221' title='bbox 484 923 557 953; x_wconf 86' lang='lat' dir='ltr'>rubri</span> <span class='ocrx_word' id='word_1_222' title='bbox 569 923 649 951; x_wconf 85' lang='lat' dir='ltr'>maris</span> <span class='ocrx_word' id='word_1_223' title='bbox 657 944 665 956; x_wconf 76' lang='lat'>,</span> <span class='ocrx_word' id='word_1_224' title='bbox 687 932 744 951; x_wconf 91' lang='lat' dir='ltr'>non</span> <span class='ocrx_word' id='word_1_225' title='bbox 753 920 850 959; x_wconf 88' lang='lat' dir='ltr'>procul</span> <span class='ocrx_word' id='word_1_226' title='bbox 862 931 877 949; x_wconf 90' lang='lat' dir='ltr'>a</span> <span class='ocrx_word' id='word_1_227' title='bbox 887 920 1019 950; x_wconf 86' lang='lat' dir='ltr'>Berenice</span> <span class='ocrx_word' id='word_1_228' title='bbox 1029 919 1098 949; x_wconf 91' lang='lat' dir='ltr'>urbe</span> <span class='ocrx_word' id='word_1_229' title='bbox 1107 918 1180 957; x_wconf 75' lang='lat' dir='ltr'>Epiri</span> <span class='ocrx_word' id='word_1_230' title='bbox 1191 928 1238 948; x_wconf 81' lang='lat' dir='ltr'>co-</span> 
     </span>
     <span class='ocr_line' id='line_1_22' title="bbox 123 958 1142 1002; baseline -0.008 -8"><span class='ocrx_word' id='word_1_231' title='bbox 123 966 298 1002; x_wconf 84' lang='lat' dir='ltr'>gnominata,</span> <span class='ocrx_word' id='word_1_232' title='bbox 318 963 459 1001; x_wconf 81' lang='lat' dir='ltr'>topazium</span> <span class='ocrx_word' id='word_1_233' title='bbox 469 970 607 999; x_wconf 90' lang='lat' dir='ltr'>gemmam</span> <span class='ocrx_word' id='word_1_234' title='bbox 618 960 716 989; x_wconf 87' lang='lat' dir='ltr'>ferens.</span> <span class='ocrx_word' id='word_1_235' title='bbox 738 960 839 988; x_wconf 59' lang='lat' dir='ltr'>Auctor</span> <span class='ocrx_word' id='word_1_236' title='bbox 849 959 916 987; x_wconf 85' lang='lat' dir='ltr'>Plin.</span> <span class='ocrx_word' id='word_1_237' title='bbox 929 958 978 987; x_wconf 89' lang='lat' dir='ltr'>lib.</span> <span class='ocrx_word' id='word_1_238' title='bbox 990 962 1014 987; x_wconf 85' lang='lat'>6.</span> <span class='ocrx_word' id='word_1_239' title='bbox 1026 967 1085 994; x_wconf 89' lang='lat' dir='ltr'>cap.</span> <span class='ocrx_word' id='word_1_240' title='bbox 1097 966 1142 992; x_wconf 84' lang='lat'>²9·</span> 
     </span>
    </p>

    <p class='ocr_par' dir='ltr' id='par_1_9' title="bbox 87 994 1238 1146">
     <span class='ocr_line' id='line_1_23' title="bbox 87 994 1238 1036; baseline -0.003 -9"><span class='ocrx_word' id='word_1_241' title='bbox 87 1003 110 1035; x_wconf 86' lang='lat' dir='ltr'>c</span> <span class='ocrx_word' id='word_1_242' title='bbox 120 1004 201 1032; x_wconf 74' lang='grc' dir='ltr'>γΤῖς</span> <span class='ocrx_word' id='word_1_243' title='bbox 212 1012 229 1032; x_wconf 81' lang='grc' dir='ltr'><em>υ</em></span> <span class='ocrx_word' id='word_1_244' title='bbox 239 1011 251 1030; x_wconf 80' lang='lat' dir='ltr'>s</span> <span class='ocrx_word' id='word_1_245' title='bbox 263 1023 271 1035; x_wconf 79' lang='lat'><strong>‚</strong></span> <span class='ocrx_word' id='word_1_246' title='bbox 292 1002 310 1031; x_wconf 75' lang='lat' dir='ltr'>i,</span> <span class='ocrx_word' id='word_1_247' title='bbox 332 1011 368 1030; x_wconf 80' lang='lat' dir='ltr'>m,</span> <span class='ocrx_word' id='word_1_248' title='bbox 392 999 525 1036; x_wconf 60' lang='grc' dir='ltr'>[κάπης]</span> <span class='ocrx_word' id='word_1_249' title='bbox 546 998 639 1027; x_wconf 83' lang='lat' dir='ltr'>Genus</span> <span class='ocrx_word' id='word_1_250' title='bbox 648 997 764 1026; x_wconf 87' lang='lat' dir='ltr'>fruticis.</span> <span class='ocrx_word' id='word_1_251' title='bbox 795 996 863 1025; x_wconf 88' lang='lat' dir='ltr'>Plin.</span> <span class='ocrx_word' id='word_1_252' title='bbox 877 995 925 1025; x_wconf 92' lang='lat' dir='ltr'>lib.</span> <span class='ocrx_word' id='word_1_253' title='bbox 941 1005 980 1031; x_wconf 86' lang='lat'>¹3-</span> <span class='ocrx_word' id='word_1_254' title='bbox 994 1005 1053 1032; x_wconf 84' lang='lat' dir='ltr'>cap.</span> <span class='ocrx_word' id='word_1_255' title='bbox 1068 1005 1112 1028; x_wconf 77' lang='lat'>24.</span> <span class='ocrx_word' id='word_1_256' title='bbox 1136 994 1238 1024; x_wconf 81' lang='lat' dir='ltr'>Frutex</span> 
     </span>
     <span class='ocr_line' id='line_1_24' title="bbox 123 1032 1238 1077; baseline -0.009 -8"><span class='ocrx_word' id='word_1_257' title='bbox 123 1040 161 1069; x_wconf 88' lang='lat' dir='ltr'>est</span> <span class='ocrx_word' id='word_1_258' title='bbox 174 1041 198 1069; x_wconf 69' lang='lat' dir='ltr'>Ee</span> <span class='ocrx_word' id='word_1_259' title='bbox 209 1038 308 1077; x_wconf 85' lang='lat' dir='ltr'>cytisus</span> <span class='ocrx_word' id='word_1_260' title='bbox 319 1061 326 1072; x_wconf 84' lang='grc'>,</span> <span class='ocrx_word' id='word_1_261' title='bbox 347 1039 380 1067; x_wconf 90' lang='lat' dir='ltr'>ab</span> <span class='ocrx_word' id='word_1_262' title='bbox 393 1034 577 1066; x_wconf 79' lang='lat' dir='ltr'>Aristomache</span> <span class='ocrx_word' id='word_1_263' title='bbox 591 1034 745 1064; x_wconf 76' lang='lat' dir='ltr'>Atheniensi</span> <span class='ocrx_word' id='word_1_264' title='bbox 755 1034 830 1063; x_wconf 89' lang='lat' dir='ltr'>miris</span> <span class='ocrx_word' id='word_1_265' title='bbox 838 1033 966 1062; x_wconf 82' lang='lat' dir='ltr'>laudibus</span> <span class='ocrx_word' id='word_1_266' title='bbox 977 1033 1142 1070; x_wconf 81' lang='lat' dir='ltr'>praedicatus</span> <span class='ocrx_word' id='word_1_267' title='bbox 1152 1032 1238 1070; x_wconf 84' lang='lat' dir='ltr'>pabu-</span> 
     </span>
     <span class='ocr_line' id='line_1_25' title="bbox 123 1072 1236 1110; baseline -0.006 -3"><span class='ocrx_word' id='word_1_268' title='bbox 123 1077 151 1107; x_wconf 88' lang='lat' dir='ltr'>lo</span> <span class='ocrx_word' id='word_1_269' title='bbox 160 1078 253 1106; x_wconf 88' lang='lat' dir='ltr'>ovium</span> <span class='ocrx_word' id='word_1_270' title='bbox 263 1097 271 1109; x_wconf 82' lang='grc'>,</span> <span class='ocrx_word' id='word_1_271' title='bbox 291 1076 381 1105; x_wconf 90' lang='lat' dir='ltr'>aridus</span> <span class='ocrx_word' id='word_1_272' title='bbox 393 1084 457 1103; x_wconf 85' lang='lat' dir='ltr'>vero</span> <span class='ocrx_word' id='word_1_273' title='bbox 472 1073 557 1102; x_wconf 89' lang='lat' dir='ltr'>etiarn</span> <span class='ocrx_word' id='word_1_274' title='bbox 568 1072 654 1102; x_wconf 88' lang='lat' dir='ltr'>suum.</span> <span class='ocrx_word' id='word_1_275' title='bbox 694 1073 877 1110; x_wconf 85' lang='lat' dir='ltr'>Spondetque</span> <span class='ocrx_word' id='word_1_276' title='bbox 891 1072 990 1108; x_wconf 83' lang='lat' dir='ltr'>jugero</span> <span class='ocrx_word' id='word_1_277' title='bbox 1006 1072 1066 1106; x_wconf 81' lang='lat' dir='ltr'>ejus</span> <span class='ocrx_word' id='word_1_278' title='bbox 1085 1080 1176 1099; x_wconf 88' lang='lat' dir='ltr'>annua</span> <span class='ocrx_word' id='word_1_279' title='bbox 1191 1079 1236 1100; x_wconf 76' lang='lat' dir='ltr'>Hs.</span> 
     </span>
     <span class='ocr_line' id='line_1_26' title="bbox 121 1107 1235 1146; baseline -0.007 -2"><span class='ocrx_word' id='word_1_280' title='bbox 121 1114 166 1144; x_wconf 88' lang='lat' dir='ltr'>vel</span> <span class='ocrx_word' id='word_1_281' title='bbox 197 1114 330 1143; x_wconf 87' lang='lat' dir='ltr'>mediocri</span> <span class='ocrx_word' id='word_1_282' title='bbox 354 1112 410 1141; x_wconf 91' lang='lat' dir='ltr'>solo</span> <span class='ocrx_word' id='word_1_283' title='bbox 431 1111 542 1140; x_wconf 89' lang='lat' dir='ltr'>reditus.</span> <span class='ocrx_word' id='word_1_284' title='bbox 604 1110 715 1139; x_wconf 87' lang='lat' dir='ltr'>Utilitas</span> <span class='ocrx_word' id='word_1_285' title='bbox 741 1119 801 1146; x_wconf 85' lang='lat' dir='ltr'>quae</span> <span class='ocrx_word' id='word_1_286' title='bbox 817 1118 882 1138; x_wconf 91' lang='lat' dir='ltr'>ervo</span> <span class='ocrx_word' id='word_1_287' title='bbox 891 1131 899 1143; x_wconf 91' lang='lat'>,</span> <span class='ocrx_word' id='word_1_288' title='bbox 938 1108 985 1138; x_wconf 87' lang='lat' dir='ltr'>sed</span> <span class='ocrx_word' id='word_1_289' title='bbox 1002 1117 1087 1146; x_wconf 82' lang='lat' dir='ltr'>ocyor</span> <span class='ocrx_word' id='word_1_290' title='bbox 1104 1107 1214 1137; x_wconf 82' lang='lat' dir='ltr'>satietas</span> <span class='ocrx_word' id='word_1_291' title='bbox 1225 1129 1235 1144; x_wconf 89' lang='lat'>‚</span> 
     </span>
    </p>

    <p class='ocr_par' dir='ltr' id='par_1_10' title="bbox 115 1145 1237 1603">
     <span class='ocr_line' id='line_1_27' title="bbox 142 1145 1236 1188; baseline -0.006 -7"><span class='ocrx_word' id='word_1_292' title='bbox 142 1161 250 1187; x_wconf 84' lang='lat' dir='ltr'>erquam</span> <span class='ocrx_word' id='word_1_293' title='bbox 266 1150 378 1180; x_wconf 89' lang='lat' dir='ltr'>modico</span> <span class='ocrx_word' id='word_1_294' title='bbox 393 1148 590 1188; x_wconf 83' lang='lat' dir='ltr'>pinguescente</span> <span class='ocrx_word' id='word_1_295' title='bbox 608 1148 788 1185; x_wconf 88' lang='lat' dir='ltr'>quadrupede</span> <span class='ocrx_word' id='word_1_296' title='bbox 797 1169 805 1182; x_wconf 91' lang='lat'>,</span> <span class='ocrx_word' id='word_1_297' title='bbox 827 1147 865 1176; x_wconf 87' lang='lat' dir='ltr'>ita</span> <span class='ocrx_word' id='word_1_298' title='bbox 887 1153 918 1176; x_wconf 93' lang='lat' dir='ltr'>ut</span> <span class='ocrx_word' id='word_1_299' title='bbox 943 1148 1070 1183; x_wconf 79' lang='lat' dir='ltr'>jumenta</span> <span class='ocrx_word' id='word_1_300' title='bbox 1096 1145 1236 1175; x_wconf 85' lang='lat' dir='ltr'>hordeum</span> 
     </span>
     <span class='ocr_line' id='line_1_28' title="bbox 131 1184 1237 1227; baseline -0.005 -9"><span class='ocrx_word' id='word_1_301' title='bbox 131 1195 256 1227; x_wconf 85' lang='lat' dir='ltr'>pernant.</span> <span class='ocrx_word' id='word_1_302' title='bbox 300 1188 362 1217; x_wconf 92' lang='lat' dir='ltr'>Non</span> <span class='ocrx_word' id='word_1_303' title='bbox 374 1197 409 1217; x_wconf 87' lang='lat' dir='ltr'>ex</span> <span class='ocrx_word' id='word_1_304' title='bbox 425 1187 480 1216; x_wconf 81' lang='lat' dir='ltr'>alio</span> <span class='ocrx_word' id='word_1_305' title='bbox 497 1185 600 1224; x_wconf 87' lang='lat' dir='ltr'>pabulo</span> <span class='ocrx_word' id='word_1_306' title='bbox 618 1186 696 1215; x_wconf 69' lang='lat' dir='ltr'>laetis</span> <span class='ocrx_word' id='word_1_307' title='bbox 711 1186 799 1221; x_wconf 77' lang='lat' dir='ltr'>major</span> <span class='ocrx_word' id='word_1_308' title='bbox 819 1185 915 1222; x_wconf 86' lang='lat' dir='ltr'>copia,</span> <span class='ocrx_word' id='word_1_309' title='bbox 937 1191 984 1214; x_wconf 91' lang='lat' dir='ltr'>aut</span> <span class='ocrx_word' id='word_1_310' title='bbox 1001 1184 1108 1214; x_wconf 88' lang='lat' dir='ltr'>melior.</span> <span class='ocrx_word' id='word_1_311' title='bbox 1148 1184 1237 1221; x_wconf 89' lang='lat' dir='ltr'>Super</span> 
     </span>
     <span class='ocr_line' id='line_1_29' title="bbox 119 1222 1237 1263; baseline -0.005 -8"><span class='ocrx_word' id='word_1_312' title='bbox 119 1227 211 1256; x_wconf 87' lang='lat' dir='ltr'>omnia</span> <span class='ocrx_word' id='word_1_313' title='bbox 221 1248 230 1261; x_wconf 94' lang='lat'>,</span> <span class='ocrx_word' id='word_1_314' title='bbox 250 1235 381 1263; x_wconf 89' lang='lat' dir='ltr'>pecorum</span> <span class='ocrx_word' id='word_1_315' title='bbox 390 1224 529 1254; x_wconf 88' lang='lat' dir='ltr'>medicina</span> <span class='ocrx_word' id='word_1_316' title='bbox 539 1234 554 1253; x_wconf 89' lang='lat' dir='ltr'>a</span> <span class='ocrx_word' id='word_1_317' title='bbox 565 1224 670 1253; x_wconf 86' lang='lat' dir='ltr'>morbis</span> <span class='ocrx_word' id='word_1_318' title='bbox 683 1224 760 1252; x_wconf 88' lang='lat' dir='ltr'>omni</span> <span class='ocrx_word' id='word_1_319' title='bbox 773 1223 819 1252; x_wconf 93' lang='lat' dir='ltr'>usu</span> <span class='ocrx_word' id='word_1_320' title='bbox 831 1223 985 1260; x_wconf 83' lang='lat' dir='ltr'>praestante.</span> <span class='ocrx_word' id='word_1_321' title='bbox 1026 1222 1104 1259; x_wconf 87' lang='lat' dir='ltr'>Quin</span> <span class='ocrx_word' id='word_1_322' title='bbox 1116 1222 1141 1250; x_wconf 71' lang='lat' dir='ltr'>dc</span> <span class='ocrx_word' id='word_1_323' title='bbox 1150 1223 1237 1250; x_wconf 85' lang='lat' dir='ltr'>nutri-</span> 
     </span>
     <span class='ocr_line' id='line_1_30' title="bbox 119 1260 1236 1298; baseline -0.006 -4"><span class='ocrx_word' id='word_1_324' title='bbox 119 1265 197 1294; x_wconf 88' lang='lat' dir='ltr'>cibus</span> <span class='ocrx_word' id='word_1_325' title='bbox 210 1264 238 1292; x_wconf 87' lang='lat' dir='ltr'>in</span> <span class='ocrx_word' id='word_1_326' title='bbox 249 1263 357 1293; x_wconf 68' lang='lat' dir='ltr'>defectu</span> <span class='ocrx_word' id='word_1_327' title='bbox 369 1263 445 1292; x_wconf 70' lang='lat' dir='ltr'>lastis</span> <span class='ocrx_word' id='word_1_328' title='bbox 455 1262 562 1291; x_wconf 87' lang='lat' dir='ltr'>aridum</span> <span class='ocrx_word' id='word_1_329' title='bbox 575 1283 583 1296; x_wconf 89' lang='lat'>,</span> <span class='ocrx_word' id='word_1_330' title='bbox 603 1261 725 1298; x_wconf 85' lang='lat' dir='ltr'>atquein</span> <span class='ocrx_word' id='word_1_331' title='bbox 739 1270 808 1297; x_wconf 84' lang='lat' dir='ltr'>aqua</span> <span class='ocrx_word' id='word_1_332' title='bbox 826 1261 975 1291; x_wconf 67' lang='lat' dir='ltr'>decoetum</span> <span class='ocrx_word' id='word_1_333' title='bbox 987 1281 994 1295; x_wconf 89' lang='lat'>‚</span> <span class='ocrx_word' id='word_1_334' title='bbox 1017 1260 1095 1297; x_wconf 89' lang='lat' dir='ltr'>potui</span> <span class='ocrx_word' id='word_1_335' title='bbox 1117 1269 1181 1288; x_wconf 89' lang='lat' dir='ltr'>cum</span> <span class='ocrx_word' id='word_1_336' title='bbox 1197 1260 1236 1288; x_wconf 86' lang='lat' dir='ltr'>vi.</span> 
     </span>
     <span class='ocr_line' id='line_1_31' title="bbox 119 1296 1236 1336; baseline -0.005 -5"><span class='ocrx_word' id='word_1_337' title='bbox 119 1311 157 1332; x_wconf 86' lang='lat' dir='ltr'>no</span> <span class='ocrx_word' id='word_1_338' title='bbox 172 1302 228 1330; x_wconf 90' lang='lat' dir='ltr'>dari</span> <span class='ocrx_word' id='word_1_339' title='bbox 240 1301 318 1336; x_wconf 88' lang='lat' dir='ltr'>jubet</span> <span class='ocrx_word' id='word_1_340' title='bbox 327 1323 334 1336; x_wconf 86' lang='lat'><strong>‚</strong></span> <span class='ocrx_word' id='word_1_341' title='bbox 356 1301 491 1330; x_wconf 85' lang='lat' dir='ltr'>firmiores</span> <span class='ocrx_word' id='word_1_342' title='bbox 502 1298 680 1336; x_wconf 72' lang='lat' dir='ltr'>celsioresque</span> <span class='ocrx_word' id='word_1_343' title='bbox 690 1299 808 1328; x_wconf 86' lang='lat' dir='ltr'>infantes</span> <span class='ocrx_word' id='word_1_344' title='bbox 820 1298 887 1328; x_wconf 91' lang='lat' dir='ltr'>fore.</span> <span class='ocrx_word' id='word_1_345' title='bbox 930 1298 1052 1327; x_wconf 88' lang='lat' dir='ltr'>Viridem</span> <span class='ocrx_word' id='word_1_346' title='bbox 1064 1297 1147 1327; x_wconf 87' lang='lat' dir='ltr'>etiam</span> <span class='ocrx_word' id='word_1_347' title='bbox 1159 1296 1236 1335; x_wconf 86' lang='lat' dir='ltr'>galli-</span> 
     </span>
     <span class='ocr_line' id='line_1_32' title="bbox 116 1334 1235 1374; baseline -0.004 -5"><span class='ocrx_word' id='word_1_348' title='bbox 116 1340 177 1370; x_wconf 87' lang='lat' dir='ltr'>nis:</span> <span class='ocrx_word' id='word_1_349' title='bbox 199 1345 247 1368; x_wconf 91' lang='lat' dir='ltr'>aut</span> <span class='ocrx_word' id='word_1_350' title='bbox 260 1339 403 1373; x_wconf 75' lang='lat' dir='ltr'>(latuerit,</span> <span class='ocrx_word' id='word_1_351' title='bbox 424 1337 618 1367; x_wconf 66' lang='lat' dir='ltr'>madefactum.</span> <span class='ocrx_word' id='word_1_352' title='bbox 661 1338 729 1374; x_wconf 78' lang='lat' dir='ltr'>Apes</span> <span class='ocrx_word' id='word_1_353' title='bbox 751 1346 861 1374; x_wconf 90' lang='lat' dir='ltr'>quoque</span> <span class='ocrx_word' id='word_1_354' title='bbox 880 1345 1022 1373; x_wconf 81' lang='lat' dir='ltr'>nunquam</span> <span class='ocrx_word' id='word_1_355' title='bbox 1041 1335 1137 1365; x_wconf 86' lang='lat' dir='ltr'>defore</span> <span class='ocrx_word' id='word_1_356' title='bbox 1157 1334 1235 1372; x_wconf 76' lang='lat' dir='ltr'>cytisi</span> 
     </span>
     <span class='ocr_line' id='line_1_33' title="bbox 115 1373 1236 1416; baseline -0.002 -10"><span class='ocrx_word' id='word_1_357' title='bbox 115 1376 219 1416; x_wconf 84' lang='lat' dir='ltr'>pabulo</span> <span class='ocrx_word' id='word_1_358' title='bbox 229 1377 409 1414; x_wconf 85' lang='lat' dir='ltr'>contingente</span> <span class='ocrx_word' id='word_1_359' title='bbox 419 1375 587 1413; x_wconf 83' lang='lat' dir='ltr'>promittunt</span> <span class='ocrx_word' id='word_1_360' title='bbox 598 1375 775 1404; x_wconf 83' lang='lat' dir='ltr'>Democritus</span> <span class='ocrx_word' id='word_1_361' title='bbox 786 1375 812 1404; x_wconf 86' lang='lat'>&amp;</span> <span class='ocrx_word' id='word_1_362' title='bbox 828 1374 1039 1404; x_wconf 80' lang='lat' dir='ltr'>Aristomachus.</span> <span class='ocrx_word' id='word_1_363' title='bbox 1080 1373 1140 1403; x_wconf 89' lang='lat' dir='ltr'>Nec</span> <span class='ocrx_word' id='word_1_364' title='bbox 1157 1373 1236 1404; x_wconf 85' lang='lat' dir='ltr'>aliud</span> 
     </span>
     <span class='ocr_line' id='line_1_34' title="bbox 115 1411 1232 1485; baseline -0.001 -42"><span class='ocrx_word' id='word_1_365' title='bbox 115 1413 431 1485; x_wconf 55' lang='lat' dir='ltr'>:Eniiiorisimpendiiest</span> <span class='ocrx_word' id='word_1_366' title='bbox 443 1414 495 1443; x_wconf 74' lang='grc' dir='ltr'>διε.</span> <span class='ocrx_word' id='word_1_367' title='bbox 536 1412 606 1443; x_wconf 87' lang='lat' dir='ltr'>Sunt</span> <span class='ocrx_word' id='word_1_368' title='bbox 615 1413 663 1451; x_wconf 91' lang='lat' dir='ltr'>qui</span> <span class='ocrx_word' id='word_1_369' title='bbox 673 1412 796 1443; x_wconf 87' lang='lat' dir='ltr'>scribunt</span> <span class='ocrx_word' id='word_1_370' title='bbox 806 1421 856 1450; x_wconf 87' lang='lat' dir='ltr'>per</span> <span class='ocrx_word' id='word_1_371' title='bbox 875 1422 925 1442; x_wconf 70' lang='lat' dir='ltr'>ru</span> <span class='ocrx_word' id='word_1_372' title='bbox 940 1412 1098 1450; x_wconf 84' lang='lat' dir='ltr'>aspiratum.</span> <span class='ocrx_word' id='word_1_373' title='bbox 1119 1411 1192 1450; x_wconf 83' lang='lat' dir='ltr'>Virg.</span> <span class='ocrx_word' id='word_1_374' title='bbox 1208 1421 1232 1442; x_wconf 89' lang='lat'>1.</span> 
     </span>
     <span class='ocr_line' id='line_1_35' title="bbox 139 1462 236 1482; baseline -0.01 0"><span class='ocrx_word' id='word_1_375' title='bbox 139 1462 154 1482; x_wconf 91' lang='lat' dir='ltr'>c</span> <span class='ocrx_word' id='word_1_376' title='bbox 168 1475 174 1482; x_wconf 92' lang='lat'>.</span> <span class='ocrx_word' id='word_1_377' title='bbox 230 1475 236 1481; x_wconf 94' lang='lat'>.</span> 
     </span>
     <span class='ocr_line' id='line_1_36' title="bbox 193 1461 1233 1526; baseline -0.002 -8"><span class='ocrx_word' id='word_1_378' title='bbox 193 1461 364 1519; x_wconf 53' lang='lat' dir='ltr'>⁷13lorentem</span> <span class='ocrx_word' id='word_1_379' title='bbox 374 1488 510 1526; x_wconf 86' lang='lat' dir='ltr'>cythisum</span> <span class='ocrx_word' id='word_1_380' title='bbox 522 1511 531 1524; x_wconf 97' lang='lat'>,</span> <span class='ocrx_word' id='word_1_381' title='bbox 553 1489 579 1518; x_wconf 75' lang='grc' dir='ltr'>δι</span> <span class='ocrx_word' id='word_1_382' title='bbox 591 1488 686 1518; x_wconf 86' lang='lat' dir='ltr'>salices</span> <span class='ocrx_word' id='word_1_383' title='bbox 695 1488 814 1526; x_wconf 84' lang='lat' dir='ltr'>carpetis</span> <span class='ocrx_word' id='word_1_384' title='bbox 825 1497 938 1518; x_wconf 86' lang='lat' dir='ltr'>amaras.</span> <span class='ocrx_word' id='word_1_385' title='bbox 1034 1486 1089 1517; x_wconf 91' lang='lat' dir='ltr'>Ubi</span> <span class='ocrx_word' id='word_1_386' title='bbox 1101 1485 1212 1516; x_wconf 81' lang='lat' dir='ltr'>Servius</span> <span class='ocrx_word' id='word_1_387' title='bbox 1221 1496 1233 1524; x_wconf 72' lang='lat'><em>3</em></span> 
     </span>
     <span class='ocr_line' id='line_1_37' title="bbox 115 1524 1234 1565; baseline -0.001 -8"><span class='ocrx_word' id='word_1_388' title='bbox 115 1528 209 1560; x_wconf 86' lang='lat' dir='ltr'>Genus</span> <span class='ocrx_word' id='word_1_389' title='bbox 220 1528 336 1561; x_wconf 81' lang='lat' dir='ltr'>fruticis,</span> <span class='ocrx_word' id='word_1_390' title='bbox 356 1527 400 1557; x_wconf 87' lang='lat' dir='ltr'>vel</span> <span class='ocrx_word' id='word_1_391' title='bbox 411 1527 495 1556; x_wconf 86' lang='lat' dir='ltr'>herba</span> <span class='ocrx_word' id='word_1_392' title='bbox 505 1536 565 1564; x_wconf 87' lang='lat' dir='ltr'>quae</span> <span class='ocrx_word' id='word_1_393' title='bbox 575 1526 693 1556; x_wconf 83' lang='lat' dir='ltr'>nascitur</span> <span class='ocrx_word' id='word_1_394' title='bbox 701 1527 772 1563; x_wconf 87' lang='lat' dir='ltr'>inter</span> <span class='ocrx_word' id='word_1_395' title='bbox 782 1536 897 1565; x_wconf 82' lang='lat' dir='ltr'>campos</span> <span class='ocrx_word' id='word_1_396' title='bbox 910 1527 936 1556; x_wconf 66' lang='grc' dir='ltr'><strong>ἃ</strong></span> <span class='ocrx_word' id='word_1_397' title='bbox 944 1524 1021 1556; x_wconf 69' lang='lat' dir='ltr'>silvas</span> <span class='ocrx_word' id='word_1_398' title='bbox 1030 1525 1059 1555; x_wconf 86' lang='lat' dir='ltr'>in</span> <span class='ocrx_word' id='word_1_399' title='bbox 1073 1524 1185 1564; x_wconf 83' lang='lat' dir='ltr'>Cythisa</span> <span class='ocrx_word' id='word_1_400' title='bbox 1195 1525 1234 1556; x_wconf 87' lang='lat' dir='ltr'>ci·</span> 
     </span>
     <span class='ocr_line' id='line_1_38' title="bbox 116 1563 988 1603; baseline -0.002 -8"><span class='ocrx_word' id='word_1_401' title='bbox 116 1567 210 1595; x_wconf 82' lang='lat' dir='ltr'>vitate.</span> <span class='ocrx_word' id='word_1_402' title='bbox 241 1563 343 1603; x_wconf 77' lang='lat' dir='ltr'>Cythisx</span> <span class='ocrx_word' id='word_1_403' title='bbox 356 1565 466 1595; x_wconf 85' lang='lat' dir='ltr'>abunde</span> <span class='ocrx_word' id='word_1_404' title='bbox 480 1564 608 1594; x_wconf 87' lang='lat' dir='ltr'>meminit</span> <span class='ocrx_word' id='word_1_405' title='bbox 618 1564 755 1594; x_wconf 87' lang='lat' dir='ltr'>Columel.</span> <span class='ocrx_word' id='word_1_406' title='bbox 767 1563 815 1594; x_wconf 92' lang='lat' dir='ltr'>lib.</span> <span class='ocrx_word' id='word_1_407' title='bbox 829 1575 853 1600; x_wconf 81' lang='grc' dir='ltr'>ς.</span> <span class='ocrx_word' id='word_1_408' title='bbox 865 1574 926 1602; x_wconf 85' lang='lat' dir='ltr'>cap.</span> <span class='ocrx_word' id='word_1_409' title='bbox 939 1563 988 1594; x_wconf 87' lang='lat' dir='ltr'>ult.</span> 
     </span>
    </p>

    <p class='ocr_par' dir='ltr' id='par_1_11' title="bbox 79 1600 1234 1642">
     <span class='ocr_line' id='line_1_39' title="bbox 79 1600 1234 1642; baseline -0.002 -7"><span class='ocrx_word' id='word_1_410' title='bbox 79 1603 102 1637; x_wconf 75' lang='lat' dir='ltr'>C</span> <span class='ocrx_word' id='word_1_411' title='bbox 110 1606 130 1635; x_wconf 56' lang='grc' dir='ltr'><em>ὕ</em></span> <span class='ocrx_word' id='word_1_412' title='bbox 139 1614 158 1633; x_wconf 76' lang='lat' dir='ltr'>T</span> <span class='ocrx_word' id='word_1_413' title='bbox 167 1608 185 1635; x_wconf 82' lang='grc' dir='ltr'><strong><em>ὃ</em></strong></span> <span class='ocrx_word' id='word_1_414' title='bbox 194 1613 212 1633; x_wconf 71' lang='grc' dir='ltr'><strong>ι</strong></span> <span class='ocrx_word' id='word_1_415' title='bbox 221 1613 241 1633; x_wconf 86' lang='lat' dir='ltr'>u</span> <span class='ocrx_word' id='word_1_416' title='bbox 251 1613 263 1633; x_wconf 90' lang='lat' dir='ltr'>s</span> <span class='ocrx_word' id='word_1_417' title='bbox 271 1625 280 1638; x_wconf 91' lang='lat'>,</span> <span class='ocrx_word' id='word_1_418' title='bbox 301 1604 319 1633; x_wconf 89' lang='lat' dir='ltr'>i.</span> <span class='ocrx_word' id='word_1_419' title='bbox 340 1612 377 1633; x_wconf 91' lang='lat' dir='ltr'>m.</span> <span class='ocrx_word' id='word_1_420' title='bbox 397 1600 551 1639; x_wconf 67' lang='lat' dir='ltr'>[Ku&#39;wpee]</span> <span class='ocrx_word' id='word_1_421' title='bbox 573 1602 763 1640; x_wconf 80' lang='lat' dir='ltr'>Paphlagoniae</span> <span class='ocrx_word' id='word_1_422' title='bbox 775 1612 855 1632; x_wconf 87' lang='lat' dir='ltr'>mons</span> <span class='ocrx_word' id='word_1_423' title='bbox 876 1602 952 1632; x_wconf 89' lang='lat' dir='ltr'>buxo</span> <span class='ocrx_word' id='word_1_424' title='bbox 965 1601 1109 1631; x_wconf 83' lang='lat' dir='ltr'>abundans</span> <span class='ocrx_word' id='word_1_425' title='bbox 1118 1623 1127 1637; x_wconf 83' lang='grc'><strong>,</strong></span> <span class='ocrx_word' id='word_1_426' title='bbox 1147 1610 1234 1642; x_wconf 79' lang='lat' dir='ltr'>quem</span> 
     </span>
    </p>

    <p class='ocr_par' dir='ltr' id='par_1_12' title="bbox 114 1640 1139 1717">
     <span class='ocr_line' id='line_1_40' title="bbox 114 1640 1139 1680; baseline -0.004 -5"><span class='ocrx_word' id='word_1_427' title='bbox 114 1641 290 1675; x_wconf 77' lang='lat' dir='ltr'>Macedoniae</span> <span class='ocrx_word' id='word_1_428' title='bbox 296 1640 351 1671; x_wconf 80' lang='lat' dir='ltr'>effe</span> <span class='ocrx_word' id='word_1_429' title='bbox 358 1649 459 1678; x_wconf 85' lang='lat' dir='ltr'>magno</span> <span class='ocrx_word' id='word_1_430' title='bbox 470 1650 563 1671; x_wconf 87' lang='lat' dir='ltr'>errore</span> <span class='ocrx_word' id='word_1_431' title='bbox 574 1641 693 1670; x_wconf 86' lang='lat' dir='ltr'>credidit</span> <span class='ocrx_word' id='word_1_432' title='bbox 702 1641 817 1670; x_wconf 82' lang='lat' dir='ltr'>Servius.</span> <span class='ocrx_word' id='word_1_433' title='bbox 841 1640 914 1679; x_wconf 82' lang='lat' dir='ltr'>Virg.</span> <span class='ocrx_word' id='word_1_434' title='bbox 925 1650 953 1673; x_wconf 74' lang='lat' dir='ltr'>a.</span> <span class='ocrx_word' id='word_1_435' title='bbox 964 1640 1064 1680; x_wconf 69' lang='lat' dir='ltr'>Geotg.</span> <span class='ocrx_word' id='word_1_436' title='bbox 1072 1648 1139 1679; x_wconf 76' lang='lat'>437.</span> 
     </span>
     <span class='ocr_line' id='line_1_41' title="bbox 205 1678 860 1717; baseline 0.002 -7"><span class='ocrx_word' id='word_1_437' title='bbox 205 1679 240 1710; x_wconf 85' lang='lat' dir='ltr'>Et</span> <span class='ocrx_word' id='word_1_438' title='bbox 246 1680 324 1717; x_wconf 78' lang='lat' dir='ltr'>juvat</span> <span class='ocrx_word' id='word_1_439' title='bbox 333 1680 488 1711; x_wconf 80' lang='lat' dir='ltr'>undantem</span> <span class='ocrx_word' id='word_1_440' title='bbox 496 1678 573 1711; x_wconf 83' lang='lat' dir='ltr'>buxo</span> <span class='ocrx_word' id='word_1_441' title='bbox 582 1678 704 1717; x_wconf 69' lang='lat' dir='ltr'>spectare</span> <span class='ocrx_word' id='word_1_442' title='bbox 714 1678 860 1717; x_wconf 74' lang='lat' dir='ltr'>Cytorum.</span> 
     </span>
    </p>
   </div>
   <div class='ocr_carea' id='block_1_5' title="bbox 1297 1521 1977 1562">
    <p class='ocr_par' dir='ltr' id='par_1_13' title="bbox 1297 1521 1977 1562">
     <span class='ocr_line' id='line_1_42' title="bbox 1297 1521 1977 1562; baseline 0.001 -10"><span class='ocrx_word' id='word_1_443' title='bbox 1297 1521 1321 1553; x_wconf 92' lang='lat' dir='ltr'>C</span> <span class='ocrx_word' id='word_1_444' title='bbox 1328 1532 1347 1553; x_wconf 72' lang='grc' dir='ltr'><strong>Υ</strong></span> <span class='ocrx_word' id='word_1_445' title='bbox 1355 1533 1371 1553; x_wconf 91' lang='lat' dir='ltr'><strong>z</strong></span> <span class='ocrx_word' id='word_1_446' title='bbox 1382 1534 1391 1552; x_wconf 82' lang='lat' dir='ltr'>r</span> <span class='ocrx_word' id='word_1_447' title='bbox 1400 1532 1438 1552; x_wconf 74' lang='lat' dir='ltr'>cs</span> <span class='ocrx_word' id='word_1_448' title='bbox 1449 1533 1469 1552; x_wconf 83' lang='lat' dir='ltr'>N</span> <span class='ocrx_word' id='word_1_449' title='bbox 1479 1534 1488 1552; x_wconf 87' lang='lat'>1</span> <span class='ocrx_word' id='word_1_450' title='bbox 1497 1546 1505 1558; x_wconf 95' lang='lat'>,</span> <span class='ocrx_word' id='word_1_451' title='bbox 1523 1532 1612 1553; x_wconf 88' lang='lat' dir='ltr'>orum.</span> <span class='ocrx_word' id='word_1_452' title='bbox 1634 1533 1671 1554; x_wconf 87' lang='lat' dir='ltr'>m.</span> <span class='ocrx_word' id='word_1_453' title='bbox 1694 1522 1733 1562; x_wconf 91' lang='lat' dir='ltr'>pl.</span> <span class='ocrx_word' id='word_1_454' title='bbox 1754 1524 1845 1561; x_wconf 85' lang='lat' dir='ltr'>Hujus</span> <span class='ocrx_word' id='word_1_455' title='bbox 1856 1524 1931 1555; x_wconf 85' lang='lat' dir='ltr'>urbis</span> <span class='ocrx_word' id='word_1_456' title='bbox 1941 1523 1977 1554; x_wconf 84' lang='lat' dir='ltr'>ha</span> 
     </span>
    </p>
   </div>
   <div class='ocr_carea' id='block_1_6' title="bbox 1737 127 2021 164">
    <p class='ocr_par' dir='ltr' id='par_1_14' title="bbox 1737 127 2021 164">
     <span class='ocr_line' id='line_1_43' title="bbox 1737 127 2021 164; baseline -0.004 0"><span class='ocrx_word' id='word_1_457' title='bbox 1737 129 1766 164; x_wconf 91' lang='lat' dir='ltr'>C</span> <span class='ocrx_word' id='word_1_458' title='bbox 1865 127 1899 163; x_wconf 92' lang='lat' dir='ltr'>Y</span> <span class='ocrx_word' id='word_1_459' title='bbox 1991 127 2021 163; x_wconf 93' lang='lat' dir='ltr'><strong>Z</strong></span> 
     </span>
    </p>
   </div>
   <div class='ocr_carea' id='block_1_7' title="bbox 1335 207 2480 432">
    <p class='ocr_par' dir='ltr' id='par_1_15' title="bbox 1335 207 2480 319">
     <span class='ocr_line' id='line_1_44' title="bbox 1335 207 2477 249; baseline 0.002 -12"><span class='ocrx_word' id='word_1_460' title='bbox 1335 208 1375 239; x_wconf 73' lang='lat' dir='ltr'>Ab</span> <span class='ocrx_word' id='word_1_461' title='bbox 1385 208 1460 249; x_wconf 30' lang='lat' dir='ltr'>hoc...</span> <span class='ocrx_word' id='word_1_462' title='bbox 1482 216 1543 244; x_wconf 78' lang='lat' dir='ltr'>quae</span> <span class='ocrx_word' id='word_1_463' title='bbox 1552 207 1644 237; x_wconf 79' lang='lat' dir='ltr'>buxea</span> <span class='ocrx_word' id='word_1_464' title='bbox 1657 207 1737 243; x_wconf 84' lang='lat' dir='ltr'>sunt,</span> <span class='ocrx_word' id='word_1_465' title='bbox 1759 209 1905 246; x_wconf 81' lang='lat' dir='ltr'>Cytoriaca</span> <span class='ocrx_word' id='word_1_466' title='bbox 1914 209 1997 238; x_wconf 56' lang='lat' dir='ltr'>dieta.</span> <span class='ocrx_word' id='word_1_467' title='bbox 2020 208 2106 239; x_wconf 87' lang='lat' dir='ltr'>Ovid.</span> <span class='ocrx_word' id='word_1_468' title='bbox 2116 208 2226 244; x_wconf 64' lang='lat' dir='ltr'>4.=Mstt.</span> <span class='ocrx_word' id='word_1_469' title='bbox 2238 219 2304 244; x_wconf 76' lang='lat'>41!-</span> <span class='ocrx_word' id='word_1_470' title='bbox 2474 234 2477 237; x_wconf 93' lang='lat'>.</span> 
     </span>
     <span class='ocr_line' id='line_1_45' title="bbox 1428 245 2457 284; baseline 0.005 -11"><span class='ocrx_word' id='word_1_471' title='bbox 1428 245 1508 282; x_wconf 75' lang='lat' dir='ltr'>Saepe</span> <span class='ocrx_word' id='word_1_472' title='bbox 1518 246 1664 284; x_wconf 77' lang='lat' dir='ltr'>Cytoriaco</span> <span class='ocrx_word' id='word_1_473' title='bbox 1674 246 1782 274; x_wconf 83' lang='lat' dir='ltr'>diducit</span> <span class='ocrx_word' id='word_1_474' title='bbox 1793 247 1903 283; x_wconf 63' lang='lat' dir='ltr'>pectine</span> <span class='ocrx_word' id='word_1_475' title='bbox 1920 247 2019 276; x_wconf 86' lang='lat' dir='ltr'>crines.</span> <span class='ocrx_word' id='word_1_476' title='bbox 2100 246 2157 276; x_wconf 87' lang='lat' dir='ltr'>Sed</span> <span class='ocrx_word' id='word_1_477' title='bbox 2174 248 2194 281; x_wconf 68' lang='grc' dir='ltr'>’.ῖρ</span> <span class='ocrx_word' id='word_1_478' title='bbox 2208 263 2219 275; x_wconf 51' lang='lat'>1.</span> <span class='ocrx_word' id='word_1_479' title='bbox 2238 251 2263 276; x_wconf 82' lang='grc'>6.</span> <span class='ocrx_word' id='word_1_480' title='bbox 2280 257 2340 280; x_wconf 72' lang='lat'>12²·</span> <span class='ocrx_word' id='word_1_481' title='bbox 2363 247 2457 283; x_wconf 71' lang='lat' dir='ltr'>aliter,</span> 
     </span>
     <span class='ocr_line' id='line_1_46' title="bbox 1429 282 2480 319; baseline 0.006 -9"><span class='ocrx_word' id='word_1_482' title='bbox 1429 282 1523 316; x_wconf 85' lang='lat' dir='ltr'>thue</span> <span class='ocrx_word' id='word_1_483' title='bbox 1533 283 1672 311; x_wconf 78' lang='lat' dir='ltr'>Citoriaco</span> <span class='ocrx_word' id='word_1_484' title='bbox 1684 284 1790 312; x_wconf 87' lang='lat' dir='ltr'>radium</span> <span class='ocrx_word' id='word_1_485' title='bbox 1801 285 1836 313; x_wconf 83' lang='lat' dir='ltr'>de</span> <span class='ocrx_word' id='word_1_486' title='bbox 1846 294 1943 313; x_wconf 86' lang='lat' dir='ltr'>monte</span> <span class='ocrx_word' id='word_1_487' title='bbox 1950 283 2072 313; x_wconf 88' lang='lat' dir='ltr'>tenebat.</span> <span class='ocrx_word' id='word_1_488' title='bbox 2149 284 2174 312; x_wconf 60' lang='grc' dir='ltr'>Τπ</span> <span class='ocrx_word' id='word_1_489' title='bbox 2190 285 2281 319; x_wconf 47' lang='grc' dir='ltr'>,ιδ-,ὠὴ</span> <span class='ocrx_word' id='word_1_490' title='bbox 2293 285 2384 315; x_wconf 85' lang='lat' dir='ltr'>Burm.</span> <span class='ocrx_word' id='word_1_491' title='bbox 2397 296 2463 316; x_wconf 85' lang='lat' dir='ltr'>cum</span> <span class='ocrx_word' id='word_1_492' title='bbox 2477 288 2480 289; x_wconf 48' lang='lat'><em>⁷</em></span> 
     </span>
    </p>

    <p class='ocr_par' dir='ltr' id='par_1_16' title="bbox 1355 317 2460 398">
     <span class='ocr_line' id='line_1_47' title="bbox 1355 317 2460 360; baseline 0.005 -12"><span class='ocrx_word' id='word_1_493' title='bbox 1355 329 1376 349; x_wconf 69' lang='lat' dir='ltr'>&#39;s</span> <span class='ocrx_word' id='word_1_494' title='bbox 1390 330 1429 356; x_wconf 86' lang='lat' dir='ltr'>pr.</span> <span class='ocrx_word' id='word_1_495' title='bbox 1441 320 1499 356; x_wconf 66' lang='lat' dir='ltr'>syll.</span> <span class='ocrx_word' id='word_1_496' title='bbox 1513 319 1621 356; x_wconf 80' lang='lat' dir='ltr'>legitur.</span> <span class='ocrx_word' id='word_1_497' title='bbox 1665 320 1810 357; x_wconf 77' lang='lat' dir='ltr'>Oppidum</span> <span class='ocrx_word' id='word_1_498' title='bbox 1829 321 1979 357; x_wconf 86' lang='lat' dir='ltr'>aliquando</span> <span class='ocrx_word' id='word_1_499' title='bbox 1994 317 2366 359; x_wconf 50' lang='lat' dir='ltr'>Sinopevssumi-:mporium</span> <span class='ocrx_word' id='word_1_500' title='bbox 2386 324 2460 360; x_wconf 81' lang='lat' dir='ltr'>fuit,</span> 
     </span>
     <span class='ocr_line' id='line_1_48' title="bbox 1355 357 2301 398; baseline 0.004 -12"><span class='ocrx_word' id='word_1_501' title='bbox 1355 358 1391 386; x_wconf 85' lang='lat' dir='ltr'>fic</span> <span class='ocrx_word' id='word_1_502' title='bbox 1402 368 1415 386; x_wconf 88' lang='lat' dir='ltr'>a</span> <span class='ocrx_word' id='word_1_503' title='bbox 1428 357 1532 394; x_wconf 86' lang='lat' dir='ltr'>Cytoro</span> <span class='ocrx_word' id='word_1_504' title='bbox 1549 358 1645 395; x_wconf 83' lang='lat' dir='ltr'>Phryxi</span> <span class='ocrx_word' id='word_1_505' title='bbox 1656 357 1713 387; x_wconf 85' lang='lat' dir='ltr'>filio</span> <span class='ocrx_word' id='word_1_506' title='bbox 1726 358 1832 387; x_wconf 57' lang='lat' dir='ltr'>dietum</span> <span class='ocrx_word' id='word_1_507' title='bbox 1844 380 1853 394; x_wconf 85' lang='lat'>,</span> <span class='ocrx_word' id='word_1_508' title='bbox 1875 366 1905 387; x_wconf 93' lang='lat' dir='ltr'>ut</span> <span class='ocrx_word' id='word_1_509' title='bbox 1915 358 2036 388; x_wconf 84' lang='lat' dir='ltr'>scribunt</span> <span class='ocrx_word' id='word_1_510' title='bbox 2052 359 2151 389; x_wconf 90' lang='lat' dir='ltr'>Strabo</span> <span class='ocrx_word' id='word_1_511' title='bbox 2164 361 2191 390; x_wconf 68' lang='lat' dir='ltr'>tt</span> <span class='ocrx_word' id='word_1_512' title='bbox 2203 360 2301 398; x_wconf 82' lang='lat' dir='ltr'>Steph.</span> 
     </span>
    </p>

    <p class='ocr_par' dir='ltr' id='par_1_17' title="bbox 1336 395 1801 432">
     <span class='ocr_line' id='line_1_49' title="bbox 1336 395 1801 432; baseline 0 -7"><span class='ocrx_word' id='word_1_513' title='bbox 1336 395 1449 425; x_wconf 81' lang='lat' dir='ltr'>Buxifer</span> <span class='ocrx_word' id='word_1_514' title='bbox 1459 395 1583 432; x_wconf 80' lang='lat' dir='ltr'>Cytorus.</span> <span class='ocrx_word' id='word_1_515' title='bbox 1608 395 1705 424; x_wconf 80' lang='lat' dir='ltr'>Catull,</span> <span class='ocrx_word' id='word_1_516' title='bbox 1723 407 1746 429; x_wconf 74' lang='lat'>4·</span> <span class='ocrx_word' id='word_1_517' title='bbox 1761 404 1801 430; x_wconf 80' lang='lat'>¹³·</span> 
     </span>
    </p>
   </div>
   <div class='ocr_carea' id='block_1_8' title="bbox 1301 432 2464 473">
    <p class='ocr_par' dir='ltr' id='par_1_18' title="bbox 1301 432 2464 473">
     <span class='ocr_line' id='line_1_50' title="bbox 1301 432 2464 473; baseline 0.003 -10"><span class='ocrx_word' id='word_1_518' title='bbox 1301 432 1574 465; x_wconf 47' lang='lat' dir='ltr'>Cirsromficus,</span> <span class='ocrx_word' id='word_1_519' title='bbox 1596 432 1856 466; x_wconf 51' lang='lat' dir='ltr'>&amp;Cirr-osius,</span> <span class='ocrx_word' id='word_1_520' title='bbox 1876 441 1909 467; x_wconf 84' lang='lat' dir='ltr'>a,</span> <span class='ocrx_word' id='word_1_521' title='bbox 1931 442 1989 463; x_wconf 92' lang='lat' dir='ltr'>um.</span> <span class='ocrx_word' id='word_1_522' title='bbox 2011 433 2464 473; x_wconf 62' lang='lat' dir='ltr'>Adj.[1&lt;v⁷153‹.;]ut,Jugum</span> 
     </span>
    </p>
   </div>
   <div class='ocr_carea' id='block_1_9' title="bbox 1339 469 2463 510">
    <p class='ocr_par' dir='ltr' id='par_1_19' title="bbox 1339 469 2463 510">
     <span class='ocr_line' id='line_1_51' title="bbox 1339 469 2463 510; baseline 0.005 -12"><span class='ocrx_word' id='word_1_523' title='bbox 1339 471 1493 507; x_wconf 82' lang='lat' dir='ltr'>Cytorium.</span> <span class='ocrx_word' id='word_1_524' title='bbox 1515 469 1643 503; x_wconf 73' lang='lat' dir='ltr'>Catul.4.</span> <span class='ocrx_word' id='word_1_525' title='bbox 1657 479 1699 499; x_wconf 76' lang='grc' dir='ltr'>η.</span> <span class='ocrx_word' id='word_1_526' title='bbox 1722 470 1982 507; x_wconf 79' lang='lat' dir='ltr'>MonsCytoriacus.</span> <span class='ocrx_word' id='word_1_527' title='bbox 2004 471 2087 500; x_wconf 86' lang='lat' dir='ltr'>Ovid.</span> <span class='ocrx_word' id='word_1_528' title='bbox 2107 475 2132 499; x_wconf 87' lang='lat'>6.</span> <span class='ocrx_word' id='word_1_529' title='bbox 2153 472 2221 502; x_wconf 84' lang='lat' dir='ltr'>Met.</span> <span class='ocrx_word' id='word_1_530' title='bbox 2238 472 2463 510; x_wconf 84' lang='lat' dir='ltr'>113.V.praeced.</span> 
     </span>
    </p>
   </div>
   <div class='ocr_carea' id='block_1_10' title="bbox 1301 507 2463 552">
    <p class='ocr_par' dir='ltr' id='par_1_20' title="bbox 1301 507 2463 552">
     <span class='ocr_line' id='line_1_52' title="bbox 1301 507 2463 552; baseline 0.003 -15"><span class='ocrx_word' id='word_1_531' title='bbox 1301 507 1324 537; x_wconf 94' lang='lat' dir='ltr'>C</span> <span class='ocrx_word' id='word_1_532' title='bbox 1333 518 1351 537; x_wconf 76' lang='lat' dir='ltr'>Y</span> <span class='ocrx_word' id='word_1_533' title='bbox 1362 518 1381 536; x_wconf 60' lang='lat' dir='ltr'>&#39;r</span> <span class='ocrx_word' id='word_1_534' title='bbox 1390 518 1405 536; x_wconf 71' lang='lat' dir='ltr'>s</span> <span class='ocrx_word' id='word_1_535' title='bbox 1415 519 1422 535; x_wconf 82' lang='lat'><em>1</em></span> <span class='ocrx_word' id='word_1_536' title='bbox 1432 529 1439 541; x_wconf 87' lang='lat'><strong><em>‚</em></strong></span> <span class='ocrx_word' id='word_1_537' title='bbox 1461 507 1506 536; x_wconf 88' lang='lat' dir='ltr'>vel</span> <span class='ocrx_word' id='word_1_538' title='bbox 1527 508 1620 544; x_wconf 87' lang='lat' dir='ltr'>potius</span> <span class='ocrx_word' id='word_1_539' title='bbox 1641 507 1662 536; x_wconf 94' lang='lat' dir='ltr'>C</span> <span class='ocrx_word' id='word_1_540' title='bbox 1673 517 1693 536; x_wconf 73' lang='lat' dir='ltr'>fl</span> <span class='ocrx_word' id='word_1_541' title='bbox 1704 517 1723 536; x_wconf 77' lang='lat' dir='ltr'>Y</span> <span class='ocrx_word' id='word_1_542' title='bbox 1732 517 1752 536; x_wconf 80' lang='grc' dir='ltr'>τ</span> <span class='ocrx_word' id='word_1_543' title='bbox 1761 517 1777 535; x_wconf 73' lang='lat' dir='ltr'>r.</span> <span class='ocrx_word' id='word_1_544' title='bbox 1790 518 1799 535; x_wconf 86' lang='lat'><em>1</em></span> <span class='ocrx_word' id='word_1_545' title='bbox 1810 525 1821 542; x_wconf 74' lang='grc'>,</span> <span class='ocrx_word' id='word_1_546' title='bbox 1841 511 1930 537; x_wconf 70' lang='lat' dir='ltr'>orum.</span> <span class='ocrx_word' id='word_1_547' title='bbox 1953 509 2059 544; x_wconf 69' lang='grc' dir='ltr'>[Χὸτςοι</span> <span class='ocrx_word' id='word_1_548' title='bbox 2070 508 2083 544; x_wconf 92' lang='grc'>]</span> <span class='ocrx_word' id='word_1_549' title='bbox 2094 508 2212 552; x_wconf 44' lang='lat' dir='ltr'>&#39;Festum</span> <span class='ocrx_word' id='word_1_550' title='bbox 2231 510 2283 540; x_wconf 89' lang='lat' dir='ltr'>fuit</span> <span class='ocrx_word' id='word_1_551' title='bbox 2293 511 2368 548; x_wconf 84' lang='lat' dir='ltr'>apud</span> <span class='ocrx_word' id='word_1_552' title='bbox 2382 512 2463 541; x_wconf 77' lang='lat' dir='ltr'>Athe-</span> 
     </span>
    </p>
   </div>
   <div class='ocr_carea' id='block_1_11' title="bbox 1338 544 2464 847">
    <p class='ocr_par' dir='ltr' id='par_1_21' title="bbox 1338 544 2464 847">
     <span class='ocr_line' id='line_1_53' title="bbox 1338 544 2462 584; baseline 0.004 -10"><span class='ocrx_word' id='word_1_553' title='bbox 1338 544 1446 574; x_wconf 83' lang='lat' dir='ltr'>nienses</span> <span class='ocrx_word' id='word_1_554' title='bbox 1456 544 1626 582; x_wconf 86' lang='lat' dir='ltr'>percelebre,</span> <span class='ocrx_word' id='word_1_555' title='bbox 1647 545 1675 573; x_wconf 92' lang='lat' dir='ltr'>in</span> <span class='ocrx_word' id='word_1_556' title='bbox 1687 555 1742 582; x_wconf 88' lang='lat' dir='ltr'>quo</span> <span class='ocrx_word' id='word_1_557' title='bbox 1751 554 1835 574; x_wconf 89' lang='lat' dir='ltr'>omne</span> <span class='ocrx_word' id='word_1_558' title='bbox 1846 544 1981 574; x_wconf 86' lang='lat' dir='ltr'>seminum</span> <span class='ocrx_word' id='word_1_559' title='bbox 1997 555 2083 582; x_wconf 86' lang='lat' dir='ltr'>genus</span> <span class='ocrx_word' id='word_1_560' title='bbox 2092 556 2121 574; x_wconf 77' lang='lat' dir='ltr'>in</span> <span class='ocrx_word' id='word_1_561' title='bbox 2131 545 2186 575; x_wconf 78' lang='lat' dir='ltr'>olla</span> <span class='ocrx_word' id='word_1_562' title='bbox 2196 557 2316 584; x_wconf 86' lang='lat' dir='ltr'>coquere</span> <span class='ocrx_word' id='word_1_563' title='bbox 2326 548 2462 584; x_wconf 87' lang='lat' dir='ltr'>solebant,</span> 
     </span>
     <span class='ocr_line' id='line_1_54' title="bbox 1339 581 2463 624; baseline 0.004 -12"><span class='ocrx_word' id='word_1_564' title='bbox 1339 583 1470 620; x_wconf 75' lang='lat' dir='ltr'>Dionysio</span> <span class='ocrx_word' id='word_1_565' title='bbox 1489 583 1513 611; x_wconf 74' lang='grc' dir='ltr'>δι</span> <span class='ocrx_word' id='word_1_566' title='bbox 1531 581 1671 611; x_wconf 83' lang='lat' dir='ltr'>Mercurio</span> <span class='ocrx_word' id='word_1_567' title='bbox 1691 590 1837 620; x_wconf 85' lang='lat' dir='ltr'>operantes</span> <span class='ocrx_word' id='word_1_568' title='bbox 1849 604 1856 617; x_wconf 94' lang='lat'>,</span> <span class='ocrx_word' id='word_1_569' title='bbox 1886 590 1917 612; x_wconf 88' lang='lat' dir='ltr'>ut</span> <span class='ocrx_word' id='word_1_570' title='bbox 1936 582 2142 620; x_wconf 88' lang='lat' dir='ltr'>Theopompus</span> <span class='ocrx_word' id='word_1_571' title='bbox 2162 583 2271 619; x_wconf 79' lang='lat' dir='ltr'>scribit,</span> <span class='ocrx_word' id='word_1_572' title='bbox 2292 586 2463 624; x_wconf 89' lang='lat' dir='ltr'>Principium</span> 
     </span>
     <span class='ocr_line' id='line_1_55' title="bbox 1338 619 2464 657; baseline 0.004 -8"><span class='ocrx_word' id='word_1_573' title='bbox 1338 619 1421 654; x_wconf 84' lang='lat' dir='ltr'>huius</span> <span class='ocrx_word' id='word_1_574' title='bbox 1432 620 1498 649; x_wconf 91' lang='lat' dir='ltr'>sacri</span> <span class='ocrx_word' id='word_1_575' title='bbox 1508 629 1523 648; x_wconf 91' lang='lat' dir='ltr'>a</span> <span class='ocrx_word' id='word_1_576' title='bbox 1540 619 1710 649; x_wconf 84' lang='lat' dir='ltr'>Deucalione</span> <span class='ocrx_word' id='word_1_577' title='bbox 1720 620 1804 657; x_wconf 92' lang='lat' dir='ltr'>usque</span> <span class='ocrx_word' id='word_1_578' title='bbox 1837 629 1865 649; x_wconf 91' lang='lat' dir='ltr'>er</span> <span class='ocrx_word' id='word_1_579' title='bbox 1876 630 1975 650; x_wconf 88' lang='lat' dir='ltr'>manus</span> <span class='ocrx_word' id='word_1_580' title='bbox 1988 621 2119 649; x_wconf 89' lang='lat' dir='ltr'>traditum</span> <span class='ocrx_word' id='word_1_581' title='bbox 2130 621 2191 651; x_wconf 87' lang='lat' dir='ltr'>fuit.</span> <span class='ocrx_word' id='word_1_582' title='bbox 2232 622 2335 652; x_wconf 86' lang='lat' dir='ltr'>Ferunt</span> <span class='ocrx_word' id='word_1_583' title='bbox 2344 625 2418 653; x_wconf 89' lang='lat' dir='ltr'>enim</span> <span class='ocrx_word' id='word_1_584' title='bbox 2430 623 2464 653; x_wconf 89' lang='lat' dir='ltr'>il-</span> 
     </span>
     <span class='ocr_line' id='line_1_56' title="bbox 1338 630 2463 693; baseline 0.003 -6"><span class='ocrx_word' id='word_1_585' title='bbox 1338 658 1397 687; x_wconf 86' lang='lat' dir='ltr'>lum</span> <span class='ocrx_word' id='word_1_586' title='bbox 1411 680 1419 693; x_wconf 96' lang='lat'>,</span> <span class='ocrx_word' id='word_1_587' title='bbox 1441 659 1467 687; x_wconf 71' lang='grc' dir='ltr'>δι</span> <span class='ocrx_word' id='word_1_588' title='bbox 1477 658 1598 693; x_wconf 87' lang='lat' dir='ltr'>quicum</span> <span class='ocrx_word' id='word_1_589' title='bbox 1613 668 1646 686; x_wconf 90' lang='lat' dir='ltr'>eo</span> <span class='ocrx_word' id='word_1_590' title='bbox 1658 658 1768 687; x_wconf 88' lang='lat' dir='ltr'>fuerant</span> <span class='ocrx_word' id='word_1_591' title='bbox 1779 680 1787 693; x_wconf 93' lang='lat'>,</span> <span class='ocrx_word' id='word_1_592' title='bbox 1809 630 1910 686; x_wconf 53' lang='lat' dir='ltr'>figmina</span> <span class='ocrx_word' id='word_1_593' title='bbox 1921 658 1958 687; x_wconf 91' lang='lat' dir='ltr'>ita</span> <span class='ocrx_word' id='word_1_594' title='bbox 1969 658 2072 687; x_wconf 79' lang='lat' dir='ltr'>coxisse</span> <span class='ocrx_word' id='word_1_595' title='bbox 2082 658 2109 687; x_wconf 92' lang='lat' dir='ltr'>in</span> <span class='ocrx_word' id='word_1_596' title='bbox 2120 658 2175 688; x_wconf 90' lang='lat' dir='ltr'>olla</span> <span class='ocrx_word' id='word_1_597' title='bbox 2185 681 2194 693; x_wconf 91' lang='lat'>,</span> <span class='ocrx_word' id='word_1_598' title='bbox 2216 660 2293 689; x_wconf 88' lang='lat' dir='ltr'>unde</span> <span class='ocrx_word' id='word_1_599' title='bbox 2306 661 2403 690; x_wconf 87' lang='lat' dir='ltr'>festum</span> <span class='ocrx_word' id='word_1_600' title='bbox 2415 671 2463 690; x_wconf 85' lang='lat' dir='ltr'>ex-</span> 
     </span>
     <span class='ocr_line' id='line_1_57' title="bbox 1338 694 2463 733; baseline 0.004 -8"><span class='ocrx_word' id='word_1_601' title='bbox 1338 703 1430 725; x_wconf 89' lang='lat' dir='ltr'>ortum</span> <span class='ocrx_word' id='word_1_602' title='bbox 1444 697 1468 724; x_wconf 75' lang='lat'>8&lt;</span> <span class='ocrx_word' id='word_1_603' title='bbox 1479 694 1652 732; x_wconf 84' lang='lat' dir='ltr'>appellatum</span> <span class='ocrx_word' id='word_1_604' title='bbox 1663 695 1720 725; x_wconf 88' lang='lat' dir='ltr'>est:</span> <span class='ocrx_word' id='word_1_605' title='bbox 1743 705 1806 725; x_wconf 90' lang='lat' dir='ltr'>nam</span> <span class='ocrx_word' id='word_1_606' title='bbox 1820 696 1916 733; x_wconf 89' lang='lat' dir='ltr'>chytra</span> <span class='ocrx_word' id='word_1_607' title='bbox 1927 717 1935 729; x_wconf 96' lang='lat'>,</span> <span class='ocrx_word' id='word_1_608' title='bbox 1956 695 2039 725; x_wconf 83' lang='lat' dir='ltr'>ollam</span> <span class='ocrx_word' id='word_1_609' title='bbox 2062 695 2203 732; x_wconf 80' lang='lat' dir='ltr'>significat.</span> <span class='ocrx_word' id='word_1_610' title='bbox 2246 697 2307 727; x_wconf 90' lang='lat' dir='ltr'>Nec</span> <span class='ocrx_word' id='word_1_611' title='bbox 2323 707 2358 727; x_wconf 85' lang='lat' dir='ltr'>ex</span> <span class='ocrx_word' id='word_1_612' title='bbox 2374 699 2463 729; x_wconf 64' lang='lat' dir='ltr'>coetis</span> 
     </span>
     <span class='ocr_line' id='line_1_58' title="bbox 1338 732 2461 773; baseline 0.004 -11"><span class='ocrx_word' id='word_1_613' title='bbox 1338 735 1487 770; x_wconf 84' lang='lat' dir='ltr'>quicquam</span> <span class='ocrx_word' id='word_1_614' title='bbox 1504 732 1660 769; x_wconf 82' lang='lat' dir='ltr'>gustabant,</span> <span class='ocrx_word' id='word_1_615' title='bbox 1683 732 1729 762; x_wconf 90' lang='lat' dir='ltr'>sed</span> <span class='ocrx_word' id='word_1_616' title='bbox 1742 732 1873 771; x_wconf 73' lang='lat' dir='ltr'>Dionysio</span> <span class='ocrx_word' id='word_1_617' title='bbox 1884 735 1910 763; x_wconf 70' lang='grc' dir='ltr'><strong>ἃ</strong></span> <span class='ocrx_word' id='word_1_618' title='bbox 1926 733 2067 763; x_wconf 82' lang='lat' dir='ltr'>Mercurio</span> <span class='ocrx_word' id='word_1_619' title='bbox 2085 733 2231 764; x_wconf 85' lang='lat' dir='ltr'>Chotoniis</span> <span class='ocrx_word' id='word_1_620' title='bbox 2245 734 2400 764; x_wconf 86' lang='lat' dir='ltr'>offerebant</span> <span class='ocrx_word' id='word_1_621' title='bbox 2409 746 2461 773; x_wconf 88' lang='lat' dir='ltr'>pro</span> 
     </span>
     <span class='ocr_line' id='line_1_59' title="bbox 1338 770 2464 812; baseline 0.004 -12"><span class='ocrx_word' id='word_1_622' title='bbox 1338 772 1466 801; x_wconf 87' lang='lat' dir='ltr'>mortuis.</span> <span class='ocrx_word' id='word_1_623' title='bbox 1504 770 1574 799; x_wconf 89' lang='lat' dir='ltr'>Sunt</span> <span class='ocrx_word' id='word_1_624' title='bbox 1585 771 1630 807; x_wconf 88' lang='lat' dir='ltr'>qui</span> <span class='ocrx_word' id='word_1_625' title='bbox 1644 770 1703 800; x_wconf 85' lang='lat' dir='ltr'>haec</span> <span class='ocrx_word' id='word_1_626' title='bbox 1719 771 1820 801; x_wconf 89' lang='lat' dir='ltr'>eodem</span> <span class='ocrx_word' id='word_1_627' title='bbox 1833 773 1943 809; x_wconf 68' lang='lat' dir='ltr'>peraeta</span> <span class='ocrx_word' id='word_1_628' title='bbox 1958 772 2004 800; x_wconf 86' lang='lat' dir='ltr'>die</span> <span class='ocrx_word' id='word_1_629' title='bbox 2013 771 2169 809; x_wconf 85' lang='lat' dir='ltr'>affirment,</span> <span class='ocrx_word' id='word_1_630' title='bbox 2190 782 2246 810; x_wconf 87' lang='lat' dir='ltr'>quo</span> <span class='ocrx_word' id='word_1_631' title='bbox 2257 774 2283 804; x_wconf 88' lang='lat'>&amp;</span> <span class='ocrx_word' id='word_1_632' title='bbox 2298 772 2391 803; x_wconf 85' lang='lat' dir='ltr'>Choes</span> <span class='ocrx_word' id='word_1_633' title='bbox 2401 783 2464 812; x_wconf 78' lang='lat' dir='ltr'>age-</span> 
     </span>
     <span class='ocr_line' id='line_1_60' title="bbox 1338 808 2048 847; baseline 0 -8"><span class='ocrx_word' id='word_1_634' title='bbox 1338 809 1457 846; x_wconf 82' lang='lat' dir='ltr'>bantur,</span> <span class='ocrx_word' id='word_1_635' title='bbox 1477 808 1562 845; x_wconf 82' lang='lat' dir='ltr'>idque</span> <span class='ocrx_word' id='word_1_636' title='bbox 1575 817 1617 845; x_wconf 85' lang='lat'>¹3-</span> <span class='ocrx_word' id='word_1_637' title='bbox 1628 808 1802 839; x_wconf 86' lang='lat' dir='ltr'>Decembris.</span> <span class='ocrx_word' id='word_1_638' title='bbox 1841 808 1915 847; x_wconf 85' lang='lat' dir='ltr'>Lege</span> <span class='ocrx_word' id='word_1_639' title='bbox 1923 810 2048 839; x_wconf 82' lang='lat' dir='ltr'>Suidam.</span> 
     </span>
    </p>
   </div>
   <div class='ocr_carea' id='block_1_12' title="bbox 1737 932 2025 970">
    <p class='ocr_par' dir='ltr' id='par_1_22' title="bbox 1737 932 2025 970">
     <span class='ocr_line' id='line_1_61' title="bbox 1737 932 2025 970; baseline 0.007 -2"><span class='ocrx_word' id='word_1_640' title='bbox 1737 932 1768 968; x_wconf 91' lang='lat' dir='ltr'>C</span> <span class='ocrx_word' id='word_1_641' title='bbox 1864 934 1900 970; x_wconf 89' lang='lat' dir='ltr'>Y</span> <span class='ocrx_word' id='word_1_642' title='bbox 1994 933 2025 970; x_wconf 91' lang='lat' dir='ltr'>Z</span> 
     </span>
    </p>
   </div>
   <div class='ocr_carea' id='block_1_13' title="bbox 2356 986 2367 1000">
    <p class='ocr_par' dir='ltr' id='par_1_23' title="bbox 2356 986 2367 1000">
     <span class='ocr_line' id='line_1_62' title="bbox 2356 986 2367 1000; baseline 0 -2"><span class='ocrx_word' id='word_1_643' title='bbox 2356 986 2367 1000; x_wconf 73' lang='grc' dir='ltr'><em>δ</em></span> 
     </span>
    </p>
   </div>
   <div class='ocr_carea' id='block_1_14' title="bbox 1299 1067 2460 1109">
    <p class='ocr_par' dir='ltr' id='par_1_24' title="bbox 1299 1067 2460 1109">
     <span class='ocr_line' id='line_1_63' title="bbox 1299 1067 2460 1109; baseline 0.007 -12"><span class='ocrx_word' id='word_1_644' title='bbox 1299 1067 1322 1098; x_wconf 94' lang='lat' dir='ltr'><strong>C</strong></span> <span class='ocrx_word' id='word_1_645' title='bbox 1330 1077 1349 1098; x_wconf 69' lang='lat' dir='ltr'>*r</span> <span class='ocrx_word' id='word_1_646' title='bbox 1358 1077 1375 1097; x_wconf 87' lang='lat' dir='ltr'><strong>z</strong></span> <span class='ocrx_word' id='word_1_647' title='bbox 1386 1079 1396 1097; x_wconf 84' lang='grc' dir='ltr'>ι</span> <span class='ocrx_word' id='word_1_648' title='bbox 1405 1077 1423 1098; x_wconf 84' lang='lat' dir='ltr'>e</span> <span class='ocrx_word' id='word_1_649' title='bbox 1432 1077 1447 1098; x_wconf 71' lang='lat' dir='ltr'><strong>n</strong></span> <span class='ocrx_word' id='word_1_650' title='bbox 1456 1078 1477 1098; x_wconf 69' lang='lat' dir='ltr'>n</span> <span class='ocrx_word' id='word_1_651' title='bbox 1487 1078 1527 1098; x_wconf 88' lang='lat' dir='ltr'>us</span> <span class='ocrx_word' id='word_1_652' title='bbox 1539 1089 1550 1105; x_wconf 93' lang='lat'>,</span> <span class='ocrx_word' id='word_1_653' title='bbox 1579 1068 1598 1099; x_wconf 84' lang='lat' dir='ltr'>i.</span> <span class='ocrx_word' id='word_1_654' title='bbox 1619 1078 1659 1099; x_wconf 92' lang='lat' dir='ltr'>rn.</span> <span class='ocrx_word' id='word_1_655' title='bbox 1679 1068 1853 1100; x_wconf 78' lang='lat' dir='ltr'>Atheniensis</span> <span class='ocrx_word' id='word_1_656' title='bbox 1872 1067 2057 1108; x_wconf 76' lang='lat' dir='ltr'>philosophus</span> <span class='ocrx_word' id='word_1_657' title='bbox 2066 1090 2076 1105; x_wconf 92' lang='lat'>,</span> <span class='ocrx_word' id='word_1_658' title='bbox 2096 1067 2240 1099; x_wconf 81' lang='lat' dir='ltr'>excellens</span> <span class='ocrx_word' id='word_1_659' title='bbox 2254 1070 2285 1100; x_wconf 84' lang='lat' dir='ltr'>in</span> <span class='ocrx_word' id='word_1_660' title='bbox 2307 1069 2460 1109; x_wconf 58' lang='lat' dir='ltr'>geometria</span> 
     </span>
    </p>
   </div>
   <div class='ocr_carea' id='block_1_15' title="bbox 1338 1107 1467 1136">
    <p class='ocr_par' dir='ltr' id='par_1_25' title="bbox 1338 1107 1467 1136">
     <span class='ocr_line' id='line_1_64' title="bbox 1338 1107 1467 1136; baseline 0.008 -1"><span class='ocrx_word' id='word_1_661' title='bbox 1338 1107 1467 1136; x_wconf 86' lang='lat' dir='ltr'>maxime.</span> 
     </span>
    </p>
   </div>
   <div class='ocr_carea' id='block_1_16' title="bbox 1299 1142 2457 1182">
    <p class='ocr_par' dir='ltr' id='par_1_26' title="bbox 1299 1142 2457 1182">
     <span class='ocr_line' id='line_1_65' title="bbox 1299 1142 2457 1182; baseline 0.005 -13"><span class='ocrx_word' id='word_1_662' title='bbox 1299 1143 1322 1174; x_wconf 87' lang='lat' dir='ltr'><strong>C</strong></span> <span class='ocrx_word' id='word_1_663' title='bbox 1331 1146 1351 1173; x_wconf 73' lang='grc' dir='ltr'>Ῠ</span> <span class='ocrx_word' id='word_1_664' title='bbox 1360 1153 1376 1172; x_wconf 89' lang='lat' dir='ltr'><strong>z</strong></span> <span class='ocrx_word' id='word_1_665' title='bbox 1385 1146 1396 1173; x_wconf 86' lang='grc' dir='ltr'>ῑ</span> <span class='ocrx_word' id='word_1_666' title='bbox 1404 1154 1421 1173; x_wconf 89' lang='lat' dir='ltr'>c</span> <span class='ocrx_word' id='word_1_667' title='bbox 1432 1154 1450 1174; x_wconf 83' lang='grc' dir='ltr'><em>υ</em></span> <span class='ocrx_word' id='word_1_668' title='bbox 1461 1154 1473 1175; x_wconf 77' lang='lat' dir='ltr'>s</span> <span class='ocrx_word' id='word_1_669' title='bbox 1482 1166 1491 1181; x_wconf 79' lang='lat'><strong>‚</strong></span> <span class='ocrx_word' id='word_1_670' title='bbox 1512 1145 1531 1174; x_wconf 78' lang='lat' dir='ltr'>i.</span> <span class='ocrx_word' id='word_1_671' title='bbox 1553 1154 1590 1174; x_wconf 78' lang='lat' dir='ltr'>m.</span> <span class='ocrx_word' id='word_1_672' title='bbox 1612 1142 1762 1181; x_wconf 68' lang='grc' dir='ltr'>[Κῦζικςς]</span> <span class='ocrx_word' id='word_1_673' title='bbox 1783 1144 1873 1182; x_wconf 81' lang='lat' dir='ltr'>Vulgo</span> <span class='ocrx_word' id='word_1_674' title='bbox 1892 1145 2000 1180; x_wconf 75' lang='lat' dir='ltr'>Cyzico,</span> <span class='ocrx_word' id='word_1_675' title='bbox 2020 1144 2073 1174; x_wconf 82' lang='lat' dir='ltr'>five</span> <span class='ocrx_word' id='word_1_676' title='bbox 2091 1145 2213 1181; x_wconf 62' lang='lat' dir='ltr'>Cyzicum</span> <span class='ocrx_word' id='word_1_677' title='bbox 2222 1166 2231 1181; x_wconf 89' lang='lat'>,</span> <span class='ocrx_word' id='word_1_678' title='bbox 2251 1143 2341 1175; x_wconf 71' lang='lat' dir='ltr'>Insula</span> <span class='ocrx_word' id='word_1_679' title='bbox 2356 1147 2385 1175; x_wconf 78' lang='lat' dir='ltr'>in</span> <span class='ocrx_word' id='word_1_680' title='bbox 2394 1147 2457 1178; x_wconf 78' lang='lat' dir='ltr'>Pro-</span> 
     </span>
    </p>
   </div>
   <div class='ocr_carea' id='block_1_17' title="bbox 1331 1182 2459 1599">
    <p class='ocr_par' dir='ltr' id='par_1_27' title="bbox 1331 1182 2459 1373">
     <span class='ocr_line' id='line_1_66' title="bbox 1334 1182 2458 1220; baseline 0.003 -9"><span class='ocrx_word' id='word_1_681' title='bbox 1334 1182 1470 1220; x_wconf 83' lang='lat' dir='ltr'>pontide,</span> <span class='ocrx_word' id='word_1_682' title='bbox 1491 1183 1601 1212; x_wconf 90' lang='lat' dir='ltr'>duobus</span> <span class='ocrx_word' id='word_1_683' title='bbox 1625 1182 1759 1220; x_wconf 87' lang='lat' dir='ltr'>pontibus</span> <span class='ocrx_word' id='word_1_684' title='bbox 1774 1183 1870 1219; x_wconf 68' lang='lat' dir='ltr'>iuncta</span> <span class='ocrx_word' id='word_1_685' title='bbox 1894 1182 2074 1217; x_wconf 89' lang='lat' dir='ltr'>Continenti,</span> <span class='ocrx_word' id='word_1_686' title='bbox 2095 1182 2200 1212; x_wconf 87' lang='lat' dir='ltr'>habens</span> <span class='ocrx_word' id='word_1_687' title='bbox 2218 1182 2316 1212; x_wconf 90' lang='lat' dir='ltr'>urbem</span> <span class='ocrx_word' id='word_1_688' title='bbox 2334 1184 2458 1218; x_wconf 83' lang='lat' dir='ltr'>ejusdem</span> 
     </span>
     <span class='ocr_line' id='line_1_67' title="bbox 1334 1220 2459 1257; baseline 0.004 -8"><span class='ocrx_word' id='word_1_689' title='bbox 1334 1221 1478 1257; x_wconf 87' lang='lat' dir='ltr'>nominis,</span> <span class='ocrx_word' id='word_1_690' title='bbox 1499 1220 1659 1254; x_wconf 85' lang='lat' dir='ltr'>moenibus,</span> <span class='ocrx_word' id='word_1_691' title='bbox 1680 1230 1760 1255; x_wconf 88' lang='lat' dir='ltr'>arce,</span> <span class='ocrx_word' id='word_1_692' title='bbox 1781 1221 1807 1251; x_wconf 71' lang='grc' dir='ltr'>ἃ</span> <span class='ocrx_word' id='word_1_693' title='bbox 1826 1221 1944 1250; x_wconf 89' lang='lat' dir='ltr'>turribus</span> <span class='ocrx_word' id='word_1_694' title='bbox 1963 1221 2142 1250; x_wconf 87' lang='lat' dir='ltr'>marmoreis:</span> <span class='ocrx_word' id='word_1_695' title='bbox 2170 1220 2216 1250; x_wconf 88' lang='lat' dir='ltr'>cui</span> <span class='ocrx_word' id='word_1_696' title='bbox 2233 1230 2337 1250; x_wconf 88' lang='lat' dir='ltr'>nomen</span> <span class='ocrx_word' id='word_1_697' title='bbox 2354 1221 2459 1253; x_wconf 87' lang='lat' dir='ltr'>indidit</span> 
     </span>
     <span class='ocr_line' id='line_1_68' title="bbox 1331 1257 2457 1327; baseline 0.004 -40"><span class='ocrx_word' id='word_1_698' title='bbox 1331 1257 1454 1327; x_wconf 50' lang='grc' dir='ltr'>,(Ιξγῧὶίουε</span> <span class='ocrx_word' id='word_1_699' title='bbox 1469 1268 1535 1294; x_wconf 89' lang='lat' dir='ltr'>rex,</span> <span class='ocrx_word' id='word_1_700' title='bbox 1556 1268 1641 1296; x_wconf 92' lang='lat' dir='ltr'>quem</span> <span class='ocrx_word' id='word_1_701' title='bbox 1653 1258 1732 1289; x_wconf 83' lang='lat' dir='ltr'>Iason</span> <span class='ocrx_word' id='word_1_702' title='bbox 1746 1268 1797 1297; x_wconf 82' lang='lat' dir='ltr'>per</span> <span class='ocrx_word' id='word_1_703' title='bbox 1813 1258 2032 1297; x_wconf 83' lang='lat' dir='ltr'>imprudentiam</span> <span class='ocrx_word' id='word_1_704' title='bbox 2048 1258 2198 1289; x_wconf 87' lang='lat' dir='ltr'>interemit.</span> <span class='ocrx_word' id='word_1_705' title='bbox 2220 1257 2262 1289; x_wconf 90' lang='lat' dir='ltr'>De</span> <span class='ocrx_word' id='word_1_706' title='bbox 2270 1257 2324 1289; x_wconf 83' lang='lat' dir='ltr'>hac</span> <span class='ocrx_word' id='word_1_707' title='bbox 2333 1258 2419 1290; x_wconf 86' lang='lat' dir='ltr'>Ovid.</span> <span class='ocrx_word' id='word_1_708' title='bbox 2429 1270 2457 1292; x_wconf 80' lang='grc' dir='ltr'>ι.</span> 
     </span>
     <span class='ocr_line' id='line_1_69' title="bbox 1360 1306 1527 1326; baseline 0 0"><span class='ocrx_word' id='word_1_709' title='bbox 1360 1306 1372 1326; x_wconf 91' lang='lat' dir='ltr'>r</span> <span class='ocrx_word' id='word_1_710' title='bbox 1405 1319 1413 1326; x_wconf 87' lang='lat'>.</span> <span class='ocrx_word' id='word_1_711' title='bbox 1427 1306 1467 1326; x_wconf 91' lang='lat'>10.</span> <span class='ocrx_word' id='word_1_712' title='bbox 1482 1306 1497 1326; x_wconf 87' lang='lat'>2</span> <span class='ocrx_word' id='word_1_713' title='bbox 1520 1319 1527 1326; x_wconf 85' lang='lat'>.</span> 
     </span>
     <span class='ocr_line' id='line_1_70' title="bbox 1414 1307 2067 1373; baseline 0 -9"><span class='ocrx_word' id='word_1_714' title='bbox 1414 1334 1489 1364; x_wconf 90' lang='lat' dir='ltr'>Hinc</span> <span class='ocrx_word' id='word_1_715' title='bbox 1500 1307 1690 1372; x_wconf 58' lang='lat' dir='ltr'>{topantiacis</span> <span class='ocrx_word' id='word_1_716' title='bbox 1698 1334 1849 1363; x_wconf 84' lang='lat' dir='ltr'>haerentem</span> <span class='ocrx_word' id='word_1_717' title='bbox 1860 1334 1986 1373; x_wconf 86' lang='lat' dir='ltr'>Cyzicon</span> <span class='ocrx_word' id='word_1_718' title='bbox 1994 1334 2050 1365; x_wconf 87' lang='lat' dir='ltr'>oris</span> <span class='ocrx_word' id='word_1_719' title='bbox 2059 1343 2067 1364; x_wconf 89' lang='lat'>:</span> 
     </span>
    </p>

    <p class='ocr_par' dir='ltr' id='par_1_28' title="bbox 1331 1371 2458 1519">
     <span class='ocr_line' id='line_1_71' title="bbox 1451 1371 2458 1410; baseline -0.002 -8"><span class='ocrx_word' id='word_1_720' title='bbox 1451 1371 1576 1410; x_wconf 88' lang='lat' dir='ltr'>Cyzicon</span> <span class='ocrx_word' id='word_1_721' title='bbox 1587 1372 1722 1402; x_wconf 76' lang='lat' dir='ltr'>AEmoniae</span> <span class='ocrx_word' id='word_1_722' title='bbox 1731 1372 1824 1401; x_wconf 89' lang='lat' dir='ltr'>nobile</span> <span class='ocrx_word' id='word_1_723' title='bbox 1833 1374 1924 1410; x_wconf 82' lang='lat' dir='ltr'>gentis</span> <span class='ocrx_word' id='word_1_724' title='bbox 1933 1381 2012 1410; x_wconf 86' lang='lat' dir='ltr'>opus.</span> <span class='ocrx_word' id='word_1_725' title='bbox 2106 1371 2170 1402; x_wconf 88' lang='lat' dir='ltr'>Fuit</span> <span class='ocrx_word' id='word_1_726' title='bbox 2178 1371 2239 1401; x_wconf 82' lang='lat' dir='ltr'>haec</span> <span class='ocrx_word' id='word_1_727' title='bbox 2248 1371 2344 1401; x_wconf 77' lang='lat' dir='ltr'>civitas</span> <span class='ocrx_word' id='word_1_728' title='bbox 2351 1371 2458 1410; x_wconf 82' lang='lat' dir='ltr'>magni.</span> 
     </span>
     <span class='ocr_line' id='line_1_72' title="bbox 1332 1408 2457 1448; baseline 0.002 -9"><span class='ocrx_word' id='word_1_729' title='bbox 1332 1409 1433 1440; x_wconf 80' lang='lat' dir='ltr'>tudine</span> <span class='ocrx_word' id='word_1_730' title='bbox 1444 1411 1470 1439; x_wconf 73' lang='grc' dir='ltr'><strong>ἃ</strong></span> <span class='ocrx_word' id='word_1_731' title='bbox 1481 1409 1692 1447; x_wconf 79' lang='lat' dir='ltr'>pulchritudine</span> <span class='ocrx_word' id='word_1_732' title='bbox 1707 1419 1772 1439; x_wconf 90' lang='lat' dir='ltr'>cum</span> <span class='ocrx_word' id='word_1_733' title='bbox 1786 1410 1882 1448; x_wconf 86' lang='lat' dir='ltr'>primis</span> <span class='ocrx_word' id='word_1_734' title='bbox 1902 1409 1966 1440; x_wconf 82' lang='lat' dir='ltr'>Asiae</span> <span class='ocrx_word' id='word_1_735' title='bbox 1990 1408 2104 1439; x_wconf 86' lang='lat' dir='ltr'>urbibus</span> <span class='ocrx_word' id='word_1_736' title='bbox 2122 1410 2327 1446; x_wconf 84' lang='lat' dir='ltr'>comparanda,</span> <span class='ocrx_word' id='word_1_737' title='bbox 2348 1412 2409 1447; x_wconf 84' lang='lat' dir='ltr'>paci</span> <span class='ocrx_word' id='word_1_738' title='bbox 2428 1412 2457 1441; x_wconf 71' lang='grc' dir='ltr'>δι</span> 
     </span>
     <span class='ocr_line' id='line_1_73' title="bbox 1333 1446 2457 1485; baseline 0.003 -9"><span class='ocrx_word' id='word_1_739' title='bbox 1333 1446 1410 1477; x_wconf 89' lang='lat' dir='ltr'>bello</span> <span class='ocrx_word' id='word_1_740' title='bbox 1420 1454 1485 1485; x_wconf 85' lang='lat' dir='ltr'>apta</span> <span class='ocrx_word' id='word_1_741' title='bbox 1495 1469 1504 1483; x_wconf 94' lang='lat'>,</span> <span class='ocrx_word' id='word_1_742' title='bbox 1525 1447 1611 1477; x_wconf 91' lang='lat' dir='ltr'>tribus</span> <span class='ocrx_word' id='word_1_743' title='bbox 1622 1448 1840 1477; x_wconf 77' lang='lat' dir='ltr'>armamentariis</span> <span class='ocrx_word' id='word_1_744' title='bbox 1856 1448 1953 1478; x_wconf 87' lang='lat' dir='ltr'>inclita</span> <span class='ocrx_word' id='word_1_745' title='bbox 1963 1469 1972 1484; x_wconf 90' lang='lat'>‚</span> <span class='ocrx_word' id='word_1_746' title='bbox 1994 1457 2113 1483; x_wconf 82' lang='lat' dir='ltr'>quorum</span> <span class='ocrx_word' id='word_1_747' title='bbox 2123 1447 2201 1477; x_wconf 84' lang='lat' dir='ltr'>aliud</span> <span class='ocrx_word' id='word_1_748' title='bbox 2217 1457 2367 1483; x_wconf 85' lang='lat' dir='ltr'>armorum,</span> <span class='ocrx_word' id='word_1_749' title='bbox 2378 1448 2457 1479; x_wconf 83' lang='lat' dir='ltr'>aliud</span> 
     </span>
     <span class='ocr_line' id='line_1_74' title="bbox 1331 1484 2132 1519; baseline 0.001 -4"><span class='ocrx_word' id='word_1_750' title='bbox 1331 1485 1580 1515; x_wconf 82' lang='lat' dir='ltr'>instrumentorum</span> <span class='ocrx_word' id='word_1_751' title='bbox 1590 1507 1598 1519; x_wconf 90' lang='lat'><strong><em>‚</em></strong></span> <span class='ocrx_word' id='word_1_752' title='bbox 1618 1484 1695 1515; x_wconf 82' lang='lat' dir='ltr'>aliud</span> <span class='ocrx_word' id='word_1_753' title='bbox 1707 1485 1839 1516; x_wconf 87' lang='lat' dir='ltr'>frumenti</span> <span class='ocrx_word' id='word_1_754' title='bbox 1847 1488 1905 1516; x_wconf 80' lang='lat' dir='ltr'>erat</span> <span class='ocrx_word' id='word_1_755' title='bbox 1914 1495 1976 1516; x_wconf 89' lang='lat' dir='ltr'>rece</span> <span class='ocrx_word' id='word_1_756' title='bbox 1998 1485 2132 1516; x_wconf 85' lang='lat' dir='ltr'>taculum.</span> 
     </span>
    </p>

    <p class='ocr_par' dir='ltr' id='par_1_29' title="bbox 1335 1496 2457 1599">
     <span class='ocr_line' id='line_1_75' title="bbox 1978 1496 2457 1563; baseline 0.004 -10"><span class='ocrx_word' id='word_1_757' title='bbox 1978 1496 2119 1554; x_wconf 62' lang='lat' dir='ltr'>gitatores.</span> <span class='ocrx_word' id='word_1_758' title='bbox 2140 1522 2197 1553; x_wconf 87' lang='lat' dir='ltr'>Cic.</span> <span class='ocrx_word' id='word_1_759' title='bbox 2210 1533 2263 1562; x_wconf 87' lang='lat' dir='ltr'>pro</span> <span class='ocrx_word' id='word_1_760' title='bbox 2273 1523 2347 1563; x_wconf 83' lang='lat' dir='ltr'>Lege</span> <span class='ocrx_word' id='word_1_761' title='bbox 2356 1522 2457 1556; x_wconf 72' lang='lat' dir='ltr'>Manil-</span> 
     </span>
     <span class='ocr_line' id='line_1_76' title="bbox 1335 1561 1700 1599; baseline 0.003 -8"><span class='ocrx_word' id='word_1_762' title='bbox 1335 1571 1380 1591; x_wconf 84' lang='lat'>20.</span> <span class='ocrx_word' id='word_1_763' title='bbox 1404 1561 1474 1590; x_wconf 86' lang='lat' dir='ltr'>Urbs</span> <span class='ocrx_word' id='word_1_764' title='bbox 1485 1561 1700 1599; x_wconf 86' lang='lat' dir='ltr'>Cyzicenorum.</span> 
     </span>
    </p>
   </div>
   <div class='ocr_carea' id='block_1_18' title="bbox 1296 1598 2305 1638">
    <p class='ocr_par' dir='ltr' id='par_1_30' title="bbox 1296 1598 2305 1638">
     <span class='ocr_line' id='line_1_77' title="bbox 1296 1598 2305 1638; baseline 0 -8"><span class='ocrx_word' id='word_1_765' title='bbox 1296 1599 1543 1635; x_wconf 64' lang='grc' dir='ltr'>Οτῑιοιιωυε,</span> <span class='ocrx_word' id='word_1_766' title='bbox 1563 1609 1597 1635; x_wconf 89' lang='lat' dir='ltr'>a,</span> <span class='ocrx_word' id='word_1_767' title='bbox 1617 1609 1674 1629; x_wconf 89' lang='lat' dir='ltr'>um.</span> <span class='ocrx_word' id='word_1_768' title='bbox 1698 1599 1758 1636; x_wconf 76' lang='lat' dir='ltr'>Adi.</span> <span class='ocrx_word' id='word_1_769' title='bbox 1777 1604 1829 1635; x_wconf 85' lang='lat' dir='ltr'>ut,</span> <span class='ocrx_word' id='word_1_770' title='bbox 1850 1599 1938 1638; x_wconf 89' lang='lat' dir='ltr'>Regio</span> <span class='ocrx_word' id='word_1_771' title='bbox 1953 1599 2102 1637; x_wconf 84' lang='lat' dir='ltr'>Cyzicena.</span> <span class='ocrx_word' id='word_1_772' title='bbox 2124 1598 2247 1635; x_wconf 73' lang='lat' dir='ltr'>Plin.35.</span> <span class='ocrx_word' id='word_1_773' title='bbox 2263 1608 2305 1636; x_wconf 84' lang='lat'>¹3·</span> 
     </span>
    </p>
   </div>
   <div class='ocr_carea' id='block_1_19' title="bbox 1332 1636 2455 1712">
    <p class='ocr_par' dir='ltr' id='par_1_31' title="bbox 1332 1636 2455 1712">
     <span class='ocr_line' id='line_1_78' title="bbox 1332 1636 2455 1712; baseline 0.001 -44"><span class='ocrx_word' id='word_1_774' title='bbox 1332 1637 1424 1707; x_wconf 58' lang='lat' dir='ltr'>Sffigr</span> <span class='ocrx_word' id='word_1_775' title='bbox 1436 1636 1611 1712; x_wconf 52' lang='grc' dir='ltr'>ςὲγέξεεηυε</span> <span class='ocrx_word' id='word_1_776' title='bbox 1641 1637 1744 1676; x_wconf 77' lang='lat' dir='ltr'>viginti</span> <span class='ocrx_word' id='word_1_777' title='bbox 1768 1639 1834 1670; x_wconf 67' lang='lat' dir='ltr'>octo</span> <span class='ocrx_word' id='word_1_778' title='bbox 1862 1637 2009 1671; x_wconf 79' lang='lat' dir='ltr'>drachmas</span> <span class='ocrx_word' id='word_1_779' title='bbox 2036 1636 2155 1678; x_wconf 70' lang='lat' dir='ltr'>valebat.</span> <span class='ocrx_word' id='word_1_780' title='bbox 2196 1636 2302 1671; x_wconf 65' lang='lat' dir='ltr'>vitruv.</span> <span class='ocrx_word' id='word_1_781' title='bbox 2320 1640 2349 1670; x_wconf 78' lang='lat'>6.</span> <span class='ocrx_word' id='word_1_782' title='bbox 2369 1639 2398 1670; x_wconf 83' lang='lat'>6.</span> <span class='ocrx_word' id='word_1_783' title='bbox 2427 1637 2455 1669; x_wconf 64' lang='grc' dir='ltr'><strong>ἅ</strong></span> 
     </span>
    </p>
   </div>
   <div class='ocr_carea' id='block_1_20' title="bbox 882 2051 1656 2672">
    <p class='ocr_par' dir='ltr' id='par_1_32' title="bbox 882 2051 1656 2672">
     <span class='ocr_line' id='line_1_79' title="bbox 882 2051 1656 2672; baseline 0 1550"><span class='ocrx_word' id='word_1_784' title='bbox 882 2051 1656 2672; x_wconf 95' lang='lat' dir='ltr'> </span> 
     </span>
    </p>
   </div>
  </div>
 </body>
</html>
