2667 4145
217 104 280 157 30
913 77 960 128 R
971 90 1005 125 ο
1013 90 1036 123 Β
1048 88 1073 123 E
1082 86 1150 123 RT
1160 86 1176 121 1

312 189 383 230 Vel
402 202 463 227 ore
478 189 519 225 ab
538 186 613 234 ipso
627 212 636 227 ,
664 195 728 222 ceu
746 187 906 230 parentes
925 178 1038 219 liberi,

382 239 566 276 Testentur
584 263 593 275 ,
615 246 655 271 ac
679 231 907 270 subindicent.
1090 272 1097 279 ⁸
1183 270 1189 277 .

317 288 429 333 Quod
445 287 531 322 dum
549 282 731 330 assequaris
745 308 753 322 ,
780 276 972 325 sumptibus
993 283 1070 309 non
1087 277 1232 308 interim

388 336 501 373 Parcis
519 331 771 380 profusioribus
782 355 791 369 ,

318 384 398 422 Plus
412 382 563 430 piiblicae
584 381 633 416 rei
655 390 761 426 quam
780 372 978 411 domesticae
993 379 1121 416 gerens

391 431 492 469 Curae
511 436 616 477 atque
638 423 889 464 sollicitudinis.
914 418 975 458 &a
1143 467 1149 473 ι

317 480 418 527 Quid
439 478 582 515 tandem
609 478 672 518 (ut
685 485 754 510 una
772 469 894 508 cuneta
914 467 1050 504 summa
1066 465 1262 515 colligam)

389 527 494 566 Lares
508 528 629 562 beatos
650 521 812 570 personat
880 567 886 573 ·
943 566 949 573 .

317 575 576 616 Indefinenter,
604 573 829 610 continenter
846 591 855 608 ,
877 572 1017 614 jugiter,

389 624 431 663 Et
444 624 688 671 usquequaque
708 619 743 654 δε
757 615 926 664 undique,

316 675 525 714 Intaminata
543 681 646 718 quam
667 666 782 704 Latini
799 665 931 712 puritas

381 721 561 759 Sermonis
573 744 582 759 ,
612 717 647 752 &
663 727 769 752 canus
784 712 916 750 decor?

314 770 456 817 Nempe
469 779 581 807 uxor,
597 764 748 806 ancillae,
768 763 914 800 clientes
926 788 935 803 ,
961 759 1074 801 liberi,

380 818 491 863 (Non
510 815 622 864 segnis
639 822 789 850 examen
802 809 957 855 domus)

315 867 401 913 Quo
419 866 536 900 Plautus
561 875 644 905 ore,
671 874 743 911 quo
768 864 932 902 Terentius,
959 857 1074 895 solent

377 913 598 960 Qiotidiane
625 911 798 960 colloqui.
826 908 888 948 &a

405 962 545 1001 Datum
559 961 752 995 Lemovicibus
773 972 806 1004 4.
818 957 916 995 Non.
936 957 1033 990 Maii,
1056 952 1162 990 Anno
1178 955 1282 996 1538.

264 1012 322 1050 Sic
341 1012 491 1053 eodem,
520 1022 593 1059 quo
607 1008 853 1048 HORATIUS
887 1005 1008 1043 Vitam
1029 1002 1226 1042 Rusticani,
1256 997 1373 1049 Epodi

242 1073 346 1099 enere
370 1061 592 1099 AURATUS
614 1059 769 1096 laudavit
796 1056 1036 1093 STEPHANi
1068 1049 1283 1096 Officinam3
1311 1052 1373 1098 qui

215 1074 260 1158 fi]
286 1113 307 1129 ‘⁶
321 1110 394 1147 alto
416 1111 636 1157 heroicoque
649 1108 771 1144 animo
789 1105 831 1141 ad
849 1101 1062 1150 suscipienda
1079 1100 1244 1136 litteraria
1262 1110 1372 1147 opera

215 1163 239 1178 “
263 1158 530 1207 sustinendaque
552 1168 661 1194 onera
681 1154 846 1204 praeditus
864 1180 873 1195 ,
899 1151 1036 1198 magnis
1053 1150 1088 1185 δε
1103 1148 1372 1196 propemodum

216 1212 240 1228 “
266 1207 364 1246 ΗΒΚ
376 1219 534 1246 curris
550 1206 730 1243 laboribus
748 1213 896 1251 parvum
914 1200 1014 1237 suum
1033 1199 1221 1234 exercebat
1231 1196 1373 1244 corpus-

215 1261 238 1276 “
265 1257 398 1294 culum.
448 1256 517 1294 Sed
543 1256 608 1300 <ut
629 1255 707 1302 pius
727 1259 819 1293 erat,
848 1251 884 1287 &
898 1260 1019 1286 amore
1037 1247 1161 1284 divino
1175 1245 1372 1293 flagrabat)

215 1304 250 1325 “²
264 1307 302 1344 in
323 1306 501 1344 sacrorum
514 1301 706 1342 Librorum
724 1300 930 1339 Editioneni
947 1296 1063 1334 multo
1079 1296 1253 1332 ardentius
1265 1306 1373 1342 quam

162 1350 164 1354 ’
213 1360 237 1376 “
261 1357 298 1393 in
316 1355 467 1393 aliorum
491 1352 736 1403 quorumlibet
751 1348 1000 1388 incumbebat,
1047 1346 1083 1382 &
1112 1345 1300 1393 pecuniam
1333 1346 1371 1380 in

215 1409 238 1424 “
263 1405 350 1441 alios
377 1404 523 1453 quidem
551 1400 789 1450 profundebat
807 1426 816 1440 ‚
843 1399 881 1434 in
913 1396 995 1433 illos
1025 1406 1112 1431 vero
1145 1393 1368 1441 prodigebat.

214 1458 239 1473 “
265 1454 345 1493 lnio
363 1455 399 1490 in
420 1453 459 1489 iis
479 1450 720 1491 elaborandis,
748 1459 825 1497 quae
855 1445 899 1483 ad
930 1444 1042 1482 Sacrae
1070 1443 1256 1490 Scripturae
1291 1441 1371 1478 illu-

214 1506 239 1522 “
263 1503 466 1540 strationem
502 1499 745 1548 pertinebant,
777 1507 853 1533 non
886 1493 1001 1531 solum
1029 1493 1218 1540 pecuniam
1247 1490 1371 1538 prodi*

213 1555 239 1571 ‘⁸
263 1563 346 1599 gere
367 1563 443 1587 non
469 1549 672 1589 dubitabat,
698 1545 757 1583 sed
787 1545 894 1593 usque
935 1542 1026 1579 adeo
1053 1541 1160 1578 nullis
1189 1540 1370 1577 laboribus

213 1604 238 1619 “
264 1601 448 1649 parcebat,
479 1606 517 1636 ut
535 1599 640 1635 etiam
657 1597 695 1632 in
712 1596 752 1631 iis
773 1592 965 1632 tolerandis
989 1591 1118 1639 (quod
1132 1590 1246 1628 exitus
1257 1589 1372 1626 osten--²

213 1653 237 1668 “
259 1649 338 1694 dit)
361 1651 439 1685 vitae
457 1647 629 1696 prodigus
648 1644 737 1681 esset.
751 1647 768 1661 ’³
966 1684 969 1689 ,
1030 1683 1033 1687 ,

259 1698 487 1736 RoBERTo
510 1709 555 1733 ex
572 1697 637 1732 suis
655 1693 853 1732 Bibliorum
885 1688 1106 1728 Editionibus
1134 1679 1290 1724 multum
1319 1688 1371 1723 ina

211 1747 314 1785 vidiae
351 1745 546 1784 conflatum
576 1745 622 1781 est
638 1755 649 1789 3
684 1742 882 1790 odiumque
902 1768 911 1782 ,
957 1738 1056 1788 quod
1089 1736 1249 1773 adversus
1288 1748 1371 1773 eum

211 1796 344 1832 Sorbonae
385 1795 563 1833 Dostores
597 1803 691 1829 anno
734 1802 837 1836 1522.
875 1793 1139 1836 conceperant,
1190 1785 1372 1822 recruduit

211 1857 306 1883 anno
333 1855 436 1890 1532.
463 1842 509 1891 [b]
534 1846 645 1890 “quo
663 1840 775 1878 Biblia
802 1839 929 1886 majori
955 1836 1154 1874 Volumine
1181 1834 1368 1881 impressit,

212 1898 236 1913 “
263 1894 370 1941 idque
402 1900 481 1930 tum
510 1889 674 1940 permissu
701 1896 780 1926 tum
816 1886 964 1924 consilio
1001 1885 1181 1922 seniorum
1215 1883 1372 1931 Collegii

212 1947 236 1962 “
262 1943 419 1990 ipsorum
442 1954 450 1978 ς
501 1942 598 1987 cujus
635 1940 686 1976 rei
720 1935 891 1985 locuples
921 1935 1166 1972 testimonium
1201 1932 1372 1969 reddebat

212 1996 235 2011 “
261 1991 490 2039 privilegium
504 1989 630 2037 Regis,
665 1986 763 2035 quod
791 1993 886 2023 certe
917 1995 1102 2033 nunquam
1133 1980 1366 2029 impetrasset,

211 2045 236 2060 “
261 2039 324 2077 nisi
351 2041 469 2088 palam
496 2038 624 2075 fastum
643 2036 724 2073 effet
750 2035 925 2083 primariis
962 2033 1107 2071 Rabinis
1137 2032 1185 2067 ita
1219 2030 1367 2078 placere.

210 2093 235 2109 “
261 2089 317 2127 Illi
346 2097 466 2126 tamen
501 2085 726 2124 occasionem
764 2084 854 2121 nadti
890 2082 934 2120 ad
970 2082 1117 2130 capitale
1154 2079 1368 2127 supplicium
1427 2080 1449 2095 ‘⁶
1474 2088 1497 2124 p

210 2142 234 2158 “
261 2138 357 2175 hunc
386 2136 626 2185 postulabant,
655 2134 873 2171 clamitantes
900 2131 998 2168 hunc
1021 2130 1134 2168 Biblia
1164 2128 1367 2176 corrupisse.

211 2191 235 2206 “
260 2186 305 2225 Et
324 2187 368 2223 de
391 2198 435 2223 eo
453 2185 567 2222 actum
600 2190 693 2225 erat,
721 2181 781 2218 nisi
812 2193 967 2230 quorum
994 2179 1206 2216 authoritate
1238 2177 1368 2214 facturn

209 2241 232 2256 ⁸⁶
260 2235 390 2277 luisset,
439 2236 476 2270 in
500 2242 664 2281 tempore
691 2229 916 2268 monstrasset.
995 2226 1212 2276 Compressis
1248 2227 1368 2274 postea

212 2289 234 2305 “
260 2296 387 2322 eorum
426 2283 603 2320 furoribus
626 2308 636 2324 ‚
688 2280 744 2317 vel
787 2277 1078 2327 saltemrplacata
1116 2284 1189 2314 tam
1228 2276 1368 2322 ingenti

211 2338 234 2353 “
259 2335 376 2375 rabie,
402 2332 501 2381 quod
531 2331 713 2380 pollicitus
742 2327 824 2364 esset
847 2327 879 2365 se
898 2326 987 2364 nihil
1015 2326 1156 2374 postea,
1195 2324 1258 2361 nisi
1285 2335 1368 2361 cuin

210 2388 233 2403 “
256 2383 353 2419 bona
383 2392 509 2418 eorum
544 2381 654 2428 gratia
687 2375 878 2418 facturum,
924 2375 1043 2423 elapfis
1081 2376 1183 2410 annis
1222 2373 1367 2416 decem,

210 2436 234 2452 “
265 2443 365 2477 1540.
389 2429 500 2468 Biblia
517 2429 650 2466 rursum
671 2426 840 2467 excudit,
870 2427 908 2462 in
930 2426 1056 2472 quibus
1089 2423 1199 2459 multa
1234 2434 1279 2459 ex
1310 2434 1369 2458 ve-

211 2485 234 2501 “
259 2480 350 2517 tusto
374 2479 511 2517 Codice
534 2477 707 2526 reposuit,
739 2487 860 2512 veram
882 2473 1073 2511 lestionem
1104 2471 1261 2509 Hebraeis
1296 2470 1369 2509 Co-

210 2534 235 2550 “
260 2529 397 2566 dicibus
432 2534 688 2575 congruentem
717 2524 761 2561 ad
795 2525 972 2571 margines
1011 2529 1168 2563 notans,
1216 2523 1367 2557 nomine

211 2584 235 2599 “
261 2577 407 2617 Codicis
447 2577 561 2624 scripti
594 2574 739 2620 adjecto.
799 2571 869 2610 Hic
906 2571 1018 2608 rursus
1058 2582 1161 2607 novae
1200 2568 1366 2606 flammae:

210 2632 235 2648 ‘⁶
261 2627 475 2664 bacchantur
495 2624 666 2663 Censores
691 2628 816 2659 contra
843 2627 962 2658 totum
984 2620 1136 2661 librum,
1171 2620 1209 2655 in
1229 2629 1301 2667 quo
1322 2630 1366 2654 ne

211 2682 234 2698 “
263 2677 454 2712 minimum
482 2673 630 2724 quidem
662 2678 753 2713 erat,
792 2669 892 2719 quod
937 2680 1080 2716 carpere
1110 2666 1173 2715 ipsi
1203 2666 1367 2714 possent,

211 2730 234 2746 “
262 2723 324 2762 nifi
352 2723 445 2761 forte
470 2725 506 2760 in
537 2721 765 2761 Summanu,
803 2730 881 2768 quae
910 2724 1061 2759 vocant,
1098 2728 1177 2766 quae
1205 2715 1369 2753 redolere

212 2779 235 2795 “
261 2772 403 2810 haeresm
445 2772 619 2809 dicebant.
691 2768 811 2815 Pergit
845 2766 1105 2812 nihilominus3
1167 2765 1203 2801 ἃ.
1241 2764 1368 2801 decem

212 2828 235 2843 “
260 2821 436 2870 Praecepta
457 2823 526 2867 jam
547 2826 627 2857 ante
647 2816 809 2866 impressa
833 2817 952 2853 denuo
972 2815 1164 2864 imprimit,
1200 2814 1237 2851 &
1260 2825 1368 2861 quam

212 2877 236 2892 “
261 2879 409 2913 vocant,
436 2869 622 2917 Scriptura:
649 2867 855 2910 Summam3
891 2871 1039 2913 utraque
1074 2863 1217 2911 singulis
1250 2862 1365 2904 soliis,

213 2926 235 2941 “
260 2921 385 2968 majori
417 2918 611 2956 charastere
634 2917 709 2953 satis
741 2914 889 2952 venusto
907 2940 918 2956 ,
962 2925 1040 2962 quae
1070 2913 1259 2960 parietibus
1290 2911 1370 2959 pos-

530 2966 601 3004 Pro
634 2965 687 3002 his
723 2975 807 3012 quas
839 2964 871 2999 ei
904 2961 1143 2999 exhibuerunt
1172 2959 1367 2997 molestias!

214 2974 236 2990 “
260 2969 334 3006 sent
367 2967 471 3016 affigi.

213 3023 236 3038 “
1052 3009 1221 3056 Qiandiu
1242 3009 1368 3047 Aulam

263 3017 432 3063 Quamdiu
448 3015 558 3053 abesse
578 3015 691 3052 domo
718 3025 800 3050 eum
817 3013 979 3059 oportuit
994 3012 1000 3048 !

215 3071 239 3086 ‘²
264 3066 368 3113 Regis
385 3066 520 3103 secutus
544 3064 591 3101 est
615 3063 622 3099 Ξ
673 3074 692 3099 a
721 3073 794 3110 quo
824 3059 970 3097 tandem
998 3059 1174 3108 Diploma
1200 3058 1244 3095 ad
1269 3058 1369 3094 cohi-

214 3120 238 3134 “
264 3115 416 3152 bendani
440 3125 567 3151 eorum
585 3111 835 3159 intemperiem
869 3109 1050 3150 obtinuit,
1091 3119 1165 3156 quo
1183 3107 1368 3154 jubebatur

215 3168 239 3183 “
263 3163 322 3199 illa
345 3162 469 3200 Latine
502 3164 537 3199 ὃς
561 3161 701 3199 Gallice
730 3159 943 3206 imprimere.
1010 3157 1163 3203 Quoties
1196 3156 1369 3193 clamave-

215 3217 238 3232 “
263 3218 344 3248 runt
361 3213 520 3258 peJ‘orem
542 3210 616 3247 illic
650 3208 848 3245 destrinam
866 3207 1058 3247 contineri,
1094 3217 1202 3253 quam
1230 3204 1369 3239 Lutherus

216 3265 239 3282 “
262 3271 419 3308 unquam
451 3258 657 3307 protulisset.
708 3256 762 3294 Eo
795 3263 915 3292 tamen
955 3266 1010 3291 res
1041 3254 1186 3290 deducta
1228 3253 1292 3294 est,
1328 3259 1368 3288 ut

214 3314 237 3329 ‘⁶
287 3311 494 3344 robarentur
523 3309 601 3355 plus
633 3306 839 3356 quindecim
876 3315 953 3340 non
988 3303 1172 3351 postremis
1211 3300 1368 3348 Collegit

229 3362 237 3376 ‘
292 3357 459 3404 lagistris,
486 3358 546 3405 qui
575 3357 691 3404 palam
716 3354 835 3403 sigillis
863 3353 928 3389 suis
957 3352 1256 3400 comprobarunt,
1291 3361 1367 3398 quae

215 3411 236 3426 “
261 3413 336 3442 tota
359 3412 496 3441 caterva
518 3406 787 3452 improbaverat.
854 3400 1018 3439 Tandem
1052 3412 1163 3450 quum
1189 3399 1368 3436 seniorum

215 3459 238 3474 “
263 3453 407 3490 illorum
437 3452 545 3500 sigilla
576 3454 839 3500 conspicerent,
876 3452 1086 3498 regiumque
1118 3448 1366 3497 privilegium,

216 3507 239 3522 “
262 3502 511 3548 deputatorum.
535 3502 677 3539 suorum
702 3499 840 3538 calculo
864 3499 1054 3546 approbari
1078 3499 1113 3534 in
1147 3496 1277 3534 aedibus
1311 3494 1367 3532 Bi-

217 3555 240 3570 “
268 3551 350 3587 delli
372 3550 418 3586 sui
437 3549 517 3597 passi
534 3550 619 3588 sunt.
668 3549 798 3588 Eadem
830 3556 950 3585 tamen
968 3547 1026 3584 illa
1043 3574 1053 3589 ,
1087 3558 1163 3594 quae
1181 3552 1368 3592 tantopere

217 3601 299 3636 “in
334 3599 473 3641 Stephano
503 3599 738 3639 damnabant,
779 3608 905 3635 eorum
926 3595 1013 3643 juffu
1044 3607 1068 3642 >a
1104 3599 1218 3639 Joanne
1247 3592 1369 3627 Andre&

214 3651 240 3670 “
263 3647 437 3691 (homine
467 3648 653 3696 imperite,
683 3649 743 3695 qui
764 3646 832 3682 illis
860 3646 895 3682 δε
919 3645 1170 3692 proditionum
1203 3643 1369 3680 omnium

251 3742 297 3780 [a]
323 3742 395 3773 [eae
424 3742 524 3771 Praefat.
554 3740 673 3779 Exposit.
705 3741 813 3770 Cathol.
834 3741 863 3770 in
887 3740 987 3770 Genes.
1015 3739 1089 3778 apud
1112 3743 1145 3767 H.
1163 3739 1265 3768 Sraffl.
1288 3739 1368 3772 1562.

214 3781 257 3817 [h]
280 3780 348 3817 Lege
364 3776 491 3816 Respons
512 3779 570 3807 κού.
583 3780 734 3808 STEPHANJ
746 3780 780 3807 ad
797 3780 890 3813 Censisr
905 3779 1044 3814 Theologor.
1058 3776 1191 3806 Parisiens.
1204 3785 1266 3813 pag.
1277 3783 1302 3811 7.
1315 3776 1368 3804 stc.

213 3819 257 3855 [c]
279 3817 360 3846 Multi
375 3823 472 3853 putant
488 3816 619 3844 &obertum
633 3817 815 3845 Swnenriuum
833 3816 1065 3844 annotationibus
1087 3815 1140 3844 suis
1164 3814 1295 3843 VATAnm
1320 3821 1369 3841 no·

214 3865 279 3884 rnen
296 3853 478 3891 praetendisse.

214 3892 382 3930 terpretibue
401 3895 480 3920 1⁶61.
499 3900 528 3927 p.
542 3900 603 3925 ¹¹5-
620 3894 680 3920 116.
730 3890 774 3925 [d]
795 3888 837 3919 D·
850 3889 1044 3918 casmtmo
1058 3890 1120 3927 lege
1144 3889 1206 3920 Vol.
1224 3888 1245 3919 1.
1271 3887 1369 3917 Annal-

520 3854 589 3891 Lege
601 3853 689 3887 Hrstor.
705 3853 852 3881 ssimum.
872 3863 898 3889 p.
914 3858 959 3886 46.
972 3861 1014 3888 η’),
1031 3854 1058 3881 &
1072 3853 1163 3881 llun‘r.
1184 3852 1221 3880 dc
1240 3850 1312 3879 Clar.
1328 3849 1371 3878 ln·-

1243 72 1534 122 STEPHANI
1599 65 1647 117 V
1686 66 1702 117 Ι
1737 67 1785 117 Τ
1817 64 1880 116 Α.

1438 172 1464 188 “
1488 169 1661 211 minister,
1692 170 1778 205 &in
1798 167 1967 205 struendis
1989 167 2175 205 calumniis
2194 168 2371 216 optimum
2390 165 2589 211 flabellum,

1439 219 1462 236 “
1488 219 1523 255 ὃς
1537 220 1573 254 in
1587 218 1784 254 exercenda
1802 218 1926 253 saevitia
1940 218 2094 253 carnifex
2114 219 2321 260 acerrimus)
2336 216 2594 263 impressasunt,

1438 270 1460 285 “
1482 267 1543 303 'sed
1567 278 1648 303 cum
1664 266 1849 313 Praeceptis
1869 265 2048 307 Ecclesiae,
2070 267 2105 302 Sc
2131 265 2262 303 foedata
2294 271 2532 313 corruptaque
2554 266 2598 302 ab

1439 318 1463 333 “
1489 315 1640 356 odoardo,
1661 316 1723 363 qui
1742 326 1786 351 ex
1803 314 1942 351 duobus
1961 316 2083 362 primis
2103 313 2289 362 Praeceptis
2307 325 2420 351 unum
2437 314 2598 354 recitau-

1437 367 1461 382 “
1486 365 1599 401 ferens
1613 375 1710 404 eam,
1740 375 1818 411 quae
1842 363 1885 399 de
1903 362 2118 411 Imaginibus
2135 362 2310 411 fingendis
2329 363 2365 399 δε
2381 361 2542 399 colendis
2555 362 2595 398 il-

1440 416 1464 430 “
1489 414 1536 449 lic
1560 412 1709 448 habetur
1728 411 1881 459 expressa
1898 413 2117 460 prohibiti03
2144 413 2180 448 ὅτ,
2206 412 2424 459 postremum
2457 411 2495 446 in
2522 410 2597 447 duo

1439 465 1461 480 ‘⁶
1484 460 1614 501 divisit,
1640 466 1680 496 ut
1702 472 1890 497 numerum
1909 460 2091 496 denarium
2109 460 2295 508 suppleret.
2322 460 2480 502 Interea,
2497 458 2601 507 quod

1440 513 1463 528 “
1487 510 1554 546 illis
1575 508 1658 545 esset
1679 508 1847 556 suspectus
1861 509 1904 546 de
1923 508 2061 550 haerefi,
2084 511 2227 556 quoties
2239 509 2392 546 domum
2404 508 2496 546 illius
2508 509 2600 544 scru-

1438 562 1463 577 “
1489 561 1551 595 tati
1566 557 1643 594 sunt
1660 556 1802 605 Judices
1820 557 1978 606 ipsorum
2000 557 2169 604 impulsu,
2192 557 2217 594 fi
2235 559 2295 606 qui
2315 557 2408 594 forte
2428 556 2527 595 Libri
2545 557 2599 593 su-

1438 611 1460 626 “
1487 607 1589 654 spetti
1608 606 1747 653 possent
1770 606 1935 655 reperiri!
1969 604 2115 643 Acceffit
2136 605 2180 643 ad
2202 606 2277 643 haec
2295 608 2435 643 circiter
2462 617 2603 642 annumv

1437 660 1461 674 “
1493 668 1596 702 1541.
1621 654 1719 691 Novi
1738 654 1953 692 Testamenti
1970 654 2089 692 Editio
2114 667 2198 691 cum
2210 654 2414 691 breviffimis
2437 654 2596 691 Annota-

1437 708 1460 722 ‘⁶
1487 705 1643 741 tionibus
1657 703 1700 740 ad
1718 706 1914 752 marginem
1934 704 1976 740 ab
2000 703 2064 739 illo
2085 702 2187 739 simul
2208 702 2360 744 excusis,
2404 714 2489 750 quas
2508 714 2527 740 a
2544 704 2595 739 vi-

1435 757 1459 771 “
1486 756 1530 790 ris
1549 752 1747 788 dostislimis
1767 760 1958 800 acceperat.
2017 751 2068 790 Ac
2105 753 2282 799 principio
2315 751 2480 800 quidem,
2508 751 2592 788 laeto

1450 806 1458 821 ‘
1488 801 1607 850 plausu
1625 802 1667 837 ab
1686 801 1753 837 illis
1770 810 1939 849 exceptus
1959 801 2006 837 est
2024 801 2150 845 Liber3
2176 800 2285 849 paulo
2308 800 2388 847 post
2418 811 2487 848 pro
2513 800 2592 848 sug-

1433 854 1457 869 “
1483 851 1580 898 gestu
1600 850 1752 886 clamant
1769 851 2029 888 Annotationes
2057 849 2152 886 hunc
2169 848 2310 886 edidisse
2335 848 2436 885 valde
2454 851 2594 897 pericu-
2612 854 2615 856 “

1432 902 1455 918 “
1482 900 1589 941 losas,
1615 899 1719 935 locos
1737 899 1780 937 de
1800 899 2010 948 Purgatorio
2036 900 2071 934 Sc
2095 897 2325 936 Confeffione
2344 898 2465 940 aliter,
2485 910 2594 948 quani

1432 950 1456 967 “
1483 948 1655 989 solerent,
1680 949 1959 996 interpretatum.
2011 947 2225 995 Aliquandiu
2246 948 2323 983 vice
2359 948 2460 984 tertia
2483 946 2594 985 latere

1431 1001 1454 1016 “
1480 997 1621 1035 coaetus
1638 997 1694 1033 est.
1742 996 1905 1034 Tandem
1929 1008 2040 1045 quum
2063 997 2246 1043 tempestas
2269 995 2326 1032 illa
2347 996 2531 1042 paululum
2544 996 2592 1034 se-

1431 1049 1455 1064 “
1480 1047 1557 1083 data
1580 1047 1693 1087 foret,
1720 1045 1839 1084 denuo
1870 1046 2005 1083 easdem
2042 1045 2209 1087 excudit,
2235 1046 2377 1081 mutatis
2409 1044 2589 1092 pauculis,

1431 1098 1456 1114 ‘⁶
1482 1095 1602 1132 inultis
1619 1095 1744 1131 additis
1756 1095 1982 1144 quorundam
2003 1094 2109 1131 Sestae
2126 1106 2251 1131 eorum
2271 1093 2442 1139 consili03
2465 1097 2593 1140 Gagneio

1429 1148 1453 1162 ‘⁶
1478 1145 1619 1182 interim
1639 1147 1772 1186 l’z'carto,
1791 1145 1827 1181 δε
1839 1147 2034 1179 Gaiancurtio
2051 1143 2341 1190 obstrepentibus.
2370 1142 2510 1191 Magno
2524 1153 2592 1190 poa

1431 1197 1455 1212 “
1480 1194 1548 1231 stea
1567 1193 1708 1235 labore,
1727 1192 1869 1230 summis
1888 1192 2015 1241 vigiliis
2028 1220 2037 1235 ,
2062 1192 2227 1240 singulari
2245 1187 2442 1229 attentione
2458 1192 2589 1234 animi,

1430 1245 1455 1261 “
1479 1254 1556 1292 quae
1577 1253 1622 1279 ex
1642 1243 1787 1286 francisco
1812 1242 1853 1289 [c]
1883 1242 2021 1283 Varablo,
2060 1242 2209 1278 homine
2231 1242 2269 1277 in
2297 1240 2479 1278 Hebraicis
2498 1240 2590 1277 litte-

1429 1295 1455 1310 “
1480 1294 1526 1328 ris
1546 1288 1776 1339 peritissimo,
1802 1290 1997 1328 Professore
2022 1290 2161 1338 Regio,
2184 1289 2589 1337 exceperantauditores

1429 1344 1453 1360 ‘¹⁵
1478 1340 1593 1382 dosii,
1625 1339 1773 1388 collegit
1789 1341 1826 1376 in
1846 1352 1958 1377 unum
1978 1339 2161 1376 Volumen
2177 1368 2185 1380 ‚
2208 1337 2445 1385 adjettanova
2457 1338 2592 1375 Bibli02²

1428 1393 1453 1408 “
1482 1402 1559 1426 rum
1579 1388 1763 1425 tralatione
1779 1401 1798 1426 e
1817 1392 1964 1436 regione
1984 1390 2119 1425 veteris.
2148 1387 2252 1435 Opus
2273 1388 2346 1424 hoo
2364 1399 2459 1424 anno
2483 1399 2587 1433 1545.

1428 1442 1453 1457 ‘⁶
1477 1438 1676 1476 absolutum
1694 1439 1767 1475 fuit.
1816 1437 1856 1475 Id
1880 1438 1994 1474 statim
2018 1436 2219 1474 dofflffimis
2245 1437 2439 1486 quibusque
2467 1435 2589 1474 Colle·

1428 1491 1453 1506 “
1476 1490 1526 1537 gii
1543 1489 1788 1525 communicat
1800 1498 1808 1523 z
1820 1489 2008 1524 remittunt
2020 1514 2030 1529 ,
2045 1486 2133 1522 salva
2146 1487 2267 1522 omnia
2281 1485 2346 1523 esse
2362 1488 2471 1527 aiunt,
2488 1485 2590 1533 quod

1428 1540 1453 1555 ‘⁶
1479 1548 1555 1574 non
1571 1537 1682 1574 statim
1700 1535 1784 1573 mali
1797 1535 1884 1584 quid
1906 1547 1951 1572 ex
1967 1536 2084 1570 Vatabli
2096 1535 2305 1572 lectionibus
2324 1535 2468 1582 publice
2486 1535 2589 1572 subo.

1428 1589 1452 1603 “
1477 1588 1627 1623 riturum
1646 1585 1840 1622 crederent.
1890 1584 2127 1622 Multitamen
2147 1584 2274 1621 deinde
2293 1585 2471 1621 commoti
2492 1583 2588 1620 diffl-

1426 1638 1453 1653 “
1477 1642 1552 1672 tant
1565 1645 1644 1672 non
1665 1641 1835 1682 oportere
1853 1633 1943 1671 ultra
1958 1631 2228 1671 disti-ahsBiblia
2248 1634 2307 1670 ista
2326 1644 2408 1669 cum
2428 1632 2590 1671 Annota.

1426 1687 1451 1701 ‘⁶
1476 1685 1655 1721 tionibus:
1679 1683 1771 1720 clam
1793 1681 2006 1720 anonnullis
2026 1683 2141 1719 minus
2164 1683 2341 1730 improbis
2361 1682 2586 1724 admonetur,

1427 1735 1453 1752 Π
1475 1740 1514 1770 ut
1532 1732 1594 1769 sibi
1609 1739 1730 1770 caveat
1749 1732 1786 1768 &
1810 1731 2009 1779 prospiciat.
2042 1730 2221 1769 Profestus
2246 1733 2365 1780 itaque
2396 1732 2432 1767 in
2459 1730 2589 1769 Aulam

1428 1785 1453 1801 “
1482 1782 1607 1831 Regis,
1633 1781 1712 1830 post
1733 1781 1893 1818 oblatum
1910 1779 1974 1828 ipsi
1989 1779 2492 1831 EtfibiiVolumenNGraecum,
2522 1782 2588 1817 cir-

1428 1834 1452 1852 ⁶‘
1477 1833 1564 1869 citer
1587 1838 1689 1876 1546.
1719 1832 1817 1879 (quo
1829 1837 1994 1878 tempore
2011 1828 2260 1867 &Psalterium
2277 1830 2319 1866 ab
2337 1828 2401 1866 illo
2421 1830 2588 1867 excusum

1427 1884 1451 1899 “
1477 1881 1549 1925 est)
1563 1880 1765 1917 *admonuit
1783 1883 1904 1914 Petrum
1931 1878 1981 1925 [d]
2009 1878 2221 1922 Cqstellimunh
2243 1885 2329 1915 tunc
2347 1879 2589 1922 Matisconenftm

1428 1933 1453 1951 “
1477 1929 1693 1977 Episcopum
1709 1956 1719 1970 ,
1745 1928 1900 1965 futurum
1914 1934 1953 1964 ut
1971 1928 2069 1964 brevi
2089 1926 2275 1976 Theologi
2287 1927 2516 1974 persuadeant
2529 1927 2588 1965 vel

1428 1982 1450 2004 “
1476 1978 1590 2017 Curiae
1608 1978 1666 2014 vel
1692 1977 1798 2014 Urbis
1819 1976 2004 2018 praefer-to,
2036 1982 2075 2012 ut
2095 1975 2256 2014 venditio
2285 1975 2483 2014 Bibliorum
2501 1988 2590 2014 cum

1426 2031 1450 2045 ‘⁶
1477 2027 1776 2077 Annotationi'bus
1804 2025 1867 2074 ipsi
1898 2024 2176 2062 interdiceretur.
2244 2025 2369 2072 Quum
2398 2025 2589 2063 hominem

1502 2077 1553 2113 lus
1575 2077 1650 2113 satis
1670 2075 1836 2113 timidum
1854 2074 2006 2116 videret,
2027 2074 2114 2122 quid
2134 2076 2171 2111 in
2188 2073 2253 2112 hac
2270 2087 2308 2111 re
2320 2073 2456 2111 consilii
2476 2073 2589 2117 daret,

1427 2129 1450 2143 ‘⁶
1477 2127 1655 2166 dubitare,
1680 2125 1771 2161 dixit
1790 2125 1822 2162 se
1837 2124 1988 2160 libenter
2001 2122 2246 2170 impressurum
2263 2124 2307 2160 ad
2321 2123 2468 2165 calcem,
2489 2126 2590 2172 quic..

1425 2178 1450 2192 ‘⁵
1475 2174 1563 2223 quid
1591 2187 1609 2211 a
1629 2173 1829 2221 Theologis
1848 2174 1922 2209 vitii
1948 2171 2206 2219 deprehensum
2233 2172 2331 2214 esset,
2357 2172 2485 2218 adjecta
2503 2184 2589 2210 cen-

1427 2226 1450 2268 5‘
1474 2224 1559 2260 sura.
1608 2222 1743 2261 Placuit
1762 2221 1968 2262 consilium,
1989 2222 2093 2257 etiam
2113 2221 2222 2269 Regi,
2249 2224 2310 2270 qui
2330 2233 2420 2259 mox
2434 2223 2589 2266 Castelhmo

1424 2276 1448 2293 “
1475 2275 1680 2320 imperavit,
1715 2278 1753 2308 ut
1769 2271 1829 2308 suo
1846 2272 1994 2307 nomine
2012 2269 2177 2306 scriberet
2189 2270 2409 2319 Theologis,
2436 2277 2476 2307 ut
2487 2270 2588 2319 quod

1424 2324 1447 2339 “
1473 2333 1550 2358 non
1564 2322 1718 2369 placeret
1734 2319 1875 2361 Bibliis,
1898 2317 2038 2355 seorsim
2059 2326 2292 2362 annotarent,
2314 2322 2436 2357 onmia
2466 2321 2587 2367 postea

1425 2374 1447 2388 ‘⁶
1472 2370 1610 2414 Stephano
1630 2370 1809 2407 traderent
1837 2367 2085 2415 imprimenda.
2132 2368 2261 2405 Scribit
2280 2370 2456 2412 castellanus.
2518 2369 2588 2407 Ta..

1423 2423 1447 2437 ‘⁶
1475 2418 1573 2456 mersi
1594 2419 1666 2455 hoc
1688 2419 1719 2455 se
1745 2418 1895 2454 facturos
1914 2415 2139 2463 recepill'ent,
2163 2417 2253 2454 nihil
2270 2425 2391 2455 tamen
2412 2418 2584 2456 effectum.

1424 2471 1448 2487 ‘⁵
1474 2468 1574 2514 Quin
1588 2470 1707 2516 potius
1722 2468 1828 2504 astute
1844 2468 1976 2502 interea
1995 2465 2182 2502 sollicitant
2192 2465 2406 2516 Theologos
2424 2470 2589 2502 Lemnien-

1424 2521 1446 2536 “
1465 2517 1508 2562 fies
1522 2542 1533 2559 ,
1555 2525 1595 2554 ut
1614 2529 1652 2554 ea
1669 2516 1829 2554 Bibliain
1850 2516 1948 2552 suurn
1965 2513 2180 2562 Catalogum
2205 2514 2398 2552 Librorum
2417 2516 2586 2563 suspetto-

1422 2569 1445 2585 “
1473 2578 1552 2603 rum
1572 2567 1607 2602 &
1625 2567 1873 2603 haereticorum
1903 2563 2113 2600 infarcirent.
2151 2563 2336 2612 Rescripsit
2359 2565 2403 2601 ad
2423 2565 2586 2603 Theolo-

1424 2619 1447 2633 “
1471 2627 1537 2663 gos
1562 2616 1742 2661 castell-mus.
1788 2613 1913 2651 Vetuit
1941 2612 2019 2649 Rex
2043 2613 2201 2660 imprimi
2232 2613 2453 2655 Lovanienfium
2484 2614 2586 2652 Cata..

1423 2667 1446 2683 “
1471 2665 1609 2713 logum.
1659 2663 1835 2701 Hortante
1859 2664 1986 2698 iterum
2002 2668 2106 2708 atque
2125 2662 2251 2701 iterum
2267 2662 2421 2707 castellano
2441 2663 2587 2702 tandem

1424 2716 1448 2732 ‘⁶
1473 2714 1609 2756 coam,
1633 2711 1839 2761 quindecim
1871 2711 1974 2747 locos
2000 2721 2019 2746 a
2045 2710 2077 2746 se
2113 2711 2372 2748 animadversos
2406 2712 2587 2750 miserunt.

1426 2766 1449 2781 “
1474 2762 1578 2808 Quos
1600 2762 1765 2806 castellanus
1786 2771 1868 2797 cum
1887 2762 2015 2803 Gagneio
2030 2757 2181 2796 collatos
2191 2759 2323 2797 remisit
2339 2772 2420 2797 cum
2431 2760 2586 2809 Epistola

1423 2815 1446 2831 “
1473 2812 1517 2848 de
1548 2809 1736 2859 castigandi
1758 2811 1895 2845 ratione
1927 2808 1962 2843 ἃ
1989 2806 2138 2844 utilitate
2172 2807 2477 2852 Aiinotationum,
2508 2822 2586 2859 quae

1423 2864 1446 2879 “
1474 2872 1551 2897 non
1581 2871 1705 2908 parum
1726 2870 1788 2894 eos
1813 2857 1945 2894 urebat.
2018 2855 2118 2897 Rex,
2138 2856 2238 2894 misso
2257 2865 2312 2896 26.
2336 2858 2430 2894 Ofieb.
2453 2858 2586 2906 Diplo-

1423 2913 1446 2929 “
1473 2916 1585 2951 mate,
1612 2909 1738 2945 additis
1751 2908 1855 2944 minis
1866 2905 2051 2952 praecepit,
2075 2912 2115 2942 ut
2138 2907 2176 2942 in
2198 2906 2416 2944 absolutione
2430 2908 2586 2944 censura-

1425 2962 1449 2977 “
1475 2970 1553 2994 rum
1570 2964 1735 3006 pergant,
1766 2957 1868 3004 eique
1881 2954 2240 3001 dentimprimendas.
2267 2955 2404 2992 Tamen
2420 2957 2587 3005 neglexe-

1424 3011 1448 3026 “
1471 3014 1562 3044 runt.
1613 3006 1717 3045 Obiit
1738 3006 1870 3041 interea
1895 3001 1934 3048 [e]
1961 3001 2040 3039 Rex
2067 3001 2335 3041 Fammscu
2350 3016 2383 3041 s:
2410 3007 2466 3042 cui
2486 3005 2587 3044 Hex-

1424 3060 1447 3076 “
1470 3067 1609 3093 arcus
1630 3056 1720 3092 tilius
1741 3052 1928 3090 succedens
1948 3062 2026 3086 ann.
2058 3063 2161 3097 1547.
2192 3059 2243 3089 16.
2274 3057 2353 3099 Aug.
2388 3055 2506 3101 primo
2536 3055 2586 3092 sui

1426 3109 1449 3124 “
1472 3107 1574 3152 regni
1594 3115 1688 3141 anno
1707 3101 1795 3150 jussit
1811 3099 1911 3137 misso
1933 3098 2145 3146 Diplomate
2163 3100 2377 3149 Theologos
2407 3103 2587 3141 absolvere

1431 3158 1454 3173 “
1480 3153 1659 3191 Censuras.
1712 3149 1943 3198 Respondent
1967 3148 1998 3184 se
2022 3149 2175 3186 daturos
2204 3150 2342 3198 Regem
2357 3152 2585 3189 frustrantur:

1423 3207 1446 3221 ‘⁶
1471 3214 1537 3251 pro
1557 3201 1708 3238 articulis
1732 3200 1880 3236 atterunt
1902 3196 2062 3233 libellum
2083 3197 2294 3245 supplicem,
2320 3212 2393 3249 quo
2419 3200 2583 3238 interdici

1423 3255 1446 3273 “
1475 3251 1614 3295 Stephano
1643 3249 1850 3286 venditione
1882 3244 2078 3283 Bibliorum
2114 3248 2356 3294 postulabant,
2396 3256 2586 3296 propterea

1426 3305 1449 3320 “
1475 3300 1575 3349 quod
1595 3297 1677 3337 esset
1703 3297 1999 3334 Sacrameiitarius
2013 3322 2022 3336 ,
2051 3294 2297 3345 scripfiffetque
2317 3297 2439 3335 inillis
2452 3300 2585 3335 animas

1425 3353 1448 3368 “
1475 3349 1540 3386 else
1560 3347 1737 3393 mortales
1795 3343 1981 3391 Theologi
2005 3343 2159 3392 denique
2180 3357 2225 3383 ex
2256 3346 2425 3395 Collegio
2458 3347 2585 3384 decem

1425 3402 1450 3417 ‘⁶
1477 3396 1644 3433 Novembri
1672 3394 1789 3432 mense
1822 3392 1866 3430 ad
1900 3390 2108 3429 Praetorium
2136 3394 2367 3442 Foiitisbellaquae
2396 3395 2585 3432 advenien-

1426 3450 1450 3465 “
1478 3453 1529 3482 tes
1549 3473 1558 3487 ,
1584 3445 1767 3492 aegerrime
1802 3440 2027 3488 protulerunt
2063 3447 2121 3487 46.
2161 3440 2215 3490 [f]
2260 3443 2449 3481 Armenios,
2511 3443 2584 3481 Illis

1425 3499 1447 3541 ‘f
1473 3494 1681 3542 stephanoque
1714 3491 1838 3528 auditis
1858 3516 1868 3532 2
1896 3488 2119 3526 interdictum
2147 3492 2193 3527 est
2219 3491 2335 3538 palam
2351 3520 2360 3534 ,
2401 3504 2446 3529 ne
2462 3491 2586 3529 Theo-

1426 3547 1451 3562 “
1474 3542 1551 3590 logi
1598 3544 1650 3588 jus
1689 3540 1777 3578 illud
1796 3566 1806 3581 ,
1859 3538 1958 3586 quod
2014 3536 2272 3586 Episcoporum
2315 3547 2412 3582 erat,
2464 3542 2586 3578 censo-

1426 3595 1449 3610 “
1474 3593 1565 3628 rium
1598 3590 1661 3627 fibi
1688 3591 1724 3626 in
1758 3589 1902 3625 materia
1942 3585 2024 3623 fidei
2060 3588 2274 3634 usurparent.
2347 3587 2514 3637 Episcopi
2548 3592 2586 3627 in

1426 3644 1448 3660 ‘⁶
1473 3636 1625 3676 articulis
1649 3638 1699 3676 nil
1728 3636 1814 3675 mali
1838 3637 2079 3679 invenerunt,
2113 3645 2347 3686 praeterquam
2384 3637 2522 3675 fortaise
2549 3640 2587 3675 in

2436 3689 2459 3703 ‘6
2537 3688 2543 3693 ⁶

1424 3739 1525 3771 Tpogr.
1549 3744 1611 3772 pag.
1625 3743 1688 3769 291.
1711 3733 1800 3769 Histor-
1821 3730 1968 3761 Suriam.
1985 3740 2085 3768 p.144.
2108 3731 2192 3768 usque
2207 3731 2243 3761 ad
2254 3741 2315 3768 15⁹·
2358 3733 2399 3768 [e]
2430 3698 2589 3764 ΡκΑῇιέιιέζ

1452 3774 1508 3809 egis
1528 3772 1674 3809 Elogiuni‚
1697 3771 1830 3801 Taurino
1858 3771 1885 3798 8<
1916 3770 2022 3798 Bur-io
2050 3769 2236 3806 Scriptoribus
2251 3791 2260 3804 ,
2281 3770 2343 3808 lege
2366 3771 2393 3799 in
2415 3771 2501 3806 Hislor.
2521 3772 2590 3800 Srn.

1424 3819 1516 3839 enan.
1536 3820 1562 3848 p.
1578 3819 1620 3845 5²-
1637 3819 1679 3845 53.
1694 3819 1737 3844 54.
1753 3818 1796 3844 ςς.
1836 3807 1891 3843 [f]
1913 3805 1971 3836 Hos
1993 3806 2124 3836 articulos
2144 3814 2290 3837 enumerat
2307 3807 2367 3838 Rob.
2390 3808 2535 3839 Statum.
2556 3810 2586 3837 in

1424 3847 1534 3885 Respons.
1549 3852 1583 3876 aa
1596 3847 1697 3883 Censnr.
1710 3856 1736 3882 p.
1750 3855 1795 3882 ⁴4·
1812 3844 1848 3874 ad
1859 3854 1886 3881 p.
1902 3853 1962 3881 107.
