2600 4177
436 150 465 185 C
562 151 590 185 A
688 150 720 185 U

61 229 157 296 Tsptari
169 231 294 297 causan?
327 231 385 260 Cic.
399 240 423 266 ς.
437 231 512 261 Fam.
527 237 568 268 17.
590 231 970 269 Utpotuiaccuratisfimete
982 240 1113 272 tuamque
1121 245 1184 265 cau-

94 273 137 297 am
150 272 253 298 tutatus
276 274 330 298 um.

63 305 160 334 Valere
169 307 248 335 causa
258 307 358 335 dicitur
372 327 381 338 ,
402 305 473 341 Quae
484 305 522 334 est
534 305 663 345 superior.
689 305 773 336 Ovid.
787 313 812 340 8.
834 308 902 338 Met.
918 319 959 345 59.

64 342 173 372 Versare
183 343 274 372 causas
286 345 313 372 in
328 343 447 377 judiciis.
483 344 539 372 Cic.
554 345 583 372 in
595 345 672 372 Orat.
687 352 730 380 31.
761 345 826 375 Non
847 354 878 375 ut
899 347 927 376 in
939 347 1052 383 judiciis
1066 345 1184 376 versaret

85 380 176 409 causas
190 403 196 415 ,
219 381 265 410 sed
277 388 307 410 ut
317 381 344 409 in
356 380 472 409 historiis
483 380 556 410 bella
567 388 695 411 narraret.
744 400 747 402 -

65 417 182 446 Vincere
194 418 309 447 causam.
333 418 416 447 Ovid.
432 422 472 447 16.
488 419 571 456 Epist.
583 428 627 455 75.
1136 455 1137 458 Ἴ

65 455 139 484 vivit
150 455 236 484 causa.
258 456 315 484 Cic.
329 461 380 493 pr'o
389 456 463 484 Sext.
477 460 522 489 68.
544 456 597 485 Res
607 462 664 485 erat
677 457 702 485 Sc
713 456 791 486 causa
800 458 889 487 nostra
902 469 935 488 eo
946 459 998 492 iam
1009 458 1075 493 loci,
1093 458 1187 487 uteri-

82 500 147 529 gere
158 493 255 522 oculos
267 495 293 522 ἃ
306 495 399 522 vivere
408 494 554 523 videretur.
591 493 704 523 Causam
717 498 893 530 fcemvoonioe
905 497 996 526 vivere
1012 497 1100 525 dixit:
1122 497 1187 533 quia

82 537 163 596 ειπερ
176 537 306 568 tanquam
324 538 433 560 mortua
448 539 505 561 erat
516 542 548 561 ac
557 533 666 568 jacebat
684 554 691 567 ,
713 542 800 568 quum
820 534 970 564 commode
993 534 1108 564 defendi
1127 543 1186 563 nori

84 577 121 605 po
145 574 181 597 et.

65 605 163 635 Vocari
175 605 282 635 causam
295 606 322 634 in
336 606 479 640 iudicium.
503 607 563 637 Cic.
577 618 600 636 1.
615 608 651 636 de
665 607 742 636 Orat.
756 616 819 640 24¹·

65 642 149 673 Causa
159 643 241 672 etiam
252 653 302 681 pro
316 643 449 673 Praetextu
469 646 590 682 ponitur.
613 645 678 674 Caes.
697 654 721 681 3.
733 645 800 675 Bell.
814 645 892 674 Civil.
906 649 950 680 76.
973 646 1190 684 Equitatumque

84 690 136 719 per
147 681 255 710 causam
266 681 400 711 emissum.
442 682 475 712 Et
486 693 546 720 cap.
558 689 602 720 87.
627 686 725 712 Annon
737 683 849 712 audistis
860 694 894 712 ex
908 685 947 718 iis,
961 686 1007 720 qui
1017 694 1066 722 per
1078 685 1187 714 causam

83 718 254 748 valetudinis
264 719 461 749 remanserunt.
503 721 536 750 Et
553 728 573 749 r.
593 720 658 750 liell.
672 720 741 749 Gall.
755 730 797 756 39.
831 721 905 750 Alius
917 743 925 756 ,
947 722 999 751 alia
1017 723 1097 752 causa
1114 722 1189 751 illata

83 756 206 795 petebat.
247 756 324 785 Suet.
337 756 402 786 Caes.
416 767 476 796 cap.
489 767 514 787 2.
538 759 667 797 Repetita
679 758 825 795 Bithynia,
847 769 897 796 per
917 759 1023 788 causam
1041 759 1187 797 exigendis=

82 795 218 861 pgguniae.
258 794 293 823 Et
303 795 331 823 in
343 795 449 825 Othon.
463 800 524 834 ¹cap.
542 807 564 833 3.
601 797 632 826 ln
653 796 785 826 omnibus
803 797 926 826 hislocis
940 797 989 826 Per
1000 797 1108 828 causam
1120 819 1129 833 ,
1151 798 1189 827 est

171 838 293 861 raetexm.
574 861 580 862 .

65 842 168 904 Causap,
190 870 343 905 Negotium
355 892 363 904 ,
385 879 456 900 onus
466 893 473 907 ,
495 871 647 910 provincia.
681 870 766 900 Plaut.
785 872 855 902 Asin.
875 881 898 910 3.
920 881 942 902 1.
961 881 1003 907 17.
1030 872 1133 903 Omnis
1150 872 1189 902 sa-

83 906 166 937 miliae
178 907 257 936 causa
270 908 390 937 consistit
400 908 459 938 tibi.

63 945 137 976 Dare
148 945 257 975 causam
272 946 354 975 alicui
367 968 374 980 ‚
396 956 447 983 pro
461 947 615 983 Negotium
627 945 701 976 dare.
743 947 802 976 Cic.
820 957 843 982 5·
858 947 934 977 Verr.
952 957 1013 984 170.
1046 948 1117 978 Cum
1131 948 1187 977 hoc

82 983 151 1012 mihi
162 983 283 1020 primum
297 983 408 1013 Halesia:
422 984 680 1013 demonstravitctc.
705 984 846 1014 Halesinus
863 985 962 1015 lEneas
973 1008 980 1020 ,
1002 987 1046 1015 cui
1069 987 1186 1016 Senatus

84 1020 198 1050 dederat
210 1021 323 1058 publice
335 1021 460 1057 causam,
481 1029 512 1051 ut
522 1022 590 1051 mihi
601 1022 730 1060 fratrique
742 1032 806 1052 meo
817 1025 915 1060 gratias
926 1031 1026 1061 ageret.
1049 1028 1101 1062 Luy
1110 1026 1186 1051 avoir

82 1058 152 1086 baiHe‘
164 1058 251 1094 charge
265 1059 298 1091 ύ-
310 1058 463 1095 commiffion.

64 1095 199 1127 Mandata
210 1096 293 1126 alicui
303 1095 390 1126 causa.
423 1097 440 1127 i.
457 1107 482 1127 e.
505 1097 665 1127 Commissa.
686 1098 771 1127 Ovid.
786 1107 811 1133 7.
824 1098 892 1127 Met.
909 1110 971 1134 ςος.

64 1133 177 1202 Ρὸδῌὲει
194 1135 282 1202 caugal.
318 1135 336 1164 i.
349 1144 374 1164 e.
396 1135 548 1173 Negotium
569 1136 714 1174 publicum
725 1157 734 1171 ,
755 1136 799 1166 vel
820 1138 913 1174 potius
936 1137 1050 1167 Publica
1068 1137 1182 1167 utilitas.

113 1182 139 1201 v1
163 1195 168 1202 .
186 1182 229 1202 12.
281 1179 317 1202 et.
331 1182 375 1208 29.

64 1209 166 1240 Curare
179 1209 254 1240 suam
272 1210 380 1240 causam
393 1232 401 1246 ‚
423 1221 482 1240 non
500 1211 538 1241 rei
563 1210 678 1247 ublicae,
700 1211 717 1240 i.
731 1221 756 1241 e.
778 1211 864 1241 Suum
885 1213 1088 1249 commodum,
1108 1211 1186 1242 suam

83 1248 219 1286 privatam
234 1249 384 1278 utilitatem
398 1271 406 1284 ‚
429 1259 486 1278 non
500 1259 537 1287 pu
560 1249 652 1280 licam.
676 1249 734 1278 Cic.
747 1255 772 1282 8.
783 1249 857 1279 Fam.
874 1261 897 1286 ς.
912 1251 939 1279 in
952 1250 1016 1280 fine.

63 1283 145 1317 Exire
159 1287 292 1316 excausa.
331 1287 388 1316 Cic.
401 1293 427 1321 8.
439 1287 514 1316 Fam.
528 1291 553 1316 6.
575 1288 629 1317 Sed
640 1288 770 1325 expeiftes
789 1289 1029 1324 quemadmodum
1048 1294 1129 1318 exeat
1148 1297 1185 1317 rex

82 1323 134 1353 hac
143 1324 232 1354 causa.
254 1325 272 1354 i.
287 1334 311 1354 e.
335 1324 374 1353 Ex
389 1324 444 1354 hoc
460 1326 576 1362 negotio
588 1347 596 1361 ,
618 1335 653 1355 ex
673 1325 848 1356 accusatione
864 1327 958 1365 Appii.
982 1327 1018 1357 de
1038 1325 1186 1357 Dolabella

81 1361 222 1399 loquitur,
243 1363 289 1400 qui
305 1363 425 1400 Appium
441 1363 589 1393 accusarat..

61 1399 170 1437 Integra
181 1400 269 1430 causa.
291 1400 348 1430 Cic.
364 1410 387 1429 1.
405 1400 481 1431 Fam.
496 1411 521 1437 ς.

60 1437 204 1475 Deposita.
234 1438 313 1468 Idem
325 1438 440 1468 ibidem.

62 1476 92 1506 Si
101 1476 151 1505 tibi
162 1476 261 1506 eadem
271 1477 351 1506 causa
359 1477 406 1506 est.
447 1476 506 1507 Cic.
519 1482 546 1511 8.
561 1476 614 1508 Att.
630 1487 654 1507 1.
665 1482 735 1508 extr.
757 1476 803 1508 Tu
814 1498 823 1512 ,
844 1478 863 1507 fi
873 1478 925 1508 tibi
937 1478 1036 1508 eadem
1046 1477 1183 1515 causaest,

82 1520 127 1543 me
141 1518 318 1544 remunerere
332 1514 395 1544 sane
409 1515 502 1545 velim.
863 1537 866 1538 ν

62 1552 148 1591 Agere
160 1552 278 1582 eandem
287 1552 396 1582 causam
406 1575 415 1589 ,
435 1553 454 1582 i.
466 1563 490 1583 e.
513 1553 583 1583 Rem
591 1553 710 1584 eandem
718 1555 841 1584 tractare.
863 1553 922 1584 Cic.
938 1564 963 1583 2.
975 1554 1010 1584 de
1021 1554 1086 1585 Nat.
1099 1554 1184 1584 Deor.

64 1622 69 1629 '
87 1592 146 1624 i68.
167 1590 213 1620 Tu
228 1598 321 1620 autem
329 1590 410 1620 Cotta
422 1613 430 1626 ,
450 1591 469 1620 si
480 1601 526 1621 me
542 1592 638 1621 audias
649 1613 657 1626 ,
676 1592 797 1621 eandem
807 1592 916 1621 causam
926 1602 998 1630 agas.

63 1627 158 1664 Causa,
167 1638 218 1666 pro
229 1629 314 1658 Causa
325 1630 542 1665 conjunetionis,
552 1630 681 1660 amicitiae
690 1652 698 1665 ,
714 1630 926 1659 benevolentiae.
951 1630 1009 1660 Cic.
1021 1640 1072 1668 pro
1082 1630 1183 1668 Quint.

81 1671 128 1702 48.
151 1667 193 1696 Ad
207 1667 400 1697 vadimonium
410 1677 468 1696 non
479 1674 611 1703 venerat,
632 1675 664 1697 ut
673 1668 713 1697 ais
723 1690 731 1703 ‚
752 1669 775 1698 is
792 1669 905 1706 quicum
919 1669 970 1697 tibi
983 1669 1100 1698 affinitas
1114 1690 1122 1703 ,
1143 1668 1185 1698 so-

79 1705 166 1734 cietas
176 1726 185 1740 ,
208 1715 306 1735 omnes
318 1706 441 1742 denique
452 1705 539 1735 causa:
549 1708 575 1736 &
589 1706 805 1735 necessitudines
816 1714 922 1736 veteres
932 1707 1154 1737 intercedebant.

62 1742 149 1773 Causa
160 1743 244 1774 etiam
255 1744 388 1774 Morbum
401 1744 540 1781 significat.
562 1743 670 1774 Tibull.
684 1754 709 1774 1.
725 1754 751 1780 9.
769 1754 811 1780 5¹·

255 1798 292 1803 —-
302 1792 360 1811 non
369 1781 409 1811 illi
422 1782 530 1812 sontica
538 1781 626 1811 causa.
710 1782 727 1812 i.
741 1791 764 1812 e.
785 1782 917 1812 Sonticus
931 1782 1053 1812 morbus.
1109 1782 1185 1819 [lm-

80 1828 128 1848 mo
137 1819 251 1849 Sontica
264 1819 342 1850 causa
352 1820 389 1849 est
398 1819 473 1855 Justa
485 1821 510 1850 Sc
522 1820 659 1857 Legitima
674 1820 754 1850 causa
765 1842 773 1856 ,
796 1827 827 1850 ut
837 1822 911 1850 recte
921 1821 988 1849 olim
999 1820 1128 1858 exposuit
1139 1821 1184 1850 Pe-

78 1862 138 1886 'trus
149 1857 272 1887 Crinitus
283 1859 319 1887 de
331 1858 404 1887 Hon.
420 1858 485 1888 disc.
502 1857 576 1895 l.25.
593 1867 616 1888 c.
633 1867 676 1887 10.
717 1858 749 1888 V.
770 1857 870 1896 Scalig.
889 1861 914 1889 &
926 1858 1061 1889 Broeckh.
1077 1859 1111 1888 ad
1127 1857 1182 1890 loc.

80 1897 108 1925 δι
119 1895 249 1925 sonticus
262 1896 290 1925 in
307 1906 371 1925 son
382 1906 403 1926 s.
725 1926 727 1928 ,
944 1921 947 1923 -

61 1932 157 1968 Causa,
177 1943 227 1971 pro
239 1933 431 1964 Excusatione.
451 1939 498 1969 ut,
520 1930 654 1972 Accipere
666 1932 785 1970 causam,
804 1933 881 1972 quod
890 1934 988 1972 vulgus
1000 1931 1185 1964 dicitHabere

78 1981 131 2012 pro
141 1971 282 2001 excusato.
309 1972 366 2001 Cic.
381 1976 422 2002 16.
436 1971 512 2002 Fam.
526 1981 569 2009 19.
582 1972 611 2003 Si
621 1971 658 2002 ob
667 1982 730 2002 eam
739 1982 798 2002 rem
807 1973 931 2009 moraris,
943 1973 1053 2012 accipio
1062 1972 1182 2003 causam.

59 2008 172 2039 Affeire.
213 2010 245 2039 In
266 2019 286 2039 A
298 2021 311 2039 r
322 2021 334 2039 r
345 2019 418 2040 RR'O.

17 2061 18 2064 =
62 2046 209 2083 Colligere.
251 2047 283 2077 ln
305 2057 483 2077 corciaco.

61 2084 106 2115 Est
120 2086 170 2114 tibi
185 2085 265 2115 causa
276 2086 311 2115 de
325 2086 376 2116 hac
397 2096 433 2116 re.
473 2084 538 2115 Ter.
552 2085 622 2116 Hec.
633 2096 660 2121 4.
674 2096 700 2121 4.
717 2093 742 2123 3.
764 2086 783 2116 i.
794 2096 821 2116 e.
843 2085 936 2116 Habes
951 2095 1006 2123 quo
1018 2092 1047 2116 te
1055 2085 1181 2116 excuses.

81 2123 112 2152 ln
125 2123 200 2153 hunc
210 2123 305 2153 locum
319 2124 445 2154 Donatus
457 2123 526 2153 dicit
538 2145 546 2158 ,
568 2124 683 2154 Causam
694 2134 771 2154 more
784 2124 831 2154 suo
843 2134 893 2163 pro
903 2124 1069 2154 Defenfione
1078 2123 1180 2163 posuit.

60 2159 185 2198 Fingere.
226 2162 339 2192 Terent.
354 2162 422 2192 Eun.
437 2173 459 2191 1.
472 2171 499 2192 2.
515 2167 559 2198 58.
580 2162 674 2200 Fingit
683 2162 794 2199 causas,
814 2172 850 2193 ne
858 2163 909 2192 det
921 2184 930 2199 ,
951 2161 1059 2193 sedulo.

59 2194 170 2229 Inferre.
211 2199 243 2229 ln
263 2210 273 2228 1
281 2210 303 2229 N
314 2211 327 2229 r
338 2210 351 2229 Β
361 2210 377 2229 R
388 2211 414 2230 o.

59 2236 188 2267 Nectere.
210 2237 284 2275 virg.
294 2247 322 2274 9.
335 2238 398 2268 AEn.
409 2247 473 2273 219.

11 2302 13 2305 ,
60 2274 190 2305 morandi
200 2276 294 2306 causas
306 2276 456 2306 innectere.
478 2276 552 2315 Virg.
567 2287 593 2313 4.
612 2275 675 2308 AEn.
692 2285 736 2313 51.

0 4013 17 4063 ft

59 2312 199 2344 Meditari.
240 2314 272 2344 lsi
292 2325 314 2344 M
323 2324 337 2343 E
347 2324 416 2344 1³11·
425 2324 442 2344 ο
452 2324 478 2344 R.

61 2350 221 2382 Obtendere
231 2352 302 2388 fugae
315 2352 415 2382 causas.
438 2352 529 2382 Tacit.
544 2353 586 2385 ιέ.
601 2352 670 2382 Ann.
687 2362 729 2382 12.

48 2388 145 2419 ‘causa
157 2411 165 2424 ,
185 2390 309 2420 Occasio.
331 2391 363 2420 ut
375 2390 460 2420 Causa
471 2391 611 2428 adempta.
650 2390 716 2420 Ter.
730 2387 799 2419 And.
815 2400 838 2425 ς.
855 2399 879 2419 x.
894 2393 937 2425 1¹8.
968 2387 1023 2420 Ubi
1034 2399 1070 2421 ‘ea
1078 2389 1181 2427 causa,

77 2427 258 2465 quamobrem
270 2428 329 2458 haec
340 2428 447 2458 faciunt
455 2430 508 2459 erit
520 2430 651 2466 adempta
663 2428 705 2458 his
717 2450 725 2465 ‚
745 2428 880 2458 desinent.

10 2486 14 2492 -
59 2465 194 2504 Arripere.
218 2467 246 2496 ln
268 2476 433 2496 Aauiero.

6 2501 23 2511 ”
59 2504 184 2542 Arripere
205 2504 313 2534 causam
333 2506 359 2534 ἃ
376 2511 498 2542 tempus.
542 2503 601 2534 Cic.
618 2515 642 2540 ς.
662 2504 738 2534 Fam.
752 2513 793 2533 12.
822 2504 878 2534 Sed
900 2504 936 2533 ad
953 2504 1181 2542 properationem

74 2549 166 2572 meam
176 2543 309 2580 quiddam
321 2543 442 2578 interest,
464 2549 522 2571 non
535 2547 563 2571 te
574 2543 722 2580 expectare
733 2542 801 2572 dum
810 2542 845 2572 ad
856 2542 952 2573 locum
963 2543 1068 2578 venias,
1087 2552 1120 2573 ac
1129 2543 1181 2572 sta-

76 2580 125 2610 tim
136 2580 244 2610 causam
254 2580 331 2610 illam
345 2587 432 2610 totam
442 2581 469 2610 ἃ
479 2587 592 2618 tempus
604 2581 732 2618 arripere.

60 2617 172 2657 Capere.
192 2618 258 2648 Ter.
271 2619 342 2649 And.
359 2629 381 2648 1.
398 2629 422 2654 3.
433 2624 459 2653 3.

146 2657 178 2687 Si
186 2656 298 2687 senserit
312 2679 320 2691 ,
342 2658 411 2695 perii
423 2667 430 2687 ε
453 2656 527 2686 autsi
539 2656 651 2686 libitum
665 2655 749 2685 fuerit
760 2677 767 2691 ‚
785 2655 894 2686 causam
906 2655 1030 2694 ceperit,
1044 2657 1097 2685 &a

59 2689 137 2724 Dare.
159 2694 217 2724 Cic.
227 2704 252 2724 2.
265 2695 302 2724 de
316 2695 393 2725 Orat.
410 2703 470 2731 133.
493 2695 529 2724 Ut
540 2695 558 2724 si
568 2695 722 2732 defugerim
734 2716 741 2730 ,
763 2694 815 2723 tibi
829 2693 938 2723 causam
948 2695 1013 2723 dem
1023 2693 1178 2725 recusandi.

60 2731 130 2762 Dare
139 2732 231 2762 causas
241 2734 371 2763 avaritiae.
396 2732 491 2762 Tibul.
508 2733 555 2762 lib.
569 2743 595 2763 2.
608 2743 633 2768 4.
648 2742 693 2768 29.

7 2767 9 2772 ’
59 2769 195 2801 Invenire.
215 2770 330 2801 Terent.
347 2771 448 2801 Heaut.
465 2782 488 2806 5.
504 2781 533 2800 2.
543 2775 585 2808 36.

149 2809 342 2846 Postqtiamest
351 2810 464 2839 inventa
477 2819 540 2839 vera
550 2832 558 2846 ‚
579 2810 694 2839 inventa
705 2804 743 2837 est
757 2807 837 2838 causa
849 2817 903 2845 qua
918 2812 947 2837 te
960 2806 1144 2845 expellerent-

12 2856 16 2864 ⁴
59 2845 198 2884 Quaerere.
220 2847 285 2877 Ter.
297 2848 367 2877 Eun.
387 2859 410 2883 ς.
426 2858 449 2884 5.
463 2857 506 2883 30.

148 2881 222 2915 Nam
234 2886 346 2922 iamdiu
357 2885 478 2923 aliquam
490 2885 598 2915 causam
608 2883 748 2921 quaerebat
756 2883 850 2919 senex,
917 2883 1110 2920 Quamobrem
1121 2884 1175 2914 &c-

9 2912 19 2939 ’·
60 2918 189 2959 Quaerere
205 2924 313 2953 causam
326 2924 523 2954 incendiorum
538 2926 563 2953 δι
576 2923 670 2952 caedis.
692 2923 750 2951 Cic.
768 2931 792 2957 ς.
809 2921 927 2959 Philipp.
944 2930 988 2957 30.

15 2971 19 2992 .’
57 2959 187 2997 Quaerere
198 2960 290 2992 causas
299 2972 433 2991 novarum
445 2962 696 3000 perturbationum.
719 2960 777 2989 Cic.
794 2960 830 2989 de
841 2959 909 2989 Fato
922 2969 948 2990 2.

57 2998 167 3029 Struere
178 3000 271 3030 causas
285 3021 293 3035 ,
314 3010 363 3038 pro
376 3000 517 3029 Instruere.
544 3000 634 3029 Tacit.
649 3008 675 3027 2.
693 2999 761 3027 Ann.
774 3007 818 3026 22.

58 3031 153 3072 Causa,
161 3038 253 3067 Status
264 3038 290 3068 ἃ
304 3038 441 3067 conditio.
463 3037 523 3067 Cic.
533 3047 585 3076 pro
593 3036 707 3066 Marcel.
719 3045 744 3065 2.
765 3035 953 3064 Vehementer
963 3033 1083 3079 angebar
1090 3038 1177 3080 quum

77 3075 201 3105 viderem
213 3077 302 3105 virum
309 3075 393 3105 talem
404 3098 411 3112 ,
453 3076 482 3105 ui
490 3076 520 3104 in
530 3076 629 3105 eadem
642 3074 722 3104 causa
739 3074 768 3103 in
785 3083 838 3110 qua
849 3082 918 3110 eg0,
939 3073 1030 3102 fuisset
1040 3094 1047 3107 ,
1068 3081 1126 3101 non
1147 3083 1177 3103 in

73 3112 173 3143 eadem
183 3113 249 3149 esset
258 3114 378 3143 fortuna.
418 3085 529 3151 Uipian.
540 3114 572 3143 in
582 3113 601 3142 1.
616 3112 719 3142 Graece.
741 3113 762 3148 ς.
784 3111 855 3154 illud
866 3120 1027 3154 commune.
1050 3110 1084 3139 D.
1101 3111 1135 3139 de
1147 3111 1177 3140 fi-

75 3149 172 3189 dejuff.
193 3151 267 3182 lllud
275 3161 428 3181 commune
436 3152 513 3181 estin
525 3150 656 3181 universis
673 3151 719 3187 qui
736 3160 786 3188 pro
797 3149 859 3179 aliis
869 3148 1027 3186 obligantur
1038 3170 1046 3183 ,
1068 3149 1177 3193 quodsi

74 3187 177 3218 fuerint
187 3190 217 3219 in
227 3190 368 3219 duriorem
377 3190 486 3219 causam
495 3189 614 3219 adhibiti
627 3211 635 3224 ,
656 3188 763 3227 placuit
781 3197 828 3217 eos
840 3187 958 3216 omnino
971 3196 1030 3216 non
1041 3185 1174 3224 obligari:

14 3231 31 3254 .¹
74 3225 106 3255 in
116 3227 247 3258 leviorem
256 3227 342 3265 plane
357 3227 466 3257 causam
481 3228 572 3265 accipi
584 3226 707 3265 possunt.
973 3262 978 3268 ¹

15 3276 17 3278 ·
59 3261 192 3295 Recidere
202 3266 232 3295 in
245 3265 353 3295 causam
363 3264 448 3295 suam.
471 3265 607 3304 Pompon.
619 3266 648 3294 in
662 3265 680 3293 l.
691 3263 800 3294 mulier.
813 3262 847 3292 D.
860 3262 896 3291 de
906 3268 1008 3300 captiv.
1019 3263 1045 3292 δε
1055 3263 1178 3300 postlim-

76 3303 170 3333 1everfi
191 3303 331 3334 Mulierin
342 3313 413 3341 opus
421 3303 567 3333 salinarum
576 3303 613 3332 ob
624 3302 792 3332 maleficium
800 3301 863 3329 data
871 3322 879 3335 ‚
901 3302 926 3331 &
938 3300 1042 3329 deinde
1052 3310 1066 3329 a
1074 3300 1177 3331 latrun-

57 3339 144 3370 «culis
152 3347 254 3371 exterae
265 3342 354 3379 gentis
363 3347 463 3379 capta,
484 3343 580 3377 &jure
598 3340 761 3370 commercii
778 3338 892 3381 vendita
910 3347 942 3367 ac
961 3339 1123 3381 redempta,
1144 3340 1175 3369 in

73 3378 181 3409 causam
190 3379 265 3409 suam
277 3380 386 3409 recidit.
408 3380 426 3408 i.
441 3389 466 3409 e.
487 3380 594 3409 Statum
605 3401 612 3413 ‚
635 3380 660 3409 δι
676 3377 870 3408 conditionem
880 3385 908 3404 in
918 3386 972 3413 qua
982 3382 1056 3413 prius
1067 3385 1134 3406 erat.

32 3423 33 3426 ’
59 3413 203 3447 Revertiin
213 3417 355 3455 pristinam
369 3417 489 3447 causam.
509 3417 663 3447 Martianus
677 3417 710 3446 D.
731 3415 767 3444 de
778 3424 870 3444 rerum
884 3414 995 3457 divis..l.
1012 3414 1152 3444 intantum
1163 3437 1172 3451 ,

18 3462 24 3471 ’
77 3453 107 3483 In
116 3456 184 3484 mari
198 3455 368 3494 piscantibus
377 3455 496 3484 liberum
507 3455 546 3484 est
557 3477 566 3490 ,
586 3454 674 3485 casam
690 3455 719 3483 in
729 3453 810 3482 litore
820 3461 943 3496 ponere,
963 3461 1085 3494 inquam
1097 3451 1124 3482 se
1132 3461 1174 3483 rc-

32 3502 33 3507 *
74 3492 188 3530 cipiant.
228 3493 377 3523 intantum
387 3501 417 3522 ut
427 3493 476 3522 soli
487 3493 595 3522 domini
605 3493 816 3524 constituantur,
838 3490 933 3526 quiibi
950 3489 1104 3532 aedificant:
1126 3491 1174 3520 sed

19 3566 21 3570 .
64 3531 204 3567 *quarndiu
216 3531 365 3561 aedificium
376 3537 479 3561 manet.
500 3531 624 3568 alioquin
643 3530 762 3559 aedificio
775 3527 882 3565 dilapso
893 3549 901 3563 ‚
923 3527 994 3571 quali
1005 3537 1064 3562 jure
1080 3528 1174 3565 postli-

77 3568 155 3597 minii
163 3570 309 3599 revertitur
319 3569 398 3599 locus
413 3570 443 3598 in
458 3569 599 3607 pristinam
612 3568 738 3598 causam:
762 3568 788 3597 ἃ
810 3566 830 3595 si
847 3565 917 3595 alius
938 3575 968 3594 m
989 3565 1092 3595 eodem
1106 3566 1173 3597 loco

77 3605 265 3642 aedificaverit,
286 3608 344 3643 ejus
360 3607 414 3637 fiet.

34 3653 37 3674 :
59 3641 152 3673 sistere
161 3645 190 3673 in
198 3646 294 3675 eadem
306 3644 394 3675 causa.
415 3644 527 3682 Ulpian.
540 3643 600 3674 inl.
617 3653 640 3674 1.
654 3643 689 3673 D.
715 3642 733 3672 si
751 3652 786 3672 ex
799 3640 894 3671 noxali
905 3639 986 3684 causa
1004 3648 1099 3679 agatur
1109 3665 1118 3678 ,
1139 3640 1173 3673 ln

19 3692 23 3705 ὲ
76 3681 173 3712 eadem
180 3683 260 3713 causa
270 3683 358 3712 fistcre
369 3683 435 3720 quid
446 3684 477 3712 sit
483 3683 638 3717 videamus,
650 3684 675 3712 ἃ
686 3687 757 3719 puto
768 3680 860 3710 verius
868 3678 921 3708 esse
932 3701 939 3713 ,
962 3689 991 3707 m
998 3681 1097 3710 eadem
1108 3689 1172 3710 cau-

77 3718 103 3748 sa
113 3729 176 3749 eum
187 3721 274 3751 videri
286 3721 374 3750 sistere
383 3743 391 3756 ,
413 3722 459 3758 qui
469 3721 504 3750 ad
515 3721 721 3758 experiendum
734 3727 790 3747 non
799 3718 864 3747 facit
876 3717 919 3752 jus
930 3717 1030 3747 actoris
1039 3718 1171 3750 deterius.

20 3762 25 3768 ”
58 3755 131 3787 Sum.
152 3766 201 3794 ut,
221 3758 296 3788 inca
307 3758 385 3788 causa
394 3769 436 3788 res
445 3759 500 3794 est,
521 3759 539 3788 i.
551 3768 575 3788 e.
598 3757 675 3788 Talis
695 3760 721 3787 Sc
737 3754 904 3790 huiusmOdi·
946 3754 1057 3792 Ulpian-
1070 3757 1128 3786 inl.
1143 3767 1169 3787 2.

75 3790 110 3823 D.
126 3795 161 3825 de
169 3804 279 3835 except.
290 3798 329 3826 rei
337 3797 452 3833 judicat.
486 3798 526 3826 Ἀἰ
537 3796 554 3825 si
564 3806 622 3826 non
633 3797 662 3825 in
673 3805 705 3824 ea
716 3793 795 3824 causa
813 3793 864 3822 sint
879 3791 980 3823 tabulae
991 3794 1148 3825 testamenti
1159 3817 1169 3832 ,

18 3854 22 3856 .
75 3839 208 3863 utcontra
219 3844 264 3863 eas
273 3834 411 3863 bonorum
423 3833 550 3872 possessio
563 3834 622 3878 dari
633 3833 715 3872 poffit
724 3854 731 3866 ,
743 3834 796 3861 ἃς.

58 3864 154 3900 Venire
163 3871 192 3899 in
204 3881 265 3901 eam
273 3869 390 3902 causam.
401 3872 603 3910 Tryphoninus
612 3882 641 3901 1n
652 3872 669 3900 l.
683 3873 711 3900 in
724 3869 807 3899 bello.
829 3870 851 3907 §.
869 3869 887 3898 si
899 3869 1076 3907 deportatum
1087 3869 1121 3900 D.
1136 3870 1172 3901 de

76 3908 175 3945 captiv.
189 3910 214 3939 δι
225 3909 343 3947 postlim.
354 3911 452 3940 revers.
473 3911 502 3939 Si
515 3911 693 3947 deportatum
705 3909 738 3938 ab
748 3907 835 3937 insula
844 3907 934 3937 hostes
952 3914 1107 3945 ceperunt,
1130 3918 1173 3938 re-

76 3945 203 3983 demptus
212 3947 312 3982 quibus
325 3948 429 3978 casibus
440 3949 528 3983 redit,
549 3949 579 3977 in
591 3957 652 3977 eam
663 3946 773 3976 causam
784 3946 894 3983 veniet,
915 3946 945 3975 in
954 3955 1007 3983 qua
1015 3945 1124 3977 futurus
1131 3946 1173 3977 es-

76 3981 119 4052 se&
125 3983 144 4012 si
153 3990 250 4054 capltus
262 3994 320 4015 non
333 3985 425 4016 fuisset
434 4007 443 4022 ,
464 3985 656 4024 deportabitur
666 3986 758 4022 igitur.

124 4028 142 4051 Ὀ
151 4032 177 4053 [ιι
211 4042 219 4054 υ

1648 156 1678 191 c
1774 159 1798 193 A
1900 160 1931 193 U
2318 171 2385 210 465

1275 236 1361 265 Causa
1372 259 1380 271 ,
1402 246 1453 274 pro
1462 236 1598 267 Partibus.
1638 239 1698 268 Cic.
1711 249 1763 275 pro
1778 239 1863 275 Ligar.
1876 249 1921 270 22.
1942 241 2003 270 Una
2015 241 2052 271 est
2062 241 2203 279 proset‘ttis
2214 251 2277 273 curn
2291 245 2323 273 iis
2334 256 2399 283 quo-

1295 284 1355 303 rum
1369 282 1426 303 erat
1437 285 1491 303 uua
1502 276 1589 306 causa.
1613 277 1630 305 i.
1649 286 1674 306 e.
1698 277 1790 307 Unum
1802 278 1939 313 studium,
1969 279 2010 307 vel
2028 280 2151 315 ejusdem
2164 282 2244 317 partis
2256 283 2375 314 studium
2390 308 2398 320 ,

1295 313 1319 340 St
1334 312 1433 340 eadem
1448 313 1583 342 conditio.
1607 313 1733 344 Budaeus.
1769 316 1815 345 Sic
1826 316 1929 345 Vittrix
1944 316 2022 345 causa
2034 318 2122 355 supra.
2284 316 2291 321 .

1276 348 1483 392 lpiniicusliuic
1494 351 1589 386 causae,
1603 362 1654 389 pro
1664 352 1739 381 Huic
1749 354 1827 390 parti.
1850 354 1907 383 Cic.
1921 364 1973 391 pro
1982 354 2067 391 Liger.
2083 365 2128 390 24.
2152 354 2309 385 Veniebatis
2319 358 2401 395 igitur

1297 396 1325 414 in
1337 387 1466 428 Africam,
1478 389 1532 416 sc.
1555 390 1584 417 in
1596 400 1649 424 qua
1661 397 1719 420 erat
1731 401 1778 420 rex
1789 393 2003 428 potentissimus,
2016 393 2147 422 inimicus
2160 392 2224 421 huic
2234 395 2329 430 cause,
2348 401 2399 426 otc.

1278 423 1383 457 Causa,
1407 435 1456 461 pro
1471 426 1637 466 Accessione.
1677 428 1786 466 Ulpian.
1805 430 1832 457 iri
1850 429 1866 458 l.
1887 440 1907 458 i.
1925 431 1945 467 ᾗ.
1962 430 2034 459 hanc
2049 431 2196 459 actionem.
2223 432 2252 460 Ι).
2273 434 2400 470 depoliti,

1295 461 1376 504 Hanc
1388 463 1526 504 affitioriem
1541 463 1622 492 bonae
1634 464 1698 494 fidei
1711 465 1765 495 esse
1778 467 1897 496 dubitari
1911 477 1966 495 non
1983 475 2113 505 oportet:
2136 470 2161 496 «Q
2175 467 2238 497 ideo
2259 472 2283 498 6.-
2297 472 2401 502 finctus

1295 508 1323 527 in
1335 498 1405 527 hanc
1415 501 1554 529 actionem
1567 503 1661 531 venire
1674 524 1682 539 ,
1703 505 1729 533 ἃ
1748 513 1862 534 omnem
1883 505 1989 534 causam
2004 507 2030 535 ὅ(
2041 514 2150 544 partum
2172 506 2324 537 dicendum
2344 511 2380 539 est
2393 533 2401 546 ,

1295 545 1331 563 ne
1341 536 1416 565 nuda
1427 547 1468 565 res
1480 539 1581 567 veniat.

1275 573 1379 608 Causa,
1402 584 1452 611 pro
1464 584 1499 602 eo
1512 576 1588 612 quod
1599 575 1696 606 Casum
1707 577 1895 613 jurisconsulti
1907 586 2017 610 vocant.
2041 580 2099 610 Cic.
2116 590 2138 617 3.
2154 581 2228 611 Vcrr.
2246 587 2305 611 116.
2327 584 2400 613 Tan.

1296 619 1354 653 tuin
1372 612 1447 647 quod
1463 612 1607 642 hominem
1626 624 1684 643 non
1705 617 1851 646 nominat:
1873 618 1980 647 causam
2004 619 2118 653 quidem
2136 626 2222 648 totam
2243 621 2397 658 perscribit.

1294 647 1422 691 Ibidem,
1445 649 1585 692 Nusquam
1598 652 1673 680 enim
1692 653 1802 688 scribis,
1825 665 1915 691 neque
1939 663 1968 684 tu
1989 656 2063 685 aliud
2078 657 2199 694 quicque
2218 659 2310 689 edicio
2325 670 2401 690 com-

1294 686 1424 723 plecteris
1434 708 1440 720 ,
1463 688 1510 715 nili
1522 698 1583 716 eam
1596 690 1703 718 causam
1716 712 1723 723 ,
1745 701 1795 728 pro
1806 702 1859 728 qua
1872 694 2019 729 pecuniam
2035 696 2186 731 acceperis.

1275 722 1530 753 Causasvcrboruin
1541 726 1618 755 falsas
1630 728 1773 764 reddidit,
1795 740 1845 768 pro
1866 730 2064 769 Etyinologias.
2107 732 2175 762 Vide
2190 743 2249 770 quae
2261 733 2352 773 scripsi
2371 736 2401 766 in

1296 769 1525 790 nTrMoboci
1538 773 1566 792 A.
1590 764 1624 792 H.
1638 765 1677 793 St.

1238 797 1407 828 CausKLi
1419 808 1446 833 s,
1467 809 1492 828 e.
1515 807 1563 835 ut,
1586 801 1667 830 Ratio
1684 802 1805 832 causalis.
1828 805 1934 840 August.
1948 806 1983 835 de
1995 806 2091 836 Genesi
2103 829 2112 842 ,
2129 817 2153 843 7.
2170 818 2214 843 23.
2225 811 2249 839 Sc
2262 821 2287 845 9.
2302 820 2324 840 1.

1275 838 1446 872 Argumenta
1456 837 1573 866 causalia
1583 839 1713 868 dicuntur
1723 862 1731 875 ,
1753 840 1823 876 Quae
1835 842 1902 878 ipsas
1914 854 2004 873 rerum
2019 844 2111 874 causas
2124 846 2268 877 rimantur.

1276 874 1497 908 Coniunt‘tiones
1508 876 1637 905 causales.
1671 877 1702 906 V.
1729 878 1818 906 Barth.
1832 881 1866 908 ad
1879 880 1977 910 Claud.
1990 882 2120 912 Mamert.
2132 894 2159 921 p.
2174 894 2234 921 379.

1275 911 1397 941 Causalis
1408 913 1543 949 particula
1555 915 1629 951 apud
1641 914 1763 944 Gramm.
1787 916 1820 945 Η.
1834 918 1871 946 St.

1238 949 1260 978 C
1270 959 1288 978 A
1300 959 1316 978 u
1327 959 1339 979 s
1352 959 1369 994 {-
1380 960 1396 978 r.
1407 959 1444 978 {T
1454 960 1492 979 iza
1504 973 1511 985 ,
1535 952 1601 981 Adv.
1625 952 1656 981 V.
1680 953 1786 996 August.
1797 954 1833 983 de
1847 955 1944 984 Genesi
1957 977 1965 991 ‚
1994 967 2018 992 5.
2043 967 2104 995 cap.
2117 958 2166 988 ult.
2189 962 2215 988 ἃς
2227 963 2252 989 6.
2267 972 2290 997 ς.

1238 987 1261 1016 C
1272 997 1289 1015 ,a
1303 997 1320 1015 υ
1330 997 1342 1030 s
1353 997 1369 1031 ¹?
1380 997 1394 1015 a
1404 996 1414 1016 1
1424 997 1463 1018 us
1476 1010 1483 1021 ,
1506 999 1544 1033 a,
1565 999 1622 1019 um.
1645 991 1841 1027 [λπιωιχῶι]
1863 994 1923 1026 Adi.
1944 1000 1974 1022 ut
1988 1015 1996 1027 ,
2019 994 2137 1024 Causarii
2159 998 2278 1033 milites,
2302 999 2403 1031 Morbo

1277 1024 1424 1054 debilitate
1440 1025 1550 1062 affecti,
1571 1027 1608 1056 ob
1620 1028 1704 1065 idque
1714 1028 1816 1058 cessare
1828 1032 1925 1060 coacti.
1966 1031 2022 1060 Liv.
2035 1036 2098 1062 6.6.
2133 1033 2243 1065 Tertius
2264 1040 2402 1070 exercitus

1276 1071 1311 1092 ex
1321 1062 1451 1129 c¹agsargis
1461 1086 1468 1099 ,
1491 1063 1697 1103 senioribusque
1710 1076 1726 1096 a
1741 1066 1769 1096 L.
1787 1067 1907 1104 Quintio
1920 1068 2061 1105 scribatur,
2075 1072 2123 1108 qui
2136 1072 2194 1101 urbi
2209 1076 2404 1114 moenibusque

1275 1111 1331 1138 prae
1346 1111 1351 1128 i
1377 1112 1403 1129 io
1426 1109 1454 1130 it.

1273 1138 1405 1168 Causaria
1423 1139 1521 1168 missio.
1546 1140 1657 1178 Ulpian.
1674 1141 1732 1170 inl.
1747 1151 1788 1178 ¹3·
1810 1143 1832 1180 ς.
1856 1143 2030 1174 Millionum.
2053 1145 2086 1175 D.
2101 1146 2136 1176 de
2146 1147 2186 1177 Re
2195 1149 2276 1179 inilit.
2299 1151 2405 1182 Missio-

1296 1186 1365 1205 num
1376 1177 1519 1214 generales
1539 1179 1625 1208 causae
1648 1179 1710 1208 sunt
1723 1186 1797 1210 tres:
1827 1181 1942 1210 honesta
1956 1204 1964 1217 ,
1986 1182 2123 1219 causaria,
2145 1186 2329 1222 ignominiosa
2350 1192 2403 1221 Sic.

1295 1214 1424 1258 Causaria
1438 1237 1446 1249 ,
1466 1224 1533 1245 cum
1548 1217 1609 1254 quis
1627 1218 1697 1247 vitio
1713 1219 1801 1248 animi
1817 1241 1826 1254 ,
1847 1219 1890 1249 vel
1909 1221 2035 1258 corporis
2055 1222 2148 1252 minus
2164 1223 2282 1255 idoneus
2297 1227 2404 1258 militiae

1295 1259 1478 1282 renuntiatur.

1275 1290 1410 1334 Causarihi,
1433 1291 1556 1329 metaph.
1568 1302 1619 1329 pro
1630 1292 1854 1324 Valetudinariis.
1897 1295 1966 1325 Plin.
1982 1295 2030 1326 lib.
2041 1305 2085 1331 ²5·
2099 1306 2160 1336 cap.
2176 1309 2198 1334 ς.
2213 1307 2281 1331 extr.
2317 1302 2405 1333 Datur

1292 1328 1457 1365 ‘sanguinem
1469 1330 1665 1360 excreantibus
1675 1353 1683 1367 ,
1705 1331 1833 1362 causariis
1842 1332 1887 1362 vel
1898 1333 1983 1371 latere
1993 1356 2002 1369 ,
2024 1334 2067 1363 vel
2082 1334 2216 1367 faucibus.
2240 1339 2256 1368 i.
2269 1349 2293 1369 e.
2315 1339 2404 1370 Labo-

1293 1366 1419 1409 rantibus
1429 1368 1531 1397 morbo
1541 1367 1635 1398 lateris
1646 1391 1654 1404 ,
1674 1370 1720 1399 vel
1731 1370 1862 1401 saucium.
1884 1372 1933 1401 ubi
1952 1372 1982 1400 V.
2008 1372 2090 1401 Hard.
2105 1374 2169 1403 Sen.
2181 1375 2261 1408 Epist.
2274 1381 2318 1412 69.
2333 1378 2405 1409 Cau.

1292 1405 1368 1434 {ariae
1380 1405 1480 1435 suntin
1494 1406 1589 1435 animo
1602 1407 1693 1436 nostro
1702 1415 1811 1445 partes,
1833 1409 1932 1446 quibus
1942 1409 2101 1440 adhibenda
2113 1410 2219 1442 curatio
2234 1415 2280 1444 est.

1237 1441 1337 1472 Caus
1348 1452 1455 1479 Auia,
1478 1444 1545 1473 Adv.
1575 1443 1751 1481 [λ’ππμρίχως]
1774 1446 1870 1476 Macer
1882 1448 1910 1476 in
1930 1447 1947 1477 l.
1964 1447 2068 1477 milites
2090 1459 2195 1486 agrum.
2216 1453 2235 1489 §.
2250 1452 2319 1483 illud
2338 1465 2404 1485 con-

1251 1509 1256 1511 ,
1274 1480 1334 1524 stat.
1356 1481 1390 1510 D.
1411 1481 1446 1525 de
1463 1491 1492 1510 re
1507 1481 1636 1517 militari,
1658 1483 1726 1513 ideo
1740 1486 1765 1513 δι
1780 1486 1814 1513 ad
1835 1495 1901 1514 eum
1921 1486 1969 1523 qui
1989 1485 2110 1516 causarie
2122 1489 2215 1518 missus
2236 1491 2273 1520 est
2286 1513 2293 1525 ,
2315 1495 2405 1530 potest

1276 1519 1335 1548 dici
1349 1525 1489 1556 pertinere
1500 1542 1507 1555 ,
1530 1529 1617 1556 quum
1627 1520 1693 1550 huic
1706 1531 1817 1558 quoque
1830 1524 1977 1560 praemium
1994 1525 2143 1561 praestatur.
2178 1527 2215 1556 Al.
2231 1528 2364 1561 Causaria.

1239 1555 1289 1585 CA
1301 1567 1317 1585 u
1329 1559 1367 1585 su
1377 1568 1393 1585 L
1403 1567 1422 1585 A
1434 1579 1442 1592 ,
1463 1568 1493 1587 ae.
1519 1557 1537 1587 f.
1566 1558 1664 1588 dimin.
1687 1558 1834 1596 [Auadioi]
1855 1571 1904 1598 pro
1915 1561 1996 1591 Parva
2006 1561 2094 1591 causa.
2135 1563 2192 1594 Cic.
2203 1565 2237 1594 de
2252 1567 2320 1606 Opt.
2331 1569 2402 1600 Gen.

1275 1594 1353 1624 Orat.
1367 1605 1393 1629 9.
1415 1595 1471 1636 Sed
1481 1596 1545 1632 quia
1555 1597 1710 1633 &privatas
1722 1597 1769 1627 ille
1782 1598 1925 1636 plerasque
1934 1621 1941 1634 ,
1959 1602 1984 1630 ἃ
1996 1609 2041 1629 eas
2051 1598 2122 1638 ipsas
2131 1601 2207 1638 aliis,
2225 1606 2251 1634 ἃ
2260 1615 2406 1643 parvarum

1275 1642 1367 1661 rerum
1379 1632 1501 1662 causulas
1512 1632 1633 1671 scripsit,
1655 1635 1766 1665 videtur
1779 1637 1832 1666 effe
1844 1637 1973 1673 jejunior.

1273 1670 1387 1700 Parvula
1402 1671 1520 1701 causula.
1544 1672 1614 1702 Hirt.
1628 1672 1696 1702 Bell.
1709 1673 1764 1703 Asr.
1785 1685 1827 1711 54.
1840 1685 1882 1713 pr.
1904 1674 2046 1705 Parvulam
2057 1676 2143 1706 modo
2155 1678 2295 1711 causulam
2308 1684 2406 1714 nac‘tus

1298 1708 1386 1738 Caesar
1400 1731 1408 1745 ,
1430 1709 1506 1746 quod
1519 1711 1571 1739 διο.

1236 1745 1289 1776 CA
1299 1756 1317 1775 u
1327 1756 1338 1775 s
1348 1756 1365 1775 o
1375 1757 1390 1775 R
1405 1769 1413 1782 ,
1436 1747 1667 1784 [ωφοισὶζομοα,
1689 1749 1887 1786 wusnoi'ouou]
1908 1751 1957 1780 ari.
1981 1751 2045 1789 dep.
2068 1752 2181 1782 Causam
2194 1755 2289 1786 dicere
2301 1754 2346 1785 vel
2359 1757 2407 1788 de..

1272 1784 1400 1818 Tendere,
1412 1786 1523 1815 austere
1534 1786 1629 1815 Nonio
1640 1797 1732 1824 2157.
1751 1787 1827 1817 Valla
1842 1788 1889 1817 lib.
1898 1801 1919 1824 ς.
1930 1800 1990 1827 cap.
2006 1795 2051 1826 67.
2064 1790 2182 1826 Causari.
2195 1794 2233 1823 est
2243 1794 2357 1825 Causam
2366 1798 2406 1827 rei

1273 1823 1354 1859 gestae
1365 1822 1473 1852 afferre.
1514 1824 1657 1862 Papinian.
1670 1825 1727 1855 inl.
1742 1825 1833 1855 servus
1844 1826 1861 1855 si
1874 1827 1987 1857 haeredi.
2004 1827 2037 1857 D.
2052 1829 2087 1857 de
2100 1829 2168 1859 statu
2178 1830 2256 1861 liber.
2279 1834 2306 1862 Si
2319 1833 2405 1864 haeres

1270 1860 1426 1890 causabitur
1440 1862 1568 1899 accipere
1581 1863 1700 1892 rationes
1712 1885 1720 1898 ,
1741 1863 1926 1894 nihilominus
1946 1865 2066 1895 liberum
2081 1866 2148 1896 fore.
2190 1870 2208 1899 i.
2228 1880 2251 1899 e.
2273 1871 2301 1900 Si
2318 1871 2406 1910 impe.

1275 1899 1401 1928 dimenta
1412 1900 1575 1937 praetendet.
1603 1901 1674 1938 Virg.
1686 1912 1710 1937 9.
1728 1900 1785 1930 Ecl.
1802 1907 1844 1937 56.

1357 1937 1500 1966 Causando
1513 1938 1619 1967 nostros
1630 1940 1658 1967 in
1678 1938 1794 1976 longum
1806 1940 1884 1969 ducis
1897 1950 2013 1970 amores.
2124 1943 2142 1972 i.
2156 1953 2181 1972 e.
2204 1944 2405 1982 lmpediinenti

1271 1973 1367 2004 causas
1377 1974 1530 2006 afferendo.
1570 1976 1679 2014 Ulpian.
1692 1978 1750 2006 inl.
1773 1977 1819 2007 sed
1837 1980 1863 2007 ἃ
1877 1979 1893 2007 li
1908 1989 1945 2016 pu
1970 1979 2042 2008 illus.
2066 1980 2087 2017 §.
2108 1981 2280 2018 proscribere
2300 1985 2402 2022 palam.

1273 2013 1309 2042 D.
1327 2013 1363 2041 de
1376 2014 1490 2042 institor.
1505 2014 1624 2044 actione.
1648 2015 1692 2044 Ne
1704 2015 1766 2052 quis
1779 2016 1882 2045 causari
1896 2027 1941 2054 po.
1957 2024 1977 2045 it
1989 2018 2173 2051 ignorantiam
2186 2019 2347 2052 litterarum.
2372 2024 2405 2054 Et

1272 2050 1304 2079 in
1314 2049 1331 2079 l.
1350 2061 1375 2080 2.
1387 2052 1409 2088 ξ.
1420 2052 1496 2087 quod
1509 2053 1639 2082 diximus.
1650 2053 1683 2082 D.
1693 2054 1772 2089 siquis
1781 2055 1966 2088 cautionibus,
1988 2055 2096 2085 Causari
2107 2058 2298 2095 tempestatem
2310 2063 2335 2090 ἃ
2347 2062 2404 2091 viin

1271 2089 1430 2119 fluminum.
1453 2089 1594 2119 Ubiliceat
1604 2092 1706 2125 dicere,
1719 2091 1853 2121 Excusare
1861 2093 2221 2131 ignorantiamlitterarum,
2236 2099 2262 2126 Se
2272 2099 2404 2130 excusare

1276 2128 1468 2165 tempestatem
1480 2138 1512 2157 ac
1521 2128 1577 2157 vim
1588 2129 1747 2158 fluminum.
1771 2131 1837 2159 Hrec
1849 2131 1926 2159 Valla
1939 2131 1989 2160 lib.
2005 2143 2028 2166 ς.
2043 2132 2162 2162 Martial.
2175 2134 2223 2163 lib.
2235 2147 2261 2170 4.
2275 2146 2300 2173 7.

1354 2166 1409 2194 Sed
1427 2166 1483 2201 jam
1498 2166 1615 2195 causaris
1626 2167 1795 2204 barbamque
1805 2190 1812 2203 ,
1833 2168 1974 2205 annosque
1985 2192 1993 2203 ,
2017 2169 2162 2208 pilosques

1273 2202 1393 2237 Causari,
1419 2204 1797 2235 Accusationemintendere.
1838 2206 1959 2242 Quinti-l.
1976 2207 2024 2238 lib.
2040 2219 2080 2237 11.
2099 2219 2160 2247 cap.
2174 2219 2197 2238 1.
2220 2210 2281 2240 Nec
2294 2213 2405 2242 causan-

1289 2241 1313 2270 ti
1325 2240 1434 2279 pupillo
1444 2241 1480 2270 sic
1491 2248 1565 2271 tutor
1577 2242 1705 2272 irascatur
1715 2253 1838 2281 unquam
1848 2267 1855 2279 ‚
1877 2251 1908 2273 ut
1922 2255 1979 2274 non
1997 2254 2160 2276 remaneant
2169 2250 2271 2279 amoris
2282 2251 2403 2289 vestigia.

1291 2279 1327 2309 Et
1338 2279 1405 2308 Hor.
1426 2291 1448 2309 1.
1463 2279 1545 2318 Epist.
1568 2292 1609 2315 ¹4·
1626 2288 1666 2310 12.

1367 2317 1474 2347 Stultus
1483 2325 1599 2355 uterque
1611 2318 1705 2348 locum
1716 2319 1886 2349 immeritum
1899 2320 2026 2351 causatur
2035 2322 2139 2360 inique.
2227 2325 2295 2361 [ubi
2307 2327 2400 2358 Schol.

1291 2354 1355 2384 Vet.
1367 2355 1479 2395 Culpat.
1502 2356 1563 2386 Nec
1571 2356 1649 2386 aliter
1657 2358 1733 2395 apud.
1746 2358 1953 2395 Quintilianum
1967 2362 2180 2397 exponendum.

1272 2392 1383 2422 Causari
1397 2416 1405 2428 ,
1426 2393 1574 2430 Renuere,
1596 2395 1757 2425 detrectare.
1798 2396 1856 2426 Cic.
1869 2407 1918 2434 pro
1933 2397 2010 2427 Rosc.
2030 2398 2109 2428 Com.
2126 2410 2170 2435 4¹·
2194 2400 2328 2438 Nunquid
2339 2412 2402 2433 cau-

1291 2431 1350 2460 sare
1361 2453 1370 2467 ,
1391 2433 1459 2469 quin
1470 2432 1503 2461 ab
1514 2432 1622 2468 judicio
1631 2433 1712 2462 abeas
1721 2431 1875 2472 turpissime
1885 2437 1974 2465 victus
1985 2437 1998 2464 ‘2
2027 2436 2068 2465 Al.
2092 2436 2236 2475 Numquid
2254 2441 2338 2469 causae
2352 2442 2400 2476 est,

1292 2469 1359 2506 quin
1371 2471 1424 2499 Sco.
1447 2469 1478 2500 V.
1500 2471 1530 2499 in
1551 2480 1568 2499 c
1578 2481 1595 2499 A
1607 2481 1625 2499 u
1635 2481 1647 2500 s
1658 2481 1687 2500 A.

1272 2506 1385 2537 Causari
1400 2529 1408 2543 ,
1431 2518 1482 2545 pro
1503 2508 1681 2546 Expostuiare
1693 2530 1701 2543 ,
1723 2510 1748 2539 ἃ
1768 2509 1900 2546 Quaerere
1919 2517 2030 2549 ponunt
2048 2513 2175 2542 aut‘tores
2192 2515 2240 2544 aevi
2258 2514 2399 2553 sequioris.

1290 2545 1375 2576 Treb.
1389 2545 1477 2575 Pollio
1489 2555 1533 2583 30.
1547 2546 1649 2583 Tyran.
1662 2554 1731 2576 extr.
1757 2547 2000 2586 Habes-integrum
2012 2560 2161 2580 numerum
2182 2562 2199 2580 x
2208 2557 2225 2581 5(
2235 2563 2251 2581 x
2268 2561 2400 2590 tyranno-

1290 2593 1352 2612 rum
1366 2593 1373 2613 ε
1395 2585 1442 2620 qui
1452 2593 1517 2613 cum
1526 2584 1670 2614 malevolis
1681 2585 1797 2622 quidem
1808 2608 1815 2621 ,
1838 2586 1884 2615 sed
1898 2587 1972 2616 bono
1988 2589 2084 2617 animo
2099 2589 2259 2620 causabaris
2295 2592 2328 2621 Et
2344 2593 2401 2623 Sal-

1290 2621 1363 2651 vian.
1385 2621 1420 2650 de
1438 2622 1509 2651 Gub.
1532 2622 1621 2658 Dei3.
1645 2623 1706 2660 post
1721 2623 1781 2653 init.
1806 2624 1930 2654 Causaris
1951 2626 2053 2662 igitur,
2076 2627 2144 2664 quid
2164 2628 2195 2657 sit
2214 2628 2301 2666 illud,
2323 2631 2400 2667 quod

1288 2658 1458 2695 Christiani,
1479 2660 1526 2697 qui
1535 2660 1627 2690 Deum
1636 2661 1779 2691 credimus
1790 2683 1799 2696 ,
1821 2663 1952 2692 omnibus
1962 2662 2114 2694 miseriores
2124 2663 2226 2696 sumus.

1234 2695 1284 2727 CA
1296 2707 1314 2726 υ
1323 2706 1335 2726 s
1344 2701 1361 2726 Ti
1371 2706 1390 2725 T
1402 2707 1421 2727 u
1430 2707 1442 2727 s
1455 2719 1462 2733 ,
1484 2708 1508 2733 a,
1528 2708 1586 2728 um.
1610 2697 1763 2735 Excusans,
1787 2707 1951 2737 praetexens.
1992 2702 2067 2731 Suet.
2079 2702 2182 2733 Neron.
2194 2715 2240 2740 49.
2262 2705 2399 2744 Pugiones

1269 2734 1362 2764 rursus
1371 2735 1503 2765 condidit
1513 2758 1522 2771 ,
1543 2736 1667 2766 causatus
1677 2759 1685 2772 ,
1707 2738 1835 2767 nondum
1845 2738 1937 2768 adesse
1946 2739 2060 2769 fatalem
2072 2740 2177 2770 horam.

1269 2773 1401 2803 Hiemem
1411 2773 1508 2804 instare
1520 2774 1653 2804 causatus.
1693 2773 1750 2805 Liv.
1765 2779 1808 2812 36.
1823 2787 1865 2806 10.
1888 2777 1984 2814 ltaque
2001 2778 2124 2808 hiemem
2139 2780 2237 2810 instare
2248 2781 2322 2819 apud
2334 2781 2397 2813 suos

1292 2810 1416 2841 causatus
1426 2821 1475 2841 rex
1485 2834 1494 2847 ,
1518 2818 1726 2842 unumtantum
1738 2821 1860 2844 moratus
1871 2815 1947 2844 diem
1958 2837 1966 2849 ,
1988 2816 2021 2845 ab
2033 2816 2130 2846 Larissa
2141 2818 2254 2848 receffit.

1269 2848 1391 2886 Negotia
1398 2849 1534 2880 causatus.
1573 2850 1664 2880 Tacit.
1678 2861 1701 2880 1.
1710 2853 1781 2881 Ann.
1795 2863 1841 2890 47.
1863 2853 1983 2890 Negotia
1993 2855 2066 2883 varie
2076 2854 2208 2892 causatus,
2230 2857 2322 2894 primo
2330 2868 2397 2896 pru-

1289 2887 1403 2923 dentes,
1426 2888 1491 2917 dein
1507 2887 1619 2926 vulgum
1631 2910 1639 2923 ,
1661 2888 1813 2920 diutissime
1825 2891 1982 2929 provincias
1993 2891 2100 2922 fefellit.

1269 2924 1344 2955 'sem-
1365 2935 1397 2955 us
1406 2925 1540 2992 cauffatus.
1572 2927 1649 2957 Curt.
1659 2938 1686 2963 4.
1701 2931 1743 2958 16.
1758 2932 1800 2963 18.
1833 2929 1867 2958 Et
1885 2939 2008 2968 praeceps
2031 2930 2060 2958 in
2078 2931 2191 2960 norstem
2208 2931 2263 2961 diei
2283 2938 2396 2972 tempus

1288 2972 1338 2992 cau
1353 2970 1413 2992 atus
1432 2973 1446 2993 e
1472 2987 1478 2993 .
1913 2993 1920 3001 ,

1232 3000 1329 3030 cirus
1341 3011 1429 3036 A-riz,
1451 3002 1518 3031 Adv.
1542 3001 1591 3032 Per
1609 3002 1719 3033 causas:
1750 3004 1845 3039 unde,
1874 3003 2015 3034 Causatius
2032 3005 2202 3040 defendere,
2231 3008 2306 3044 apud
2323 3009 2392 3040 Plin.

1267 3039 1373 3106 plraesat.
1383 3040 1484 3077 operis.
1499 3039 1620 3070 ubiccd.
1634 3041 1716 3072 Palat.
1740 3042 1902 3072 Excusatius
1915 3065 1922 3078 ,
1944 3044 2012 3072 teste
2024 3043 2113 3073 GraeV.
2147 3044 2177 3073 V.
2201 3044 2335 3076 Harduin.

1296 3077 1362 3106 titur
1369 3077 1451 3107 Vives
1463 3078 1518 3107 hoc
1526 3078 1682 3115 Caufiitius,
1704 3086 1819 3110 utuntur
1830 3082 1855 3110 St
1866 3080 1921 3110 alii.
1945 3081 2025 3110 Vives
2038 3081 2072 3110 de
2082 3081 2178 3111 Christ.
2193 3081 2295 3113 femina
2306 3084 2353 3114 lib.
2367 3095 2392 3116 ῐ.

1289 3119 1351 3151 3¹⁶·
1365 3116 1393 3144 in
1406 3121 1471 3149 fivo.
1493 3116 1609 3152 Quanto
1622 3118 1757 3148 causatius
1770 3119 1806 3148 de
1816 3120 1919 3148 semina
1931 3141 1938 3154 ,
1960 3120 2005 3148 cui
2017 3126 2094 3148 tanto
2109 3120 2146 3148 est
2160 3122 2314 3151 accuratius
2330 3133 2393 3161 pro.

1287 3153 1443 3182 videndum
1457 3155 1509 3183 ἃς.
1533 3155 1567 3184 H.
1582 3155 1625 3184 St.

1230 3190 1253 3220 C
1263 3201 1281 3219 A
1293 3201 1311 3220 u
1321 3195 1358 3219 sii
1368 3201 1406 3220 Tl
1416 3201 1433 3220 o
1447 3213 1454 3226 ,
1477 3192 1548 3221 finis.
1572 3193 1589 3221 f.
1612 3191 1784 3229 [wffl'cpzanr]
1805 3193 1964 3229 Praetextus,
1978 3194 2127 3228 excusatio,
2140 3195 2184 3223 vel
2199 3196 2284 3226 color.
2298 3197 2393 3234 Quan-

1268 3229 1361 3266 doque
1371 3230 1486 3266 ponitur
1495 3240 1546 3268 pro
1558 3230 1629 3260 Vitio
1640 3232 1782 3267 interiore,
1795 3234 1821 3261 ἃ
1832 3233 2002 3269 aegritudine.
2010 3232 2160 3262 Pallad.lib.
2170 3234 2299 3270 1.tit.4.Si
2317 3236 2390 3266 salvo

1264 3269 1359 3304 capite
1368 3268 1396 3296 in
1405 3268 1589 3305 pulmonibus
1598 3279 1629 3298 ac
1641 3269 1764 3305 thorace,
1775 3277 1822 3298 aut
1833 3270 1908 3299 nulla
1920 3271 1966 3304 est,
1985 3277 2031 3298 aut
2045 3280 2103 3299 rara
2114 3270 2241 3300 causatio.
2266 3273 2299 3302 Et
2317 3274 2387 3305 Gell.

1267 3314 1312 3334 20.
1327 3314 1350 3334 1.
1374 3305 1416 3334 Ne
1427 3306 1547 3336 causatio
1562 3308 1609 3336 ista
1618 3308 1682 3344 aegri
1693 3309 1818 3345 corporis
1829 3314 1993 3345 perpetuam
2011 3309 2186 3337 vacationem
2208 3310 2285 3340 daret
2304 3311 2391 3343 fidem
2435 3318 2439 3319 ⁷

1266 3343 1496 3374 detrectantibus.

1230 3379 1281 3410 CA
1293 3391 1310 3409 υ
1321 3385 1432 3410 siu-iv
1444 3392 1501 3418 uis,
1518 3392 1550 3418 a,
1570 3391 1627 3412 um.
1651 3383 1734 3412 Gloff.
1749 3383 1793 3411 Gr.
1806 3382 1862 3411 Lat.
1885 3379 2055 3418 αέηολομνρς,
2076 3383 2237 3414 causativus.
2262 3385 2295 3415 Et
2307 3387 2389 3419 Mart.

1267 3419 1373 3456 Capell.
1386 3419 1434 3449 lib.
1450 3431 1474 3456 5.
1496 3420 1671 3450 Causativum
1683 3420 1741 3449 litis
1759 3420 1813 3455 est,
1835 3421 1939 3457 inquit,
1963 3421 2039 3458 quod
2051 3421 2256 3452 dubitationem
2272 3424 2349 3454 facit.

1229 3455 1276 3485 CA
1292 3466 1412 3486 usATR
1423 3467 1475 3493 ix,
1497 3459 1558 3488 icis.
1580 3458 1597 3487 f.
1621 3466 1661 3493 ut,
1683 3459 1784 3487 Omnis
1793 3458 1858 3487 maii
1869 3459 2034 3499 causjitricis.
2058 3459 2117 3496 Dig.
2129 3460 2176 3489 lib.
2195 3465 2235 3496 38.
2249 3469 2268 3491 t.
2284 3472 2325 3492 10.
2338 3464 2387 3500 l.4.

1266 3495 1287 3532 §.
1300 3498 1325 3524 6.
1366 3495 1434 3531 [Sic
1445 3496 1538 3525 reddit
1550 3497 1675 3525 Graecum
1688 3496 1799 3525 Homeri
1810 3507 1974 3531 moereamus&
2013 3497 2066 3526 Sed
2078 3508 2135 3526 non
2143 3498 2253 3528 videtur
2263 3511 2293 3529 ea
2307 3502 2390 3532 inter-

1267 3534 1385 3570 pretatio
1396 3534 1479 3571 ipsius
1489 3534 1792 3570 essePandectographi.
1800 3534 1881 3562 Certe
1889 3533 2043 3563 Latinitatis
2054 3536 2092 3564 cst
2100 3537 2217 3565 omnino
2227 3540 2388 3576 reprobatae.

1229 3570 1251 3600 C
1262 3580 1281 3599 Α
1293 3580 1311 3599 u
1320 3572 1376 3600 εἷ»
1386 3574 1397 3600 ῑ
1408 3581 1424 3600 0
1433 3582 1450 3600 υ
1462 3581 1474 3600 s
1490 3593 1498 3606 ‚
1520 3572 1535 3600 i,
1560 3581 1596 3600 m,
1620 3573 1725 3607 [ῥή-ως,
1741 3572 1899 3608 συνήχοξῷη]
1922 3572 1977 3608 Qui
1989 3571 2080 3602 causas
2089 3574 2145 3610 agit
2155 3595 2163 3609 ,
2184 3575 2228 3604 vel
2240 3576 2388 3608 Patronus:

1265 3609 1342 3644 quod
1353 3609 1381 3637 in
1396 3609 1482 3638 causis
1499 3609 1625 3638 dicendis
1637 3608 1764 3637 versetur.
1806 3607 1864 3639 Cic.
1879 3619 1901 3639 1.
1917 3610 1952 3639 de
1968 3610 2044 3639 Orat.
2060 3620 2120 3641 102.
2144 3612 2210 3641 Non
2229 3615 2304 3644 enim
2326 3626 2390 3647 cau-

1265 3646 1383 3675 fidicum
1398 3646 1490 3676 nescio
1503 3656 1601 3683 quein,
1625 3656 1714 3683 neque
1726 3646 1960 3683 proclamatorern
1971 3669 1979 3682 ,
1996 3649 2048 3678 &c

1265 3684 1398 3720 Ampius,
1420 3685 1549 3720 grandis,
1571 3684 1693 3719 subtilis,
1714 3684 1825 3722 elegans
1835 3685 1997 3715 causidicus.
2024 3685 2083 3716 Cic.
2094 3687 2125 3717 in
2137 3686 2270 3726 Orat.30.

1265 3721 1381 3759 Pauper.
1402 3721 1522 3751 Martial.
1537 3721 1585 3750 lib.
1608 3731 1723 3755 ¹4-210·

1264 3758 1380 3789 Pusuius
1389 3759 1553 3788 causidicus.
1574 3759 1676 3794 Juven.
1692 3769 1733 3788 10.
1750 3755 1805 3789 Sat.
1819 3769 1881 3790 121.

1265 3797 1385 3827 Raucus.
1408 3796 1528 3826 Martias.
1540 3796 1588 3826 lib.
1606 3809 1631 3832 4.
1651 3803 1676 3831 8.

1228 3834 1279 3864 CA
1291 3845 1308 3863 υ
1317 3845 1328 3864 s
1340 3846 1347 3863 1
1358 3845 1376 3863 r>
1386 3845 1395 3862 i
1406 3844 1423 3862 c
1433 3837 1471 3862 iu
1481 3844 1499 3862 A
1513 3856 1521 3868 ,
1542 3844 1572 3863 ae.
1595 3834 1614 3863 s.
1638 3834 1695 3872 ipsa
1706 3844 1748 3864 ars
1759 3856 1767 3870 ,
1788 3834 1842 3865 live
1855 3832 1960 3866 Munus
1970 3837 2180 3869 causidicorum.
2203 3840 2389 3871 Cod.Theod.

1266 3872 1381 3939 iggiplt.
1394 3872 1583 3938 ἀῗςζῡοὴοηᾶῑ.
1595 3873 1685 3910 prino.
1698 3874 1805 3903 cornic.
1838 3874 1872 3904 Et
1882 3876 2018 3905 Ammian.
2033 3885 2076 3912 30.
2092 3882 2135 3907 16.
2155 3880 2181 3907 ὗε
2193 3880 2347 3916 Synimach.
2364 3891 2388 3916 ς,

1311 3911 1318 3938 i
1344 3933 1348 3938 .
1366 3913 1407 3938 16.
1457 3918 1501 3946 75.

1227 3947 1252 3976 C
1262 3958 1281 3976 A
1290 3920 1308 3976 ii
1318 3957 1346 3976 ει
1357 3948 1419 3976 Dic
1429 3956 1445 3975 o
1455 3957 1469 3975 ix
1482 3968 1490 3982 ,
1512 3947 1560 3976 ari.
1584 3947 1666 3977 Closs.
1680 3948 1724 3977 Gr.
1737 3948 1795 3978 Lat.
1811 3947 1936 3985 albeny-3..
1958 3952 2028 3980 causi
2035 3953 2121 3982 dicor.

1227 3985 1252 4015 C
1263 3995 1280 4014 A
1292 3995 1347 4014 usi
1357 3995 1375 4013 D
1384 3995 1393 4013 i
1404 3994 1421 4013 c
1430 3994 1450 4013 Λ
1460 3994 1480 4014 τ
1491 3995 1508 4015 υ
1517 3995 1544 4021 s,
1558 3987 1596 4015 Cis.
1609 3996 1646 4016 m.
1662 3987 1876 4055 verbaleNGlols.
1891 3989 1936 4018 Gr.
1952 3989 2009 4019 Lat.
2029 3988 2154 4023 ὃνωληὶκ
2163 4012 2172 4026 ,
2193 3991 2389 4022 Caufidicatus.

1808 4035 1826 4055 n
1837 4036 1856 4055 n
2263 4028 2284 4057 C
2296 4040 2313 4058 A
2324 4040 2342 4059 u
2350 4039 2361 4059 s
2369 4034 2392 4059 ἵ-
