2604 4222
182 107 252 136 120
596 92 623 126 A
722 89 755 123 G
852 82 882 120 E

222 178 332 215 Agraria
340 176 394 206 lex.
413 175 472 205 Cic.
486 183 509 203 1.
529 175 584 204 Att.
603 171 712 209 Agraria
728 169 775 199 lex
784 167 902 198 aFlavio
915 162 1044 193 Tribuno
1052 158 1142 198 plebis
1156 157 1337 187 vehementer

235 215 387 253 agitabatur
395 210 718 249 authorePompeio,quae
729 205 799 236 nihil
806 203 940 243 populare
949 199 1172 235 habebatpraeter
1181 194 1337 223 authorem.

223 249 572 328 ῗὲῗᾷῐὲεεῑέωῗξροῗέῑε
585 286 716 314 dicuntur
724 281 862 312 Stationes
871 275 986 314 Agrariae
995 296 1004 310 ,
1028 274 1063 303 de
1079 270 1180 309 quibus
1189 267 1339 299 Turnebus

243 327 351 358 Advers.
367 339 392 363 4.
406 337 431 362 7.
448 327 474 355 ἃ
484 323 621 355 Stewech.
633 322 667 351 ad
678 321 771 357 Veget.
785 327 808 353 3.
821 322 844 348 8.

187 367 210 397 A
219 376 238 396 o
248 377 264 395 R
273 376 292 394 A
300 376 316 395 R
327 375 335 394 1
347 377 355 393 1
368 387 376 399 ,
391 364 478 393 Subst.
503 363 560 399 Qui
571 360 616 390 vel
625 360 700 396 leges
711 356 825 394 agrarias
835 359 943 389 rogant,
963 348 1008 379 vel
1020 351 1197 386 promovent,
1206 343 1251 375 vel
1262 353 1341 381 agros

224 403 373 471 possident,
388 400 431 431 vel
443 401 478 430 de
497 401 567 437 agris
578 399 619 427 liti
640 402 694 425 ant.
735 394 765 422 V.
789 391 847 421 Cic.
872 395 970 418 contra
987 386 1064 417 Rulli
1078 386 1179 423 legem.
1215 383 1295 412 Idem
1313 391 1339 418 7.

247 441 347 478 hilipp.
372 445 413 473 18.
436 439 502 468 Non
515 437 625 467 solicita
646 435 667 462 it
676 432 765 461 rursus
780 428 900 466 agrarios
914 427 928 455 ‘2

188 480 211 510 Δ
219 489 239 508 c
247 489 264 508 R
273 489 291 507 A
300 488 320 506 T
329 489 338 506 1
349 487 366 506 c
375 488 394 506 u
402 488 424 506 M
432 499 440 512 ,
462 476 479 505 i.
502 485 530 505 n.
553 474 622 503 Cod.
633 469 744 501 Theod.
753 468 772 498 l.
782 477 808 505 7.
826 467 870 496 tit.
884 474 930 494 20.
956 462 1029 493 nihil
1038 461 1093 491 illis
1105 459 1216 499 agratici
1226 458 1344 488 nomine

226 517 372 546 deferatur.

188 555 209 584 A
218 564 236 584 G
245 565 263 583 R
271 564 288 582 o
297 564 308 583 s
318 564 336 582 u
346 563 358 582 s
370 575 377 587 ,
403 551 504 588 legitur
512 548 587 586 apud
596 547 670 575 Varr.
683 544 731 574 lib.
742 555 768 579 4.
787 543 823 572 de
833 540 863 571 L.
876 540 904 570 L.
920 540 970 569 ubi
979 539 1018 569 ait
1027 560 1036 574 ,
1058 537 1152 574 Quare
1163 545 1222 564 non
1235 543 1299 564 cum
1308 533 1344 562 de

227 592 299 658 1ἶοί5
315 591 407 619 dicam
421 611 429 625 ,
451 588 470 617 si
483 588 517 617 ab
528 595 590 623 agro
602 584 637 613 ad
646 582 771 621 agrosum
780 580 927 610 hominem
935 600 943 614 ,
973 579 1001 608 &
1011 575 1162 614 agricolam
1174 580 1325 611 pervenero
1333 592 1342 606 ,

228 640 245 658 O
267 638 364 658 Cl'l‘al'O.

188 667 211 697 A
220 677 262 696 GR
272 676 306 695 as
316 675 335 694 T
345 677 353 693 1
363 675 394 707 s,
414 674 439 692 e.
463 661 579 716 [ἅβιῶι
591 682 599 695 ,
619 659 742 694 nimia&
752 676 760 689 ‚
780 656 918 692 οἱκόπςίῷυ
930 655 947 690 ]
967 651 1195 690 Quodrusticum
1205 649 1253 684 est,
1269 648 1296 677 δι
1308 645 1344 675 ad

226 699 501 781 agrosffiffizisseguaex
510 707 614 766 1vregllein
627 695 745 764 ἓξΙΙέιῃῙαὲ
755 731 879 775 permisit
894 729 1000 773 agresti.
1123 765 1129 770 1
1220 763 1225 768 Ι
1313 760 1319 766 .

224 779 361 847 Αὲιιηιηὲε
377 776 493 814 agrestis.
524 774 551 803 h.
572 783 595 803 e.
618 771 772 810 AEgisthus:
794 779 860 809 quia
873 770 904 799 in
916 777 986 808 agris
999 789 1009 803 ,
1033 760 1343 803 acaprisnutritusfiut.

265 827 308 846 en.
345 825 415 852 gain.
429 823 453 850 7.

224 856 296 893 Aper
317 852 434 890 agrestis.
466 850 552 880 Ovid.
569 848 605 878 de
622 847 742 878 Philum.

223 892 320 922 Arbor.
355 890 414 919 Cic.
428 898 453 926 7.
472 888 549 917 Verr.

224 929 332 959 Cultus.
352 928 419 957 Stat.
438 930 465 956 6.
486 924 579 956 Theb.

222 967 298 998 Falx.
320 966 419 1003 Juven.
435 974 477 1003 13.
506 964 574 994 Stat.
591 972 636 1000 39.

222 1005 443 1036 Ferramentum.
465 1002 523 1032 Liv.
544 1012 568 1031 1.

222 1043 357 1074 Frondes.
378 1042 445 1071 Hor.
465 1050 490 1078 3.
514 1039 605 1069 Carm.
622 1043 720 1073 18.14.

222 1081 307 1111 Gaza.
329 1080 403 1117 Virg.
423 1091 446 1116 5.
469 1078 531 1109 AEn.
543 1088 589 1113 40.

222 1119 343 1150 Latium.
361 1118 432 1152 Hor.
445 1126 470 1146 2.
490 1116 573 1154 Epist.
593 1125 617 1144 1.
637 1123 699 1150 157.

222 1156 338 1187 Laurus.
358 1155 455 1186 Tibul.
470 1153 517 1183 lib.
529 1164 555 1184 2.
573 1156 600 1183 6.

223 1195 305 1233 Lupi.
328 1194 396 1224 Stat.
413 1203 438 1231 3.
461 1192 553 1222 Theb.

222 1233 348 1265 Numen.
370 1233 434 1262 Sen.
451 1229 566 1269 Hippoi.
589 1239 617 1265 4.

221 1271 372 1310 Nymphae.
393 1270 467 1306 Virg.
482 1278 507 1305 3.
531 1267 593 1297 AEn.
607 1275 651 1302 34.

223 1309 364 1344 Palaestra,
385 1307 497 1338 Rustica
509 1305 632 1335 luctatio.
654 1303 727 1341 Virg.
749 1309 775 1331 2.
798 1299 896 1336 Georg.

224 1348 319 1378 Poma.
343 1347 417 1384 Virg.
428 1354 454 1383 7.
478 1344 541 1375 JEn.
560 1352 623 1372 111.

224 1386 324 1416 Pubes.
346 1385 420 1421 Virg.
439 1393 462 1412 1.
486 1382 584 1418 Georg.
603 1388 665 1417 343.

223 1423 325 1454 Saltus.
347 1422 432 1452 Ovid.
449 1431 491 1456 14.
512 1419 581 1449 Met.
599 1423 664 1455 872.

224 1462 324 1500 Satyri.
343 1460 411 1491 Hor.
429 1459 537 1489 deArte
546 1457 622 1486 Poet.
638 1463 704 1496 233.

223 1501 336 1539 sparus.
360 1498 430 1535 Virg.
449 1506 491 1526 11.
513 1495 650 1527 AEn⁴682

225 1539 362 1569 Stramen.
385 1536 458 1573 Virg.
472 1544 515 1563 11.
536 1533 599 1563 AEn.
612 1535 659 1568 67.

225 1575 316 1614 Sylva.
339 1574 423 1605 Ovid.
445 1582 472 1610 7.
503 1571 573 1601 Met.
585 1579 650 1605 205.
682 1590 684 1592 ,

225 1615 323 1645 Tecta.
343 1612 427 1642 Ovid.
445 1622 472 1647 4.
492 1609 560 1639 Fast.
576 1614 641 1645 803.

226 1652 333 1682 Tineae.
354 1650 437 1680 Ovid.
454 1659 497 1684 15.
519 1646 588 1677 Met.
606 1653 669 1683 373.

225 1690 313 1721 Tauri
328 1688 442 1726 agrestes
454 1685 589 1716 differunt
599 1694 614 1713 a
625 1682 642 1712 s
654 1677 806 1711 lvestribus.
826 1675 898 1707 Plin.
908 1675 958 1704 lib.
975 1678 1002 1709 8.
1024 1681 1085 1710 cap.
1095 1679 1144 1701 21.
1174 1669 1229 1701 Sed
1239 1667 1349 1701 atrocis-

245 1728 329 1758 simos
338 1726 443 1756 habent
451 1731 543 1754 tauros
556 1721 629 1760 sylve
666 1729 695 1749 es
706 1718 824 1754 majores
834 1714 993 1753 agrestibus.

226 1766 344 1804 Agrestis
355 1786 363 1801 ,
383 1773 433 1802 per
439 1761 632 1799 metaphoram
641 1758 744 1788 dicitur
754 1765 806 1794 pro
812 1753 890 1784 Duro
900 1774 908 1787 ,
929 1750 1033 1789 aspero,
1044 1748 1154 1779 acerbo.

226 1804 320 1835 Durus
337 1805 364 1833 δι
380 1801 499 1840 agrestis.
520 1798 580 1829 Cic.
602 1798 638 1827 de
657 1796 729 1833 Lege
747 1795 807 1831 Agr.
826 1802 871 1828 94.
893 1790 1007 1827 Ligures
1023 1786 1171 1822 montani,
1192 1785 1254 1815 duri
1267 1789 1349 1822 atque

225 1841 423 1912 Ιιῖἕὲῗὶὶιῗῑᾶει
442 1876 526 1906 restis.
548 1873 607 1904 Cic.
619 1871 749 1914 inPartit.
761 1879 806 1906 90.
845 1865 1039 1904 Hocprimum
1050 1861 1247 1900 intelligamus,
1260 1860 1351 1889 homi-

245 1928 316 1948 num
325 1918 382 1946 duo
393 1926 408 1945 e
432 1925 447 1944 e
464 1921 580 1952 genera:
602 1908 875 1941 alterumindodtum
888 1906 914 1934 δὲ
923 1902 1024 1940 agreste
1032 1924 1041 1937 ,
1070 1901 1128 1931 uod
1137 1900 1272 1929 anteferat
1282 1898 1351 1927 sem-

244 1966 296 1996 per
304 1955 455 1985 utilitatem
465 1950 601 1981 honestati
612 1959 619 1979 :
640 1948 757 1978 alterum
764 1943 932 1983 expolitum,
943 1941 1020 1978 quod
1028 1912 1109 1970 tacius
1117 1937 1250 1968 omnibus
1261 1936 1351 1974 digni-

227 2001 337 2071 Atgrtgiltli:
346 1999 416 2060 §anilii
435 1997 579 2058 tcirxiiirtnum.
602 2025 662 2055 Cic.
676 2033 717 2061 13.
740 2022 795 2052 Att.
807 2031 854 2057 45.
877 2016 998 2049 Exculto
1018 2015 1129 2051 animo,
1148 2012 1222 2043 nihil
1237 2012 1349 2050 agreste,

247 2068 320 2100 nihil
336 2069 522 2098 inhumanum
539 2065 586 2095 est.

227 2108 324 2138 Vastus
342 2108 367 2137 &
385 2105 504 2144 agrestis.
526 2103 585 2133 Cic.
600 2111 624 2131 1.
646 2100 681 2129 de
689 2097 766 2129 Orat.
783 2107 845 2131 115.
885 2094 940 2124 Sed
949 2092 1012 2122 sunt
1022 2091 1135 2130 quidam
1144 2095 1192 2119 aut
1205 2089 1244 2118 ita
1255 2088 1351 2125 lingua

247 2145 403 2176 haesitantes
411 2166 418 2179 ,
440 2149 487 2172 aut
499 2142 537 2171 ita
545 2150 613 2170 voce
623 2138 718 2168 absoni
728 2159 736 2172 ,
757 2143 805 2165 aut
822 2135 860 2163 ita
871 2132 951 2163 vultu
960 2137 1095 2167 motuque
1105 2128 1228 2166 corporis
1236 2126 1302 2155 vasti
1313 2134 1352 2155 at-

249 2194 303 2222 que
312 2182 426 2221 agrestes
436 2203 444 2216 ,
459 2187 492 2210 ut
499 2180 583 2209 etiarn
595 2177 614 2206 fi
626 2176 747 2219 ingeniis
760 2181 843 2211 atque
854 2177 910 2201 arte
920 2169 1047 2205 valeant,
1066 2175 1164 2198 tamen
1171 2166 1202 2195 in
1211 2170 1351 2195 oratorum

250 2230 399 2251 numerum
412 2228 508 2248 venire
525 2227 583 2246 non
598 2215 710 2254 possmt.

231 2260 348 2290 Animus
363 2257 472 2295 agrestis
488 2266 521 2285 ac
539 2255 632 2284 durus.
655 2252 715 2281 Cic.
731 2259 783 2289 pro
799 2247 914 2282 Archia,
938 2255 982 2282 17.

229 2297 367 2336 Asperitas
380 2295 497 2333 agrestis
518 2293 587 2323 Hor.
603 2302 627 2321 1.
657 2289 740 2328 Epist.
758 2298 799 2324 19.

230 2336 371 2366 Dominus
391 2332 499 2371 agrestis
521 2341 552 2361 ac
568 2328 695 2360 furiosus.
727 2326 786 2356 Cic.
808 2325 844 2354 de
869 2323 979 2354 Senect.
995 2329 1042 2357 47.

230 2374 347 2403 Donum
363 2371 473 2409 agreste.
503 2368 551 2399 Sil.
573 2368 622 2398 lib.
645 2375 688 2404 13.

231 2411 393 2442 Immanitas
409 2408 527 2446 agrestis.
555 2406 614 2436 Cic.
634 2415 658 2434 1.
679 2404 714 2433 de
727 2401 823 2432 Divin.
842 2401 888 2429 60.

232 2448 314 2479 Musa
328 2447 437 2485 agrestis
448 2469 456 2483 ,
476 2445 620 2475 Rusticum
629 2450 760 2477 carmen,
781 2446 813 2469 ut
821 2439 860 2468 ait
868 2437 986 2467 Servius.
1008 2434 1122 2472 Virg.,6.
1139 2430 1198 2462 Ecl.
1212 2438 1239 2466 8.

232 2486 411 2524 Negligentia
423 2482 736 2523 agrestis&inhumana.
759 2477 819 2507 Cic.
833 2486 857 2505 1.
879 2474 936 2505 Off.
959 2482 1020 2509 130.
1058 2470 1225 2501 Adhibenda
1238 2473 1351 2508 praeter-

253 2534 286 2554 ea
303 2523 443 2553 munditia
461 2522 499 2551 est
507 2544 515 2557 ,
534 2530 592 2549 non
601 2518 697 2549 odiosa
707 2525 798 2553 neque
808 2513 942 2552 exquisita
951 2511 1036 2541 nimis
1046 2532 1055 2546 ‚
1077 2514 1187 2539 tantum
1197 2518 1257 2546 quae
1266 2507 1355 2545 fugiat

252 2562 385 2600 agrestem
396 2562 422 2591 &
434 2560 616 2589 inhumanam
627 2554 835 2594 negligentiam.

233 2601 333 2631 Pectus
351 2598 471 2636 agreste,
492 2597 600 2627 Dirum.
623 2594 709 2624 Ovid.
730 2603 771 2628 15.
794 2590 880 2628 Epist.
893 2597 958 2625 207.

235 2638 382 2676 Quiddam
399 2636 508 2673 agreste.
540 2633 599 2664 Cic.
621 2642 646 2669 3.
675 2632 711 2661 de
726 2630 803 2660 Orat.
816 2638 881 2664 225.
929 2626 1004 2656 Nam
1020 2634 1036 2654 a
1057 2622 1200 2662 principio
1218 2620 1353 2657 clamare,

253 2676 356 2714 agreste
365 2673 498 2712 quiddam
509 2672 556 2702 est.

234 2714 334 2745 Servos
352 2712 466 2750 agrestes
480 2713 506 2741 ἃ
518 2708 656 2739 barbaros.
677 2706 737 2736 Cic.
750 2715 800 2744 pro
814 2702 917 2734 Milon.
930 2705 976 2731 26.

236 2751 299 2783 Vita
307 2752 364 2781 fera
373 2750 546 2787 agrestisque.
577 2746 636 2776 Cic.
650 2755 673 2775 1.
686 2745 721 2774 de
730 2743 806 2774 Orat.
819 2751 863 2779 33.
894 2739 966 2776 Qiae
975 2738 1017 2769 vis
1025 2737 1078 2767 alia
1090 2737 1186 2774 potuit
1195 2741 1243 2765 aut
1253 2733 1356 2772 disper-

254 2790 298 2820 sos
319 2789 447 2819 homines
457 2795 547 2816 unum
564 2785 594 2814 in
608 2784 703 2813 locum
719 2788 887 2817 congregare
897 2800 905 2813 ‚
926 2783 974 2806 aut
996 2786 1012 2805 a
1025 2776 1083 2805 fera
1093 2774 1243 2812 agrestique
1252 2773 1309 2802 vita
1316 2771 1354 2800 ad

253 2828 332 2857 hunc
347 2827 501 2856 humanum
519 2822 626 2853 cultum
641 2820 807 2855 civilemque
822 2816 962 2846 deducere
972 2815 987 2843 ⁶?

236 2866 299 2896 Vox
316 2865 414 2895 rustica
429 2864 455 2893 &
469 2861 589 2900 agrestis.
613 2859 672 2889 Cic.
688 2858 724 2887 de
742 2857 819 2886 Orat.
838 2864 881 2891 39.

237 2904 368 2971 Cgmpass
391 2900 450 2931 Cic.
471 2910 495 2937 5.
517 2898 600 2929 Tusc.
610 2907 655 2935 27·
696 2895 767 2933 Quae
781 2892 905 2923 barbaria
918 2889 999 2921 India
1010 2889 1110 2918 vastior
1120 2889 1146 2918 &
1155 2886 1292 2924 agrestior.
1306 2885 1354 2915 ad-

277 2951 292 2971 e
302 2951 331 2971 in
371 2946 419 2969 rat.
451 2961 458 2968 .

200 2981 402 3013 Aoaasrrs,
433 2948 521 3006 ³Subst.
543 2984 594 3012 pro
608 2972 731 3003 Homine
743 2969 853 2999 rustico.
891 2966 965 3002 Virg.
979 2975 1005 3000 9.
1026 2963 1137 2994 AEneid.
1156 2972 1200 2992 11.

311 3016 509 3054 Lydorumque
521 3021 636 3042 manum
648 3032 656 3045 ,
678 3008 812 3039 collectos
826 3010 914 3035 armat
926 3003 1050 3041 agrestes.

237 3055 308 3085 Duri
329 3053 453 3092 agrestes.
474 3051 585 3088 Virg.1.
608 3048 708 3085 Georg.
722 3050 767 3083 63.

238 3093 326 3123 Tardi
337 3091 463 3130 agrestes.
485 3088 570 3119 Ovid.
582 3098 607 3124 9.
630 3085 699 3116 Met.
711 3087 774 3121 346.

239 3131 391 3168 Agrestium
403 3132 566 3158 conventus.
589 3125 648 3155 Cic.
657 3133 709 3161 pro
720 3122 878 3151 Muren.61.
899 3118 934 3147 Et
943 3116 1076 3154 quoniam
1083 3123 1141 3143 non
1155 3113 1193 3143 est
1203 3112 1285 3142 nobis
1295 3112 1356 3142 haec

258 3169 345 3198 oratio
360 3165 489 3196 habenda
498 3171 547 3194 aut
560 3173 625 3193 cum
643 3161 771 3199 imperita
779 3156 978 3189 multitudine,
999 3161 1047 3182 aut
1057 3153 1088 3181 in
1105 3151 1198 3189 aliquo
1215 3156 1356 3181 conventu

259 3206 404 3243 agrestium
414 3227 422 3240 ,
439 3203 571 3233 audacius
582 3199 666 3239 paulo
680 3199 716 3228 de
728 3196 823 3227 studiis
835 3192 1014 3224 humanitatis
1031 3189 1186 3227 disputabo.

204 3244 418 3274 AGREsTlus
430 3264 438 3277 ,
460 3241 527 3271 Adv.
547 3239 683 3277 Spartian.
700 3235 786 3266 Hadr.
807 3243 868 3271 cap.
887 3241 912 3269 3.
933 3229 1097 3260 Orationem
1111 3228 1142 3256 in
1160 3227 1263 3257 Senatu
1282 3235 1358 3264 agre-

241 3281 307 3310 stius
325 3280 511 3318 pronuncians
525 3277 592 3307 risus
614 3276 661 3306 est.

204 3320 227 3349 A
235 3329 253 3348 c
262 3329 279 3347 R
288 3328 302 3347 a
311 3328 323 3348 s
333 3322 372 3347 *ri
382 3327 401 3346 N
412 3328 429 3346 u
438 3327 450 3346 s
460 3339 468 3353 ‚
490 3327 505 3346 a
513 3339 521 3352 ,
542 3325 601 3345 um.
640 3313 674 3344 In
683 3321 748 3350 agro
761 3309 874 3340 nascens
887 3317 895 3342 ·‚
916 3312 969 3341 ut,
989 3303 1128 3342 Agrestina
1138 3301 1204 3331 lilia.
1227 3302 1358 3331 Commo-

242 3357 318 3385 dian.
338 3355 462 3385 instruct.
483 3359 526 3391 67.
545 3363 571 3383 v.
584 3362 610 3390 7.

203 3395 460 3428 AGRESTiTAS,
481 3392 534 3422 sive
555 3392 839 3420 Acartsrr‘runo,
858 3378 1081 3425 PontanusDial.
1097 3388 1125 3420 p.
1136 3388 1181 3413 40.
1204 3376 1239 3406 H.
1261 3377 1300 3406 St.

205 3433 254 3463 AG
263 3441 325 3469 Rip
334 3433 376 3460 61.
385 3441 404 3459 A
416 3452 424 3465 ‚
455 3439 486 3460 ae.
507 3439 531 3459 c.
565 3424 685 3465 [μωςῃὲς
696 3444 704 3453 ,
721 3420 849 3460 strumen,
868 3418 1007 3456 'nepa-nvnc]
1038 3417 1110 3454 quali
1125 3417 1227 3452 Agrum
1242 3414 1355 3443 colens:

243 3468 346 3499 dicitur
357 3468 413 3504 Qui
424 3467 577 3504 quamlibet
588 3463 782 3503 agriculturam
789 3465 917 3490 exercet:
933 3458 959 3486 ἃ
969 3456 1007 3484 est
1017 3463 1122 3483 nomen
1132 3452 1267 3489 generale.
1283 3452 1357 3481 Nam

242 3508 315 3536 inter
329 3504 462 3543 agricolas
472 3505 519 3534 alii
527 3504 587 3533 sunt
597 3510 726 3535 aratores,
735 3498 784 3528 alii
795 3498 937 3529 vinitores,
947 3491 1078 3522 nonnulli
1088 3490 1266 3524 arboratores,
1276 3489 1357 3518 multi

243 3546 329 3574 etiam
349 3544 486 3581 pastores:
508 3541 601 3579 quales
612 3546 690 3569 erant
700 3539 756 3568 fere
765 3536 841 3574 apud
859 3531 1068 3570 antiquiss'imos.
1091 3529 1151 3558 Nec
1168 3527 1256 3556 solum
1267 3527 1360 3556 rustici

243 3584 270 3613 &
282 3582 397 3619 agrestes
408 3581 537 3609 dicuntur
544 3577 680 3615 agricolae,
698 3575 744 3605 sed
755 3573 836 3604 multi
847 3573 930 3603 etiam
940 3567 1084 3607 oppidani.
1107 3565 1192 3602 Quod
1201 3574 1287 3601 genus
1295 3565 1359 3593 vitae

243 3620 312 3649 olim
321 3620 373 3648 fuit
382 3619 410 3647 in
418 3618 538 3647 maximo
550 3617 639 3654 pretio
649 3623 730 3652 atque
740 3613 847 3642 honore
858 3633 867 3646 ,
887 3607 1036 3647 praesertim
1047 3604 1122 3643 apud
1133 3604 1284 3632 Romanos.
1308 3602 1360 3631 Ca-

243 3665 274 3686 to
283 3657 318 3686 de
328 3657 358 3686 R.
372 3656 404 3685 R.
418 3665 478 3693 cap.
491 3665 514 3684 1.
554 3654 645 3682 Bonus
655 3650 784 3694 agricola,
805 3649 950 3684 bonusque
959 3644 1084 3675 colonus.
1106 3640 1359 3671 Italaudabantan.

243 3695 314 3732 tiqui
324 3695 413 3723 virum
425 3693 544 3722 bonum:
566 3689 784 3728 amplillnneque
793 3685 899 3717 laudari
911 3681 1135 3715 existimabatur,
1150 3679 1197 3716 qui
1212 3677 1251 3707 ita
1266 3677 1360 3706 lauda-

244 3732 334 3762 batur.
355 3731 428 3768 Virg.
440 3741 465 3760 2.
488 3730 586 3765 Georg.
602 3733 665 3762 408-

318 3769 345 3799 O
362 3768 516 3797 fortunatos
535 3766 671 3799 nimium,
692 3763 739 3792 sua
752 3763 771 3791 si
790 3762 865 3791 bona
884 3761 994 3794 norint,

318 3806 474 3843 Agricolas!
515 3804 572 3833 Cic.
591 3814 613 3831 i.
633 3801 716 3831 Tusc.
732 3811 773 3836 14.
795 3799 909 3828 Arbores
921 3798 989 3827 seret
998 3795 1119 3834 diligens
1134 3790 1263 3833 agricola.

245 3844 371 3883 Agricola
388 3842 517 3872 assiduus.
540 3842 598 3869 Cic.
615 3849 665 3877 pro
682 3837 761 3868 Rosc.
775 3838 866 3867 Amer.
886 3847 932 3872 94.

244 3885 354 3915 Avarus.
375 3881 449 3918 Virg.
464 3890 487 3909 1.
508 3878 607 3915 Georg.
623 3887 670 3912 47.

1803 65 1832 100 A
1928 61 1960 96 G
2056 60 2085 95 E

1431 149 1520 181 Beati.
1540 146 1606 178 Hor.
1620 154 1645 176 2.
1666 146 1751 185 Epist.
1767 156 1790 176 1.
1807 155 1868 183 139.

1430 188 1548 218 Crudus.
1569 184 1687 215 Martial.
1706 184 1756 213 lib.
1783 193 1825 213 12.
1846 192 1891 220 77.

1512 225 1610 254 Ebrius
1627 224 1653 252 Sc
1673 222 1774 251 crudus
1789 221 1830 250 nil
1851 220 1934 250 habet
1950 214 2079 255 agricola.

1430 262 1669 301 DiligentissimUS.
1691 259 1749 288 Cic.
1762 269 1812 297 pro
1822 259 1914 288 Deiot.
1925 266 1968 293 27.
2008 255 2045 284 Ut
2065 252 2188 290 optimus
2203 246 2401 288 paterfamilias
2413 271 2421 285 ,
2445 248 2472 279 ἃ
2487 246 2547 278 dili.

1452 300 1623 339 gentiilimus
1633 296 1752 335 agricola
1769 298 1795 327 ἃ
1804 296 1950 334 pecuarius
1962 292 2117 322 haberetur.

1433 340 1537 370 Fortes.
1556 338 1621 366 Hor.
1632 346 1656 364 2.
1678 334 1761 372 Epist.
1779 345 1801 364 1.
1816 344 1876 371 139.

1435 376 1569 408 Indocilis
1585 373 1658 404 coeli.
1699 373 1731 401 V.
1753 384 1762 400 1
1770 382 1790 401 N
1800 383 1817 401 D
1827 382 1844 401 o
1854 381 1871 400 e
1881 382 1889 399 1
1899 382 1916 400 L
1924 381 1933 398 1
1943 379 1963 398 s.

1435 414 1579 445 indomiti.
1604 411 1677 448 Virg.
1692 420 1718 446 7.
1740 410 1802 440 IEn.
1822 419 1883 445 521.

1435 452 1539 483 Miseri.
1561 450 1633 486 Virg.
1656 458 1698 478 12.
1719 448 1780 478 AEn.
1798 457 1861 483 292.

1436 487 1612 526 Negotiosus.
1644 485 1781 515 Columel.
1800 485 1850 515 lib.
1861 495 1887 520 9.
1907 492 1968 519 cap.
1983 490 2008 510 2.
2027 478 2117 508 adfin.
2137 477 2270 507 Studiosis
2284 484 2395 519 quoque
2408 473 2550 506 literatum

1436 525 1648 595 Pgratiorassiipt
1657 524 1704 553 ista
1706 524 1815 591 Sinlotio
1831 520 1987 560 legentibus
1998 540 2007 554 ‚
2028 525 2112 554 quam
2120 516 2268 553 negotioiis
2276 513 2414 551 agricolis.

1459 574 1545 594 sssCUS.
1603 573 1617 591 'd
1632 585 1638 591 .
1660 573 1684 597 ς·
1754 572 1779 591 V.
1794 572 1816 591 Ι.

1436 604 1552 639 Pauper.
1574 600 1624 629 Pro
1647 607 1696 629 ert.
1708 599 1729 628 li
1751 622 1757 628 .
1773 609 1799 629 2.
1819 609 1859 634 19.
1873 602 1899 631 8-

1437 638 1600 671 Peritiffimi.
1647 637 1759 667 olumel.
1776 646 1888 674 11.cap.
1904 644 1928 663 1.

1437 678 1541 709 Severi.
1562 676 1669 705 Lucret.
1688 675 1735 705 lib.
1751 686 1774 712 5.
1789 678 1869 712 1356.

1437 717 1464 746 T
1467 716 1549 753 urpIS.
1573 714 1656 744 Ovid.
1674 723 1696 743 1.
1712 714 1747 743 de
1760 715 1822 743 Arte
1830 714 1889 742 Am.

1437 754 1562 783 ValiduS.
1585 751 1722 781 Columel.
1741 751 1842 780 lib.11.
1856 760 1887 779 ca
1910 758 1955 778 .1.

1440 790 1567 835 Agricola
1577 789 1734 820 &rusticus
1756 789 1814 819 Cic.
1831 798 1881 827 pro
1889 760 1973 817 itosc.
1986 785 2077 814 Amer.

1439 828 1598 867 Agricolum
1608 850 1615 863 ,
1637 837 1687 865 pro
1702 827 1897 865 Agricolarum.
1918 825 2025 854 Lucret.
2037 821 2087 850 lib.
2103 830 2130 855 4.
2146 828 2208 855 590.
2246 858 2249 859 .

1521 866 1556 896 Et
1565 875 1652 903 genus
1664 865 1817 903 agricoltim
1834 864 1889 893 late
1903 861 2059 894 sentiscere,
2078 868 2144 888 cum
2159 857 2216 886 Pan
2235 859 2288 886 &c.

1440 904 1568 948 Agricola
1580 903 1673 939 Deus,
1695 903 1862 932 Vertumnus
1880 901 1935 930 scil.
1946 898 2022 937 apud
2032 895 2137 927 Tibull.
2152 905 2176 924 1.
2192 905 2215 924 1.
2228 905 2270 930 14.
2310 891 2366 922 Ubi
2379 892 2444 922 vide
2463 889 2557 922 Broek.

1460 942 1530 972 huis.
1551 941 1624 971 &ad
1645 951 1667 970 1.
1683 952 1707 977 5.
1720 950 1764 977 27.
1786 941 1854 970 item
1865 949 1889 969 2.
1905 950 1929 969 1.
1943 942 1987 975 36.

1404 983 1495 1012 AGRr
1505 981 1598 1010 C6L0
1608 989 1643 1014 R,
1662 979 1711 1008 ari.
1733 979 1797 1021 dep.
1832 979 1934 1015 Agrum
1942 975 2043 1005 colere.
2074 971 2194 1003 Salvian.
2208 981 2233 999 2.
2246 974 2343 998 contra
2350 968 2450 998 Avarit.
2466 978 2494 1005 p.
2511 977 2556 1004 73.
2595 964 2598 966 ’

1442 1018 1501 1055 Qui
1514 1016 1714 1056 agricolantur,
1730 1017 1760 1046 id
1767 1017 1816 1046 libi
1825 1014 1995 1045 fructuosum
2001 1011 2055 1042 effe
2066 1010 2232 1041 existimant.
2254 1005 2405 1045 Capitolio.
2419 1006 2449 1034 in
2458 1005 2558 1036 Albino

1444 1067 1507 1095 cap.
1528 1066 1570 1085 11.
1591 1054 1768 1093 Agricolandi
1782 1053 1970 1093 peritissimus.

1405 1096 1547 1138 lic-Rieu
1558 1102 1690 1128 LATIO,
1711 1093 1782 1122 onis.
1801 1093 1820 1122 f.
1836 1089 1987 1128 [γώξμον]
2007 1089 2142 1125 Agrorum
2159 1084 2259 1114 cultus.
2282 1081 2421 1112 Columel.
2442 1081 2470 1110 in
2481 1081 2558 1119 praef.

1443 1132 1493 1162 lib.
1508 1142 1530 1162 1.
1546 1142 1607 1175 cap.
1622 1141 1645 1160 1.
1667 1130 1878 1169 Agricolationis
1891 1137 1983 1165 neque
1994 1126 2140 1161 doctores,
2157 1132 2248 1160 neque
2262 1119 2413 1158 discipulos
2428 1119 2558 1157 cognovi.

1442 1171 1524 1202 Idem
1534 1169 1581 1199 lib.
1600 1180 1623 1199 1.
1635 1179 1695 1207 cap.
1708 1179 1733 1205 9.
1748 1170 1774 1198 &
1783 1168 1832 1198 lib.
1851 1178 1862 1197 1
1871 1177 1894 1197 1.
1914 1176 1975 1204 cap.
1985 1175 2011 1201 9.

1441 1208 1611 1252 Agriculatio
1620 1207 1731 1243 alicubi,
1739 1206 1787 1236 sed
1795 1207 1905 1237 videtur
1912 1214 1947 1234 ex
1956 1206 2091 1238 errore,ut
2099 1199 2174 1238 apud
2183 1195 2284 1228 Erasm.
2293 1197 2324 1226 in
2336 1195 2562 1226 Proverb.Aratro

1443 1247 1571 1284 jacularis
1581 1268 1589 1282 ,
1610 1245 1649 1275 est
1659 1268 1667 1281 ‚
1682 1244 1895 1283 Agriculationis
1911 1251 1994 1271 arma.
2066 1248 2067 1252 ¹

1404 1285 1478 1316 AGR
1488 1296 1497 1313 1
1507 1295 1524 1314 c
1533 1295 1550 1313 o
1559 1295 1576 1313 L
1585 1293 1658 1313 ATo
1667 1293 1684 1312 R
1693 1305 1702 1319 ,
1722 1283 1786 1313 oris.
1807 1293 1844 1312 m.
1864 1291 1915 1320 pro
1926 1277 2052 1317 Agricola
2061 1299 2070 1312 ,
2086 1276 2155 1306 Plin.
2177 1273 2226 1304 lib.
2251 1283 2275 1302 1.
2287 1282 2328 1310 pr.
2347 1271 2394 1301 ubi
2403 1270 2563 1301 summatim

1444 1323 1529 1352 incise
1541 1322 1643 1352 dicitur
1649 1321 1699 1351 lib.
1712 1326 1755 1355 18.
1778 1321 1885 1350 Natura
1892 1319 2004 1355 frugum
2012 1318 2039 1347 &
2048 1313 2207 1347 cerealium,
2220 1321 2253 1341 ac
2263 1310 2352 1340 studia
2363 1308 2560 1346 agricolatoris.

1405 1361 1455 1392 AG
1464 1371 1481 1428 ig
1490 1372 1498 1389 1
1508 1369 1631 1390 corAT
1641 1370 1697 1395 1M,
1730 1359 1798 1390 Adv.
1823 1357 1954 1389 Ciceroni
1969 1354 2099 1385 tribuitur
2113 1362 2129 1382 a
2140 1350 2254 1382 Barthio
2272 1348 2308 1378 ad
2324 1348 2391 1377 Stat.
2407 1350 2433 1376 6.
2469 1346 2569 1376 Theb-

1445 1409 1461 1428 2
1487 1409 1508 1428 1.
1525 1409 1552 1436 p.
1567 1407 1632 1434 443.
2567 1382 2591 1399 ‘⁴‘

1404 1438 1429 1468 Δ
1437 1447 1456 1466 c
1464 1447 1481 1465 R
1490 1448 1499 1465 1
1509 1446 1526 1466 c
1535 1446 1552 1465 o
1561 1447 1577 1465 L
1586 1440 1603 1464 A
1612 1446 1629 1464 R
1638 1446 1647 1464 1
1657 1445 1669 1465 s
1681 1457 1689 1471 ‚
1710 1445 1734 1465 e.
1758 1434 1800 1465 Ad
1809 1430 2100 1472 agricolaspertinens.
2120 1426 2222 1458 Pallad.
2234 1426 2270 1455 de
2280 1422 2458 1455 insitionibus
2465 1431 2506 1460 pr.
2517 1421 2566 1452 Bis

1444 1474 1551 1513 septem
1561 1483 1660 1512 parvos
1671 1495 1680 1510 ,
1705 1483 1776 1511 opus
1788 1471 1936 1510 agricolare
1947 1492 1954 1505 ,
1980 1467 2100 1498 libellos.

1410 1514 1434 1543 A
1443 1523 1462 1542 c¹
1470 1524 1487 1541 R
1496 1524 1505 1541 1
1515 1523 1533 1542 c
1542 1523 1560 1541 u
1570 1521 1615 1541 ιτ
1624 1521 1641 1540 o
1649 1522 1667 1540 R
1677 1534 1686 1547 ,
1718 1508 1864 1547 [γωῃές]
1893 1509 1950 1545 Qui
1961 1506 2030 1536 colit
2038 1514 2125 1542 agros.
2149 1503 2209 1532 Liv.
2221 1506 2266 1531 26.
2277 1510 2321 1537 35.
2343 1500 2441 1529 Servos
2448 1496 2573 1535 agricul-·
2601 1511 2604 1523 ι

1444 1557 1518 1580 tores
1539 1549 1752 1587 Rempublicam
1765 1546 1917 1578 abduxisse.
1957 1543 2084 1575 Fortassis
2095 1542 2150 1579 legi
2160 1540 2244 1570 debet
2257 1538 2420 1576 separatim,
2435 1536 2499 1573 Agri
2508 1534 2566 1565 cul.

1443 1597 1528 1618 tores.
1568 1588 1676 1623 Immo,
1691 1587 1783 1624 inquit
1801 1586 1836 1616 H.
1853 1586 1891 1615 St.
1911 1593 1998 1622 quum
2016 1582 2123 1610 dicatur
2137 1579 2237 1609 itidem
2251 1575 2426 1615 Agricultura
2446 1574 2565 1610 conjun-
2602 1577 2604 1602 1

1445 1627 1512 1657 etim
1523 1625 1669 1656 verilimile
1678 1625 1716 1655 est
1730 1626 1756 1655 &
1765 1623 1918 1662 Agricultor
1929 1623 1969 1651 ita
1978 1620 2096 1650 dietum.
2580 1613 2583 1618 '
2602 1609 2604 1634 ἴ

1407 1665 1707 1699 AGRICULTI‘JRA,
1742 1673 1773 1692 ae.
1794 1663 1813 1691 f.
1847 1658 1985 1697 [ssaviam
2011 1657 2145 1693 pamulae,
2166 1666 2194 1690 γη

1446 1703 1505 1733 Cic.
1519 1713 1542 1731 1.
1558 1701 1615 1732 Off.
1633 1710 1678 1738 42.
1699 1700 1778 1731 Nihil
1791 1697 2003 1737 estagricultura
2012 1694 2121 1730 melius,
2138 1692 2210 1722 nihil
2217 1690 2329 1721 uberius
2340 1711 2349 1725 ,
2362 1688 2434 1717 nihil
2444 1688 2563 1722 dulcius,
2602 1694 2604 1728 ς’

1446 1740 1519 1770 nihil
1532 1740 1648 1769 homine
1657 1739 1745 1768 libero
1757 1738 1879 1775 dignius.
1901 1734 1970 1766 Plin.
1980 1734 2029 1764 lib.
2043 1738 2085 1767 18.
2103 1742 2164 1769 cap.
2177 1734 2203 1760 6.
2244 1728 2300 1758 Sed
2319 1736 2383 1756 vere
2401 1726 2463 1756 duae
2482 1735 2566 1755 voces
2602 1734 2604 1759 ς

1446 1779 1510 1808 funt
1520 1779 1582 1816 Agri
1595 1777 1719 1807 cultura:
1746 1777 1822 1806 unde
1844 1776 1929 1804 etiam
1943 1771 2087 1810 transponi
2111 1769 2225 1808 possunt
2235 1789 2244 1802 ‚
2269 1767 2296 1796 ὁὶ
2313 1774 2431 1794 numero
2453 1764 2564 1793 mutari.
2602 1778 2604 1792 ι

1447 1817 1506 1847 Cic.
1518 1817 1553 1846 de
1566 1817 1676 1846 Senedt.
1688 1818 1731 1851 56.
1782 1814 1936 1844 Hominum
1945 1810 2038 1849 generi
2049 1807 2177 1838 universo
2193 1805 2300 1836 cultura
2313 1812 2442 1840 agrorum
2450 1802 2489 1832 est
2497 1801 2568 1832 salu-
2602 1810 2604 1835 ξ

1446 1856 1521 1885 tatis.
1560 1854 1710 1891 Frequenti
1719 1858 1812 1882 autem
1818 1851 1867 1881 usu
1877 1851 1981 1880 factum
1987 1848 2036 1884 est,
2050 1846 2184 1885 utsaepius
2194 1843 2429 1879 conjungerentur
2441 1862 2450 1876 ,
2471 1841 2497 1871 Sc
2508 1845 2566 1869 tam
2602 1841 2604 1881 Ι

1448 1903 1531 1931 quam
1540 1903 1596 1922 una
1604 1901 1659 1922 vox
1669 1890 1840 1929 Agricultura
1852 1888 2003 1918 efferretur.

1447 1930 1600 1962 Indiscreta
1615 1928 1789 1967 agricultura.
1829 1927 1861 1956 V.
1888 1937 1898 1955 1
1907 1936 1927 1955 N
1937 1936 1956 1955 n
1965 1936 1975 1954 1
1985 1934 1996 1953 s
2006 1933 2023 1953 c
2032 1933 2049 1952 R
2057 1932 2100 1952 ET
2109 1932 2128 1951 u
2136 1931 2158 1950 s.
2549 1919 2551 1922 ⁴
2601 1922 2604 1955 Ι

1410 1970 1433 2000 Λ
1441 1980 1460 1999 o
1468 1979 1527 1998 R11>
1535 1970 1552 1998 ᾗ
1562 1978 1582 1998 T
1589 1978 1618 1998 A.
1641 1977 1665 1997 c.
1689 1967 1747 1996 Cic.
1759 1975 1801 2003 15.
1823 1966 1876 1995 Att.
1893 1974 1938 2000 29.
1973 1961 2102 1992 Servulos
2112 1965 2205 1989 autem
2215 1957 2309 1987 dicere
2319 1965 2384 1986 eum
2395 1956 2423 1985 ἃ
2430 1954 2566 1992 agripetas

1449 2007 1553 2043 ejectos
1571 2017 1586 2035 a
1603 2005 1765 2036 Buthrotiis.
1798 2003 1878 2033 Idem
1895 2013 1917 2032 1.
1937 2001 1973 2031 de
1985 2000 2049 2030 Nat.
2066 1999 2150 2028 Deor.
2164 2000 2208 2026 26.
2250 1995 2293 2025 lbi
2311 1995 2389 2024 enim
2407 1992 2567 2022 adolescens
2600 2006 2602 2016 ι

1448 2044 1591 2075 habitabat
1601 2053 1666 2074 cum
1674 2050 1752 2081 patre
1761 2043 1787 2072 &
1794 2041 1920 2071 fratribus
1933 2062 1941 2075 ,
1962 2037 2039 2076 quod
2050 2037 2079 2066 in
2089 2045 2151 2066 eam
2159 2040 2237 2072 pater
2244 2033 2304 2069 ejus
2314 2030 2436 2062 Neocles
2445 2031 2567 2068 agripeta
2600 2042 2604 2054 ι»

1448 2089 1570 2113 venerat.
1610 2082 1726 2111 Videtur
1733 2080 1788 2110 hoc
1801 2088 1905 2108 nomen
1916 2077 1979 2115 Agri
1992 2076 2143 2120 petitorem
2159 2070 2309 2110 iignificare
2321 2092 2330 2106 ,
2352 2069 2487 2099 nimirum
2502 2077 2568 2098 eum
2599 2058 2604 2129 ξ

1449 2122 1497 2160 qui
1512 2120 1573 2158 lege
1584 2120 1687 2158 agraria
1699 2119 1771 2158 petit
1786 2127 1880 2155 agrum
1893 2115 1942 2145 fibi
1959 2115 2028 2144 dari.

1410 2160 1435 2190 A
1443 2169 1462 2189 c
1473 2169 1487 2188 F.
1494 2169 1510 2188 R
1520 2170 1539 2188 A
1547 2169 1566 2187 T
1575 2169 1592 2187 o
1604 2168 1623 2187 N
1633 2180 1641 2193 ,
1662 2157 1755 2187 Herba
1767 2156 1804 2185 est
1815 2155 1961 2189 ferulacea,
1975 2153 2095 2181 duorum
2106 2149 2265 2187 palmorum
2273 2145 2431 2180 altitudine,
2454 2144 2568 2181 origano

1451 2196 1546 2227 similis
1556 2219 1564 2232 ‚
1585 2196 1654 2225 flore
1666 2194 1748 2225 bullis
1760 2194 1858 2223 aureis.
1899 2192 1988 2228 Hujus
2005 2189 2070 2219 ustae
2088 2188 2170 2217 nidor
2186 2186 2295 2215 urinam
2305 2184 2361 2212 ciet
2371 2205 2379 2219 ,
2401 2182 2568 2219 vulvamque

1449 2242 1558 2274 purgat,
1579 2241 1657 2263 tanto
1672 2233 1758 2271 magis
1768 2230 1960 2261 insidentibus.
1982 2227 2068 2257 Causa
2079 2224 2201 2255 nominis
2212 2222 2354 2256 nonhaec,
2371 2220 2419 2249 sed
2435 2220 2568 2258 quoniam
2602 2251 2604 2257 Ι

1450 2273 1599 2303 diutissime
1609 2282 1666 2301 non
1676 2270 1825 2301 marcescit.
1857 2268 1927 2298 Plin.
1937 2266 1985 2296 lib.
1996 2276 2040 2303 27.
2050 2274 2110 2301 cap.
2127 2274 2154 2299 4.
2176 2260 2266 2291 Ruell.
2277 2259 2326 2288 lib.
2337 2269 2361 2295 3.
2375 2268 2435 2296 cap.
2451 2268 2512 2287 102.

1412 2312 1435 2342 A
1445 2322 1463 2341 G
1472 2321 1486 2340 Ε
1498 2322 1514 2340 R
1524 2321 1544 2340 A
1552 2320 1572 2340 T
1580 2321 1598 2339 u
1609 2320 1620 2339 s
1635 2333 1642 2346 ,
1665 2306 1844 2346 [ἀγῆρφτςῲυ]
1870 2305 1951 2342 Lapis
1967 2305 2004 2334 est
2013 2326 2022 2340 ‚
2043 2312 2099 2340 quo
2116 2300 2225 2330 coriarii
2240 2298 2309 2327 olim
2317 2296 2467 2326 utebantur
2480 2297 2510 2324 in
2519 2304 2570 2333 po-

1452 2349 1554 2379 liendis
1570 2348 1652 2378 coriis
1669 2357 1675 2376 :
1696 2347 1774 2383 cujus
1785 2345 1848 2374 loco
1858 2344 1943 2373 hodie
1957 2348 2074 2372 utuntur
2083 2339 2166 2369 massa
2175 2337 2248 2368 vitri.
2288 2335 2423 2365 Meminit
2433 2334 2516 2370 hujus
2529 2332 2568 2362 la-

1451 2388 1525 2426 pidis
1537 2386 1633 2416 Galeri.
1653 2385 1700 2415 lib.
1713 2396 1739 2420 9.
1761 2382 1857 2420 Simpl.

1413 2427 1437 2457 A
1446 2436 1464 2455 G
1473 2429 1540 2493 ml?
1549 2434 1595 2491 cdi-i
1605 2434 1624 2453 υ
1633 2434 1645 2453 s
1659 2446 1668 2460 ,
1694 2423 1780 2454 Filius
1792 2421 1846 2450 fuit
1863 2419 1946 2451 Nelei
1960 2427 1996 2447 ex
2017 2414 2151 2447 Chloride
2164 2422 2252 2444 uxore
2261 2434 2269 2449 ‚
2286 2417 2320 2441 ut
2336 2410 2375 2440 est
2387 2409 2464 2448 apud
2482 2407 2566 2439 Hom.

1451 2476 1487 2493 aaa.
1536 2473 1559 2492 [a
1582 2485 1588 2492 .

1413 2503 1462 2532 AG
1472 2512 1485 2530 a
1495 2512 1511 2530 R
1521 2506 1538 2531 6
1547 2511 1610 2536 NA,
1640 2501 1655 2536 [
1667 2496 1793 2533 A'moivn]
1821 2495 1963 2526 Industriae
1982 2493 2034 2522 dea
2043 2514 2051 2527 ,
2078 2491 2112 2520 ab
2133 2489 2249 2528 Agendo
2272 2488 2322 2523 (ut
2339 2484 2460 2524 opinor)
2484 2484 2566 2514 dicta.

1451 2539 1617 2570 Hermolaus
1627 2538 1657 2567 in
1668 2535 1737 2566 Plin.
1750 2535 1799 2565 lib.
1815 2545 1856 2571 15.
1866 2543 1926 2571 cap.
1939 2543 1983 2567 29.
2024 2530 2158 2563 Murcea,
2181 2527 2233 2556 dea
2243 2525 2375 2555 socordioe
2385 2524 2439 2553 est:
2459 2523 2568 2552 utStre-

1452 2588 1525 2645 psua,
1546 2578 1687 2614 Agerona,
1707 2572 1840 2609 Stimula,
1861 2570 2010 2600 industriae.
2031 2562 2415 2605 Pomponius&Augustinus
2427 2561 2566 2591 authores.

1478 2639 1484 2645 .
1515 2626 1534 2644 A
1543 2625 1561 2644 o
1571 2625 1585 2643 a
1595 2624 1615 2643 N
1625 2624 1641 2642 o
1650 2623 1667 2642 R
1676 2624 1685 2641 1
1695 2621 1722 2641 A.

1413 2654 1461 2684 Ac
1470 2664 1504 2682 Es
1514 2664 1532 2682 A
1541 2663 1562 2681 N
1572 2663 1590 2681 1>
1600 2662 1654 2687 ER,
1675 2644 1824 2681 Statuarius
1843 2646 1955 2682 insignis
1969 2644 2045 2682 apud
2058 2643 2127 2672 Plin.
2142 2641 2190 2670 lib.
2208 2643 2250 2676 36.
2266 2649 2326 2676 cap.
2349 2649 2373 2673 5.

1415 2693 1436 2722 A
1446 2702 1463 2720 c
1472 2702 1487 2720 r.
1496 2701 1508 2720 s
1517 2701 1537 2720 A
1546 2701 1562 2719 R
1571 2700 1589 2719 c
1598 2700 1619 2718 H
1628 2700 1647 2718 υ
1656 2699 1668 2718 s
1677 2711 1685 2724 ,
1706 2688 1724 2716 i.
1746 2697 1782 2716 m.
1804 2686 1882 2715 Pater
1896 2682 2070 2721 Epimenidis
2080 2679 2233 2709 secundum
2248 2677 2393 2714 quosdam,
2411 2674 2520 2704 Laertio
2530 2679 2570 2703 te-

1452 2730 1490 2758 ste
1504 2751 1511 2764 ,
1536 2728 1691 2762 Α’ναὶσκςχον
1711 2725 1808 2755 Suidas
1826 2723 1961 2752 nominat.
1997 2720 2053 2749 Sed
2074 2719 2148 2748 recta
2170 2717 2272 2754 opinor
2291 2714 2422 2752 scriptio,
2452 2721 2513 2751 quae
2532 2711 2570 2741 est

1454 2767 1530 2805 apud
1547 2765 1686 2796 Laertium
1698 2785 1706 2798 ,
1730 2758 1907 2798 Α’γόι-αξχῶν,
1934 2765 1965 2788 ut
1982 2758 2013 2787 sit
2028 2758 2062 2787 ab
2085 2756 2188 2785 eodem
2207 2752 2362 2792 composito
2375 2760 2449 2786 vox,
2476 2760 2493 2780 a
2514 2758 2569 2787 quo

1452 2801 1611 2840 A'ynm'ax&.
1652 2802 1818 2839 [Perperam
1830 2800 1859 2828 in
1875 2798 1919 2827 ed.
1931 2796 2019 2827 Meib.
2031 2794 2186 2832 Agesarcus.

1415 2844 1574 2873 AcesiAs
1587 2863 1594 2876 ,
1617 2849 1781 2878 perperam,
1802 2847 1853 2875 pro
1874 2836 2082 2867 HaoasiAs,
2104 2843 2129 2869 q.
2151 2830 2183 2859 V.

1413 2882 1553 2911 AGEsm
1565 2883 1611 2908 ᾸΜ
1623 2888 1661 2907 us
1672 2900 1680 2912 ,
1718 2875 1858 2906 Locrensis
1891 2872 2094 2911 Epizephyrius
2128 2867 2232 2897 nobilis
2262 2865 2476 2903 Olympionices
2498 2885 2506 2899 ‚
2539 2863 2570 2891 in

1452 2928 1535 2955 quem
1572 2915 1697 2955 pugilatu
1735 2914 1894 2944 vincentem
1928 2909 2060 2939 Pindarus
2097 2907 2235 2944 hymnum
2271 2905 2376 2934 cecinit
2402 2925 2412 2939 ,
2454 2901 2568 2940 Olymp.

1452 2956 1508 2986 Od.
1524 2966 1565 2984 io.

1413 2996 1506 3025 Acts
1517 3005 1525 3022 1
1536 2997 1576 3023 LA
1586 3002 1627 3021 us
1642 3014 1651 3026 ,
1672 2987 1866 3027 [Α’γηα-ίλοιῶυ]
1886 2986 2011 3016 Plutonis
2029 2991 2187 3019 cognomen
2202 2990 2217 3009 a
2239 2979 2278 3009 ud
2292 2977 2469 3015 AEschylum,
2485 2982 2517 3005 ut
2531 2981 2570 3012 te-

1452 3033 1536 3100 gatur
1561 3030 1709 3061 Athenaeus
1740 3028 1770 3057 in
1791 3024 2011 3064 Dipnosophistis
2022 3045 2031 3058 ,
2063 3024 2089 3051 ot
2115 3019 2191 3058 apud
2235 3019 2335 3047 artant.
2360 3027 2383 3046 1.
2412 3014 2506 3045 Divin.
2527 3013 2572 3044 In-

1476 3077 1504 3099 it.
1520 3080 1562 3099 11.
2602 3059 2604 3077 f

1416 3111 1465 3142 AG
1474 3119 1489 3137 E
1497 3118 1509 3137 s
1519 3119 1527 3136 i
1538 3118 1554 3136 1.
1564 3118 1583 3135 A
1592 3117 1610 3136 υ
1621 3116 1632 3135 s
1643 3128 1651 3141 ,
1674 3100 1947 3135 Lacedaemoniorum
1960 3099 2018 3127 dux
2032 3095 2194 3125 clarissimus
2205 3116 2213 3128 ,
2244 3091 2399 3122 Archidami
2415 3090 2469 3119 fuit
2480 3088 2569 3123 filius,
2602 3085 2604 3117 ἓ

1454 3146 1598 3184 postquam
1609 3145 1670 3181 Agis
1678 3152 1725 3172 rex
1739 3141 1820 3170 frater
1830 3139 1889 3173 ejus
1903 3137 1978 3166 diem
1987 3135 2066 3169 obiit,
2077 3134 2169 3163 adhuc
2186 3132 2293 3167 juvenis
2309 3129 2342 3159 ab
2350 3126 2569 3158 Lacedaemoniis
2602 3124 2604 3130 '

1454 3194 1503 3213 rex
1511 3190 1627 3217 creatus,
1651 3180 1726 3210 brevi
1740 3179 1837 3208 statura
1851 3175 1985 3213 corporis,
1995 3173 2081 3202 altero
2092 3171 2164 3210 pede
2174 3169 2299 3203 claudus,
2310 3168 2411 3197 virtute
2422 3175 2478 3203 prae
2492 3172 2572 3193 crete-

1454 3223 1492 3252 ris
1501 3221 1641 3259 praeditus.
1681 3216 1891 3253 Tissaphernem
1902 3236 1910 3248 ,
1932 3213 1979 3249 qui
1993 3211 2181 3248 principatum
2199 3206 2313 3236 tenebat
2327 3206 2399 3234 inter
2412 3202 2501 3233 Persas
2512 3224 2520 3236 ,
2540 3201 2570 3230 in

1455 3260 1513 3290 Alia
1531 3259 1615 3288 vicit:
1639 3253 1816 3286 Athenienses
1836 3261 1964 3289 quoque,
1985 3253 2011 3279 ἃ
2029 3248 2173 3280 Boeotios,
2202 3244 2278 3282 apud
2290 3244 2446 3273 Coroneam
2457 3239 2571 3270 ssoeotiae

1453 3298 1552 3328 urbem
1564 3295 1636 3333 gravi
1652 3293 1753 3332 proelio
1768 3290 1862 3327 fregit,
1884 3290 1910 3318 ἃ
1928 3286 2128 3325 Epaminondae
2143 3283 2261 3313 Victoris
2278 3283 2415 3318 impetum
2431 3276 2569 3316 repressit,
2596 3283 2604 3302 .¹

1456 3346 1492 3365 ne
1516 3335 1640 3372 Spartam
1657 3335 1837 3369 expugnaret.
1890 3324 2042 3356 Novillime
2063 3323 2179 3356 Thaco,
2207 3321 2254 3358 qui
2275 3330 2290 3348 a
2307 3318 2389 3348 Persis
2407 3317 2568 3350 defecerat,
2602 3320 2604 3345 3

1455 3374 1485 3402 in
1492 3373 1641 3409 AEgyptum
1655 3369 1772 3399 subsidio
1784 3365 1922 3404 profe&tis
1933 3386 1940 3398 ,
1962 3372 2025 3391 cum
2044 3361 2077 3390 ab
2087 3361 2141 3389 hoc
2157 3358 2192 3388 ad
2208 3356 2401 3387 Nectanebum
2410 3351 2569 3386 transiisset,
2600 3356 2604 3380 Ε

1455 3421 1488 3440 ac
1498 3412 1554 3446 jam
1572 3410 1601 3438 in
1610 3409 1727 3447 patriam
1736 3404 1832 3435 reverti
1847 3402 1945 3436 vellet,
1967 3402 1996 3429 in
2009 3400 2126 3432 itinere,
2152 3396 2240 3431 major
2257 3394 2452 3431 octogenario.
2472 3389 2570 3420 morbo
2593 3367 2604 3438 li

1453 3447 1577 3516 ldegessit.
1626 3446 1690 3482 Ejus
1709 3444 1800 3473 Vitam
1824 3440 1987 3478 descriptam
2005 3448 2020 3467 a
2038 3435 2249 3473 Xenophonte,
2271 3433 2382 3470 Nepote
2396 3452 2404 3466 ,
2425 3427 2570 3459 Plutarcho
2601 3434 2604 3462 ξ

1475 3497 1489 3515 a
1510 3495 1597 3515 emus.

1454 3523 1567 3561 Agesilai
1577 3524 1607 3552 in
1622 3521 1729 3551 summo
1740 3516 1856 3555 imperio
1871 3524 1954 3543 nemo
1974 3521 2097 3550 unquam
2113 3509 2228 3539 verbum
2247 3506 2338 3536 ullum
2358 3505 2478 3543 asperius
2495 3501 2569 3532 audi-

1471 3563 1520 3591 vit.
1541 3561 1633 3590 Tanta
1641 3559 1695 3588 fuit
1703 3556 1770 3586 tanti
1784 3554 1853 3597 regis
1863 3551 2003 3581 modestia.
2041 3550 2098 3578 Cic.
2115 3558 2136 3576 i.
2157 3547 2193 3583 Q.
2204 3546 2300 3575 frat.2.

2196 1652 2290 1687 πενία]
2309 1650 2408 1680 Cultus
2427 1659 2565 1688 agrorum.
2602 1673 2604 1681 2

2592 3492 2604 3558 {i

1417 3601 1675 3632 AGRSiNATizs,
1709 3596 1861 3632 Aquitania:
1892 3589 1991 3628 populi
2026 3585 2187 3617 Pictonibus
2217 3582 2314 3619 juncti.
2363 3579 2433 3610 Plin.
2467 3579 2517 3608 lib.
2540 3587 2568 3613 4.
2591 3570 2604 3641 [ἦ

1415 3647 1654 3706 Αέἰξιῐῐρὸιιε,
1675 3665 1948 3700 Lacedaemoniorum
1965 3664 2039 3698 dux,
2060 3661 2107 3699 qui
2123 3659 2235 3696 Argivos
2253 3656 2360 3694 magnis
2380 3654 2474 3684 affecit
2487 3651 2569 3694 cladi-
2591 3642 2604 3718 l}

1453 3712 1524 3747 bus,
1553 3718 1582 3740 ut
1595 3710 1690 3739 scribit
1709 3705 1871 3744 Xenophon
1891 3702 1940 3732 lib.
1965 3713 1992 3738 4.
2025 3701 2128 3730 Rerum
2148 3699 2312 3726 Craecarum.
2352 3694 2417 3730 Ejus
2442 3691 2570 3720 meminit
2591 3699 2593 3704 ¹

1454 3749 1513 3778 Liv.
1522 3760 1549 3785 4.
1571 3748 1674 3778 Decad.
1688 3746 1736 3775 lib.
1753 3756 1780 3780 4.

1416 3788 1439 3818 A
1448 3797 1466 3816 G
1475 3788 1491 3816 ὲ
1500 3797 1512 3815 s
1522 3798 1530 3814 1
1540 3796 1552 3815 s
1565 3808 1573 3821 ,
1594 3787 1608 3821 [
1620 3785 1662 3820 ἄμ
1675 3781 1723 3820 δὲ]
1744 3781 1811 3811 Adv.
1833 3777 1973 3808 excitandi
1986 3799 1993 3809 ,
2014 3773 2198 3812 compositum
2213 3780 2248 3799 ex
2266 3767 2401 3807 particula
2420 3776 2472 3796 sis
2481 3788 2489 3799 ,
2510 3771 2569 3802 qua:

1453 3824 1543 3855 verbis
1557 3822 1711 3862 imperativi
1728 3819 1807 3851 modi
1824 3817 1900 3855 apud
1920 3821 2025 3844 veteres
2043 3812 2204 3842 addebatur.
2227 3807 2333 3838 Lucret
2347 3805 2396 3835 lib.
2409 3815 2432 3834 1.
2452 3806 2514 3833 266.
2587 3812 2592 3840 y,

2586 3841 2604 3881 r.

2488 3914 2570 3944 Nunc
2585 3889 2604 3960 l'

2590 3730 2604 3794 li
