2641 4187
448 117 486 155 AE
583 120 617 155 G
714 120 743 157 E

95 202 177 243 AEgre
188 201 269 234 alicui
285 203 382 232 facere.
412 201 476 232 Ter.
500 202 571 232 Eun.
583 213 607 237 4.
623 212 646 233 1.
663 213 704 232 10.
726 214 776 241 pro
791 203 861 234 Rem
874 206 1015 238 molestam
1025 207 1125 238 facere.

97 242 254 280 ffiui·e11ati.
277 240 339 270 Ter.
359 241 474 278 Adelph.
490 250 512 269 1.
528 250 553 270 2.
568 244 613 275 63.
636 257 674 262 —
693 240 741 270 sed
751 242 895 273 ostendere

135 278 185 309 Mc
199 288 268 315 aegre
284 278 340 315 pati
360 278 399 307 illi
420 277 508 307 nolui.

96 316 177 352 AEtzre
191 340 199 352 ‚
221 316 354 349 Graviite,
386 318 411 345 ὁὶ
430 316 518 344 invito
533 314 636 344 aninlo.
659 321 706 350 ut,
728 316 808 353 AEgre
827 318 854 346 id
878 319 1011 349 concessit
1031 320 1108 349 mihi.
1150 318 1214 349 Ter.

114 354 182 386 Hec.
198 365 221 389 5.
238 364 259 382 1.
276 362 316 388 39.
349 354 403 382 Sed
416 352 564 391 reprimam
573 362 635 381 me:
658 362 693 381 ne
703 355 929 393 aegrerquicquam
941 366 975 386 ex
989 366 1033 386 me
1044 357 1147 387 audias.

114 391 168 421 Ubi
183 392 308 421 Donatus
320 412 328 425 ,
350 390 447 419 Utrum
458 390 540 427 JEgre
550 399 601 428 pro
613 389 698 425 Male,
710 401 744 419 an
754 389 834 429 ffigrc
849 403 898 429 pro
912 394 1021 423 luvita‘?

95 430 176 467 ffigre
185 429 421 465 aliquarecarere.
462 429 518 457 Cic.
534 436 557 463 3.
581 429 634 456 Att.
652 437 676 456 2.
718 428 796 457 Idem
809 440 859 465 pro
870 430 941 468 Lege
952 431 1050 461 Mzinil.
1066 441 1109 467 13.

95 464 214 504 AEgrese
229 472 332 495 tenere.
366 466 424 495 Cic.
441 469 483 495 16.
507 467 560 494 Atr.
575 475 616 494 11.
638 465 787 501 DeSicca,
810 467 847 496 ita
865 468 947 497 estut
962 468 1071 499 scribis:
1095 469 1133 498 ast
1148 478 1218 506 aegre

116 514 160 533 me
181 504 267 533 tenui.

94 540 176 579 JEgre
190 540 316 571 &Facile
327 563 335 575 ‚
356 541 500 570 contraria.
523 540 581 569 Cic.
602 541 637 569 de
651 541 759 570 Seneift.
775 549 819 577 72.
841 542 902 577 ῑ111111
913 545 1004 573 omnis
1013 542 1217 581 conglutinatio

114 589 226 613 recens,
248 587 340 615 aegre3
366 579 532 613 inveterata,
553 578 635 607 facile
653 577 803 607 divellitur.

16 652 19 653 .
57 616 210 653 AEouso,
233 619 288 645 ese.
314 616 466 653 Aiitiquum
479 615 604 645 verbum.
627 616 734 645 Lucret.
749 626 773 651 3.
795 621 858 653 837.
889 617 996 648 Morbis
1011 628 1075 648 cum
1093 618 1218 656 corporis

95 662 184 693 aegret.
224 653 255 682 V.
278 653 402 699 Turnob.
418 653 526 682 Advers.
542 663 584 690 30.
603 664 644 682 10.
666 653 736 682 vois.
757 653 847 690 Etym.
860 663 886 691 p.
904 666 944 683 io.

58 693 294 727 IEGRiMoniA
309 713 317 725 ,
340 691 510 727 [ουιθυμίαι]

95 776 138 799 12.
160 768 213 796 Att.
226 776 268 803 37.
294 766 404 796 Ferrem
419 767 551 802 graviter,
572 766 590 795 si
609 776 688 795 novae
707 766 962 804 aegrimoniaelocus
977 770 1052 799 esset.

92 805 263 843 AEgrimonia
282 811 369 833 vetus.
391 804 458 834 Plin.
476 804 524 834 lib.
540 810 583 839 28.
602 814 633 834 ca
656 809 700 837 .8.

91 841 246 877 Deformis,
268 842 332 879 quia
349 842 457 872 tristitia
473 842 612 872 deformes
625 814 700 871 ficit.
721 840 789 871 Hor.
815 841 904 880 Epod.
921 852 963 879 13.
980 849 1022 878 18.

90 880 246 915 fastidiosa.
269 880 336 909 Hor.
354 880 374 910 E
397 880 443 909 od.
461 889 500 916 17.
515 889 558 917 73.

172 918 319 947 Fastidiosa
337 918 372 947 tri
385 919 418 948 {is
435 918 604 955 regrimonia.

111 955 229 985 stidiosa.

91 993 265 1032 AEgrimonia
277 993 385 1023 afficere
395 1016 403 1028 ,
423 994 449 1023 δε
468 992 608 1022 laetantem
621 990 721 1020 facere.
743 990 829 1022 Plaut.
839 993 926 1023 Stich.
940 1003 964 1031 3.
978 1004 1001 1024 1.
1017 1005 1040 1031 5.

173 1031 252 1060 Olim
271 1041 339 1069 quos
357 1032 453 1060 abiens
467 1030 547 1060 affeci
562 1030 723 1067 aegrimonia
733 1053 741 1067 ,

176 1069 231 1099 Eos
252 1079 328 1099 nunc
345 1069 468 1098 laetantes
486 1069 586 1098 faciam
607 1068 729 1097 adventu
754 1078 826 1098 meo.

55 1102 90 1137 AE
100 1117 118 1136 o
128 1115 144 1135 R
154 1117 163 1135 1
174 1116 193 1136 'r
201 1110 218 1136 ῦ
229 1118 246 1135 1)
256 1117 273 1136 o
283 1128 291 1140 ,
312 1107 375 1136 inis.
397 1107 415 1135 f.
439 1105 552 1135 denom.
575 1101 665 1141 [λύπη
677 1127 685 1140 ,
709 1102 855 1140 κοιτῆφεωι]
876 1106 914 1135 est
925 1107 1013 1136 animi
1024 1108 1087 1145 aegri
1097 1105 1219 1137 affectio.

94 1145 155 1174 Cic.
171 1156 197 1181 4.
219 1145 299 1174 Tusc.
316 1155 357 1180 14.
394 1144 461 1174 Haec
470 1145 561 1182 prima
571 1143 697 1172 definitio
707 1143 745 1172 est
759 1165 767 1178 ,
789 1150 819 1172 ut
828 1144 963 1180 aegritudo
980 1144 1011 1173 sit
1027 1146 1114 1175 animi
1126 1145 1222 1174 adver-

93 1182 170 1212 sante
181 1183 286 1211 ratione
298 1182 461 1211 contractio.
500 1182 533 1211 Et
549 1181 634 1219 paulo
646 1181 707 1219 post
717 1203 725 1217 ,
746 1181 790 1211 Est
799 1181 881 1218 igitur
890 1183 1025 1218 aegritudo
1035 1205 1043 1219 ,
1065 1184 1164 1221 opinio
1181 1192 1221 1211 re-

93 1230 161 1250 cens
171 1220 234 1249 mali
245 1219 402 1257 praesentis,
422 1220 452 1249 in
464 1230 519 1258 quo
532 1219 644 1249 demitti
660 1241 668 1254 ,
689 1219 873 1256 contrahique
887 1219 984 1249 animo
992 1222 1099 1250 reclum
1112 1219 1165 1250 effe
1180 1221 1221 1249 vi-

93 1259 200 1288 deatur.
221 1257 292 1287 lbid.
304 1257 352 1286 lib.
366 1267 389 1294 3.
403 1267 447 1294 23.
488 1258 543 1287 Sed
561 1257 674 1295 proprie
689 1263 721 1286 ut
738 1258 881 1295 aegrotatio
894 1258 923 1286 in
939 1267 1072 1296 corpore,
1095 1258 1131 1287 sic
1145 1258 1222 1295 aegri-

91 1297 163 1325 tudo
174 1297 204 1325 in
213 1295 308 1324 animo
317 1305 422 1324 nomen
430 1295 514 1325 habet
523 1318 532 1330 ,
552 1305 611 1324 non
621 1295 777 1330 sejunctum
787 1305 802 1324 a
810 1294 916 1324 dolore.
957 1296 991 1325 Et
1000 1296 1085 1334 paulo
1097 1302 1161 1325 ante
1172 1305 1216 1325 22.

92 1333 188 1370 Itaque
198 1332 328 1371 praeclare
338 1334 442 1368 nostri,
465 1333 557 1363 utalia
568 1333 656 1362 multa
668 1355 676 1369 ,
697 1333 851 1362 molestiam
861 1355 869 1369 ,
890 1332 1116 1369 solicitudinem,
1137 1343 1221 1370 ango-

92 1380 168 1407 rem,
191 1381 242 1409 pro
264 1377 306 1399 ter
316 1371 527 1404 similitudinem
543 1381 694 1408 corporum
707 1381 843 1409 aegrorum
855 1394 863 1406 ,
884 1372 1079 1407 aegritudinem
1093 1373 1222 1401 nomina„-

242 1380 305 1439 lffloc
320 1410 526 1447 propemodum
536 1409 621 1439 verbo
636 1410 725 1439 Graeci
742 1409 866 1438 Omnem
885 1410 972 1438 animi
983 1409 1221 1447 perturbationem

93 1416 203 1439 vesunt.

92 1445 245 1485 appeliant.
284 1447 393 1477 Vocant
403 1448 479 1477 enim
498 1444 604 1483 πίθῶυ,
627 1448 646 1476 1.
673 1457 698 1477 e.
720 1446 853 1477 Morbum
868 1447 1074 1485 quicunqueest
1089 1453 1181 1476 motus
1191 1447 1221 1475 in

134 1485 139 1490 ’
635 1484 725 1523 AEgris
745 1485 824 1514 enim
841 1485 1006 1523 corporibus
1026 1485 1164 1514 fimillima
1182 1484 1221 1514 est

92 1494 189 1514 ammo
203 1484 341 1514 turbidus.
395 1486 455 1515 Nos
471 1484 582 1515 melius.

94 1522 187 1552 Animi
199 1523 342 1560 aegritudo.

93 1561 205 1590 Acerbae
222 1561 410 1599 aegritudines.
433 1560 491 1590 Cic.
507 1572 533 1596 4.
550 1559 634 1591 Tusc.
652 1570 696 1598 34.

93 1599 197 1629 Acrior.
219 1598 278 1628 Cic.
294 1609 318 1636 3.
340 1599 422 1629 Tusc.
437 1609 479 1636 52.
511 1598 601 1637 Culpa
610 1600 786 1628 contractum
804 1598 909 1628 malum
924 1599 1118 1637 aegritudinem
1135 1598 1223 1628 acrio-

113 1646 172 1666 rem
186 1637 262 1667 facit.

542 691 655 720 (lenoni.
677 692 722 720 Sic
741 691 775 720 ab
788 691 870 727 AEgei·
888 693 991 722 factum
1002 715 1010 727 ,
1037 700 1068 723 ut
1084 693 1117 722 ab
1132 695 1217 727 Acer,

93 729 265 764 Acrimonia3
298 728 374 757 idem
394 728 527 766 significat
546 730 622 766 quod
638 729 793 766 AEgritudo.
823 729 909 759 Plaut.
923 731 1044 773 &kh-‚3-
1060 742 1081 761 1.
1099 742 1123 768 5.
1158 731 1218 761 Cic-

699 917 764 947 Duo
780 916 844 946 sunt
861 917 991 954 ablativi,
1012 919 1172 957 aegrimonia
1183 917 1223 948 fa·

1732 133 2020 172 AEGE
2378 155 2421 194 33

1330 217 1391 256 turn
1403 214 1628 251 :cgririidinemve
1642 238 1650 250 ,
1674 225 1727 245 nec
1741 216 1816 245 bon-1
1834 227 1894 253 quie
1908 226 1942 246 cu
1956 219 2091 249 iiditatcm
2101 219 2257 251 laetitiamve
2271 232 2406 257 moveant.

1312 249 1437 293 Nascitur
1456 253 1634 288 argrirudiier
1650 253 1786 290 rculiqua.
1815 255 1873 283 Cic.
1888 266 1913 289 4.
1939 229 2020 284 'l'ulc
2043 267 2082 292 19.
2125 259 2163 287 Ex
2187 259 2266 289 malis
2283 271 2386 291 nictum
2407 268 2432 294 ἃ

1311 290 1322 317 l·
1333 290 1524 323 a’gritudiiiem
1538 290 1607 319 nasci
1625 291 1753 320 censent:
1776 300 1881 320 nictum
1896 292 1995 322 futuris
2009 317 2017 328 ,
2042 296 2430 335 ingritudincmpra-sentibus.

1313 324 1479 355 0111111111οαΙ
1496 328 1697 362 :inti-itudiiicni.
1721 330 1779 358 Cic.
1807 339 1831 365 3.
1853 329 1934 358 Tusc.
1956 335 2001 359 60.

1314 361 1444 404 Oppriini
1461 365 1630 398 zcgritiidiiic.
1653 367 1711 396 Cic.
1727 376 1749 402 3.
1772 366 1854 396 Τ111ὶῑ.
1871 373 1916 403 48.

1314 398 1411 428 Oritur
1427 402 1559 435 irgiituiio
1575 414 1609 431 ex
1623 414 1650 432 rc
1668 404 1766 441 aliqua.
1789 405 1846 434 Cic.
1859 414 1882 440 3.
1905 404 1986 434 Tusc.
2000 414 2043 441 93.

1314 434 1479 479 Permaneiis
1491 440 1624 481 agritudo
1636 463 1644 473 ,
1668 449 1781 471 vocatur
1802 442 1937 471 molestia.
1961 443 2018 472 Cic.
2044 455 2070 479 4.
2095 444 2176 475 Tusc.
2192 455 2235 481 29.

1314 470 1403 515 Prenii
1418 476 1588 518 aegritudine.
1618 478 1676 519 Cic.
1691 488 1714 513 3.
1735 479 1816 509 Tusc.
1833 486 1892 513 118.
1916 481 2014 517 Neque
2025 489 2116 510 tauiicn
2126 492 2188 511 cuni
2200 483 2225 512 fe
2236 485 2263 513 in
2273 486 2433 518 mediastul-

1334 516 1402 543 titia,
1415 521 1466 547 quii
1476 513 1543 554 niliil
1554 515 1591 542 est
1603 525 1690 551 peius,
1705 517 1803 546 haerere
1814 518 1979 555 intelligant,
1997 520 2159 555 aegritudine
2168 531 2339 559 premuntur.

1315 546 1444 589 Premcns
1455 550 1587 590 ’.1011111110
1602 574 1610 585 ,
1628 553 1665 580 eli
1683 555 1779 589 Angor.
1803 556 1861 585 Cic.
1874 567 1899 591 4.
1922 555 2004 585 Tusc.
2019 566 2078 592 29„

1315 583 1422 627 Privare
1438 585 1557 629 aliquem
1578 589 1749 624 aegritudine.
1768 592 1825 621 Cic.
1840 603 1863 628 3.
1886 593 1967 622 Tusc.
1982 603 2027 630 74.

1316 622 1402 664 Qiiiti
1413 624 1587 667 aegritudine.
1606 626 1701 669 Cic-3.
1734 628 1814 658 Tiisc.
1828 640 1871 659 20.
1901 632 2060 661 Humanum
2072 632 2220 669 idquidem
2234 635 2309 671 quod
2331 636 2366 665 ita
2377 639 2434 667 exi.

1335 660 1428 702 stimas
1443 669 1448 688 :
1472 669 1528 688 non
1543 671 1618 690 enini
1634 663 1705 693 lilicc
1715 667 1770 694 nxiti
1781 666 1871 696 liunus
1881 690 1887 701 ,
1910 669 1955 697 sed
1966 669 2003 698 est
2014 670 2137 699 naturale
2158 671 2185 699 in
2199 673 2297 701 animis
2307 681 2433 706 tenerum

1335 696 1468 732 quiddam
1484 704 1565 740 atquc
1578 699 1672 741 molle,
1684 712 1692 728 1
1702 703 1758 731 uod
1773 705 1950 741 aegritudine,
1970 707 2041 744 quali
2051 708 2221 745 tempestate,
2231 711 2375 747 quatiatur.

1315 731 1463 777 Repeti-lere
1475 736 1666 779 :egritudinem
1677 713 1710 766 ab
1722 739 1821 776 aliquo.
1844 743 1900 771 Cic.
1919 753 1941 779 3.
1966 744 2047 774 Tusc.
2065 756 2124 775 112.
2147 746 2244 775 Timor
2254 748 2335 783 igitur
2351 750 2384 778 zib
2401 751 2434 780 iis

1336 772 1528 814 aegritudinem
1550 781 1641 815 potuit
1656 775 1788 820 repellere
1800 800 1807 810 ,
1830 780 1898 807 ratio
1909 791 1939 809 ac
1951 781 2082 818 sapientiai
2091 793 2155 812 vera
2167 794 2223 813 non
2235 787 2337 822 poterit
2349 789 2362 815 ἶ)

1315 808 1418 852 Sedare
1433 810 1634 846 aspritudinem.
1654 812 1723 855 .L¹‘³:
1739 822 1760 848 3.
1791 815 1872 857 Tusc.
1891 825 1949 851 ¹28-
1973 820 2037 848 llaec
2051 822 2140 857 ‘igitur
2158 821 2248 852 officiii
2261 823 2322 853 sunt
2340 825 2435 853 conso.

1335 846 1468 889 lanu-um,
1488 847 1789 892 toliere-<egwinidineni
1804 854 1938 888 funditus,
1953 864 1999 884 aut
2013 858 2113 892 sedare,
2127 867 2173 888 aut
2188 861 2435 899 detriilierequam-

1336 884 1506 950 pilumnum,
1525 887 1761 924 autlupprimere,
1784 899 1835 918 nec
1849 892 1905 927 pati
1920 902 2029 923 manare
2041 894 2150 933 longius
2162 919 2170 932 ‚
2189 905 2236 927 aut
2247 899 2281 927 ad
2291 900 2372 929 aliam
2384 908 2437 929 tra·

1359 931 1448 951 ucere.

1316 959 1431 989 Sustulit
1441 959 1594 990 universam
1608 962 1801 999 aegritudinem
1811 964 1991 1003 philosophia.
2019 968 2075 999 Cic.
2089 980 2111 1007 3.
2133 971 2206 1002 Tusc
2231 983 2280 1010 139

1318 997 1433 1027 Sublata
1442 999 1585 1035 aegritudo.
1606 999 1664 1028 Cic.
1679 1009 1702 1035 3.
1724 999 1806 1030 Tusc.
1826 1012 1885 1036 140.
2208 996 2213 1002 ¹
2284 997 2290 1003 '

1317 1035 1496 1078 Supprimere
1511 1037 1712 1073 aegritudinem.
1747 1038 1776 1068 V.
1821 1038 1883 1068 aulo
1902 1046 1983 1075 ante,
2004 1042 2103 1072 Sedarc
2123 1047 2322 1081 aegritudinem.

1316 1072 1469 1116 Suscipere.
1492 1074 1549 1117 Cic.
1569 1083 1592 1110 3.
1618 1074 1700 1104 Tusc.
1715 1086 1775 1114 113.
1800 1049 1946 1106 Voluntate
1957 1078 2039 1115 igitur
2059 1082 2084 1109 Sc
2100 1082 2204 1116 judicio
2219 1085 2314 1123 suscipi
2330 1088 2436 1124 aegritu-

1336 1111 1432 1139 dinem
1450 1112 1643 1143 conhtendum
1659 1114 1704 1142 est.

1317 1147 1421 1186 Tangit
1430 1159 1477 1178 eos
1489 1149 1632 1185 mgritudo.
1660 1151 1718 1194 Cic.
1733 1160 1757 1188 3.
1788 1150 1871 1182 Tusc.
1890 1162 1952 1188 104.
1985 1154 2050 1183 Afta
2059 1162 2120 1185 (Utus
2129 1157 2240 1187 honeste
2250 1170 2281 1189 ac
2292 1161 2437 1198 splendide

1335 1192 1441 1215 tantam
1457 1187 1535 1217 affert
1551 1188 1770 1218 consolationem
1783 1212 1791 1225 ,
1815 1197 1847 1219 ut
1862 1200 1910 1219 cos
1929 1191 1975 1228 qui
1993 1192 2031 1220 ita
2046 1193 2163 1223 vixerint
2177 1217 2184 1230 ,
2206 1204 2252 1225 aut
2272 1208 2328 1227 11011
2345 1207 2438 1230 tanvat

1335 1224 1470 1260 aegritudo
1482 1247 1489 1261 ,
1515 1234 1562 1268 aut
1576 1226 1722 1268 perleviter
1731 1234 1835 1265 pungat
1845 1228 1929 1257 animi
1947 1229 2036 1258 dolor.

1315 1260 1448 1306 Tolerare
1465 1264 1666 1300 aegritudinem.
1689 1265 1747 1295 Cic.
1766 1277 1793 1301 4.
1814 1265 1896 1295 Tusc.
1911 1277 1956 1303 95.
1989 1268 2031 1296 An
2044 1268 2171 1298 omnium
2187 1281 2277 1301 rerum
2297 1274 2438 1305 toleranda

1336 1309 1454 1329 ommno
1474 1302 1627 1338 aegritudo?

1316 1337 1439 1367 Tollere.
1471 1339 1529 1369 Cic.
1548 1349 1571 1375 3.
1604 1339 1686 1369 Tusc.
1699 1345 1744 1376 89.
1775 1340 1873 1376 Quum
1889 1341 1996 1371 constet
2014 1344 2207 1381 aegritudinem
2225 1348 2355 1378 vetustate
2367 1350 2436 1381 tolli.

1337 1375 1420 1405 Paulo
1436 1377 1514 1414 post,
1544 1377 1657 1407 Tollere
1677 1378 1869 1414 aegritudinem
1885 1379 2021 1409 funditus.

1314 1412 1418 1443 Vacare
1433 1415 1605 1451 aegritudine.
1628 1416 1686 1445 Cic.
1702 1425 1725 1451 3.
1748 1416 1830 1446 Tuse.
1848 1426 1891 1453 34.

1316 1449 1464 1494 Vindicate
1477 1453 1597 1490 aliquem
1612 1454 1645 1483 ab
1656 1454 1828 1491 aegritudiiie.
1857 1454 1917 1484 Cic.
1930 1465 1953 1490 5.
1975 1455 2058 1485 Tusc.
2071 1460 2116 1487 61.
2147 1457 2224 1495 Quid
2238 1462 2326 1498 potest
2336 1462 2368 1491 ad
2378 1463 2438 1492 bea.

1335 1497 1363 1518 te
1373 1490 1523 1520 vrvendurn
1536 1491 1625 1520 deell‘e
1636 1492 1671 1525 ei,
1682 1502 1765 1528 quem
1775 1492 1910 1521 fortitudo
1921 1492 1955 1522 ab
1966 1495 2129 1531 aegritudine
2139 1497 2164 1525 Sa
2175 1507 2189 1525 a
2201 1506 2276 1527 metu
2293 1500 2415 1530 vindicii
2423 1503 2436 1530 ⁸?

1316 1527 1473 1570 AEgritudO,
1484 1539 1534 1567 pro
1546 1529 1647 1558 Morbo
1662 1531 1793 1567 corporis.
1816 1530 1879 1559 Ter.
1890 1530 2000 1560 Pliorm.
2019 1543 2042 1566 5.
2064 1543 2084 1561 1.
2101 1543 2145 1568 24.
2176 1534 2295 1564 Matrem
2306 1537 2387 1574 ipsam
2402 1548 2437 1568 ex

1336 1566 1499 1602 aegritudine
1509 1566 1632 1596 miseram
1643 1577 1717 1596 mors
1728 1567 1876 1598 consecuta
1888 1568 1934 1597 est.
1975 1569 2042 1605 [Ubi
2052 1570 2151 1600 Donat.
2164 1572 2321 1603 infirmitate
2329 1585 2359 1604 ac
2367 1586 2438 1604 nior.

1336 1602 1383 1632 b0.
1424 1605 1457 1633 At
1468 1605 1558 1642 potest
1574 1605 1652 1640 sane,
1673 1615 1705 1634 ac
1720 1605 1823 1641 debet,
1846 1606 1881 1635 de
1889 1607 1974 1635 animi
1985 1609 2148 1644 aegritudine
2167 1610 2282 1647 intelligi
2297 1622 2303 1641 z
2325 1615 2351 1641 ἃ
2364 1614 2437 1650 apud

93 1674 198 1705 Anxiae.
210 1675 300 1711 Cic.4.
310 1674 392 1705 Tusc.
405 1684 448 1711 34.
459 1675 616 1713 Important
624 1675 702 1705 enim
717 1675 896 1712 aegritudines
903 1675 998 1704 anxias
1008 1680 1090 1712 atque
1100 1674 1220 1705 acerbas.

94 1711 246 1750 Crucians,
267 1719 381 1743 vocatur
396 1713 493 1743 Dolor.
516 1713 574 1743 Cic.
587 1724 613 1749 4.
635 1713 718 1743 Tusc.
733 1718 776 1747 18.

93 1749 207 1781 Flebilis
218 1773 226 1786 ,
246 1751 285 1781 est
295 1751 411 1781 Moeror.
433 1751 492 1781 Cic.
508 1763 535 1788 4.
561 1751 644 1782 Tusc.
660 1757 703 1785 18.

95 1788 273 1825 Graviffimae,
295 1789 353 1819 Cic.
369 1799 392 1826 3.
418 1789 500 1820 Tusc.
513 1793 558 1827 46.

94 1825 250 1863 Laboriosa,
260 1834 374 1857 vocatur
382 1826 523 1858 AErumna.
548 1827 608 1857 Cic.
622 1838 649 1862 4.
668 1824 752 1856 Tusc.
775 1830 818 1859 18.

94 1863 203 1895 Levior.
234 1865 293 1895 Cic.
309 1875 333 1903 3.
368 1866 449 1897 Tuse.
471 1870 515 1904 67.
558 1865 724 1902 Defatigatio
747 1864 832 1901 igitur
853 1864 1024 1894 miseriarum
1044 1863 1223 1902 aegritudines

112 1912 179 1932 cum
193 1902 277 1933 iaciat
286 1903 404 1934 leviores
417 1926 426 1940 ‚
447 1904 567 1942 intelligi
578 1902 687 1934 neeesse
703 1901 743 1932 est
752 1923 761 1938 ,
783 1913 842 1933 non
850 1913 907 1933 rem
917 1904 1004 1941 ipsam
1017 1902 1126 1933 causam
1139 1909 1222 1942 atque

112 1941 221 1971 sontem
239 1941 292 1971 effe
317 1943 455 1972 moeroris.

94 1978 220 2009 Modica.
243 1979 301 2010 Cic.
324 1992 349 2017 4.
372 1980 456 2010 Tusc.

93 2017 184 2047 Nova.
214 2017 273 2047 Cic.
294 2029 321 2054 4.
344 2018 426 2048 Tusc.

93 2054 207 2085 Levatio
220 2056 401 2094 aegritudinis.
424 2056 483 2086 Cic.
497 2065 521 2093 3.
543 2055 625 2087 Tusc.
640 2064 683 2094 33.
705 2054 888 2085 Levationem
899 2060 993 2085 autem
1005 2052 1178 2093 aegritudinis
1192 2055 1222 2084 in

112 2094 220 2123 duabus
236 2094 317 2124 rebus
332 2095 431 2133 ponit,
452 2096 617 2124 avocatione
632 2105 648 2124 a
659 2094 809 2132 cogitanda
823 2093 948 2123 molestia
961 2115 969 2129 ,
991 2095 1018 2124 δι
1030 2093 1221 2129 revocatione,

111 2132 149 2161 ad
158 2133 388 2171 contemplandas
398 2132 567 2171 voluptates.

93 2169 261 2208 Magnitudo
272 2170 452 2209 aegritudinis.
474 2171 534 2201 Cic.
548 2181 572 2208 3.
594 2170 676 2201 Tusc.
690 2174 734 2200 61.

91 2208 203 2238 Sanatio
215 2209 396 2246 aegritudinis.
417 2209 476 2239 Cic.
489 2220 516 2245 4.
538 2209 620 2239 Tusc.
632 2215 678 2246 83.
717 2208 774 2238 Sed
786 2210 812 2239 Sc
830 2217 851 2237 ae
872 2207 1001 2237 titudinis
1012 2208 1038 2237 &
1051 2207 1222 2245 reliquorum

113 2247 201 2276 animi
211 2247 372 2276 morborum
377 2257 432 2276 una
439 2246 545 2277 sanatio
559 2248 606 2281 est,
629 2257 728 2277 omnes
735 2246 850 2285 opinab'
865 2256 893 2276 es
903 2245 957 2275 effe
966 2247 992 2276 Sc
1002 2244 1182 2276 voluntarios.

92 2284 206 2314 Sedatio
223 2285 402 2323 aegritudinis.
425 2285 485 2314 Cic.
501 2297 528 2322 4.
550 2285 632 2316 Tusc.
647 2291 691 2320 82.

0 2335 1 2346 i
46 2330 47 2334 ¹
92 2322 216 2353 Societas
231 2323 411 2361 aegritudinis.
433 2323 491 2353 Cic.
513 2335 541 2360 4.
566 2324 642 2354 Fam.
654 2327 680 2353 6.
768 2344 774 2351 .

92 2360 198 2399 Stirpes
208 2362 385 2399 aegritudinis
413 2361 472 2391 Cic.
486 2371 511 2399 3.
529 2361 611 2392 Tusc.
621 2368 666 2398 83.
689 2360 771 2398 Atqui
778 2360 873 2398 stirpes
883 2359 945 2389 sunt
955 2359 1127 2397 aegritudinis
1139 2368 1221 2397 quam

112 2398 206 2429 multae
215 2421 223 2435 ,
244 2409 327 2437 quam
336 2409 442 2436 amarae,
455 2409 515 2437 quae
523 2399 582 2438 ipso
591 2407 689 2429 trunco
703 2398 796 2429 everso
811 2407 908 2427 omnes
919 2397 1058 2427 elidendae
1074 2397 1144 2428 sunt.

93 2435 222 2466 Vacuitas
236 2437 418 2476 aegritudinis.
442 2437 501 2468 Cic.
519 2448 543 2474 5.
557 2437 640 2468 Tusc.
653 2447 699 2474 42.
739 2437 924 2468 Securitatem
935 2442 1029 2465 autem
1039 2445 1116 2465 nunc
1128 2436 1224 2474 appel-

115 2473 144 2504 lo
153 2497 161 2511 ,
181 2476 350 2505 vacuitatem
364 2475 545 2514 aegritudinis.

89 2511 226 2542 Criminis
248 2514 392 2551 aegritudo.
415 2513 474 2543 Cic.
495 2524 547 2552 pro
560 2513 640 2544 Rosc.
653 2513 733 2543 Com.
747 2522 792 2549 25.
832 2512 947 2550 Propter
960 2511 1154 2550 aegritudinem
1169 2513 1224 2541 cri-

112 2551 206 2581 minis.
247 2552 295 2582 Sic
314 2552 358 2581 ed.
370 2558 426 2582 vet.
447 2552 496 2582 sed
505 2562 559 2582 rec.
572 2551 709 2582 exhibent
718 2550 768 2581 Ma
788 2551 955 2580 nitudinem.

93 2588 189 2619 Aberit
199 2589 284 2627 igitur
300 2600 315 2619 a
327 2589 452 2628 sapiente
466 2590 611 2627 ¹aegritudo.
637 2590 696 2620 Cic.
718 2598 742 2627 3.
794 2589 847 2619 use.
859 2594 904 2623 81.

92 2627 238 2657 Accedunt
256 2628 443 2665 aegritudines.
474 2628 534 2658 Cic.
549 2639 576 2664 4.
598 2628 681 2658 Tusc.

91 2664 222 2695 Adimere
232 2666 435 2703 aegritudinem.
459 2666 525 2696 Ter.
550 2667 650 2696 Heaut.
673 2675 698 2701 3.
724 2675 748 2695 1.
773 2675 816 2703 13.

96 2702 201 2732 Afferre
212 2704 413 2741 aegritudinem.
435 2704 500 2734 Ter.
522 2704 623 2734 Heaut.
638 2716 665 2740 4.
682 2713 706 2742 3.
720 2713 745 2733 2.

93 2740 173 2771 Affici
194 2742 364 2778 agritiidine.
401 2741 460 2772 Cic.
481 2752 504 2779 3.
534 2741 617 2772 Tuse.
636 2752 679 2779 15.
714 2741 755 2771 Ex
780 2750 836 2779 quo
850 2738 990 2776 efficitur,
1011 2739 1114 2770 fortem
1129 2740 1221 2770 virum

114 2779 277 2816 :egritudine
291 2790 436 2818 nunquam
455 2780 537 2810 affici.

93 2816 267 2855 Amplificata
276 2818 419 2856 aegritudo.
442 2818 501 2848 Cic.
522 2829 549 2854 4.
570 2817 653 2848 Tusc.
676 2816 822 2855 IEgritudo
839 2822 933 2845 autem
946 2821 1106 2852 caeteraeque
1115 2822 1222 2854 pertur-

113 2854 239 2884 bationes
257 2855 445 2894 amplificatae,
478 2863 554 2886 certe
572 2856 709 2894 pestiferae
728 2855 799 2885 sunt.
829 2855 856 2884 h.
879 2864 903 2883 e.
926 2855 1026 2883 Aueiae.
1046 2891 1051 2896 .

94 2891 178 2922 Cadit
197 2894 332 2930 aegritudo
348 2895 378 2923 in
394 2894 524 2932 aliquem.
548 2893 608 2924 Cic.
621 2903 646 2931 3.
676 2893 759 2924 Tusc.
774 2903 817 2929 14.
858 2892 890 2923 ln
899 2902 982 2930 quem
991 2891 1220 2930 caditaegritudo,

113 2931 143 2959 in
161 2931 285 2962 eundem
299 2932 392 2962 timor.

92 2967 246 2999 Confectus
263 2970 434 3008 aegritudine.
456 2970 515 3000 Cic.
538 2978 561 3005 3.
582 2969 664 2999 Tusc.
676 2979 721 3006 27.
759 2968 929 3005 Tarquinius
939 2967 1041 2997 Cumas
1050 2967 1077 2997 se
1089 2967 1222 2998 contulis-

112 3006 140 3036 se
152 3007 254 3037 dicitur
262 3030 270 3044 ,
291 3009 376 3052 inque
386 3018 418 3038 ea
427 3008 495 3037 urbe
503 3007 580 3037 senio
596 3009 623 3037 δε
632 3007 797 3044 aegritudine
806 3006 860 3036 else
872 3006 1024 3035 coiisecius.

92 3043 270 3075 Debilitatus.
306 3046 365 3076 Cic.
377 3058 403 3083 4.
425 3045 508 3076 Tusc.
523 3055 567 3082 35.
610 3045 688 3083 Quid
700 3052 793 3075 autem
804 3044 842 3073 est
853 3053 911 3072 non
924 3043 1047 3072 miserius
1059 3041 1156 3078 solum,
1173 3042 1221 3072 sed

111 3082 216 3126 foedius
237 3084 322 3143 etiapi
343 3086 369 3115 &
387 3084 555 3120 deformius,
576 3093 659 3121 quam
670 3083 834 3122 aegritudine
844 3083 905 3119 quis
920 3082 1036 3111 afflictus
1049 3080 1221 3111 debilitatus-

132 3130 168 3150 ue
200 3131 281 3151 acens
295 3145 300 3151 .

93 3130 204 3190 quderle
213 3158 240 3188 se
253 3160 420 3197 aegritudini.
443 3160 471 3189 h.
494 3169 518 3189 e.
541 3158 658 3190 Moerori
669 3159 778 3198 prorsus
792 3157 946 3196 indulgere.
969 3157 1028 3187 Cic.
1042 3164 1066 3193 3.
1080 3154 1218 3194 Tusc.71.

112 3196 280 3235 AEgritudini
296 3197 323 3227 se
342 3197 432 3227 solent
451 3197 563 3227 dedere.

93 3233 242 3274 Depellere
261 3236 463 3273 aegritudinem.
487 3236 544 3265 Cic.
558 3245 583 3271 3.
605 3233 688 3264 Tusc.
705 3245 749 3272 25.

93 3271 252 3303 Detrahere.
288 3273 345 3303 Cic.
365 3283 390 3310 3.
413 3272 495 3304 Tusc.
516 3277 562 3309 46.

93 3309 217 3342 Efficere.
239 3311 298 3341 Cic.
315 3323 342 3348 4.
364 3311 447 3342 Tusc.
472 3321 514 3340 11.
560 3311 632 3348 Quae
652 3311 730 3340 enim
745 3310 888 3341 venientia
906 3313 1086 3343 metuuntur,
1120 3307 1221 3338 eadem

113 3348 238 3380 efficiunt
252 3350 448 3387 aegritudinem
464 3349 602 3379 instantia.

93 3383 215 3418 Elevare.
236 3387 295 3417 Cic.
314 3398 339 3425 3.
362 3387 445 3418 Tusc.
470 3396 515 3424 34.

94 3424 207 3464 Eripere
223 3424 317 3458 elicui.
340 3426 399 3456 Cic.
414 3435 438 3461 3.
460 3423 544 3455 Tusc.
565 3434 613 3460 45.

93 3461 153 3493 Esse
168 3463 198 3492 in
212 3463 383 3501 aigritudine.
408 3464 467 3493 Cic.
485 3473 510 3500 3.
532 3462 614 3492 Tuse.
641 3472 683 3499 14.
706 3463 733 3492 δι
757 3470 800 3499 32.
1114 3495 1121 3502 ⁸

94 3499 191 3532 Existit
201 3502 345 3539 aegritudo.
368 3501 427 3531 Cic.
443 3511 467 3538 3.
489 3501 515 3530 T
518 3499 571 3529 use.
592 3509 635 3536 52.
678 3499 895 3537 Cyrenaicorum
914 3496 994 3526 restat
1002 3495 1149 3533 sententia,
1172 3496 1220 3540 qui

113 3544 174 3568 tum
183 3540 377 3577 aegritudinem
387 3538 501 3569 censent
515 3538 631 3568 existere
641 3560 649 3573 ,
675 3537 693 3566 si
704 3547 758 3567 nec
775 3538 890 3575 opinato
903 3535 970 3573 quid
992 3535 1125 3564 evenerit.

93 3573 250 3607 Extenuare
265 3578 466 3615 aegritudinem.
489 3577 547 3606 Cic.
561 3585 584 3622 3.
606 3575 688 3605 Tusc.
706 3582 750 3613 78.
994 3610 1000 3616 ι

94 3613 246 3658 Exturbare
256 3624 292 3644 ex
303 3615 409 3645 animo.
435 3614 521 3645 Plaut.
546 3614 664 3644 curc.2.
684 3624 707 3644 1.
719 3625 744 3650 9.
767 3613 972 3651 AEgritudinem
992 3610 1072 3640 1stam
1090 3611 1221 3643 exturbes

114 3662 150 3681 ex
163 3662 267 3682 animo.

93 3688 220 3720 Incidere
238 3691 268 3719 in
288 3691 489 3728 aegritudinem.
512 3689 572 3720 Cic.
592 3698 616 3726 3.
639 3687 721 3719 Tusc.
749 3698 794 3719 20.

93 3726 246 3760 Intereedit
279 3729 361 3758 audio
378 3729 522 3766 aegritudo.
544 3728 609 3758 Ter.
625 3728 708 3756 Andr.
725 3739 748 3763 5.
763 3738 786 3763 5.
800 3738 822 3762 5.

174 3766 203 3795 Si
221 3738 298 3795 uuila
314 3767 448 3805 aegritudo
467 3767 533 3796 huic
554 3766 656 3803 gaudio
673 3764 864 3795 intercesserit.

92 3801 193 3833 Lenire
207 3803 408 3837 aegritudinem.
431 3804 488 3834 Cic.
505 3804 541 3833 de
553 3804 649 3833 Divin.'
663 3813 688 3832 2.
704 3813 728 3840 3.

95 3840 199 3871 Levare
219 3831 339 3878 aliquem
357 3842 530 3879 aegritudine.
554 3842 612 3871 Cic.
627 3852 652 3876 9.
675 3843 728 3870 Att.
749 3850 809 3879 175.
826 3847 851 3877 3.

95 3877 193 3910 Manat
209 3877 318 3916 longius
328 3880 472 3917 aegritudo.
495 3880 554 3909 Cic.
566 3889 590 3915 3.
613 3879 694 3909 Tusc.
713 3885 773 3913 128.

96 3914 222 3946 Moerens
238 3917 379 3953 aegritudo.
403 3918 461 3947 Cic.
480 3927 504 3952 3.
526 3917 609 3946 Tusc.
632 3927 692 3953 140.

92 3953 429 4022 {Vlloverelaegritudinenr
456 3956 515 3985 Cic.
527 3967 553 3991 4.
575 3954 658 3985 Tusc.
675 3965 719 3990 99.
749 3952 778 3984 Si
789 3961 843 3982 nec
861 3950 930 3981 11131Ἷ
942 3951 994 3981 sint
1001 3950 1067 3990 illa,
1089 3962 1149 3991 quae
1163 3962 1222 3984 me.

125 4000 176 4021 oi..
227 4014 235 4022 .

917 3683 931 3696 ς

1336 1640 1414 1670 Curt.
1427 1651 1450 1685 3.
1465 1653 1488 1677 5.
1503 1653 1544 1672 10.
1567 1642 1630 1672 sunt
1639 1643 1685 1681 qui
1703 1642 1817 1686 legunt:
1839 1645 1930 1674 Animi
1948 1652 2041 1674 autem
2052 1647 2186 1683 aegritiido
2196 1658 2298 1692 corpus
2311 1653 2436 1687 urgebat,

1335 1689 1388 1717 pro
1400 1681 1529 1709 Animum
1544 1690 1605 1718 aegr.
1619 1691 1754 1718 corporis.
1793 1681 1849 1711 Sed
1865 1682 1900 1711 de
1913 1682 2022 1712 duobus
2042 1683 2124 1712 Plinii
2138 1685 2207 1715 locis
2219 1696 2310 1716 minus
2330 1685 2438 1717 contro-

1336 1717 1427 1746 versia?
1440 1718 1496 1747 est:
1531 1719 1577 1748 Sic
1588 1720 1663 1748 enim
1674 1719 1691 1748 l.
1704 1725 1730 1753 8.
1747 1729 1771 1747 c.
1792 1729 1814 1748 1.
1838 1719 1873 1748 de
1884 1720 2064 1758 Elephantis:
2096 1722 2204 1759 Vilique
2216 1723 2278 1753 sunt
2292 1725 2349 1754 scili
2365 1728 2439 1763 111111-

1334 1756 1434 1798 tudine
1458 1756 1590 1793 (quando
1606 1756 1701 1786 &illas
1711 1756 1799 1786 moles
1810 1757 1938 1787 infestant
1948 1759 2059 1795 morbi)
2078 1759 2176 1790 herbas
2189 1761 2279 1799 supini
2296 1764 2323 1791 in
2335 1764 2438 1794 coelum

1334 1794 1468 1829 jacientes
1478 1796 1528 1823 Sec.
1553 1796 1579 1824 Sc
1589 1794 1699 1832 planius
1708 1794 1726 1824 l.
1741 1801 1784 1829 28.
1796 1805 1820 1824 c.
1831 1799 1856 1825 6.
1880 1797 2031 1833 Augurium
2040 1807 2074 1826 ex
2082 1797 2196 1828 homine
2206 1799 2264 1837 ipso
2274 1811 2330 1829 non
2341 1802 2440 1831 timen-

1336 1831 1366 1859 di
1377 1840 1496 1861 mortem
1505 1832 1534 1860 in
1546 1833 1719 1870 aegritudine.
1754 1833 1866 1862 uaindiu
1875 1834 2021 1863 oculorum
2030 1835 2144 1873 pupillae
2154 1837 2302 1875 imaginem
2313 1840 2437 1869 reddant.

1332 1868 1489 1912 Plenissime
1500 1868 1586 1899 Solin.
1599 1881 1622 1899 c.
1642 1881 1684 1900 12.
1705 1842 1855 1909 AEiculapii
1866 1871 2138 1903 sacelloincubantes
2151 1876 2344 1912 tegritudinum
2355 1887 2440 1907 remc-

1335 1906 1383 1936 1113
1393 1907 1538 1945 capessunt
1554 1909 1589 1937 de
1599 1908 1714 1938 monitis
1721 1907 1901 1952 somniorum.
1923 1910 1998 1939 conf.
2013 1909 2111 1940 Cellar.
2125 1912 2188 1941 Cur.
2204 1913 2272 1951 post.
2290 1924 2316 1951 p.
2331 1919 2390 1944 160.
2413 1918 2440 1945 δι

1334 1946 1464 1989 Append.
1478 1955 1502 1976 c.
1516 1955 1538 1982 3.
1553 1957 1581 1990 p:
1598 1958 1644 1982 45.
1678 1946 1822 1990 1111110310
1832 1957 1856 1976 c.
1870 1957 1894 1984 3.
1914 1957 1942 1985 p.
1959 1958 2019 1984 155.
2060 1949 2206 1980 Nonnulla
2220 1951 2291 1981 lianc
2302 1953 2330 1981 in
2338 1962 2394 1982 rem
2405 1963 2440 1982 ex

1336 1983 1482 2013 Cicerone.
1523 1983 1554 2013 V.
1571 1993 1600 2013 in
1610 1984 1730 2013 Borrich.
1755 1984 1837 2014 Vind.
1850 1984 1878 2014 L.
1891 1984 1920 2014 L.
1940 1996 1968 2023 p.
1980 1997 2005 2021 4.

1278 2020 1363 2053 IEGR
1375 2031 1470 2051 orus
1484 2044 1492 2057 ‚
1521 2031 1554 2057 a,
1586 2031 1642 2051 um.
1665 2023 1777 2051 denom.
1803 2022 1836 2051 ab
1859 2023 1940 2058 AEqer
1961 2024 2111 2060 [ἅῤῥωςςῷυ.
2135 2026 2275 2062 νόσιμῶη
2313 2028 2440 2064 Servius,

1315 2058 1399 2127 {igar
1411 2061 1437 2089 «Sc
1456 2067 1574 2098 corpore
1588 2062 1616 2091 ὁὶ
1632 2061 1725 2090 animo
1742 2060 1860 2091 dicitur:
1882 2053 2012 2099 AEgrotus
2024 2085 2032 2098 ,
2057 2072 2175 2101 corpore
2193 2071 2311 2095 tantum.
2334 2066 2400 2096 Hor.
2413 2076 2439 2097 1.

1361 2108 1368 2126 i
1393 2121 1399 2127 .
1413 2107 1437 2127 2.
1457 2108 1501 2135 47.

1339 2108 1358 2136 p
1391 2136 1456 2165 Non
1473 2136 1590 2170 domus,
1612 2137 1638 2166 Sc
1654 2135 1774 2171 fundus,
1795 2145 1853 2166 non
1868 2137 1927 2166 ceris
1944 2147 2057 2167 acervus
2080 2139 2107 2168 Sc
2129 2138 2210 2175 auri,

1390 2174 1504 2211 AEgroto
1523 2173 1631 2203 domini
1645 2174 1764 2203 deduxit
1782 2184 1900 2212 corpore
1921 2175 2018 2204 febres.

1315 2210 1431 2248 AEgroto
1441 2212 1509 2241 dum
1519 2212 1611 2241 anima
1621 2212 1668 2247 est,
1681 2211 1742 2249 spes
1756 2212 1802 2241 est.
1843 2213 1988 2243 Sententia
1996 2213 2175 2251 proverbialis
2183 2237 2191 2249 ,
2204 2215 2358 2245 admonens
2367 2225 2402 2245 ne
2410 2217 2440 2246 in

1334 2249 1514 2279 afflictillimis
1529 2250 1643 2287 quidem
1657 2250 1738 2279 rebus
1749 2250 1936 2283 abiiciendam
1954 2252 2008 2281 effe
2029 2251 2115 2289 spem.
2147 2252 2204 2282 Cic.
2222 2264 2247 2289 9.
2261 2255 2312 2283 Att.
2334 2260 2392 2288 181.
2410 2258 2436 2283 6.

1334 2286 1373 2316 Ut
1386 2294 1498 2325 regroto,
1522 2289 1590 2317 dum
1600 2288 1693 2317 anima
1703 2289 1752 2323 est,
1766 2288 1826 2326 spes
1838 2288 1891 2318 effe
1900 2289 2001 2319 dicitur
2014 2297 2020 2316 ἰ
2042 2289 2078 2319 sic
2092 2300 2143 2327 ego
2155 2313 2162 2327 ,
2183 2292 2275 2329 quoad
2292 2292 2440 2330 Pompeius

1336 2325 1365 2354 in
1377 2325 1455 2355 ltalia
1471 2326 1524 2355 fuit
1535 2348 1542 2361 ,
1564 2326 1670 2363 sperare
1683 2336 1741 2355 non
1754 2326 1853 2355 destiti.

1315 2362 1427 2401 AEgrota
1437 2363 1545 2402 respub.
1557 2365 1632 2393 idem
1666 2364 1722 2393 uod
1733 2363 1828 2402 ffigra:
1852 2365 1868 2393 i.
1889 2374 1912 2393 e.
1940 2363 2015 2394 Male
2026 2365 2139 2395 habens.
2167 2365 2224 2396 Cic.
2242 2366 2302 2396 Div.
2316 2367 2344 2395 in
2362 2366 2437 2397 Verr.

1338 2407 1381 2435 38.
1418 2401 1451 2431 Et
1461 2402 1586 2440 profecto
1597 2409 1645 2431 aut
1675 2412 1709 2431 oc
1720 2403 1875 2431 remedium
1889 2403 1927 2431 est
1936 2410 2044 2439 aegrotae
2055 2414 2086 2433 ac
2100 2414 2187 2442 prope
2195 2405 2342 2443 desperatae
2352 2405 2443 2443 reipu-

1335 2438 1436 2476 blicae,
1459 2440 1626 2478 judiciisque
1636 2441 1794 2478 corruptis,
1815 2442 1866 2470 &c
1908 2440 1938 2470 V.
1961 2441 2040 2478 AEgra
2051 2441 2159 2480 respub.

1277 2475 1311 2508 AE
1321 2486 1338 2506 G
1349 2488 1365 2506 R
1377 2487 1394 2506 o
1404 2489 1437 2511 R,
1458 2479 1522 2507 6113.
1546 2488 1597 2517 pro
1612 2478 1794 2516 JEgritudine.
1830 2478 1938 2508 Lucret.
1952 2478 2000 2509 lib.
2013 2482 2037 2508 ⁶.
2054 2489 2133 2515 1130.
2169 2479 2252 2510 Venit
2260 2482 2384 2519 pecubus
2395 2481 2440 2511 ba-

1314 2515 1436 2545 lantibus
1447 2525 1541 2554 aegior.
1582 2516 1660 2546 Adde
1683 2524 1762 2553 1257.

1277 2553 1311 2584 ,ΞΕ
1321 2563 1339 2582 G
1348 2558 1420 2583 1161
1429 2564 1446 2583 o
1455 2576 1463 2589 ,
1484 2556 1499 2590 [
1512 2554 1588 2586 νοσέω,
1607 2551 1708 2589 ipius-keo
1718 2576 1725 2589 ‚
1748 2553 1845 2580 aesia..
1857 2576 1865 2588 ,
1888 2554 2064 2590 νοσηλεᾶοκᾳι]
2084 2559 2137 2585 are.
2168 2555 2245 2586 Male
2259 2557 2349 2587 valere
2359 2569 2373 2587 a
2382 2569 2440 2588 cor-

1316 2601 1393 2629 pore.
1434 2592 1468 2622 Et
1478 2592 1517 2621 est
1525 2591 1641 2621 verbum
1654 2600 1689 2621 es<
1706 2590 1820 2620 nomine
1830 2591 1958 2629 AEgrotus
1970 2592 2082 2622 fat‘ium.
2119 2594 2177 2623 Cic.
2191 2605 2242 2633 pro
2251 2595 2360 2625 Cluent.
2377 2606 2436 2633 132.

1315 2629 1398 2667 Apud
1407 2629 1482 2659 hunc
1497 2629 1544 2659 ille
1554 2629 1649 2659 Rornae
1661 2629 1808 2665 habitavit,
1827 2640 1842 2658 a
1865 2630 1903 2658 ud
1913 2630 1989 2659 hunc
2001 2632 2150 2668 aegrotavit.

1368 2667 1633 2703 rotare,translatum
1645 2668 1680 2697 ad
1689 2667 1801 2698 fruetus.
1826 2666 1843 2696 P
1857 2668 1894 2696 in.
1910 2667 1959 2697 lib.
1976 2675 2017 2704 17.
2032 2679 2092 2707 cap.
2103 2679 2147 2704 24.
2169 2669 2311 2707 AEgrotant
2318 2671 2440 2709 aliquan-

1373 2708 1409 2735 »ὃζ
1424 2716 1509 2744 poma
1522 2705 1579 2744 ipsa
1590 2715 1639 2744 per
1648 2706 1739 2735 feline
1749 2706 1845 2734 arbore
1855 2728 1862 2741 ,
1887 2705 1905 2734 si
1914 2706 2068 2735 necessariis
2080 2708 2251 2744 temporibus
2262 2709 2369 2744 imbres,
2390 2717 2438 2738 aut

1332 2749 1460 2782 tepores,
1480 2743 1523 2773 vel
1539 2744 1644 2773 afflatus
1656 2744 1785 2779 defuere,
1805 2749 1853 2772 aut
1863 2750 1962 2772 contra
1977 2743 2162 2774 abundavere.

1314 2781 1459 2819 AEgrotant
1469 2782 1496 2810 in
1506 2788 1534 2811 te
1549 2789 1620 2811 artes
1634 2782 1720 2811 animi
1730 2782 1780 2810 tui.
1803 2781 1830 2810 h.
1842 2790 1865 2811 e.
1888 2781 1966 2811 Male
1974 2781 2000 2811 se
2008 2782 2111 2812 habent
2117 2793 2207 2813 mores
2217 2784 2274 2819 tui,
2291 2784 2335 2813 Tu
2345 2793 2437 2813 corru-

1333 2820 1389 2858 ptis
1402 2829 1430 2849 es
1439 2820 1571 2849 moribus.
1594 2819 1735 2850 Plautinus
1746 2820 1783 2848 est
1792 2819 1877 2855 Jocus
1886 2820 1915 2848 in
1925 2819 2004 2850 Trin.
2020 2831 2042 2849 1.
2054 2829 2080 2850 2.
2092 2830 2135 2858 34.
2159 2821 2190 2850 ln
2200 2822 2370 2851 emendatis:
2393 2823 2437 2851 Ar-

1333 2864 1376 2887 tes
1392 2858 1511 2895 antiquae
1528 2865 1591 2887 tuae.

1315 2896 1430 2925 Animus
1450 2902 1572 2933 aegrotat.
1599 2895 1656 2925 Cic.
1678 2907 1704 2931 4.
1724 2895 1806 2925 Tusc.
1823 2904 1882 2931 129.
1929 2895 2001 2932 Quis
2017 2895 2150 2925 dubitarit
2163 2897 2228 2933 quin
2244 2897 2436 2933 aegrotationes

1334 2934 1439 2969 animi,
1461 2933 1549 2971 qualis
1558 2933 1596 2963 est
1605 2934 1716 2963 avaritia
1728 2956 1736 2968 ,
1757 2932 1850 2971 gloriae
1860 2933 2013 2970 cupiditas,
2034 2942 2070 2962 ex
2083 2944 2118 2963 eo
2133 2934 2209 2972 quod
2217 2935 2309 2973 magni
2323 2935 2436 2965 aestime-

1333 2977 1379 3001 tur
1394 2981 1426 3000 ea
1440 2981 1482 3001 res
1499 2981 1534 3001 ex
1552 2981 1606 3009 qua
1619 2971 1728 3001 animus
1740 2978 1852 3009 aegrotat
1862 2993 1870 3006 ,
1899 2971 2022 3003 oriantur
2031 2972 2045 3000 ἱ)

1314 3009 1398 3039 Fama
1409 3016 1529 3047 aegrotat.
1550 3009 1660 3039 Lucret.
1674 3009 1722 3039 lib.
1737 3021 1763 3046 4.
1780 3020 1790 3038 1
1800 3015 1859 3044 118.

1394 3047 1539 3085 Languent
1557 3047 1648 3076 officia
1660 3070 1668 3082 ,
1690 3056 1773 3085 atque
1790 3052 1903 3084 aegrotat
1915 3044 1988 3076 sama
2002 3044 2140 3077 vacillans-

1314 3085 1388 3114 Vitio
1400 3085 1486 3114 animi
1496 3093 1634 3123 aegrotare.
1657 3085 1724 3115 Hor.
1738 3096 1764 3115 2.
1786 3085 1840 3114 Sat.
1855 3094 1879 3121 3.
1904 3091 1966 3121 307.

1313 3123 1369 3153 Diu
1385 3130 1523 3160 aegrotaie.
1547 3124 1604 3153 Cic.
1626 3133 1676 3161 pro
1696 3123 1807 3152 Cluent.
1827 3129 1888 3160 138.

1313 3161 1437 3191 Graviter
1448 3169 1585 3199 oegrotare.
1610 3161 1668 3191 Cic.
1684 3171 1706 3190 1.
1730 3161 1787 3191 Off.
1799 3168 1843 3198 47.
2075 3194 2079 3196 ,
2163 3196 2167 3199 ἱ

1313 3199 1473 3229 Gravillime
1491 3206 1620 3237 aegrotare
1633 3222 1641 3234 ,
1658 3201 1685 3229 Sc
1701 3200 1816 3237 Optime
1834 3196 1924 3227 valere
1939 3218 1947 3233 ,
1967 3197 2108 3227 contraria.
2136 3195 2194 3225 Cic.
2213 3205 2239 3225 2.
2256 3193 2292 3226 de
2313 3195 2371 3227 Fin.
2384 3205 2429 3235 70.

1333 3237 1405 3274 Quae
1420 3247 1484 3266 cum
1492 3238 1606 3266 Aristoni
1618 3239 1644 3267 St
1656 3237 1787 3275 Pyrrhoni
1797 3237 1913 3265 omnino
1922 3235 1975 3264 visa
1985 3235 2047 3263 sunt
2056 3243 2107 3272 pro
2119 3233 2208 3263 nihilo
2216 3256 2224 3269 ‚
2241 3242 2274 3263 ut
2283 3236 2355 3265 inter
2363 3238 2435 3275 opti.

1333 3283 1379 3304 me
1395 3275 1485 3304 valere
1495 3278 1521 3305 ἃ
1529 3275 1681 3313 gravissime
1695 3282 1824 3313 aegrotare
1834 3273 1902 3303 nihil
1914 3273 2019 3311 prorius
2033 3273 2158 3301 dicerent
2167 3272 2302 3301 interesse.

1313 3312 1430 3342 Leviter.
1454 3313 1511 3342 Cic.
1527 3324 1548 3342 1.
1573 3313 1630 3343 Off.
1646 3317 1706 3343 116.
1728 3312 1759 3343 111
1770 3312 1904 3342 adeundis
1913 3310 2041 3347 periculis
2049 3309 2222 3339 consuetudo
2234 3310 2434 3341 imitandame-

1334 3348 1463 3380 dicorum
1476 3351 1529 3386 est,
1548 3351 1594 3388 qui
1609 3351 1706 3380 leviter
1725 3356 1885 3388 aegrotantes
1901 3348 1996 3377 leviter
2007 3354 2118 3376 curant:
2151 3348 2321 3385 gravioribus
2338 3358 2432 3379 autem

1332 3389 1437 3418 morbis
1445 3388 1611 3427 periculosas
1619 3389 1775 3418 curationes
1787 3390 1812 3418 S:
1821 3386 1954 3423 ancipites
1967 3385 2097 3415 adhibere
2110 3393 2257 3423 coguntur.

1313 3424 1468 3457 Mortifere.
1510 3426 1541 3456 V.
1567 3425 1853 3461 MORT1FERE,ln
1874 3431 1921 3452 ΜΟ
1933 3433 1978 3452 RS-

1313 3464 1476 3494 Periculoie.
1499 3464 1557 3494 Cic.
1574 3471 1599 3498 8.
1620 3465 1674 3493 Att.
1688 3471 1714 3493 2.
1753 3463 1785 3492 111
1799 3463 1880 3491 unius
1888 3461 2008 3489 hominis
2019 3461 2168 3498 quotannis
2179 3461 2334 3500 periculose
2348 3472 2432 3500 aegro-

1332 3503 1417 3532 tantis
1432 3503 1538 3535 anima.
1559 3502 1659 3546 positas
1670 3502 1777 3530 omneis
1789 3499 1888 3528 nostras
1901 3498 1960 3541 spes
1975 3498 2120 3529 habemus.

1311 3538 1507 3570 Vehementer.
1533 3540 1591 3569 Cic.
1603 3550 1653 3578 pro
1664 3539 1773 3568 Cluent.
1793 3543 1855 3579 ¹³82
1892 3535 1933 3565 Ibi
1945 3537 2107 3573 primumin
2117 3536 2248 3566 morbum
2264 3537 2382 3573 incidit,
2396 3546 2429 3566 ae

1330 3578 1394 3608 {Eitis
1415 3578 1594 3607 vehementer
1614 3578 1716 3614 diuque
1731 3581 1878 3612 aegrotaVit.

1273 3617 1308 3648 AE
1317 3626 1336 3646 c,
1345 3627 1360 3645 R
1370 3627 1386 3645 0
1396 3626 1415 3645 T
1424 3626 1443 3644 A
1452 3626 1472 3644 ‘r
1481 3627 1490 3644 1
1499 3626 1527 3648 o,
1542 3617 1610 3645 onis.
1623 3615 1641 3644 f.
1657 3616 1777 3650 [imma
1787 3613 1922 3647 άρῥώς-ημμ.
1936 3611 1949 3647 ]
1965 3611 2016 3640 Pro
2038 3613 2077 3641 rie
2086 3612 2127 3641 est
2137 3610 2252 3642 Morbus
2263 3613 2291 3641 in
2300 3622 2427 3650 corpore.

1311 3654 1383 3683 Vide
1394 3653 1537 3683 Ciceronis
1545 3651 1743 3690 exemplumin
1756 3661 1778 3678 ,ιε
1788 3660 1805 3678 e
1816 3660 1832 3678 R
1842 3660 1850 3677 1
1860 3659 1907 3678 Tu
1917 3658 1970 3678 no.
1991 3649 2009 3678 P
2024 3650 2060 3678 'n.
2076 3650 2122 3679 lib.
2139 3660 2180 3686 17.
2196 3660 2255 3688 cap.
2270 3659 2315 3685 24.
2334 3661 2373 3684 15.

1312 3692 1403 3722 Animi
1415 3691 1575 3728 AEgrotatio.
1598 3690 1654 3719 Cic.
1668 3700 1693 3724 4.
1714 3687 1795 3717 Tufa.
1807 3694 1831 3721 8.
1859 3685 2103 3717 Definiuntautem
2113 3689 2198 3717 animi
2210 3689 2427 3725 aegrotatinnem,

1331 3729 1524 3768 opinationem
1536 3727 1729 3756 vehementem
1744 3726 1779 3754 de
1793 3735 1820 3754 re
1837 3735 1894 3754 non
1909 3726 2067 3763 expetenda
2078 3748 2085 3760 7
2105 3732 2152 3754 tan
2170 3735 2235 3754 uam
2251 3725 2329 3754 valde
2345 3734 2429 3761 expe-

1332 3766 1465 3800 tendasit,
1475 3765 1654 3794 inhaerentem
1664 3764 1811 3807 &penitus
1823 3763 1939 3792 inlitam.
1980 3762 2062 3792 Paulo
2073 3762 2154 3801 1:0stst
2170 3763 2325 3800 Igrotzitioni
2335 3770 2428 3791 autem

1332 3805 1398 3834 talia
1416 3803 1540 3840 quaedam
1554 3801 1674 3838 subjecta
1687 3805 1750 3831 lunt
1761 3823 1770 3836 ,
1791 3801 1916 3835 avaritia,
1937 3800 2052 3830 ambitio
2062 3823 2069 3835 ,
2091 3801 2269 3831 mulierositas
2280 3822 2288 3836 ,
2307 3800 2428 3838 pervica-

1333 3844 1393 3877 cia,
1414 3841 1553 3877 ligurino,
1574 3839 1741 3873 vinolentia,
1762 3839 1899 3877 cupedia,
1920 3838 2028 3875 &siqua
2038 3838 2141 3868 si'milia.

1314 3880 1419 3912 Mentis
1434 3878 1594 3914 ffigrotatio.
1618 3877 1675 3907 Cic.
1688 3887 1711 3914 3.
1732 3876 1814 3906 Tusc.
1834 3887 1876 3913 14.
1898 3876 2082 3913 Quiane-men
2093 3877 2202 3906 10131113.>
2213 3874 2428 3913 significatmerr.

1333 3919 1370 3947 tis
1380 3916 1586 3954 aegrotationem
1601 3917 1627 3945 ὃ(
1639 3915 1776 3944 morbum.

1276 3956 1310 3990 AE
1319 3966 1337 3986 G
1346 3966 1361 3985 E
1370 3965 1387 3985 R
1397 3966 1407 3986 1
1418 3965 1437 3985 A
1447 3975 1455 3990 2
1477 3952 1626 3991 [Αἰνεία]
1645 3953 1778 3992 Nympha
1792 3953 1914 4021 nemoiis
1932 3952 2048 3986 Aricini,
2077 3953 2103 3982 &
2117 3961 2188 3981 uxor
2203 3950 2303 3980 Numae
2320 3949 2430 4016 Pomplii}

1915 3999 1931 4019 2
