2604 4222
65 119 135 160 596
521 101 551 137 C
647 99 684 135 O
788 95 828 132 M

107 191 296 225 commodare
311 187 393 220 alicui
410 187 439 216 in
451 194 481 216 re
491 184 591 222 aliqua.
632 182 690 211 Cic.
702 190 727 210 2.
743 178 818 208 Fam.
835 179 877 206 16.
908 173 994 211 Quod
1008 171 1103 216 scribis
1121 169 1157 200 ad
1184 177 1230 211 me

127 233 162 262 de
175 230 314 260 drachmis
331 238 347 257 c
356 237 372 256 c
382 236 399 254 c
410 235 420 254 1
430 231 471 251 00
480 231 497 250 0
509 245 517 257 ,
539 220 609 251 nihil
631 220 669 250 est
687 217 762 255 quod
773 217 802 245 in
814 216 864 244 isto
876 223 975 251 genere
986 218 1117 255 cuiquam
1129 207 1230 246 posslm

131 269 320 299 commodare.
349 265 378 294 h.
390 274 415 293 e.
436 260 560 291 Prodesse
572 262 596 289 &
607 264 713 296 gratum
725 255 814 284 facere
826 275 834 288 ,
853 252 899 295 vel
909 250 1030 294 obsequi.
1123 284 1129 290 ⁶

112 306 256 345 Quicquid
277 305 332 334 sine
346 302 514 332 detrimento
532 297 615 336 possit
628 292 800 325 commodari
813 313 821 326 ,
852 288 889 318 id‘
902 289 1040 318 tribuatur
1057 284 1102 316 vel
1122 289 1229 320 ignoto.

112 342 452 420 Pgrlcssfialfflgffffiffissdatus
463 373 603 404 stomacho
612 370 716 400 succus.
738 367 807 397 Plin.
817 364 866 395 lib.
880 373 924 394 22.
941 373 1001 401 cap.
1014 370 1061 392 ιι.
1100 360 1119 389 i.
1132 369 1158 389 e.
1180 357 1234 387 Ad-

135 421 252 452 modum
262 419 335 448 utilis
351 419 375 447 &
387 413 560 445 commodus.
742 443 748 449 ⁶

137 463 178 489 An
192 453 441 488 Accommodatus?
462 451 495 480 H.
509 451 546 478 St.
568 446 653 477 Hard.
673 443 762 474 edidit
772 440 1001 471 Commendams.

118 496 306 528 Commodat-e
316 493 360 527 se.
381 486 572 527 [iouepto'ffw]
594 494 643 522 pro
656 480 882 512 Accommodare.
906 474 1041 507 Columel.
1056 484 1082 517 4.
1094 481 1140 503 22.
1157 472 1236 508 Quo-

137 536 213 565 niam
223 534 278 562 fere
288 532 468 569 plurimarum
484 525 608 562 stirpium
624 528 719 550 natura
729 518 800 548 sicse
812 516 991 550 commodat,
1013 519 1044 543 ut
1065 518 1143 549 Juxta
1162 512 1234 539 cica-

139 574 238 602 tricem
249 569 364 599 novellis
374 564 520 596 frondibus
534 558 754 599 repullulascant.
1084 588 1090 594 .
1133 587 1139 593 .

119 611 261 642 Omnibus
271 610 298 637 in
310 608 390 636 rebus
403 604 428 632 se
444 601 527 630 alicui
539 597 719 629 commodare
731 617 740 631 ‚
761 593 855 632 quoad
870 592 940 622 fides
961 589 1052 620 nostra
1063 584 1235 625 dignitasque

139 649 252 687 patitur.
276 646 333 674 Cic.
348 652 388 678 13.
406 641 482 671 Fam.
504 649 546 673 54.
611 675 624 680 ἢ

121 684 306 717 Commodare
319 680 462 718 capillum,
477 673 661 712 [ἓνινιοσμειν]
680 681 730 710 pro
740 671 926 707 Componere.
943 665 1030 696 Plaut.
1044 663 1234 699 Most.1.3.97.

201 726 256 752 buo
266 721 368 758 quique
380 718 442 747 loco
453 715 517 744 vide
528 723 562 742 an
571 711 687 748 capillus
698 710 867 745 compositus
877 707 913 735 est
925 704 1085 746 commode.

201 771 222 790 S.
244 760 291 788 ubi
309 766 339 787 tu
350 753 529 787 commodes,
550 749 683 787 capillum
703 746 887 777 commodum
908 743 962 773 effe
979 740 1096 771 credito.
1179 736 1236 766 Sed

139 792 510 832 emendatilibripraeferunt
524 811 532 824 ‚
553 786 707 817 Commoda
717 795 756 814 es.
903 819 909 826 ι
1044 817 1048 822 '
1132 814 1138 821 .

119 838 220 868 Aurem
230 834 408 865 commodare
420 830 510 859 alicui.
533 826 616 855 Ovid.
633 836 657 860 ς.
674 823 753 853 Trist.
771 831 813 851 12.
827 829 870 856 53.
901 830 919 849 1.
933 829 957 849 e.
980 817 1082 847 Audire
1103 813 1234 851 aliquem.

120 876 221 908 Aurem
233 873 385 911 patientem
396 865 573 898 commodare
584 863 706 893 culturae.
731 861 796 890 Hor.
812 869 835 888 1.
850 857 931 896 Epist.
954 866 977 886 i.
995 865 1041 891 40.

119 913 175 944 Iras
186 910 365 940 commodare
376 906 467 936 alicui.
489 904 555 933 Stat.
574 913 599 936 4.
616 900 706 930 Theb.
723 909 767 936 75.
1181 926 1188 932 ·

120 949 272 987 Loquelam
282 945 459 976 commodare
469 964 477 977 ‚
498 942 561 976 joco
573 939 644 967 dixit
656 938 740 967 Plaut.
754 937 782 965 in
795 933 884 964 Cistel.
897 943 924 968 4.
937 940 963 961 2.
975 940 1020 966 75.
1039 939 1089 967 pro
1100 927 1198 964 Loqui.

121 989 245 1026 Operam
261 983 439 1014 commodare
451 980 525 1009 suam
542 977 625 1007 alicui
637 998 645 1012 ,
666 986 716 1013 pro
733 974 831 1010 Juvare
852 980 944 1008 opera.
982 968 1067 998 Plaut.
1082 965 1156 995 Rud.
1169 975 1195 995 2.
1208 973 1237 1000 4.

142 1035 186 1055 22.
208 1025 263 1053 Cur
271 1030 300 1052 tu
311 1031 423 1059 operam
436 1026 544 1057 gravare
555 1015 624 1044 mihi
634 1036 642 1049 ,
665 1023 747 1050 quam
758 1012 825 1041 civis
840 1010 893 1038 civi
911 1005 1093 1037 commodat?

121 1063 232 1094 Scelera
246 1059 424 1090 commodare
435 1079 441 1089 .
466 1055 585 1089 Alicujus
595 1052 674 1081 causa
682 1050 767 1080 scelus
777 1048 935 1090 admittere..
952 1047 1015 1074 Sen.
1030 1043 1107 1074 Med.
1121 1050 1163 1071 η.

124 1102 305 1131 Severitatem
316 1096 433 1135 peccatis
445 1093 550 1127 magnis
561 1090 748 1120 commodare.
770 1087 861 1116 Tacit.
876 1087 962 1121 Agric.
978 1093 1020 1118 19.

123 1139 239 1168 Veniam
254 1136 342 1173 parvis
352 1133 474 1172 peccatis
485 1128 672 1160 commodare.
694 1126 783 1156 Tacit.
801 1124 884 1160 llgric.
902 1133 942 1155 19-

125 1176 312 1207 Commodare
333 1169 499 1209 [namq'ma]
526 1168 563 1196 est
586 1166 705 1200 Alicujus
728 1164 766 1192 rei
783 1162 859 1191 usum
882 1160 917 1188 ad
942 1164 1053 1195 tempus
1074 1153 1238 1197 concedere.

145 1215 205 1244 Cic.
218 1219 243 1242 6.
260 1212 333 1240 Verr.
346 1214 371 1239 6.
394 1209 431 1238 Ut
444 1207 497 1236 illis
512 1205 638 1242 benignis
658 1203 720 1232 usus
740 1200 778 1230 est
795 1200 830 1228 ad
846 1196 1085 1228 commodandum
1097 1215 1106 1228 ‚
1128 1196 1163 1221 lic
1182 1191 1240 1229 ipse

145 1252 265 1288 diligens
276 1250 329 1278 fuit
339 1249 374 1277 ad
386 1244 592 1284 reportandum.
813 1275 819 1280 ι
877 1274 882 1279 .

127 1288 313 1320 commodare
328 1292 470 1322 argentum
487 1284 511 1312 ἃ
525 1281 664 1311 triticum,
685 1277 837 1313 improprie
856 1274 961 1302 distum
982 1271 1020 1300 est
1040 1279 1090 1307 pro
1111 1278 1144 1298 eo
1165 1266 1242 1304 quod

146 1328 195 1362 est,
217 1326 316 1356 Mutuo
328 1325 392 1353 dare
401 1322 445 1351 vel
457 1328 584 1350 mutuum
595 1317 668 1345 dare.
708 1315 780 1344 Nam
797 1312 907 1350 proprie
917 1309 1130 1339 commodamus
1146 1305 1242 1337 vestes,

145 1365 240 1399 libros.
261 1362 332 1398 vasa,
353 1369 437 1398 equos
449 1381 456 1392 ,
480 1360 504 1388 &
517 1356 612 1385 similia
623 1376 631 1389 ,
652 1362 711 1390 quae
724 1352 822 1381 eadem
843 1349 1012 1378 redduntur:
1035 1345 1137 1375 Mutuo
1150 1352 1243 1371 autem

146 1404 246 1432 damus
258 1410 290 1430 ea
301 1422 309 1435 ,
329 1409 379 1438 pro
401 1397 498 1435 quibus
520 1393 572 1424 alia
585 1392 739 1421 redduntur
755 1388 878 1424 ejusdem
894 1386 1018 1423 generis:
1041 1390 1072 1412 ut
1088 1390 1218 1411 nummos
1233 1401 1243 1412 ,

146 1441 316 1476 frumentum
328 1460 336 1473 ‚
358 1437 454 1466 vinum
464 1457 472 1470 ‚
494 1434 586 1462 oleum
595 1452 604 1465 ,
626 1431 650 1458 &
663 1429 721 1457 fere
731 1435 832 1461 cetera,
844 1435 904 1461 quae
917 1423 1050 1461 pondere,
1072 1429 1190 1449 numero
1200 1417 1244 1460 vel

147 1478 275 1510 mensura
286 1476 343 1505 dari
355 1475 450 1504 solent.
490 1471 557 1501 Haec
571 1469 609 1498 est
616 1464 874 1503 jurisconsultorum
884 1462 1028 1492 sententia.
1067 1458 1153 1489 l’laut.
1172 1458 1244 1487 Asin.

169 1539 175 1548 .
208 1539 213 1545 .
232 1525 240 1543 i
286 1536 292 1544 .

150 1526 163 1554 3
190 1525 201 1554 3
224 1524 300 1589 Q3uid
312 1560 362 1588 ego
376 1547 452 1578 aliud
465 1550 597 1584 exoptem
608 1541 726 1580 amplius
735 1563 743 1577 ‚
765 1539 815 1569 nisi
827 1539 905 1573 cuius
915 1536 1009 1574 inopia
1019 1535 1058 1579 est
1068 1556 1077 1569 ‚

223 1591 325 1627 Viginti
337 1587 440 1624 argenti
452 1583 613 1614 commodes
622 1582 709 1610 minas
719 1602 726 1614 ‚
748 1578 831 1614 hujus
845 1577 958 1614 quidem
971 1580 1054 1604 matri
1066 1573 1080 1601 ‘2

132 1630 237 1661 Aurum
248 1627 330 1658 alicui
342 1623 530 1655 commodare.
556 1620 614 1649 Cic.
630 1629 680 1657 pro
694 1616 762 1646 Coei.
777 1625 820 1651 3²-
977 1650 983 1656 -
1037 1649 1042 1655 ¹
1083 1648 1089 1654 ·
1164 1645 1171 1653 ’

132 1666 347 1698 Commodatum
360 1686 368 1698 ‚
388 1658 586 1698 Jureconsultis
596 1658 632 1687 est
643 1655 807 1686 Contractus
819 1675 827 1687 ,
849 1662 905 1689 quo
915 1657 997 1688 gratis
1008 1649 1124 1682 alicuius
1133 1656 1172 1676 rei
1184 1643 1247 1689 usus

151 1707 190 1735 ita
200 1703 381 1735 conceditur.
402 1706 432 1730 ut
441 1698 578 1735 accipiens
589 1696 722 1725 summam
742 1693 771 1721 in
791 1701 823 1720 ea
837 1691 894 1729 ipsa
910 1689 1053 1717 reddenda
1074 1686 1248 1723 diligentiam

152 1742 275 1781 praestare
284 1740 393 1769 debeat.
416 1737 433 1766 l.
450 1747 471 1766 1.
487 1736 519 1765 D.
537 1735 572 1764 de
584 1733 696 1769 obligat.
709 1730 848 1760 &ac'liom
891 1728 1074 1756 Hotomanus.
1208 1759 1215 1765 ·

131 1781 208 1814 Inter
218 1778 434 1808 commodatum
446 1772 621 1803 &Utendum
635 1771 731 1799 datum
743 1790 752 1804 ‚
774 1766 865 1796 Labeo
885 1764 998 1802 quidem
1019 1763 1059 1792 ait
1076 1766 1185 1791 tantum
1206 1769 1249 1803 ¹.¹¹‘

150 1817 246 1849 teresse
258 1839 267 1852 ,
288 1821 421 1853 quantum
431 1811 542 1841 interest
553 1811 625 1839 inter
644 1808 738 1838 Genus
756 1807 782 1835 &
796 1804 932 1842 Speciem.
975 1799 1157 1830 Commodari
1173 1806 1249 1827 enim

150 1865 211 1887 rem
231 1853 365 1884 mobilem
374 1874 383 1886 ,
404 1861 460 1880 non
481 1850 564 1878 etiam
581 1846 648 1877 soli:
671 1844 813 1876 Utendum
829 1842 887 1871 dari
896 1863 905 1876 ,
929 1839 1013 1869 etiam
1033 1838 1089 1868 soli.
1122 1836 1169 1866 sed
1191 1838 1201 1869 (
1218 1841 1249 1863 ut

153 1893 286 1933 apparet)
307 1889 419 1929 proprie
429 1887 605 1917 commodata
617 1893 658 1913 res
667 1883 768 1912 dicitur
780 1883 805 1910 δι
816 1890 875 1916 quae
896 1879 945 1908 soli
966 1880 1004 1907 eit
1018 1899 1026 1910 ,
1048 1877 1132 1911 idque
1148 1877 1173 1904 ἃ
1187 1871 1250 1902 Cas-

152 1934 205 1962 sius
214 1930 359 1960 existimat.
399 1926 527 1955 vivianus
539 1922 658 1961 amplius
669 1922 752 1950 etiam
763 1918 971 1949 Habitationem
981 1914 1160 1945 commodare
1170 1908 1248 1950 posse

150 1971 196 2000 ait.
221 1969 285 1998 Haec
299 1965 394 2004 U·1p.1.
411 1975 434 1993 1.
458 1963 492 1993 D.
515 1960 703 1991 commodati.
862 1992 871 1998 ⁵
1161 1988 1167 1994 .

134 2005 320 2039 Commodare
330 2003 469 2041 possumus
482 2002 506 2031 ἃ
516 1999 633 2028 alienam
643 2007 699 2026 rem
710 2004 794 2032 quam
805 1993 974 2031 possidemus
983 2013 991 2024 .
1013 1989 1117 2020 tametsi
1131 1987 1250 2017 scientes

155 2046 273 2075 alienam
287 2042 480 2081 possideamus.
502 2037 599 2067 Paulus
613 2037 642 2065 in
656 2035 674 2064 l.
695 2033 890 2064 Commodare.
916 2032 947 2060 D.
971 2027 1159 2058 Commodati.

99 2083 148 2115 Co
159 2095 177 2112 M
188 2091 258 2112 Mor>
269 2084 343 2109 aru
356 2089 375 2108 M
387 2101 395 2114 ‚
416 2078 434 2107 i.
456 2086 485 2107 n.
506 2075 616 2113 Ulpian.
628 2073 646 2104 l.
660 2082 686 2102 2.
701 2072 762 2110 Dig.
775 2077 796 2100 t.
810 2080 853 2106 ¹4·
866 2069 884 2098 l.
897 2078 924 2105 7.
941 2069 963 2106 §.
976 2077 1000 2097 1.
1031 2066 1062 2095 V.
1084 2066 1115 2094 in
1126 2063 1251 2102 ipsover-

138 2122 174 2150 bo
185 2143 193 2156 ‚
214 2118 297 2157 paulo
310 2123 380 2146 ante.

101 2159 124 2190 C
133 2169 177 2188 oM
188 2169 209 2187 M
219 2166 262 2186 on
274 2166 292 2184 A
303 2165 321 2184 >r
332 2165 376 2184 AR
385 2164 394 2182 1
403 2163 421 2183 u
431 2161 443 2181 s
455 2173 465 2187 ‚
485 2151 503 2180 i.
530 2159 567 2181 m.
589 2149 641 2179 Cui
651 2146 756 2185 aliquid
767 2144 978 2176 commodatum
989 2142 1035 2172 est.
1057 2141 1091 2171 V.
1113 2141 1136 2178 §.
1146 2148 1171 2169 2.
1185 2137 1249 2168 Inst.

139 2196 213 2234 quib.
225 2194 301 2223 mod.
311 2198 398 2221 contr.
413 2190 498 2226 oblig.

100 2235 385 2265 communio,
409 2228 478 2257 onis.
500 2225 518 2254 f.
541 2224 621 2261 Apul.

101 2273 125 2303 C
136 2283 153 2301 o
164 2282 184 2300 M
193 2280 238 2299 Mo
249 2273 321 2298 ῡλτ
331 2278 347 2297 0
357 2277 373 2296 a
384 2289 392 2302 ‚
413 2266 474 2295 oris.
497 2273 534 2292 ni.
557 2262 619 2299 Ulp.
637 2259 695 2290 inl.
716 2259 786 2289 Eum
801 2258 856 2296 qui.
871 2258 895 2296 §.
911 2253 1147 2287 Sisiliusfamilias.
1168 2251 1203 2282 D.
1217 2250 1253 2281 de

139 2310 202 2339 furt.
224 2307 331 2336 Tamen
344 2302 537 2334 commodator
550 2300 651 2338 poterit
660 2298 726 2327 furti
737 2306 825 2335 agere.

103 2348 126 2379 C
135 2359 153 2378 o
162 2358 181 2376 M
191 2357 211 2375 M
222 2355 238 2374 o
247 2355 264 2373 n
273 2346 284 2372 ῑ
292 2354 311 2372 τ
320 2353 336 2372 o
345 2364 352 2378 ‚
373 2345 426 2371 are.
449 2340 586 2375 frequent.
609 2335 707 2366 Catuli.
728 2345 769 2364 io.
784 2338 828 2363 26.

221 2381 320 2418 Quaso
330 2402 338 2415 .,
360 2379 470 2415 inquit,
492 2376 559 2405 milii
572 2375 609 2403 mi
623 2372 729 2403 Catulle
741 2371 856 2410 paulum

221 2421 288 2450 lstos
300 2417 479 2448 commodita.
557 2412 604 2441 sed
616 2412 660 2440 alii
673 2411 776 2448 legunt,
789 2406 944 2438 Commoda
955 2415 1028 2435 nam.
1042 2405 1073 2434 V.
1084 2401 1187 2434 lsVoss
1195 2406 1253 2431 not.

104 2459 151 2491 Co
163 2470 182 2488 M
193 2470 212 2487 M
221 2460 238 2487 ὃ
249 2468 266 2486 D
276 2467 294 2486 u
304 2466 315 2485 s
325 2478 333 2491 ‚
357 2455 396 2484 M.
412 2452 509 2483 Aurelii
528 2449 660 2480 Antonini
671 2471 678 2483 ,
701 2454 889 2485 cognomento
906 2444 1063 2481 Philosophi
1073 2465 1080 2477 ,
1101 2442 1173 2471 filius
1185 2441 1255 2475 fuit,

142 2497 227 2536 patris
239 2492 450 2525 dissimillimus,
471 2490 515 2519 cui
525 2489 609 2519 etiam
619 2488 647 2516 in
658 2486 775 2523 imperio
785 2483 917 2515 successit.
960 2483 1049 2511 Vitam
1069 2482 1145 2516 ejus.
1169 2487 1255 2518 eaque

144 2536 259 2572 dignum
272 2532 387 2563 exitum.
407 2529 471 2558 vide
485 2527 560 2564 apud
574 2525 677 2554 Herod.
692 2523 739 2552 lib.
755 2533 777 2552 i.
800 2521 938 2558 Lamprid.
949 2520 979 2548 in
991 2521 1051 2556 ejus
1063 2519 1123 2549 Vita
1134 2539 1143 2553 ,
1164 2518 1190 2546 ἃ.
1203 2516 1256 2545 hu-

144 2578 215 2610 trop.
232 2571 279 2599 lib.
294 2575 319 2602 8.
343 2568 382 2597 De
392 2567 446 2595 hoc
458 2566 493 2594 sic
503 2564 594 2593 scribit
606 2562 702 2592 Auson.
719 2562 747 2590 in
763 2560 877 2590 Tetrast.
891 2558 985 2588 Caesar.

224 2603 573 2640 Commodusinsequitur.
595 2600 694 2637 pugnis
711 2597 864 2627 maculosus
874 2606 962 2626 arenae

277 2643 445 2673 Threcidico
455 2641 585 2678 princeps
596 2638 665 2667 bella
674 2646 789 2665 movens
806 2635 908 2672 gladio.

223 2681 295 2712 Eliso
308 2681 419 2710 tandem
432 2677 588 2717 persolvens
598 2682 706 2713 gutture
717 2683 813 2710 poenas
830 2681 838 2702 ε

279 2717 447 2748 Criminibus
457 2714 536 2745 fassus
547 2714 642 2743 matris
659 2712 834 2741 adulterium.
929 2708 994 2743 Ejus
1013 2706 1083 2744 saepe
1101 2705 1131 2735 fit
1150 2704 1257 2734 mentio

146 2759 176 2789 in
194 2757 270 2788 libris
289 2754 562 2792 Jurisconsultorum,
583 2756 732 2787 extantque
748 2746 959 2778 constitutiones
974 2746 1034 2782 ejus
1052 2745 1082 2773 in
1101 2744 1162 2780 jure
1182 2742 1259 2772 civili

147 2807 209 2827 corn
233 2795 315 2824 lures.

111 2835 134 2865 C
143 2845 159 2864 o
169 2846 188 2863 M
198 2806 242 2862 Mpo
252 2843 268 2861 n
278 2843 288 2861 i
297 2836 313 2860 Ti
324 2840 343 2860 Ν
354 2840 372 2859 υ
383 2838 394 2858 s
404 2850 413 2863 ‚
435 2827 494 2862 Adi.
516 2837 531 2857 a
545 2824 701 2856 Commodo
716 2823 787 2861 Imp.
802 2822 876 2860 Apic.
893 2832 916 2856 ς.
928 2831 954 2857 4.

111 2873 217 2902 C0MM
229 2881 270 2899 οι
270 2880 292 2936 1¹)
298 2879 339 2898 oa
352 2889 360 2903 ,
379 2868 435 2896 'itus
451 2866 508 2895 sum
519 2887 528 2901 ‚
558 2862 749 2900 [μκχανῶμοα]
770 2861 812 2890 i'ri.
834 2860 911 2889 idem
932 2857 1007 2896 quod
1028 2856 1132 2887 Moliri.
1153 2856 1211 2887 Cic.
1228 2864 1253 2893 3.

149 2911 184 2939 de
194 2909 254 2938 Nat.
294 2916 350 2935 eor.
362 2913 406 2939 Ἴ.
852 2924 855 2927 ,

227 2945 287 2974 Nec
301 2925 382 2980 quern
395 2940 492 2970 dolum
505 2939 540 2968 ad
549 2947 614 2968 eum
625 2959 633 2972 ,
657 2943 705 2967 aut
717 2935 874 2965 machinam
884 2932 1049 2964 commoliar
1059 2955 1069 2968 ‚

227 2983 290 3012 Scio
302 2981 458 3019 quicquam.
536 2977 566 3005 V.
590 2974 660 3005 Gell.
674 2984 698 3011 3.
718 2983 759 3011 ¹9·
774 2975 799 3003 ἃ
812 2972 918 3002 Lucret.
934 2976 959 3000 ό.
977 2981 1041 3006 241.

115 3021 366 3051 COMMOLLio,
385 3020 436 3045 Ire.
460 3013 582 3044 Marcell.

114 3060 161 3088 Co
171 3070 190 3087 M
200 3070 217 3086 M
228 3061 293 3086 oto
305 3079 313 3091 ,
337 3056 387 3090 ui,
406 3055 478 3083 'stum
490 3074 498 3088 ‚
519 3050 666 3087 [ommim]
686 3050 742 3078 Ere.
773 3045 910 3076 Columel.
932 3045 980 3074 lib.
1003 3054 1044 3073 12.
1069 3053 1129 3080 cap.
1145 3053 1187 3078 ςο.
1210 3042 1261 3073 Ca.

151 3096 270 3126 vendum
283 3095 321 3123 est
331 3095 422 3129 itaque
434 3113 442 3126 ‚
464 3100 499 3119 ne
511 3099 544 3119 ex
559 3099 591 3118 ea
602 3088 649 3117 fiat
663 3087 756 3116 oleum
766 3085 901 3114 cibarium
914 3105 922 3117 ,
944 3084 1018 3119 quod
1030 3092 1087 3111 uno
1097 3083 1181 3110 modo
1193 3082 1261 3110 vita.

150 3134 172 3162 ri
183 3133 298 3170 poterit,
320 3131 336 3159 si
350 3130 475 3169 protinus
495 3127 569 3156 illata
582 3127 617 3155 de
631 3135 696 3162 agro
716 3124 801 3154 bacca
811 3145 821 3159 .,
841 3121 1004 3151 commolita
1019 3122 1043 3150 Sc
1055 3119 1176 3157 expressa
1197 3120 1258 3149 erit.

152 3170 179 3200 h.
193 3180 215 3199 e.
240 3170 314 3199 Mola
325 3167 487 3197 conculcata
502 3167 527 3194 δι
545 3164 662 3193 Γιὼεέὶα.

117 3208 162 3237 co
173 3220 192 3236 M
203 3219 222 3236 M
233 3217 250 3235 o
260 3217 277 3235 Ν
289 3217 311 3241 ii,
325 3206 412 3235 lnsula
419 3204 456 3233 est
465 3203 596 3238 adjacens
604 3199 712 3238 Epheso
720 3198 791 3231 urbi,
801 3203 832 3226 ut
841 3197 935 3226 auctor
947 3195 985 3224 est
997 3195 1053 3223 Plin
1068 3194 1200 3231 lib.5.cap
1214 3202 1258 3228 3¹-

118 3245 139 3274 C
149 3255 164 3273 o
175 3256 192 3273 M
203 3256 220 3272 Μ
230 3247 247 3274 ὀ
256 3254 274 3273 N
284 3254 297 3273 ε
306 3254 322 3273 o
334 3265 341 3278 ,
359 3244 405 3275 ui.
425 3244 497 3271 itum
510 3262 518 3274 ,
539 3237 763 3275 [wammam]
785 3238 840 3264 Ere.
863 3234 943 3263 Notae
959 3233 1173 3270 significationis.
1196 3231 1260 3261 Ter.

154 3283 222 3312 And.
239 3293 262 3316 ⁴-
275 3286 300 3310 6.
318 3290 357 3317 ¹7-
383 3280 503 3309 Aliorum
521 3287 565 3306 me
575 3276 703 3314 exempla
717 3279 908 3303 commonent.

155 3320 247 3348 Amice
257 3318 358 3355 aliquid
370 3325 556 3346 commonere.
577 3313 696 3351 Quintil.
709 3313 758 3341 lib.
773 3316 797 3340 6.
812 3320 874 3348 cap.
891 3319 913 3337 i.

156 3356 338 3385 Commonere
353 3355 470 3391 aliquem
480 3353 585 3382 suarum
596 3351 773 3380 miseriarum.
796 3349 880 3378 Plaut.
893 3345 962 3375 Rud.
978 3354 1004 3379 η.
1019 3355 1044 3378 ⁴-
1060 3353 1103 3379 37.

200 3394 278 3421 Mea!
301 3403 382 3429 quum
395 3402 447 3428 ego
459 3391 620 3419 hancvideo
630 3411 637 3423 ,
658 3396 781 3417 mearum
795 3385 891 3415 absens
903 3383 1073 3412 miseriarum
1089 3389 1261 3411 commones-

157 3430 342 3460 commonere
353 3429 470 3466 aliquem
487 3428 608 3456 officium
618 3427 704 3455 suum.
745 3425 830 3453 l’laut.
844 3423 937 3452 Pseud.
953 3432 972 3449 ι,
992 3430 1016 3449 2.
1035 3430 1077 3456 ¹7·

250 3467 345 3495 Verum
359 3468 393 3495 ita
406 3476 453 3495 vos
469 3466 529 3495 cilis
542 3464 642 3501 perditi
655 3486 663 3498 ,
683 3461 870 3499 ῃεῇςεηῑεε,
892 3459 1004 3496 ingenio
1022 3456 1151 3495 improbo
1161 3478 1170 3490 ‚

248 3504 379 3533 Officium
389 3505 502 3532 vestrum
515 3509 545 3531 ut
559 3512 607 3531 vos
627 3501 700 3530 malo
717 3500 821 3537 cogatis
839 3496 1051 3528 commonetier.
1147 3495 1164 3523 i.
1177 3502 1201 3522 e.
1224 3492 1266 3523 De

159 3540 250 3571 officio
260 3543 345 3570 vestro
357 3541 534 3569 commoneri.

160 3579 341 3608 commonere
353 3578 470 3614 aliquem
484 3579 518 3606 de
529 3586 556 3605 re
565 3576 663 3612 aliqua.
704 3574 760 3603 Cic.
775 3583 799 3607 ἶ.
812 3573 885 3602 Verr.
903 3582 964 3606 154.
989 3570 1060 3607 Quis
1078 3581 1092 3599 a
1114 3568 1189 3605 signo
1204 3567 1268 3596 Ver-

179 3617 268 3659 tumni
281 3616 309 3643 in
321 3616 428 3643 Circum
438 3616 588 3644 maximum
599 3613 691 3647 venit,
712 3613 778 3649 quin
789 3612 850 3640 isin
866 3619 1037 3647 unoquoque
1056 3608 1141 3646 gradu
1155 3607 1191 3636 dc
1207 3615 1267 3635 ava-

178 3662 239 3681 ritia
250 3660 295 3680 tua
308 3661 528 3681 commoneretur
539 3652 551 3678 ‘?

161 3690 347 3720 Conimonere
357 3689 474 3725 aliquem
485 3689 606 3717 urservet
621 3687 713 3715 fidem.
736 3686 800 3716 Ter.
815 3685 881 3715 And.
900 3695 922 3714 i.
937 3695 959 3719 ς.
970 3694 1014 3717 ⁴<-

234 3727 270 3771 th
282 3736 370 3762 neque
381 3735 423 3754 me
435 3726 604 3754 consuetudo
617 3746 624 3757 ,
645 3733 733 3759 neque
744 3734 820 3753 amor
830 3746 838 3757 ,
860 3733 949 3759 neque
965 3722 1055 3758 pudor

240 3765 435 3795 Commoveat,
457 3773 545 3798 neque
555 3770 730 3790 commoneat
740 3771 768 3790 ut
778 3763 882 3790 servem
895 3761 978 3788 fidem
990 3761 1003 3787 ‘2

161 3801 335 3831 Cornninneo
351 3807 451 3832 tamen,
473 3809 507 3827 ne
522 3801 590 3841 quis,
602 3809 646 3832 qui
665 3799 752 3827 valere
764 3803 788 3828 δ’(
804 3799 939 3827 senescere
958 3800 1033 3825 volet
1044 3818 1052 3831 ‚
1072 3794 1268 3832 quotidianum

180 3840 232 3867 hoc
244 3838 350 3866 haheat.
373 3835 440 3865 Cels.
455 3836 488 3863 de
502 3836 608 3864 Vomiru
622 3836 666 3864 lib.
687 3847 706 3863 ι.
724 3845 783 3873 cap.
799 3847 822 3871 3.

161 3877 345 3905 commonere
360 3896 368 3908 ‚
389 3873 547 3902 tram-latum
568 3873 600 3900 aii
622 3874 778 3903 inanimata.
819 3874 877 3902 Cic.
892 3876 919 3902 6.
933 3871 1009 3902 Verr.
1020 3878 1063 3908 57.
1098 3870 1161 3900 Hoc
1183 3868 1271 3898 modo

180 3923 225 3943 me
235 3913 407 3942 commonuit
418 3909 518 3940 Pisonis
527 3909 654 3939 amiulus.

1716 75 1746 110 C
1844 76 1878 110 O
1976 75 2014 110 M

1285 163 1363 192 0⁶¹⁴
1376 160 1565 192 “⁰N3Tmi
1587 155 1794 193 [ffffl’fflffleff]
1815 156 1911 186 Panic.
1944 156 2000 186 Liv.
2017 166 2060 192 ³4.
2076 166 2118 191 5¹·
2151 154 2398 193 Commonitorque
2415 157 2447 189 ἰῇ

1345 209 1379 228 uo
1389 199 1454 227 statu
1465 206 1554 225 rerum
1564 205 1640 230 acce}
1651 195 1710 224 ill'et
1718 205 1765 223 eos
1779 218 1787 227 .
1809 198 1834 224 ὅ(
1845 196 1872 223 in
1885 204 1939 231 quo
1952 195 2140 232 relinqueret,
2163 193 2275 223 dimisit.

1360 246 1426 267 anes
1440 235 1615 263 commoniti.
1656 233 1711 262 Sen
1734 233 1824 262 Oiirh.
1845 242 1870 262 v.
1885 237 1965 261 1061.

1407 274 1462 309 Qui
1478 282 1527 310 per
1539 270 1675 299 Taenarias
1693 272 1766 299 fores
1782 281 1788 300 :

1406 311 1504 340 ivis-es
1516 309 1705 337 commonitos
1719 309 1777 336 adit

1408 349 1576 391 Moerentem
1595 346 1695 374 feriens
1719 346 1830 383 chelyn.
1925 344 1968 374 De
1990 343 2126 382 Orpheo,
2155 343 2201 380 qui
2217 352 2312 373 manes
2327 341 2444 379 inferni,

1346 387 1498 417 dulcedine
1519 385 1630 413 citharae
1650 384 1764 413 movisse
1783 394 1797 413 a
1812 383 1901 421 poetis
1924 382 2048 412 traditur.
2089 381 2129 412 Al.
2153 382 2251 411 Manes
2265 390 2331 410 cum
2350 381 2451 410 tacitos

1346 427 1412 454 ad=t.
1455 423 1487 452 V.
1512 423 1597 451 Plaot.
1617 422 1687 450 srin.
1701 433 1723 456 4.
1741 429 1766 454 ς.
1779 431 1822 455 4²·

1291 463 1340 493 Co
1351 476 1366 490 n
1377 474 1397 491 Μ
1408 472 1424 491 o
1435 471 1454 489 N
1467 472 1473 489 i
1485 470 1503 488 >r
1516 470 1549 488 10
1562 482 1569 493 ,
1592 459 1663 488 finis.
1686 459 1702 487 f.
1727 456 1905 494 [e'wsmnm]
1928 457 2044 494 Quintil.
2064 456 2111 486 lib.
2126 467 2144 491 4
2164 466 2223 494 cap.
2238 466 2265 487 2.
2285 455 2352 486 Non
2365 455 2451 485 inuti·

1330 501 1362 529 lis
1372 501 1423 529 erit
1439 501 1464 527 in
1478 505 1600 526 extrema
1614 505 1687 534 iiarte
1698 496 1898 529 commonitio.
1920 496 1937 524 i.
1955 505 1969 524 e
2001 495 2214 533 Recapitulatio.

1292 540 1367 568 CoM
1377 550 1396 566 M
1406 547 1423 566 o
1434 538 1472 566 Νἷ
1485 547 1497 564 r
1509 546 1525 564 o
1539 546 1551 562 iz
1564 557 1572 569 ,
1594 536 1655 564 oris.
1680 544 1707 563 m
1739 533 1897 572 Symmach.
1909 542 1934 569 7.
1957 533 2039 570 Epist.

1293 578 1641 607 CoMMouiToRios‚
1664 572 1723 607 Adj.

1293 615 1339 644 Co
1351 625 1370 642 Μ
1381 625 1400 641 Μ
1411 624 1428 642 o
1441 622 1459 640 N
1469 624 1477 640 ι
1488 621 1507 639 Τ
1518 621 1534 640 o
1546 621 1559 638 R
1572 621 1581 638 1
1591 620 1609 638 u
1621 622 1640 638 M
1651 632 1658 643 .
1679 610 1696 638 i.
1720 619 1746 638 n.
1773 619 1824 647 pro
1834 608 2029 638 Conventione
2041 608 2124 637 tacita
2137 628 2145 641 ,
2169 607 2195 636 St
2208 605 2308 644 absque
2319 606 2453 645 scriptura

1330 652 1402 681 facta
1416 673 1423 683 ,
1445 651 1473 678 in
1490 649 1557 677 Cod.
1577 647 1717 677 Theodos.
1740 648 1817 681 cuius
1838 656 1948 683 quoque
1965 646 1993 674 in
2016 645 2161 681 ,Iustiniani
2183 644 2251 674 Cod.
2277 646 2383 674 mentio
2393 645 2452 682 est,

1331 689 1349 718 l.
1369 700 1391 717 i.
1403 688 1432 718 C.
1446 688 1480 716 de
1494 687 1626 723 suffragiis
1639 709 1645 720 ,
1668 686 1753 722 Quod
1766 686 1782 713 si
1795 685 1854 722 quis
1865 684 1933 713 dum
1946 684 2002 712 solo
2018 683 2236 712 commonitorio
2249 682 2377 720 suffragio
2389 683 2454 712 niti.

1331 733 1375 756 tur
1385 749 1392 759 .
1416 727 1488 754 bona
1501 725 1610 753 duxerit
1620 723 1800 761 occupanda.
1824 732 1884 751 reus
1897 722 2059 750 temeritatis
2069 731 2101 751 ac
2113 720 2252 750 violentiae
2271 721 2434 750 retinebitur
2446 741 2457 757 ‚

1331 765 1403 794 acin
1414 765 1512 792 statum
1525 762 1667 799 pristinum
1684 761 1810 798 possessio
1830 760 1994 789 reducetur:
2019 769 2052 788 eo
2071 770 2086 788 a
2098 760 2234 797 petitione
2255 758 2383 792 excluso,
2405 759 2457 797 qui

1332 813 1390 831 non
1408 801 1545 830 dubitavit
1555 800 1684 828 invadere
1697 799 1773 836 quod
1787 804 1880 835 petere
1894 797 2042 827 debuisset.

1332 841 1421 875 Item,
1444 840 1582 876 Scriptum
1593 837 1705 873 aliquod
1719 859 1727 870 ‚
1749 847 1804 873 quo
1825 837 1885 872 quis
1904 836 1939 864 de
1962 835 2054 865 officio
2073 840 2211 864 monetur.
2251 834 2297 864 Sic
2315 833 2452 864 Ammian.

1350 878 1398 907 lib.
1414 883 1456 909 253.
1472 886 1532 912 cap.
1549 886 1571 904 i.
1593 875 1849 904 Commonitorium
1858 882 2000 912 repertum
2011 873 2065 908 est,
2087 882 2171 902 manu
2180 872 2313 910 scriptum
2321 872 2454 910 Hymetii.

1352 917 1399 945 ubi
1425 914 1574 944 Lindenbr.
1599 913 1630 942 V.

1296 954 1343 985 Co
1354 966 1373 983 M
1384 965 1404 982 Μ
1415 964 1431 982 o
1442 963 1460 981 N
1473 963 1486 981 s
1496 963 1508 981 r
1520 955 1535 980 Ᾰ
1545 961 1580 981 ci
1591 960 1625 985 o,
1647 951 1690 980 e‘ci
1700 973 1708 985 ‚
1730 951 1822 979 actum
1834 971 1842 985 ‚
1876 948 2094 985 [ἀναμιμνήσκω]
2121 948 2176 978 e're.
2207 948 2287 977 idem
2309 947 2385 985 quod
2406 947 2459 977 Ad-

1333 1001 1458 1022 monere.
1500 989 1557 1018 Cic.
1573 1000 1595 1025 ς.
1610 989 1683 1018 Fam.
1700 998 1723 1023 3.
1745 988 1814 1017 Utis
1826 997 1873 1016 vos
1886 987 1999 1017 doceret
2014 988 2039 1016 St
2060 986 2325 1015 commonefaceret.

1334 1028 1584 1095 Congmonefacere
1602 1026 1719 1062 alicujus
1740 1027 1789 1055 rei.
1811 1025 1918 1055 Gellius
1931 1048 1940 1060 ‚
1961 1026 2044 1055 Nunc
2059 1025 2187 1054 utilitatis
2203 1024 2322 1062 publicae
2333 1033 2461 1054 commo-

1353 1078 1388 1097 ne
1402 1074 1464 1096 aclt.

1336 1106 1470 1136 Amicitiae
1480 1104 1579 1133 veteris
1594 1103 1716 1138 aliquem
1725 1101 1976 1131 commonefacere.
2002 1100 2102 1130 Auc'tor
2112 1099 2147 1128 ad
2160 1099 2259 1129 Heren.
2271 1094 2319 1129 lib.
2332 1110 2358 1136 4.
2375 1108 2419 1136 3³.

1335 1143 1584 1173 Commonefacere
1601 1151 1658 1170 rem
1671 1141 1792 1175 aliquam
1804 1162 1811 1174 ,
1835 1149 1884 1177 pro
1907 1139 2143 1168 Commemorare.
2185 1137 2243 1167 Cic.
2257 1143 2283 1167 6.

1357 1179 1663 1216 Utomnesintelligere
1676 1178 1801 1216 possent,
1824 1186 1880 1206 non
1901 1176 2109 1211 laudationem,
2131 1175 2176 1204 sed
2194 1176 2287 1213 potius
2307 1175 2461 1206 irrisionem

1355 1219 1408 1248 esse
1420 1220 1515 1286 ill;·Bnii
1536 1227 1596 1254 quae
1607 1216 1863 1247 commonefaceret
1878 1215 1954 1244 istius
1963 1221 2075 1252 turpem
2094 1213 2338 1251 calamitosamque
2362 1213 2463 1243 Praetu-

1356 1268 1422 1286 ram.
1480 1267 1507 1285 ut
1519 1265 1581 1285 aeus.

1301 1295 1323 1326 C
1332 1306 1348 1324 o
1357 1307 1376 1324 Μ
1387 1307 1406 1324 Μ
1415 1306 1432 1324 o
1443 1305 1461 1324 N
1475 1305 1488 1323 r
1499 1298 1556 1323 rio
1568 1316 1575 1323 .
1597 1291 1863 1329 [ιἰναιμιμνιίωιομοκ]
1883 1290 1932 1320 eri.
1961 1295 2061 1320 neutro
2081 1288 2147 1328 pass.
2184 1289 2242 1319 Cic.
2255 1297 2282 1325 7.
2307 1288 2381 1319 Verr.
2394 1299 2424 1319 n
2433 1298 2458 1320 1.

1339 1335 1416 1370 Quin
1428 1333 1466 1362 tui
1480 1332 1588 1361 sceleris
1600 1333 1625 1361 δι
1637 1329 1809 1359 crudelitatis
1822 1339 1856 1358 ex
1869 1328 1915 1358 illa
1926 1329 2052 1357 oratione
2068 1328 2276 1357 commonefiat.

1302 1373 1324 1402 C
1333 1383 1349 1401 o
1362 1383 1381 1400 M
1392 1382 1412 1400 M
1424 1381 1440 1400 o
1450 1381 1468 1399 N
1479 1381 1490 1399 s
1500 1380 1518 1398 T
1527 1380 1542 1398 a
1553 1379 1569 1397 ο
1581 1391 1588 1403 ,
1611 1370 1624 1405 [
1636 1366 1766 1403 Samma]
1785 1371 1841 1397 are.
1864 1367 1941 1396 Idem
1957 1368 2034 1403 quod
2047 1364 2210 1396 Monstrare.
2233 1365 2298 1396 Ter.
2314 1365 2416 1396 Heaut.
2431 1374 2458 1402 ς.

1339 1421 1366 1445 4.
1382 1422 1407 1442 4.
1433 1409 1558 1438 Parentes
1570 1416 1648 1436 meos
1666 1412 1696 1435 ut
1705 1405 1903 1434 commonstres
1921 1405 2000 1434 mihi.

1340 1449 1442 1477 Aurum
1468 1445 1604 1475 defossum
1628 1444 1853 1473 commonstrare.
1895 1442 1951 1472 Cic.
1963 1452 1988 1472 2.
2004 1442 2040 1471 de
2056 1441 2135 1472 Orat.
2150 1444 2211 1471 162.
2244 1441 2274 1471 Si
2299 1450 2398 1472 aurum
2417 1441 2465 1472 cui

1359 1486 1433 1521 quod
1445 1485 1511 1513 ess'et
1521 1483 1699 1512 multifariam
1713 1481 1851 1511 defossum
1860 1503 1869 1517 ‚
1890 1480 2106 1510 commonstrare
2119 1479 2230 1509 vellem.

1340 1523 1426 1561 Leges
1438 1522 1532 1551 fatales
1543 1531 1575 1550 ac
1588 1520 1748 1550 necessarias
1765 1519 1988 1548 commonstrare.
2013 1517 2071 1548 Cic.
2087 1518 2123 1547 de
2132 1516 2255 1548 Univers.
2270 1525 2315 1554 37.

1343 1562 1421 1590 Viam
1435 1560 1661 1590 commonstrare.
1686 1558 1744 1586 Cic.
1758 1568 1780 1587 i.
1795 1558 1829 1586 de
1845 1557 1922 1586 Orat.
1934 1566 1998 1592 203.

1305 1599 1352 1630 Co
1362 1611 1380 1628 M
1393 1610 1412 1628 M
1423 1609 1438 1627 o
1448 1609 1462 1627 a
1473 1609 1490 1627 r)
1501 1608 1514 1626 a
1524 1608 1562 1641 o‘q
1585 1600 1640 1626 ere.
1665 1592 1789 1632 [hm]
1813 1595 1889 1624 {dem
1902 1595 1978 1632 quod
1991 1594 2131 1624 Mordere.
2152 1592 2221 1623 Plin.
2235 1593 2284 1622 lib.
2298 1601 2342 1628 24.
2354 1596 2468 1631 cap.11.⁴

1342 1638 1453 1667 Nomen
1464 1642 1592 1673 accepit,
1618 1635 1694 1671 quod
1715 1644 1730 1663 a
1750 1643 1819 1663 cane
1842 1633 2014 1662 commorsos
2036 1632 2142 1662 rabiem
2156 1631 2256 1661 sentire
2276 1640 2336 1660 non
2349 1632 2462 1670 patitur.

1342 1676 1405 1705 Sen.
1419 1675 1454 1704 de
1471 1675 1521 1703 Vit.
1537 1674 1609 1703 beat.
1622 1683 1681 1710 cap.
1694 1681 1737 1701 21.
1761 1671 1837 1700 ldem
1849 1671 1980 1700 Controvv
1992 1681 2038 1706 29.

1307 1713 1329 1744 C
1340 1724 1356 1743 ο
1368 1725 1386 1742 M
1398 1725 1417 1742 M
1429 1723 1445 1742 o
1455 1723 1468 1741 a
1479 1723 1487 1741 ι
1498 1723 1515 1741 o
1525 1722 1541 1740 R
1553 1734 1561 1747 ‚
1582 1713 1636 1740 eris
1647 1732 1655 1746 ‚
1677 1716 1805 1739 mortuus
1826 1709 1884 1738 sum
1896 1731 1904 1743 ,
1928 1708 2153 1745 [mmmm]
2172 1708 2254 1737 mori.
2274 1706 2364 1736 Simul
2386 1707 2467 1739 mori.

1344 1752 1413 1781 Plin.
1430 1750 1478 1779 lib.
1490 1760 1534 1786 27.
1554 1759 1613 1787 cap.
1627 1757 1651 1777 2.
1674 1748 1836 1784 Mirumque
1849 1769 1857 1782 ,
1879 1747 2000 1776 exitialia
2013 1756 2062 1784 per
2072 1746 2098 1774 se
2107 1746 2192 1775 ambo
2203 1755 2289 1781 quum
2299 1745 2401 1774 fuerint
2409 1746 2468 1776 duo

1344 1799 1451 1819 venena
1464 1811 1471 1824 ‚
1494 1789 1521 1817 in
1531 1788 1648 1816 homine
1660 1787 1900 1820 commoriuntur,
1920 1792 1952 1814 ut
1963 1785 2049 1814 homo
2059 1783 2180 1822 supersit.
2204 1783 2268 1822 Ulpv
2289 1782 2346 1812 inl.
2370 1784 2469 1819 Quum

1345 1828 1492 1871 hi‘cllatus.
1515 1827 1537 1864 §.
1557 1826 1585 1854 Si
1598 1826 1688 1854 ambo.
1714 1824 1745 1853 D.
1757 1824 1793 1852 de
1805 1823 1906 1852 Donat.
1919 1824 1990 1852 inter
2009 1823 2098 1851 virum
2114 1824 2138 1851 δι
2155 1831 2289 1856 uxorem,
2311 1821 2470 1851 Re<ft1tiime

1348 1865 1482 1909 (inquit)
1509 1865 1617 1892 dicetur
1628 1861 1754 1899 utrasque
1772 1861 1938 1890 donationes
1952 1861 2043 1890 valere
2054 1883 2062 1896 ,
2083 1860 2101 1888 si
2114 1860 2184 1889 forte
2206 1860 2328 1889 invicem
2342 1861 2472 1889 donario-

1345 1904 1429 1932 nibus
1445 1903 1524 1931 fastis
1535 1901 1613 1930 simul
1636 1900 1818 1930 decesserint:
1841 1899 1905 1936 quia
1922 1905 2020 1929 neuter
2035 1898 2115 1928 alteri
2132 1897 2331 1936 supervixerit,
2351 1897 2418 1927 licet
2434 1898 2471 1928 dc

1349 1940 1601 1970 commorientibus
1611 1940 1698 1967 oratio
1709 1948 1764 1967 non
1777 1937 1896 1966 senserit.

1310 1979 1333 2009 C
1343 1990 1359 2008 o
1370 1990 1390 2008 M
1401 1990 1420 2007 M
1430 1989 1447 2007 o
1455 1988 1470 2007 R
1485 1988 1518 2007 ις.
1527 1987 1546 2006 N
1558 1987 1569 2007 s
1580 1999 1588 2011 ‚
1610 1977 1691 2006 entis.
1712 1976 1811 2006 Partic.
1848 1974 1919 2005 Plin.
1933 1984 1978 2005 ιο.
2000 1974 2036 2004 de
2053 1973 2190 2011 gallorum
2199 1983 2294 2012 pugna
2304 1995 2313 2009 ‚
2334 1972 2395 2003 Nec
2405 1972 2477 2003 finit

1348 2017 1418 2053 saepc
1429 2015 1686 2046 commorientibus.

1348 2055 1569 2085 Commorientes
1580 2075 1588 2088 ‚
1611 2052 1687 2090 apud
1701 2051 1846 2089 AEgyptios
1858 2050 1991 2080 Amicitiae
2011 2059 2097 2087 genus
2112 2051 2137 2083 ὅ(
2152 2050 2309 2079 sodalitium
2322 2055 2396 2084 erat,
2418 2058 2475 2086 qua

1367 2092 1444 2122 nulla
1455 2092 1571 2121 sanctior
1583 2091 1687 2120 firmior
1709 2099 1743 2119 ue
1756 2098 1878 2126 unquam
1889 2088 1958 2117 fuit:
1981 2098 2035 2124 quo
2047 2098 2148 2125 genere
2162 2088 2341 2118 M.Antonius
2352 2089 2376 2117 ἅ
2389 2086 2472 2117 Cleo-

1392 2139 1457 2165 atra‚
1469 2130 1512 2160 cui
1524 2129 1585 2167 plus
1598 2129 1683 2157 nimio
1706 2127 1842 2169 eaddixit
1855 2148 1863 2162 ‚
1885 2133 1983 2155 mutuo
1997 2126 2119 2155 devincti
2134 2126 2219 2155 fuere.
2234 2126 2285 2154 hac
2306 2125 2368 2162 lege
2385 2134 2472 2162 copu-

1381 2170 1416 2198 ati
1431 2191 1439 2203 ,
1460 2176 1490 2197 ut
1503 2168 1518 2196 si
1530 2167 1612 2196 fatale
1624 2166 1766 2204 quippiam
1779 2187 1786 2199 ,
1807 2171 1853 2193 aut
1867 2164 1921 2193 diri
1937 2163 2012 2193 casus
2028 2163 2106 2193 alteri
2127 2163 2300 2201 contigisset.
2322 2164 2391 2192 alter
2411 2169 2470 2191 tari-

1369 2216 1453 2243 quam
1466 2216 1556 2243 poenae
1566 2205 1655 2233 socius
1668 2226 1675 2239 ‚
1698 2203 1820 2233 eundem
1832 2203 1950 2231 fortiinae
1961 2203 2069 2231 exitum
2083 2201 2149 2230 esset
2164 2202 2268 2230 laturus
2280 2223 2287 2233 .
2309 2200 2434 2238 sociique
2446 2202 2472 2230 ἀ

1370 2245 1489 2273 comites
1499 2243 1585 2272 essent
1594 2243 1767 2271 fortunarum
1777 2242 1803 2271 ἃ.
1813 2240 2012 2270 calamitatum.
2020 2240 2151 2269 Alexand.
2160 2239 2267 2270 Genial.
2276 2239 2324 2268 lib.
2334 2241 2471 2274 1.cap.26.

1351 2281 1583 2314 Commorientes,
1597 2279 1846 2316 [avuammn'mvm]
1859 2278 1970 2307 Nomen
1983 2277 2082 2307 fabulae
2093 2278 2189 2308 Plauti.
2201 2277 2267 2307 Ter.
2277 2277 2349 2315 prol.
2361 2276 2470 2314 Ades-1.

1443 2317 1736 2357 Synapothnescontes
1747 2316 1850 2354 Diphili
1863 2316 2003 2345 comoedia
2017 2316 2055 2344 est
2064 2337 2074 2350 ‚

1444 2358 1510 2387 Eam
1521 2356 1744 2386 Commorientes
1760 2355 1869 2384 Plautus
1878 2355 1945 2383 fecit
1958 2353 2089 2383 fabulam.

1313 2394 1337 2425 C
1346 2405 1392 2424 OM
1404 2406 1424 2424 M
1433 2405 1450 2424 o
1460 2406 1476 2424 R
1487 2405 1506 2423 *r
1517 2405 1534 2423 υ
1546 2405 1564 2423 u
1574 2404 1585 2423 s
1597 2416 1604 2428 ,
1628 2394 1723 2422 Partic.
1744 2392 1859 2422 Tertuli
1875 2393 1909 2421 de
1921 2391 2014 2421 Resur.
2026 2392 2107 2420 Cam.
2120 2399 2165 2427 47.

1315 2434 1363 2463 Co
1374 2444 1393 2462 M
1403 2445 1423 2462 M
1435 2436 1504 2462 ouo
1517 2455 1524 2467 ,
1545 2435 1600 2461 are.
1622 2431 1752 2460 Tardare.
1776 2431 1842 2460 Plin.
1858 2429 1906 2459 lib.
1922 2440 1963 2463 19·
1978 2439 2036 2467 cap.
2052 2433 2077 2458 6.
2091 2429 2127 2458 ad
2137 2429 2233 2463 finem,
2254 2428 2476 2466 Statimquequae

1354 2472 1521 2514 devoravere
1533 2480 1605 2502 aves.
1628 2470 1768 2506 stupentes
1781 2478 1863 2497 manu
1879 2468 2043 2504 capiuntur:
2066 2468 2091 2496 ἃ
2104 2468 2121 2496 si
2132 2466 2245 2505 paulum
2256 2476 2476 2502 commotavere‚

1353 2508 1468 2547 sopitae3
1491 2508 1535 2537 sed
1547 2509 1619 2536 varia
1629 2508 1665 2536 est
1681 2506 1792 2540 huiusce
1813 2507 1866 2535 loci
1885 2505 1977 2535 lectio.
2021 2505 2098 2534 MSS.
2121 2504 2257 2534 exhibent
2277 2504 2474 2535 Commovere.

1353 2546 1514 2576 Harduinus
1528 2547 1619 2574 statuit
1632 2545 1785 2582 legendum
1801 2544 1855 2574 effe
1866 2566 1873 2578 ⁷
1896 2543 2120 2573 Commorentur.

1315 2583 1337 2614 C
1346 2594 1362 2613 o
1372 2596 1391 2613 M
1404 2596 1422 2613 M
1433 2588 1454 2628 ὀ.
1463 2595 1476 2611 a
1488 2594 1504 2612 o
1515 2594 1529 2612 a
1538 2605 1546 2617 ‚
1568 2581 1716 2628 [zia-affl*
1728 2604 1735 2614 .
1755 2578 1917 2618 ιναῶἶφτςίζω
1929 2603 1937 2616 ‚
1958 2582 2087 2617 χρηίζω]
2108 2581 2157 2611 ari.
2180 2579 2269 2610 Simul
2288 2581 2387 2609 morari
2399 2602 2408 2615 ,
2427 2579 2474 2610 vel

1352 2622 1454 2666 Morari
1467 2621 1562 2650 solum.
1606 2623 1662 2650 Cic.
1675 2621 1710 2649 de
1721 2620 1821 2649 Senect
1843 2625 1886 2653 8⁴-
1911 2619 1945 2649 Et
1957 2628 1991 2648 ex
2001 2618 2053 2647 hac
2061 2620 2116 2648 vita
2126 2620 2163 2648 ita
2173 2618 2287 2647 discedo
2298 2626 2430 2654 tanquam
2441 2626 2478 2647 ex

1352 2660 1491 2698 hospitio,
1514 2669 1571 2687 non
1582 2665 1714 2694 tanquam
1735 2668 1749 2687 e
1764 2659 1868 2687 domo:
1891 2658 2085 2687 commorandi
2095 2657 2170 2687 enim
2182 2664 2279 2685 natura
2295 2655 2477 2686 diversorium

1353 2698 1434 2728 nobis
1449 2720 1455 2731 .
1478 2707 1534 2726 non
1547 2697 1692 2725 habitandi
1704 2696 1792 2725 dedit.

1351 2736 1474 2766 Tardare
1486 2738 1511 2765 Sc
1525 2735 1699 2763 commorari.
1739 2734 1796 2763 Cic.
1817 2733 1852 2762 ad
1871 2732 1945 2761 Brut.
1961 2737 2003 2766 18.
2036 2732 2068 2761 At
2085 2730 2132 2760 illa
2155 2731 2269 2766 retulit,
2298 2730 2474 2769 quaefivitque

1372 2774 1504 2811 quidnam
1528 2772 1596 2801 milii
1608 2774 1747 2801 videretur
1758 2794 1765 2805 ‚
1787 2770 2015 2800 arcesseremusne
2029 2775 2058 2798 te
2069 2791 2077 2803 ,
2098 2776 2180 2806 atque
2199 2770 2228 2798 id
2245 2769 2296 2799 tibi
2312 2768 2473 2799 conducere

1373 2819 1533 2849 putaremus
1547 2832 1555 2844 ,
1577 2820 1610 2838 an
1620 2810 1727 2838 tardare
1740 2811 1764 2839 Sc
1775 2809 1942 2839 commorari
1956 2814 1983 2837 te
1995 2807 2095 2837 melius
2113 2807 2188 2836 esset.

1353 2849 1527 2891 commorari
1539 2848 1676 2885 paulisper
1687 2848 1762 2876 dum.
1806 2847 1863 2876 Cic.
1875 2856 1924 2884 pro
1938 2845 2039 2876 Milon.
2054 2851 2099 2880 28.
2122 2843 2270 2883 Paulisper,
2292 2843 2361 2874 dum
2370 2843 2398 2874 se
2408 2852 2480 2874 uxot
2494 2874 2498 2878 ,

1375 2888 1487 2922 (utht)
1510 2894 1669 2923 comparat,
1691 2891 1880 2914 commoratus
1891 2884 1938 2913 est.
2476 2880 2477 2883 ’

1356 2925 1529 2954 Commorari
1541 2924 1574 2952 ad
1585 2923 1705 2960 aliquem
1721 2923 1825 2952 locum.
1849 2922 1899 2951 Cic
1922 2931 1946 2956 7.
1960 2920 2035 2950 Verr.

1355 2963 1528 2992 commorari
1546 2962 1619 2998 apud
1630 2961 1758 2998 aliquem.
1788 2961 1847 2991 Cic.
1858 2970 1909 2997 pro
1922 2959 1993 2996 Lege
2008 2956 2105 2988 Manil.
2121 2966 2163 2992 η.

1354 3001 1415 3031 Nos
1430 3000 1503 3037 apud
1517 3000 1638 3036 Alyziam
1651 3021 1658 3033 ‚
1680 3008 1714 3028 ex
1727 3008 1782 3036 quo
1791 2998 1856 3028 loco
1867 2998 1916 3027 tibi
1928 2997 2031 3026 litteras
2040 3001 2104 3026 ante
2115 2995 2281 3026 dederamus
2290 3015 2299 3031 ‚
2321 3002 2477 3025 commora-

1375 3040 1395 3067 ti
1408 3038 1507 3066 sumus.
1532 3039 1589 3066 Cic.
1607 3041 1646 3066 16.
1662 3037 1735 3066 Fam.
1750 3047 1773 3071 ς.

1354 3076 1466 3105 Circum
1481 3075 1600 3111 aliquem
1611 3075 1704 3103 locum
1720 3073 1896 3103 commorari.
1919 3072 1976 3102 Cic.
1988 3077 2014 3106 8.
2029 3071 2081 3101 Att.
2095 3080 2137 3106 ¹9-

1355 3114 1507 3143 Consistere
1520 3116 1545 3156 ὃς
1556 3113 1730 3142 commorari.
1769 3113 1825 3140 Cic.
1842 3121 1892 3147 pro
1904 3110 1982 3139 Rosc.
1998 3109 2077 3138 Com.
2090 3115 2134 3143 48.
2158 3106 2218 3145 Ipsa
2228 3106 2299 3136 mihi
2309 3106 2410 3136 veritas
2424 3114 2481 3136 ma-

1377 3161 1444 3180 num
1459 3152 1571 3185 injecit,
1594 3152 1618 3180 δι
1631 3149 1768 3187 paulisper
1777 3149 1919 3178 consistere
1930 3149 1956 3177 ἃ
1966 3147 2130 3178 commorari
2147 3146 2231 3181 cogit.

1356 3189 1528 3219 Comniorari
1538 3188 1627 3217 verbis
1638 3188 1762 3225 pluribus
1773 3188 1801 3216 in
1812 3197 1841 3215 re
1851 3185 1949 3223 aliqua.
1990 3185 2047 3214 Cic.
2062 3194 2112 3221 pro
2128 3183 2238 3212 Cluent.
2251 3190 2294 3217 Π.
2320 3181 2416 3218 Quum
2425 3189 2476 3218 ego

1374 3227 1500 3264 pluribus
1515 3227 1603 3254 verbis
1615 3227 1641 3254 in
1655 3235 1689 3254 eo
1700 3233 1887 3254 commoratus
1898 3223 1981 3253 essem
1994 3245 2000 3254 .
2024 3221 2197 3252 Scamandro
2217 3219 2301 3249 factas
2312 3220 2427 3255 injurias
2443 3216 2482 3248 es-

1374 3265 1402 3294 se
1416 3275 1463 3308 per
1480 3265 1643 3299 Diogenem.
1675 3264 1693 3292 i.
1703 3273 1727 3293 e.
1750 3263 1847 3299 Quum
1857 3262 1961 3291 diutius
1970 3261 2005 3290 de
2014 3259 2066 3290 hac
2083 3269 2111 3289 re
2129 3258 2296 3296 disputarem
2308 3279 2317 3292 ,
2338 3258 2364 3287 δι
2386 3255 2482 3286 multis

1379 3303 1470 3331 verbis
1481 3303 1691 3330 contenderem.

1355 3340 1388 3370 In
1398 3340 1479 3369 armis
1491 3339 1617 3368 civilibus
1626 3338 1800 3368 commorari.
1844 3336 1900 3366 Cic.
1911 3339 1937 3365 6.
1954 3335 2027 3365 Fam.
2044 3344 2087 3363 10.
2110 3333 2183 3363 Nam
2197 3333 2221 3362 ἂ
2232 3330 2379 3361 consilium
2391 3336 2481 3366 tuum,

1375 3377 1508 3444 vel-cfas'us
1518 3378 1610 3414 potius
1621 3377 1649 3405 in
1661 3376 1741 3406 armis
1750 3374 1880 3405 civilibus
1892 3372 2084 3403 commorandi
2093 3393 2101 3407 ,
2122 3369 2230 3408 semper
2239 3369 2308 3399 mihi
2317 3378 2420 3406 magno
2433 3369 2482 3398 do-

1390 3426 1429 3443 orl
1456 3423 1503 3444 uls..

1357 3453 1528 3481 Commornri
1538 3474 1546 3487 ,
1568 3452 1711 3483 habitare.
1732 3452 1757 3480 Sc
1771 3450 1874 3479 hmrere
1886 3449 1913 3478 in
1924 3458 1952 3477 re
1962 3447 2063 3484 aliqua.
2087 3446 2146 3475 Cic.
2158 3455 2183 3475 2.
2198 3444 2234 3473 de
2246 3443 2321 3473 Orat.
2334 3452 2397 3476 20²-

1356 3490 1465 3520 Hierere
1477 3490 1676 3519 &commorari
1689 3489 1717 3518 in
1726 3489 1824 3517 eadem
1847 3486 1990 3516 sententia.
2034 3485 2091 3513 Cic.
2111 3485 2139 3512 in
2159 3483 2236 3512 Orat.
2253 3491 2303 3516 137
2335 3479 2373 3510 Ut
2391 3479 2478 3510 verset

1376 3528 1446 3565 sirpe
1456 3528 1551 3570 multis
1562 3528 1652 3556 modis
1664 3526 1782 3556 eandem
1792 3528 1817 3555 S<
1829 3534 1913 3554 unam
1923 3533 1981 3553 rem
1991 3545 1998 3558 ‚
2019 3523 2045 3552 δι
2057 3522 2158 3551 haereat
2175 3521 2204 3549 in
2215 3519 2314 3549 eadem
2326 3527 2482 3548 commore-

1384 3573 1482 3602 turque
1493 3567 1634 3594 sententia.

1359 3604 1391 3633 ln
1403 3606 1458 3632 vita
1468 3603 1564 3632 misera
1573 3601 1747 3631 commorari.
1772 3600 1830 3629 Cic.
1843 3608 1864 3628 i.
1882 3599 1919 3636 Q.
1930 3599 1992 3627 frat.
2008 3605 2032 3632 3.

1360 3642 1531 3670 Conimorari
1543 3640 1681 3677 aliquem,
1704 3638 1833 3667 Detinere
1845 3639 1871 3667 ἃ
1884 3638 1912 3666 in
1927 3645 2004 3665 mora
2020 3641 2122 3664 tenere.
2146 3631 2234 3662 Plaut.
2255 3630 2350 3661 Pseud.
2360 3641 2387 3667 4.
2401 3638 2426 3668 7.
2437 3638 2481 3668 3¹·

1383 3680 1429 3707 Mc
1443 3688 1516 3707 nunc
1525 3687 1683 3707 commoror
1695 3699 1702 3710 ‚
1727 3678 1776 3705 &c

1324 3718 1348 3748 C
1359 3727 1375 3745 o
1387 3728 1404 3744 Μ
1416 3727 1435 3744 Μ
1444 3726 1485 3744 oa
1496 3726 1512 3743 A
1522 3725 1542 3743 τ
1553 3727 1561 3744 ι
1573 3726 1599 3747 o.
1615 3717 1685 3744 onis.
1706 3714 1724 3743 f.
1748 3706 1907 3749 [ἐλῙφτξιέἧ]
1928 3710 2091 3748 Opponitur
2102 3707 2260 3738 Diversorio
2272 3717 2287 3736 a
2298 3706 2357 3736 Cic.
2368 3710 2394 3735 6.
2405 3705 2483 3739 Fam..

1366 3763 1407 3788 ιι),
1438 3756 1504 3781 Nam
1515 3756 1538 3782 δι
1548 3753 1612 3781 villa
1624 3755 1649 3782 ἃ
1659 3752 1805 3781 amoenitas
1819 3750 1881 3783 illa,
1902 3747 2131 3777 commorationis
2144 3746 2199 3780 est,
2220 3755 2277 3774 non
2296 3743 2448 3774 diversorii.

1362 3791 1472 3821 Urbana
1482 3792 1673 3820 commoratio.
1699 3790 1756 3817 Cic.
1773 3799 1798 3822 9.
1812 3787 1885 3816 Fam.
1904 3797 1945 3820 ις,

1364 3830 1564 3860 CommoratiO.
1582 3829 1668 3861 Mora.
1683 3827 1803 3855 tarditas.
1833 3826 1891 3853 Cic.
1907 3834 1929 3858 ³-
1942 3824 1973 3858 Q
1988 3823 2049 3852 frat.
2064 3832 2085 3850 i.
2104 3820 2189 3857 Quod
2199 3819 2303 3849 multos
2319 3819 2378 3848 dies
2388 3817 2486 3856 episto-

1385 3867 1437 3894 lam
1452 3868 1478 3894 in
1490 3867 1617 3894 manibus
1626 3865 1721 3898 habui.
1732 3870 1845 3900 propter
1853 3861 2103 3900 commorationem
2112 3858 2329 3893 tabellariorum,
2341 3857 2418 3892 ideo,
2430 3857 2482 3885 &c-

1364 3903 1557 3935 commoratio
1569 3913 1624 3933 una
1635 3904 1709 3932 inre.
1733 3902 1792 3931 Cic.
1808 3911 1832 3938 3.
1843 3899 1880 3929 dc
1891 3899 1967 3929 Orat.
1979 3908 2044 3929 200.
2403 3930 2427 3961 c

2427 3937 2485 3960 om-

2308 1138 2458 1173 Verr.144.
2507 1138 2512 1142 “
2531 1127 2534 1137 “
2556 1130 2559 1143 ²
