2604 4222
144 139 213 182 554
597 119 897 160 cori

186 214 334 244 Cohaererit
343 211 497 242 diiftainter
508 208 544 238 se.
584 206 641 236 Cic.
658 215 681 240 ς.
694 205 729 234 de
737 202 883 242 Finib.793
903 197 970 227 Non
986 204 1077 233 quaero
1088 204 1144 231 Jam
1157 215 1165 230 s
1189 202 1299 227 verum..

205 262 241 281 ne
252 252 283 280 sit
291 251 360 280 illud
375 261 380 279 ι
404 250 467 278 dico
479 268 487 281 ,
508 256 539 275 ea
553 254 612 281 quae
623 244 715 277 dicat,
737 239 864 278 praeclare
875 243 947 265 inter
957 235 983 263 se
997 235 1143 263 cohaerere.
1174 270 1179 275 ι
1195 270 1200 275 .
1234 266 1239 274 .

185 290 251 321 Non
262 288 487 318 cohaeretsermo.
527 283 584 312 Cic.
599 291 649 318 pro
659 279 759 309 Caecin.
772 287 815 311 52.
845 276 940 304 Sermo
961 271 1054 314 hercle
1075 268 1256 305 &ifiimiliaris
1271 269 1299 298 &

205 328 383 364 quotidianus
397 333 454 354 non
466 319 615 350 cohaerebit
624 340 633 350 ,
652 317 669 345 si
682 315 764 346 verba
774 316 844 343 inter
855 320 906 340 nos
917 310 1127 347 aucupabimur.

189 364 331 403 Aptissime
343 363 482 392 cohaerent
491 359 562 387 inter
573 356 608 385 se.
629 355 688 384 Cic.
698 355 726 382 in
741 352 892 394 Orat-‚149-

188 402 317 432 Praeclare
331 402 402 429 inter
413 399 439 427 se
450 397 594 426 cohaerere.
617 393 674 421 Cic.
690 401 713 425 ς.
727 390 762 418 de
771 387 859 418 Finib.
870 395 915 422 79.
952 384 985 413 V.
1006 382 1090 421 paulo
1100 381 1188 420 supra.

190 440 331 477 Tempore
339 438 475 467 cohaerere
486 435 557 462 inter
568 431 594 459 se
608 439 649 458 res
663 429 801 468 dicuntur.
818 425 901 467 Cart.
917 432 980 466 51¹:
992 431 1018 450 2.
1039 459 1044 464 ι
1065 458 1071 464 .
1115 457 1121 463 .
1260 455 1266 462 ¹

191 477 336 507 Cohaerere
357 476 501 506 dicuntur,
523 469 581 505 Qui
596 467 659 496 sunt
682 464 825 500 conjuncti
844 465 871 492 δι
892 458 1047 490 amicissimi
1065 465 1196 487 invicem.
1227 454 1298 486 Plin.

156 553 178 584 C
188 513 389 583 oliibnisrsg‘sl,
403 520 486 576 {ntis
507 543 603 572 Partic.
645 539 702 569 Cic.
714 549 740 568 2.
757 539 796 572 de,
806 537 884 566 Orat.
899 545 962 572 325.
983 533 1133 578 Cohaerens
1143 540 1208 561 cum
1223 540 1303 559 omni

192 598 307 627 corpore
316 581 531 616 membrumesse
540 581 672 609 videatur.
713 577 772 621 Cic.
788 585 811 612 3.
822 574 880 604 Off.
897 583 941 603 ιι.
977 573 1033 609 Qu
1046 580 1168 610 primum
1186 569 1245 598 haec
1258 578 1304 597 na-

193 635 251 656 tura
263 623 427 655 cohaerentia
438 643 446 655 ,
468 620 603 656 opinione
614 614 802 658 distraxissent.

191 666 259 701 Juga
272 662 411 692 montium
426 658 499 688 velut
511 656 578 685 serie
594 655 769 695 cohaerentia.
792 650 868 680 curt.
885 658 912 686 7.
928 658 953 685 3.
966 657 1012 677 21.

191 702 325 732 Nationes
349 695 517 727 commercio
536 694 635 731 linguae
644 714 653 727 ,
674 690 799 720 moribus
820 688 994 718 cohaerentes
1005 707 1013 721 ,

210 739 283 768 Curt.
296 742 321 765 6.
335 745 359 771 3.
377 741 402 766 8.
563 768 569 774 ⁶
777 766 782 771 Π
871 764 875 769 ¹
1006 760 1012 766 ·

189 777 293 806 Natura
302 774 443 802 cohaerens
458 772 483 800 ἃ
494 773 656 799 continuata
667 776 731 795 curn
744 765 797 794 suis
806 762 940 802 partibus.
980 760 1040 791 Cic.
1054 769 1077 790 ι.
1092 759 1176 789 Acad.
1187 764 1234 792 28.

191 814 318 850 Compar.
339 810 409 839 Gell.
426 819 449 838 ι.
464 813 505 841 ι8.
528 807 624 844 Aptius
640 806 666 834 &
677 803 860 833 cohaerentius
871 807 977 838 putare.
1158 834 1163 839 ι
1232 833 1237 838 ι

153 853 175 883 C
185 862 201 880 o
211 861 229 879 Η
239 861 262 878 ιιι
272 860 287 878 s
297 858 330 878 ris
341 858 357 877 c
366 858 393 882 o,
414 844 576 882 [συνέχομαι]
597 845 653 872 ere.
675 842 732 870 Cic.
750 852 773 870 i.
784 841 819 870 de
832 839 896 869 Nat.
908 838 1042 880 Deor.54.
1064 833 1145 870 Quae,
1156 833 1303 877 interjec‘to

188 888 283 922 inani,
305 885 492 915 cohaerescunt
501 890 595 911 tamen
606 882 678 909 inter
691 879 718 909 se
729 901 737 915 ,
757 881 810 909 ἃς.
850 877 891 906 De
901 882 1009 905 atomis.
1047 872 1081 902 Et
1095 882 1118 901 i.
1134 872 1169 901 de
1181 871 1242 901 Fin.
1259 879 1301 906 17.

191 928 302 956 Aromos
314 926 350 952 ita
358 923 437 957 ferri,
459 926 489 950 ut
504 917 731 949 concursionibus
745 917 817 946 inter
827 915 854 944 se
867 912 1062 944 cohaerescant.

148 965 171 995 C
183 974 199 993 o
210 973 228 991 Η
238 974 259 991 ir.
270 972 285 990 ιι
295 971 308 990 ii
318 971 337 990 N
348 971 366 989 τ
377 972 383 987 ι
396 970 415 988 Λ
427 981 434 992 ,
456 968 487 987 ae.
509 958 527 987 f.
550 955 687 993 [maci]
717 955 776 984 Cic.
789 965 815 984 2.
836 953 871 981 de
888 952 952 981 Nat.
967 950 1050 979 Deor.
1066 958 1126 983 155.
1157 945 1219 990 Jarn
1239 954 1304 974 vero

187 1001 318 1031 circuitus
337 997 407 1027 Solis
421 998 446 1026 ἃ
469 995 568 1030 Luriae,
589 993 817 1031 reliquorumque
835 991 972 1023 siderum,
993 991 1252 1029 quanquamletiam
1266 983 1302 1011 ad

186 1038 285 1068 mundi
296 1035 492 1066 cohaerentiam
504 1033 666 1071 pertinent,
686 1038 781 1060 tamen
800 1031 827 1060 ἃ
845 1025 1036 1065 spectaculum
1053 1022 1214 1053 hominibus
1234 1030 1303 1059 prae-

183 1077 263 1106 bent.
971 1100 977 1107 ·

184 1114 284 1144 Mortis
294 1109 462 1142 cohaerentia
473 1110 497 1139 ἃ
509 1107 580 1138 vitae.
601 1106 672 1137 Gell.
684 1106 732 1135 lib.
743 1108 768 1135 6.
776 1112 837 1142 cap.
853 1111 894 1139 13.
917 1099 950 1131 Et
959 1100 1008 1131 lib.
1023 1110 1065 1135 ις.
1077 1108 1138 1137 cap.
1152 1107 1178 1133 3.

181 1151 339 1189 'Regionum
361 1148 537 1178 cohaerentia.
574 1144 700 1176 macrob.
717 1154 741 1179 ς.
762 1143 871 1173 Saturn.
885 1150 946 1178 cap.
958 1149 1001 1175 ις.
1031 1137 1117 1168 Paulo
1140 1136 1202 1174 post
1221 1139 1302 1165 vocat

200 1189 418 1218 Continentiam.
970 1214 975 1220 ·

182 1227 264 1256 Vocis
275 1223 442 1256 cohaerentia
452 1244 461 1258 ,
482 1220 631 1259 Copulatio
641 1242 649 1256 ,
672 1217 852 1256 Compositio.
875 1214 946 1246 Gell.
959 1213 1007 1243 lib.
1020 1223 1062 1257 ις.
1073 1222 1134 1256 cap.
1150 1220 1173 1248 3.

145 1265 167 1295 C
176 1275 193 1294 o
202 1275 219 1294 Η
231 1275 255 1293 AE
264 1275 280 1293 R
290 1272 383 1292 ENTE
392 1272 409 1291 R
421 1284 429 1297 ‚
450 1261 517 1290 Adv.
540 1258 637 1289 Florus
652 1257 699 1287 lib.
712 1267 737 1286 2.
750 1266 810 1292 cap.
829 1264 872 1291 17.
886 1264 910 1297 ς.
924 1291 929 1296 .
941 1252 980 1295 Iri.
992 1250 1126 1295 Hispania
1146 1259 1235 1286 prope
1248 1248 1299 1278 du-

183 1309 280 1332 centos
290 1309 437 1339 perannos
451 1298 614 1327 dimicatum
627 1296 680 1330 est,
701 1304 717 1324 a
738 1293 835 1335 primis
854 1289 1035 1328 Seipionibus
1055 1298 1084 1317 in
1103 1287 1234 1316 Caesarem
1249 1290 1300 1315 Au-

180 1341 288 1378 gustum
303 1360 311 1373 .,
332 1348 389 1367 non
402 1336 535 1366 continue
545 1344 597 1363 nec
610 1333 798 1366 cohaerenter,
819 1331 864 1358 led
880 1334 962 1366 prout
979 1324 1065 1356 causae
1084 1324 1273 1368 laceffierarit..

143 1378 165 1409 C
174 1389 190 1408 o
201 1387 221 1407 Η
232 1389 255 1407 AE
265 1387 277 1407 s
285 1387 304 1406 υ
313 1386 341 1412 s,
362 1385 377 1405 a
385 1397 393 1410 ‚
415 1384 469 1404 um.
491 1374 568 1403 idem
580 1381 613 1401 ac
621 1371 777 1400 Cohaerens.
818 1366 889 1397 Gell.
905 1376 916 1396 1
924 1376 948 1402 5.
963 1368 1004 1394 16.
1026 1364 1058 1394 In
1068 1370 1195 1393 naturam
1204 1363 1298 1398 redut,

179 1417 269 1453 stridis
277 1415 370 1444 denuo
383 1435 390 1448 ,
413 1414 438 1442 δι
449 1410 563 1441 cohaesa.
775 1445 782 1450 ἱ
981 1440 987 1447 ·
1034 1441 1040 1446 .
1257 1437 1263 1444 ·

143 1454 166 1484 C
175 1458 192 1483 ὁ
200 1464 221 1482 Η
230 1464 253 1482 AE
263 1463 278 1482 R
288 1463 302 1481 E
311 1462 323 1481 s
331 1474 339 1487 ,
361 1451 430 1480 edis.
452 1446 704 1485 [wyxangovdpc&]
726 1444 783 1481 Qui
791 1443 869 1472 simul
881 1442 967 1471 haeres
980 1440 1119 1470 institutus
1137 1438 1184 1467 est.
1224 1436 1295 1482 ΡΙιιιΖ

177 1491 260 1529 Epist.
277 1494 338 1519 116.
359 1488 482 1518 Libertos
492 1487 567 1522 ejus,
588 1484 756 1520 eosdemque
775 1480 935 1512 cohaeredes
944 1479 1008 1509 suos
1022 1475 1107 1513 falso,
1126 1484 1158 1506 ut
1168 1474 1295 1507 veneficii

175 1538 238 1559 reos
248 1527 385 1557 detulerat
400 1526 434 1555 ad
447 1524 613 1561 principem.

177 1566 276 1597 Multis
286 1565 416 1595 cohaeres.
437 1563 507 1592 Hor.
520 1570 545 1590 2.
561 1561 647 1590 Serm.
663 1569 686 1594 ς.
701 1567 744 1594 ς4.

175 1604 273 1634 Senior
283 1602 469 1632 cohaeredum.
491 1599 557 1629 Hor.
570 1608 596 1627 2.
611 1598 698 1627 Serm.
714 1605 739 1631 ς.
753 1603 814 1632 107.
1237 1627 1242 1632 .

175 1642 304 1672 Coliaeres
313 1641 396 1670 etiam
407 1639 508 1668 dicitur
520 1634 801 1666 Fideicommiffarius
812 1654 821 1669 ,
841 1637 873 1663 ut
882 1636 960 1670 patet
973 1639 1009 1661 ex
1021 1628 1041 1661 l.
1054 1632 1098 1667 36.
1112 1629 1133 1667 §.
1147 1626 1220 1658 final.
1233 1636 1294 1663 Jun-

193 1681 237 1709 cta
253 1680 305 1717 leg.
318 1688 362 1713 91.
386 1678 407 1715 §.
423 1676 520 1705 itidem
539 1674 613 1703 final.
631 1673 660 1702 ff.
674 1673 709 1701 de
721 1672 812 1709 Legat.
827 1680 852 1706 3.
916 1709 922 1715 .
1022 1704 1029 1714 Ι
1108 1707 1124 1712 -

137 1716 161 1747 C
171 1719 218 1747 ὅΗ
229 1720 282 1746 {BE
293 1726 327 1751 0,
349 1715 376 1745 ui
386 1737 394 1750 ‚
414 1716 487 1743 ‘itum
501 1735 509 1748 ,
529 1711 635 1748 [ὲπὶχω,
657 1710 746 1752 ›Gt-11¹2?
756 1731 764 1745 ‚
777 1710 878 1743 συνεὶῃω
890 1730 898 1742 .,
910 1706 1086 1751 ο-ινοιχοατιζω]
1107 1714 1162 1734 ere.
1184 1713 1219 1747 ἐξ(
1231 1703 1293 1732 Con

173 1758 199 1785 &
211 1755 327 1790 Habe03
349 1752 420 1790 quasi
429 1753 530 1781 Secum
542 1749 805 1785 habereiignihcat,
827 1748 853 1776 ἃ
872 1752 990 1775 retinere
1005 1745 1080 1782 apud
1101 1743 1137 1772 se.
1160 1742 1237 1786 ’Cic.
1257 1742 1293 1770 de

171 1793 280 1824 Senect.
296 1802 338 1827 51.
361 1791 397 1820 de
409 1797 480 1818 terra
497 1788 632 1824 loquens,
654 1786 773 1815 Primum
792 1784 822 1813 id
840 1791 970 1813 occatum
986 1782 1082 1813 semen
1101 1780 1236 1815 cohibet,
1257 1787 1293 1808 ex

170 1841 227 1868 quo
238 1830 348 1859 occatio
361 1838 421 1865 quae
430 1823 485 1856 hoc
497 1823 582 1855 efficit
591 1847 599 1859 ,
619 1825 763 1853 nominata
773 1822 819 1852 est.
957 1859 963 1865 ¹
1103 1857 1109 1863 Ι
1137 1857 1142 1862 Π
1240 1855 1246 1861 .

170 1870 245 1899 Auro
257 1867 389 1897 cohibere
399 1865 524 1894 lacertos.
547 1862 631 1892 Ovid.
643 1872 668 1898 9.
683 1861 766 1899 Epist.
779 1871 822 1896 59.
845 1860 935 1895 Auro,
955 1869 974 1888 i.
990 1867 1015 1887 e.
1037 1856 1158 1887 Armillis
1170 1864 1270 1886 aureis.

172 1908 177 1928 ⁷·
200 1907 257 1935 odo
267 1904 400 1935 cohibere
410 1903 524 1933 crinem.
546 1901 613 1930 Hor.
631 1909 656 1937 3.
672 1899 762 1929 Carni.
779 1908 822 1933 14.
834 1907 879 1927 22.
909 1935 915 1941 '
1184 1930 1189 1936 ¹

169 1941 390 1974 Cohibereirise.
428 1941 486 1970 Cic.
503 1940 520 1968 d
546 1938 633 1973 Fato,
655 1947 698 1973 19.
719 1936 775 1966 Sed
787 1935 898 1965 interest
907 1940 981 1964 inter
993 1932 1086 1963 causas
1107 1932 1223 1960 fortuito
1242 1939 1291 1960 an-

189 1981 332 2019 tegreffas,
352 1980 459 2010 &inter
469 1987 519 2007 cau
533 1986 561 2006 as
572 1975 735 2005 cohibentes
749 1975 778 2003 in
790 1974 819 2004 se
830 1973 1010 2003 efficientiam
1019 1969 1186 2002 naturalem.

168 2019 202 2050 In
212 2021 238 2049 se
250 2019 334 2048 sidera
343 2015 616 2047 cohibentnitorem.
637 2013 745 2043 Lucret.
757 2011 805 2042 lib.
817 2021 844 2041 2.
860 2021 941 2047 1030.

169 2057 308 2088 Cohibete
317 2055 427 2085 latebris
437 2053 550 2091 aliquid.
572 2052 647 2087 virg.
659 2061 684 2088 3.
696 2051 756 2081 AEn.
769 2060 833 2086 4²4·
901 2086 908 2092 ·

250 2097 284 2124 At
302 2093 422 2132 Scyllam
437 2091 517 2122 caecis
531 2090 647 2121 cohibet
665 2088 797 2127 spelunca
813 2086 934 2117 latebris.

188 2133 303 2163 claudit.

168 2171 202 2201 In
213 2171 297 2200 antris
308 2169 385 2199 venti
395 2166 570 2198 cohibentur.
593 2164 677 2196 Ovid.
691 2175 733 2201 ις.
744 2164 815 2194 Met.
828 2166 891 2199 346.
1247 2197 1252 2202 ¹
1269 2197 1274 2203 ι

169 2209 201 2240 In
215 2208 332 2238 vinculis
341 2206 472 2236 cohibere
481 2205 610 2242 aliquem.
651 2202 727 2232 Curt.
740 2202 786 2231 lib.
803 2205 829 2231 ⁶.
842 2211 869 2230 2.
885 2211 925 2230 ri.
961 2195 1106 2236 Oxydates
1115 2203 1172 2227 erat
1186 2196 1290 2226 nobilis

188 2246 293 2279 Perses.
310 2247 358 2282 qui
374 2255 390 2273 a
398 2244 482 2273 Dario
490 2241 605 2280 capitali
616 2240 754 2279 supplicio
765 2239 914 2269 destinatus
925 2237 1110 2267 cohibebatur
1119 2236 1148 2264 in
1156 2234 1287 2265 vinculis.

187 2284 262 2313 Huic
273 2284 388 2312 liberato
397 2282 554 2318 Satrapeam
567 2279 669 2309 Mediae
680 2278 814 2308 attribuit.
1081 2312 1085 2318 Ι

169 2322 307 2352 Cohibere
317 2321 342 2350 se
352 2321 426 2349 intra
436 2319 530 2348 locum
541 2317 660 2354 aliquem
671 2338 679 2351 ‚
701 2326 751 2354 pro
760 2314 904 2345 Secedere.
944 2312 1031 2342 Plaut.
1045 2311 1108 2341 Mil.
1119 2318 1145 2348 3.
1158 2320 1182 2341 1.
1195 2320 1221 2340 ι.

265 2358 400 2388 Cohibete
410 2358 480 2386 intra
491 2355 577 2384 limen
588 2355 672 2384 etiam
680 2364 730 2384 vos
742 2361 892 2395 parumper
903 2373 910 2386 ,
932 2349 1079 2380 Pleusides.

168 2397 305 2427 Cohibete
314 2395 341 2426 se
354 2417 362 2431 ,
382 2405 433 2433 pro
447 2394 609 2431 Reprimere
620 2414 629 2427 ,
651 2394 676 2421 δι
695 2391 832 2421 refrenare
847 2398 982 2419 animum.
1019 2388 1085 2418 Ter.
1099 2386 1200 2417 Heaut.
1220 2396 1245 2423 ς.
1260 2395 1285 2415 1.

185 2440 231 2470 46.
254 2435 320 2465 Non
327 2440 355 2463 te
366 2432 480 2462 cohibes
491 2433 504 2460 ⁶?
524 2441 581 2460 non
592 2437 619 2459 te
630 2430 742 2468 respicis
750 2430 764 2458 ⁶?
930 2440 932 2447 ·

167 2473 355 2503 Affensionem
363 2470 494 2500 cohibere
503 2479 519 2498 a
534 2469 616 2498 rebus
626 2468 748 2497 incertis.
770 2466 829 2496 Cic.
844 2475 868 2496 1.
880 2465 916 2495 de
925 2464 990 2495 Nat..
1003 2463 1088 2495 Deor.
1101 2472 1126 2493 1.

166 2511 280 2548 Fugam.
301 2510 350 2539 Sil.
365 2509 412 2538 lib.
433 2518 474 2543 ις.
487 2516 553 2545 74ς.
608 2543 613 2550 .
629 2544 634 2549 ι

166 2549 299 2579 Furorem
308 2547 435 2582 alicujus.
456 2545 514 2574 Cic.
528 2555 552 2580 ς.
567 2543 684 2581 Philipp.
697 2551 742 2580 37.

167 2587 285 2616 Gaudia.
307 2585 430 2622 Propert.
441 2583 490 2612 lib.
499 2592 526 2613 2.
541 2592 587 2617 ²5·
603 2591 646 2618 30.
1046 2613 1053 2620 .
1173 2611 1180 2621 θ

165 2624 343 2655 Iracundiam
363 2621 505 2651 cohibere.
547 2620 606 2649 Cic.
626 2628 676 2657 pro
688 2615 813 2648 Marcell.
826 2620 853 2652 8.
883 2613 987 2646 Verum
1008 2623 1135 2645 animum
1154 2620 1286 2649 vincere,

183 2661 357 2692 iracundiam
371 2659 504 2689 cohibere
519 2679 528 2693 ,
548 2658 694 2687 victoriam
708 2661 862 2695 temperare
872 2677 881 2691 ,
903 2656 954 2685 &c.

164 2700 229 2730 Iras.
251 2699 324 2737 Virg.
337 2707 380 2727 12.
394 2697 457 2728 AEn.
471 2705 534 2733 314.
859 2730 864 2736 .
1003 2728 1009 2734 Α

165 2736 310 2767 Libidines
324 2735 471 2765 effrenatas
484 2743 499 2763 a
510 2731 674 2769 coniugibus
685 2730 811 2761 aliorum.
834 2730 892 2759 Cic.
906 2739 957 2767 pro
968 2727 1070 2758 Milon.
1084 2730 1129 2764 76.

164 2776 269 2806 Manus
280 2774 438 2811 restringere
448 2773 474 2802 &
483 2770 613 2801 cohibere
625 2769 780 2799 conatibus.
802 2769 869 2799 Stat.
883 2772 908 2797 6.
925 2765 1018 2796 Theb.
1035 2771 1099 2800 81²·

165 2814 262 2844 Motus
273 2811 502 2842 animiturbatos.
524 2809 583 2838 Cic.
596 2817 622 2836 2.
643 2806 700 2837 Off.
714 2812 758 2841 28.

164 2851 365 2881 Temeritatem
373 2848 505 2878 cohibere
514 2848 540 2876 St
553 2846 700 2875 continere
709 2845 742 2873 ab
754 2844 831 2873 omni
842 2842 928 2880 lapsu.
950 2841 1008 2871 Cic.
1024 2850 1047 2870 1.
1064 2838 1148 2884 Acad.
1161 2849 1208 2875 44.

165 2889 304 2918 Cohibete
314 2888 441 2917 animum
451 2907 460 2921 ,
481 2893 590 2919 manus,
611 2882 709 2912 oculos
719 2882 754 2911 ab
765 2881 865 2911 alieno.
906 2880 971 2909 Non
984 2878 1182 2915 concupiscere
1194 2899 1203 2918 ,⁷
1223 2883 1284 2905 non

182 2927 265 2956 furari
277 2925 377 2955 aliena.
399 2924 459 2953 Cic.
472 2932 523 2961 pro
534 2921 605 2959 Lege
615 2919 762 2950 Manitss.
776 2919 879 2955 Quare,
890 2918 974 2947 etiam
985 2917 1004 2946 si
1013 2926 1096 2954 quem
1107 2915 1224 2958 habetis,
1236 2914 1284 2958 qui

182 2964 292 2994 collatis
303 2963 384 3000 {ignis
394 2961 532 2991 exercitus
550 2960 639 2995 regios
656 2958 783 2996 superare
798 2956 875 2994 posse
890 2956 1018 2984 videatur
1027 2977 1042 2997 ³.
1055 2960 1150 2983 tamen
1166 2953 1214 2996 nili
1231 2957 1284 2996 erit

181 3003 258 3032 idem
269 3002 317 3038 qui
333 3001 359 3030 se
368 3010 383 3030 a
395 2998 525 3038 pecuniis
537 2997 691 3031 sociorum,
712 2996 760 3032 qui
772 2994 806 3024 ab
818 3003 914 3024 eorum
931 2992 1150 3035 conjugibusac
1170 2990 1282 3025 liberis,

181 3041 228 3077 qui
240 3039 273 3069 ab
284 3048 351 3068 aum
362 3060 370 3073 ,
391 3045 513 3075 gazaque
525 3034 599 3073 regia
609 3056 618 3072 ,
639 3042 753 3068 manus,
775 3032 872 3062 oculos
881 3051 889 3067 ,
910 3031 1036 3061 animum
1047 3029 1179 3059 cohibere
1189 3027 1282 3067 possit,

179 3087 237 3106 non
251 3078 303 3106 erit
313 3077 442 3105 idoneus.
1137 3105 1143 3111 ²

161 3114 300 3145 Cohibere
309 3114 453 3144 brachium
462 3118 534 3150 toga.
576 3109 634 3140 Cic.
665 3118 694 3138 ro
706 3106 777 3138 Coel.
793 3117 835 3136 ιι.
858 3106 947 3136 Nobis
970 3105 1084 3142 quidem
1106 3100 1174 3134 olim
1192 3113 1282 3148 annus

179 3160 236 3182 erat
243 3162 315 3182 unus
324 3153 359 3181 ad
372 3150 564 3181 cohibendum
575 3147 640 3177 brac
661 3148 719 3176 ium
734 3154 799 3183 toga
815 3144 997 3175 constitutus:
1020 3145 1046 3172 ὁὶ
1061 3149 1091 3172 ut
1107 3149 1283 3186 exercitatio-

180 3199 215 3220 ne
226 3190 349 3227 ludoque
358 3188 503 3226 campestri
518 3186 636 3216 tunicati
648 3191 805 3214 uteremur:
827 3183 981 3218 eademque
992 3188 1049 3209 erat
1060 3202 1068 3216 ,
1093 3181 1110 3209 si
1124 3181 1212 3209 statim
1225 3189 1282 3222 met

180 3229 233 3257 reri
259 3227 394 3265 stipendia
415 3234 591 3263 coeperamus
603 3246 611 3257 ‚
636 3221 774 3252 castrensis
797 3221 866 3250 ratio
886 3230 918 3249 ac
938 3218 1073 3248 militaris.
1115 3219 1204 3253 Hujus
1218 3217 1283 3261 'loc1

179 3265 270 3295 sensus
279 3266 333 3294 est:
355 3265 395 3294 Eo
403 3273 477 3293 anno
491 3272 545 3300 quo
555 3262 664 3299 sumpta
684 3260 769 3289 virilis
791 3266 855 3295 toga
873 3258 962 3287 fuerat
976 3279 984 3291 ,
1008 3256 1170 3285 modestiam
1187 3261 1283 3297 etiam-

182 3312 251 3332 num
263 3305 288 3333 &
298 3302 435 3340 pudorem
447 3302 481 3330 ab
491 3298 714 3330 adolescentibus
725 3296 892 3335 postulatum
905 3292 982 3324 fuiffe
993 3303 1071 3337 3aeque
1081 3316 1089 3328 ,
1113 3303 1145 3323 ac
1155 3298 1239 3329 q‘uum
1251 3302 1281 3321 in

182 3341 281 3377 puerili
297 3346 375 3369 erant
384 3345 523 3377 praetexta.
564 3337 650 3374 Quod
660 3337 747 3365 situm
756 3334 889 3371 magistris
898 3333 1006 3362 liberati
1016 3354 1023 3365 ,
1046 3333 1071 3361 Sc
1081 3331 1136 3374 suae
1150 3337 1280 3365 tanquam

182 3377 274 3407 tutela:
283 3378 346 3407 fac‘ti
357 3399 365 3411 ,
386 3377 433 3406 visi
446 3377 532 3405 essent
549 3384 583 3404 eo
602 3384 675 3403 anno
693 3373 880 3412 proterviores
896 3377 943 3400 aut
952 3370 1167 3412 petulantiores,
1188 3368 1224 3396 de
1235 3374 1282 3396 eo-

183 3425 243 3444 rum
254 3416 387 3452 pudicitia
397 3414 468 3443 male
478 3413 662 3442 existimatum
672 3411 761 3441 fuisse.
802 3411 859 3446 Qui
874 3410 949 3438 enim
961 3406 1104 3437 brachium
1112 3405 1156 3435 vel
1167 3405 1281 3449 profert,

183 3452 226 3480 vel
237 3454 338 3487 exerit,
360 3452 452 3481 minus
463 3452 516 3481 esse
528 3450 667 3480 modestus
679 3451 705 3478 ἃ.
716 3448 890 3478 verecundus
903 3447 1032 3489 videtur,
1053 3453 1136 3481 quam
1154 3454 1200 3480 qui
1216 3449 1281 3486 toga

185 3489 327 3519 brachium
335 3489 446 3519 cohibet
455 3491 480 3518 &
491 3489 628 3517 continet.
670 3487 702 3516 Et
722 3486 864 3516 IEschines
879 3489 976 3514 contra
986 3481 1167 3512 Timarchum
1183 3481 1283 3518 prisco-

182 3536 244 3556 rum
254 3534 391 3556 oratorum
402 3527 537 3565 pudorem
550 3528 576 3555 ἃ
585 3525 749 3554 modestiam
761 3524 890 3558 laudans,
911 3531 959 3550 eos
979 3522 1016 3550 ait
1033 3518 1170 3563 perorasse
1185 3528 1282 3547 marius

183 3565 256 3593 intra
267 3565 378 3601 pallium
390 3565 574 3593 continentes.
616 3563 720 3592 Eodem
730 3564 815 3591 etiam
826 3560 874 3590 illo
885 3570 959 3589 anno
970 3559 1047 3588 nefas
1057 3564 1165 3600 eis-erat
1180 3566 1282 3592 corpus

183 3602 212 3630 in
223 3611 321 3638 campo
331 3602 431 3630 Martio
439 3603 543 3630 nudare
553 3622 562 3635 ,
583 3610 619 3630 ne
630 3601 754 3637 corporis
777 3599 931 3628 nudatione
950 3597 1107 3633 impudenti
1130 3600 1282 3637 amatorem

183 3648 302 3674 quaerere
314 3639 384 3667 velle
396 3639 561 3667 viderentur.
602 3638 677 3674 Quin
690 3640 715 3666 ὁὶ
726 3637 835 3666 Servius
844 3638 882 3665 ait
892 3637 1057 3664 Ciceronem
1068 3631 1195 3669 scripsisse
1207 3641 1281 3661 anno

184 3676 312 3713 stipendii
327 3677 416 3712 primo
429 3676 521 3704 solitos
531 3675 583 3704 else
597 3676 655 3704 dari
673 3676 800 3704 custodes
809 3673 1033 3703 adolescentibus
1044 3671 1214 3705 militaturis,
1228 3678 1282 3708 qua

184 3723 218 3743 ex
230 3713 428 3742 consuetudine
441 3714 582 3741 Maronem
594 3713 690 3741 dixisse
700 3735 708 3747 ,
732 3724 755 3743 ς.
767 3712 828 3742 ffin.
842 3717 904 3744 <46-

247 3750 393 3779 Custodem
403 3751 436 3778 ad
447 3750 498 3778 sese
508 3752 696 3786 comitemque
708 3750 828 3787 impubis
838 3748 891 3779 Iuli

244 3787 389 3825 Epytidem
402 3794 481 3815 vocat
491 3809 497 3820 ,
511 3790 563 3816 διε.
656 3788 814 3817 Turnebus.

166 3824 303 3855 Cohibete
312 3826 408 3853 eadem
421 3823 561 3852 severitate
576 3824 688 3858 fiscum.
713 3835 766 3861 quii
786 3826 921 3854 aerarium.
959 3822 1029 3852 Plin.
1048 3823 1077 3852 in
1098 3821 1196 3858 Paneg.
1218 3829 1280 3858 cap.

186 3868 228 3897 36.
245 3872 284 3899 pr.
325 3863 342 3891 i.
356 3872 379 3890 e.
401 3860 503 3889 Cavere
518 3871 552 3889 nc
562 3870 657 3897 praeter
675 3864 716 3896 jus
731 3865 756 3891 &
778 3864 915 3891 rationem
935 3861 1039 3890 crescat
1055 3861 1226 3898 privatorum
1241 3859 1283 3887 di-

181 3899 308 3938 spendio.
351 3898 452 3927 Laudat
471 3899 543 3926 enim
566 3899 665 3927 Plinius
687 3899 801 3934 Traiani
819 3900 1042 3934 continentiam,
1060 3899 1137 3935 quod
1157 3906 1217 3927 non
1235 3905 1283 3926 ex-

180 3937 302 3969 hauriret
311 3938 386 3968 cives
396 3935 530 3975 improbis
539 3936 794 3967 confiscationibue,

1043 685 1062 714 i.
1073 693 1100 714 e.
1129 682 1301 719 Coniunctae.

1038 2085 1059 2116 i.
1078 2093 1104 2115 e.
1134 2084 1290 2119 Continet,

1348 1283 1602 1321 concussi-0,

1786 109 1817 143 C
1914 111 1949 145 O
2045 111 2081 147 H

1392 188 1530 219 Cohibete
1541 188 1639 219 filiurn.
1660 187 1746 219 Plaut.
1758 190 1846 220 Merc.
1859 191 1928 229 prol.
1941 196 1985 227 64.
2079 209 2118 216 --
2131 204 2223 232 neiue
2237 197 2400 235 potestatem
2416 198 2463 230 fibi

1473 226 1560 257 Fuisse
1572 249 1579 260 ,
1601 228 1671 256 adeo
1683 230 1755 257 arcte
1766 230 1921 259 cohibitum
1933 231 1985 259 eise
1999 241 2013 259 a
2030 240 2118 269 patre.

1392 263 1534 295 Cohibent
1545 275 1667 302 pugnare
1679 266 1754 302 leges
1766 288 1773 300 ‚
1794 267 1811 295 i.
1827 277 1851 296 e.
1875 269 2031 297 Prohibent.
2073 270 2131 299 Cic.
2148 281 2198 308 pro
2211 271 2290 301 Rose.
2303 272 2392 302 Amet.
2404 279 2448 308 28.
2478 275 2510 304 lii

1413 303 1651 332 emendatioribus
1661 304 1805 332 codicibus
1815 305 1914 342 legitur
1925 306 2115 335 Prohibebant.

1393 340 1573 375 Cohibeslim,
1594 351 1645 383 pro
1657 340 1848 377 Cohibuerim,
1869 343 2024 380 antiquum.
2052 345 2207 380 cujusmodi
2218 345 2280 376 sunt
2292 345 2338 377 illa
2350 348 2424 384 apud
2434 347 2511 378 Plau·

1413 385 1500 422 tum,⁴
1513 379 1674 421 Servailirri,
1696 379 1892 416 Supplicaflis,
1912 382 2049 418 Negailim
2062 405 2070 417 ,
2092 383 2271 419 Prohibessis,
2292 386 2344 414 διε.
2381 395 2431 422 pro
2450 387 2511 416 Ser-

1411 425 1541 448 vaverim.
1555 416 1770 459 Supplicaveris,
1784 417 1959 454 Negaverim,
1974 420 2160 454 Prohibueris,
2173 424 2224 450 διο.
2244 422 2352 452 Lucret.
2364 422 2510 461 lib.3-445.

1487 453 1611 491 Corpore
1621 464 1666 489 qui
1676 455 1767 482 nostro
1778 465 1852 484 rarus
1863 458 1949 493 magis
1961 457 2034 486 hanc
2044 459 2189 487 cohibeffit
2199 460 2213 488 ‘2

1356 490 1379 520 C
1389 500 1405 520 o
1416 500 1436 519 Η
1447 501 1455 518 ι
1465 501 1480 519 Β
1491 501 1504 519 a
1514 501 1532 519 N
1544 501 1555 520 s
1567 513 1574 524 ,
1596 492 1675 520 entis.
1699 501 1728 520 ut
1738 514 1745 526 ,
1768 492 1910 522 Cohibens
1923 503 2020 524 ventos
2031 505 2149 525 carcere.
2171 496 2256 525 Ovid.
2271 507 2313 533 14.
2325 497 2395 527 Met.
2405 507 2471 535 224.

1393 528 1516 557 Claustra
1526 529 1690 558 cohibentia
1699 530 1853 567 templum,
1875 532 2048 561 Claudentia.
2071 533 2136 564 Hor.
2147 543 2172 562 2.
2189 534 2271 572 Epist.
2287 545 2310 565 1.
2326 545 2391 572 255.

1473 564 1649 603 Claustraque
1659 568 1801 597 custodem
1811 569 1886 605 pacis
1897 570 2056 599 cohibentia
2066 571 2177 606 Januni.

1394 604 1474 633 Delia
1482 605 1617 633 cohibens
1626 614 1721 634 cervos
1731 615 1805 634 arcu.
1828 605 1894 636 Hor.
1906 618 1932 642 4.
1948 607 2038 636 Carni.
2051 612 2076 637 6.
2091 618 2135 644 34.

1356 640 1404 671 Co
1417 652 1435 670 Η
1448 653 1455 670 ι
1466 651 1531 670 BEN
1544 652 1562 670 'r
1574 653 1581 670 1
1593 652 1629 676 A,
1650 652 1680 671 ae.
1702 643 1721 672 f.
1745 642 1827 673 Gioff.
1848 644 1903 674 Lat.
1917 645 1961 674 Gr.
1979 645 2162 682 Cohibentia,
2182 646 2298 682 §ampelon
2309 669 2317 681 ,
2340 646 2428 685 minxi,

1355 679 1378 709 C
1389 689 1434 708 οΗ
1446 689 1479 722 ιιι
1490 690 1528 707 ιτ
1539 690 1588 722 us,
1609 690 1634 714 a,
1655 690 1712 709 um.
1735 688 1774 716 ut,
1796 682 2047 712 Macedonesintra
2056 684 2139 713 castra
2150 680 2274 714 cohibiti.
2295 686 2372 716 Curt.
2389 696 2432 716 10.
2448 687 2508 723 3.6.

1393 716 1543 752 aquilones
1553 717 1670 747 cohibiti
1680 719 1750 755 jugis
1761 721 1909 749 montium.
1931 720 2007 750 Curt.
2020 727 2045 755 8.
2058 732 2084 757 9.
2099 731 2141 751 12.

1392 755 1501 800 Siibtile
1513 756 1626 784 dicendi
1634 766 1720 796 genus
1730 758 1756 786 &
1766 757 2037 794 coliibitum.Gell.7.
2045 770 2086 795 ¹4·
2099 760 2252 796 [ressreve
2264 770 2296 790 ac
2306 761 2509 794 circumcisum.

1392 793 1521 835 Compar.
1545 793 1769 837 huson-Oratim.
1780 796 1887 825 Aetion.
1916 806 1977 834 cap.
1989 805 2033 834 27.
2045 808 2087 836 pr.
2128 798 2215 834 Cujus
2224 798 2342 829 incessus
2350 800 2510 837 modestior,

1359 864 1363 867 ,
1410 829 1547 859 habitudo
1559 831 1718 860 cohibitior.

1354 868 1402 898 Co
1413 877 1432 911 Η
1444 879 1452 896 ι
1465 879 1478 895 s
1489 877 1525 896 ιτ
1535 879 1580 903 io,
1601 870 1671 898 onis.
1694 870 1713 899 f.
1735 866 1854 906 [immi]
1874 870 1932 900 Cic.
1947 883 1970 906 ς.
1988 872 2062 902 Verr.
2078 881 2122 909 37.
2143 873 2190 903 Sic
2199 873 2365 912 deportandi
2375 874 2434 904 dies
2442 885 2510 913 prae-

1390 905 1483 949 stituta
1492 906 1591 935 tollere
1600 907 1718 943 cogebat
1726 918 1760 937 ex
1770 917 1831 937 area
1843 918 1849 938 :
1871 909 2007 939 cohibitio
2017 911 2153 946 tollendi,
2175 912 2223 940 nisi
2240 914 2336 949 paclus
2349 911 2414 941 effer
2424 934 2433 949 ,
2454 914 2511 943 vim

1391 944 1543 973 adhibebat
1553 945 1672 981 pactioni
1685 967 1692 980 ,
1715 955 1772 975 non
1788 946 1967 977 voluntatem.
1986 981 1987 984 Ἴ
2010 948 2142 978 Gruterus
2154 948 2222 986 legit
2234 949 2397 979 Prohibitio.

1354 981 1492 1025 Οοιιιιξι
1505 992 1575 1017 ris,
1598 992 1622 1025 e.
1645 983 1714 1012 Gell.
1728 988 1769 1013 16.
1783 994 1824 1018 19.
1848 984 1939 1014 Celeri
1960 986 2111 1016 &cohibili
2123 989 2267 1023 oratione,
2287 997 2445 1025 vocumque
2461 988 2510 1018 filo

1390 1026 1470 1048 tereti
1488 1021 1513 1049 δι
1525 1021 1647 1049 candido
1659 1021 1781 1050 fabulam
1791 1022 1895 1060 scripsit
1917 1023 2083 1053 Herodotus.
2124 1025 2255 1061 Cohibli,
2281 1025 2298 1054 i.
2316 1035 2340 1054 e.
2365 1025 2511 1055 Cohaeren.

1391 1064 1427 1086 te.
1467 1058 1522 1086 Sed
1540 1059 1568 1086 in
1590 1058 1673 1088 Gloss.
1687 1058 1744 1089 Lat.
1757 1059 1802 1089 Gr.
1824 1060 1974 1097 cohibilis,
1994 1062 2085 1092 facilis
2097 1083 2105 1098 ,
2127 1064 2224 1100 εὶνχςιίς.
2246 1062 2321 1093 conf.
2344 1061 2461 1093 Coibilis
2478 1065 2509 1094 iri

1393 1095 1501 1130 Coro,
1519 1097 1544 1125 &
1566 1105 1777 1126 conrssiTus
1797 1097 1886 1135 supra.

1352 1132 1582 1162 Conrsrrrrss
1593 1144 1608 1162 R
1621 1156 1629 1169 ,
1652 1135 1721 1164 Adv.
1746 1134 1830 1164 [dem.
1853 1136 1932 1174 Apul.
1946 1144 2014 1167 extr.
2035 1135 2139 1168 Florid.
2161 1137 2294 1168 Fabulam
2310 1137 2340 1167 in
2358 1147 2448 1177 pauca
2462 1148 2509 1170 co-

1388 1180 1483 1210 gamus
1497 1193 1505 1205 ,
1532 1179 1667 1208 quantum
1682 1173 1769 1210 potest
1785 1173 1844 1202 fieri
1857 1174 2025 1204 cohibiliter.

1387 1210 1458 1237 Com
1481 1219 1532 1276 ar.b
1561 1210 1638 1239 Idem
1652 1210 1728 1248 Apol.
1740 1221 1767 1249 p.
1779 1220 1844 1249 297.
1867 1212 2026 1243 Conibilius
2035 1213 2134 1245 eadem
2145 1213 2241 1243 Graece
2250 1216 2277 1244 &
2288 1214 2386 1244 Latine
2400 1215 2508 1245 adnitar

1407 1256 1460 1275 con
1475 1257 1513 1276 cri
1535 1257 1589 1277 ere.

1384 1322 1434 1351 nisi
1443 1322 1548 1360 aliquid
1558 1332 1669 1353 ornatus
1680 1323 1787 1354 adferre
1798 1325 1923 1356 dicamus
1937 1326 2024 1364 ipsam
2034 1327 2275 1364 compositionem.
2310 1326 2379 1357 Plin.
2398 1328 2446 1358 lib.
2460 1337 2507 1360 22.

1384 1370 1444 1398 cap.
1466 1370 1505 1397 13.
1528 1361 1656 1391 Defiuvia
1667 1363 1764 1400 capitis
1778 1362 1882 1393 semine
1893 1365 1965 1394 illito
1981 1365 2161 1395 cohonestari.

1383 1398 1588 1434 cohonestare,
1611 1400 1773 1430 Honoribus
1784 1401 1902 1432 afficere.
1941 1402 1999 1432 Cic.
2015 1405 2113 1440 Anteq.
2125 1404 2179 1433 iret
2192 1404 2221 1432 iri
2232 1402 2299 1433 exil.
2314 1413 2357 1439 30.
2379 1402 2504 1434 Tantum

1402 1446 1418 1465 a
1427 1437 1506 1466 vobis
1516 1437 1594 1473 illud,
1608 1434 1720 1475 Equites
1730 1438 1861 1476 Romani,
1872 1446 1939 1478 peto
1949 1442 1974 1471 &
1986 1451 2065 1479 roge,
2078 1449 2110 1472 ut
2124 1451 2209 1479 quem
2220 1440 2410 1479 saepenumero
2422 1442 2508 1473 vestra

1401 1473 1486 1503 laude
1499 1475 1694 1506 cohonestastis
1706 1498 1715 1511 ,
1737 1478 1789 1506 διο.

1382 1511 1520 1549 Exequiis
1529 1513 1646 1548 alicujus
1657 1515 1845 1545 cohonestare.
1868 1514 1930 1545 Cic.
1946 1525 1997 1554 pro
2011 1517 2110 1553 Quint.
2124 1528 2167 1553 50.
2270 1538 2275 1541 <

1381 1548 1669 1618 Fkunusspohonestari.
1709 1553 1799 1583 Tacit.
1816 1562 1841 1591 3.
1858 1554 1928 1584 Arin.
1942 1559 1988 1592 76.
2011 1555 2169 1593 Cererisque
2187 1554 2350 1585 solennibus
2364 1554 2449 1585 funus
2461 1564 2508 1586 co-

1422 1598 1477 1618 one
1503 1596 1603 1619 aretur.

1378 1626 1490 1656 Statuas
1506 1628 1623 1663 alicujus
1634 1627 1821 1659 cohonestare.
1863 1629 1922 1659 Cic.
1935 1641 1961 1666 4.
1977 1629 2051 1660 Verr.
2065 1634 2110 1665 68.
2141 1631 2182 1661 Ari
2202 1640 2322 1668 quorum
2342 1631 2505 1661 auctoritate

1398 1665 1498 1694 statuas
1509 1667 1689 1696 cohonestare
1702 1673 1762 1697 tuas
1774 1673 1890 1697 conatus
1901 1678 1930 1698 es
1940 1690 1949 1704 ,
1970 1678 2068 1699 eorum
2086 1679 2138 1707 ego
2151 1670 2287 1707 dignitate
2300 1668 2505 1700 accusationem

1398 1712 1489 1732 meam
1501 1704 1684 1742 comprobare
1692 1715 1749 1734 non
1758 1707 1878 1743 potero?

1379 1739 1529 1771 Victoriam
1540 1743 1728 1785 cohonestare.
1770 1743 1826 1773 Liv.
1841 1749 1885 1780 38.
1898 1752 1944 1780 47.
1967 1743 2007 1772 Ex
2027 1744 2126 1774 decem
2140 1744 2238 1783 legatis
2249 1768 2257 1780 ,
2277 1745 2296 1774 si
2316 1744 2369 1774 diis
2390 1744 2484 1782 placet
2494 1764 2504 1781 ,

1398 1780 1476 1822 quod
1491 1781 1646 1810 concilium
1662 1781 1850 1819 dispensandae
1867 1781 2136 1820 cohonestandaeque
2152 1784 2274 1814 victoriae
2285 1783 2504 1821 Imperatoribus

1399 1827 1519 1852 maiores
1532 1819 1672 1848 dederunt
1687 1820 1772 1848 nostri
1787 1842 1795 1854 ,
1817 1819 1985 1849 adversarios
2000 1820 2099 1851 habeo.

1341 1854 1364 1883 C
1372 1855 1388 1884 ὅ
1397 1864 1418 1883 Η
1428 1857 1445 1884 ὅ
1454 1865 1474 1883 N
1485 1860 1502 1885 ὃ
1511 1866 1526 1884 R
1535 1866 1552 1885 o
1564 1878 1572 1892 ‚
1594 1856 1648 1886 are.
1671 1857 1758 1888 [dem.
1780 1858 1871 1887 Festus
1881 1857 1910 1886 in
1925 1857 2053 1888 Corona:
2076 1859 2194 1890 Coronae
2205 1859 2348 1895 dicuntur,
2371 1857 2448 1897 quod
2460 1867 2506 1889 co.

1378 1891 1519 1923 honorent
1534 1904 1593 1930 eos,
1614 1895 1714 1933 quibus
1728 1896 1922 1942 imppnuntur.

1341 1930 1559 1964 Corioiixizo.
1583 1933 1630 1966 ui,
1652 1934 1843 1969 [συμφμτῆω]
1863 1936 1919 1963 διε.
1947 1933 1991 1964 vel
2011 1934 2290 1971 Cononasco,
2311 1935 2366 1964 e‘re.
2397 1934 2503 1972 Magno

1377 1970 1491 1999 horrore
1500 1970 1583 2000 affici.
1624 1972 1701 2001 Suet.
1712 1972 1742 2000 in
1754 1971 1846 2001 Tiber.
1860 1982 1920 2010 cap.
1933 1981 1978 2001 21.
2002 1972 2048 2002 Dii
2059 1982 2104 2002 me
2118 1973 2254 2010 perdant,
2276 1973 2325 2002 nifi
2336 1972 2501 2002 cohorrescit

1378 2017 1479 2044 corpus
1489 2018 1593 2051 meum.
1619 2010 1662 2052 λΙι.
1675 2020 1700 2039 e.
1723 2009 1778 2038 Nisi
1795 2016 1869 2040 totus
1883 2010 1995 2040 horreo.
2036 2010 2096 2041 Cic.
2107 2011 2137 2041 in
2148 2011 2245 2041 Somn.
2258 2011 2335 2050 Scip.
2350 2021 2376 2042 2.
2408 2011 2503 2047 Quem
2534 2008 2538 2014 “

1378 2051 1409 2074 ut
1419 2053 1519 2082 agnovi
1532 2068 1539 2079 ,
1562 2049 1692 2084 equidem
1701 2048 1842 2077 cohorrui.

1379 2083 1556 2113 Cohorruiffe
1566 2095 1611 2114 me
1620 2107 1629 2120 ,
1651 2086 1726 2122 quod
1738 2088 1790 2115 dic.
1814 2085 1873 2115 Cic.
1884 2093 1909 2122 7.
1923 2086 1978 2115 Att.
1991 2095 2016 2116 1.

1379 2120 1536 2151 Cohorrere
1546 2132 1581 2152 ex
1594 2133 1623 2152 re
1634 2123 1733 2160 aliqua.
1775 2123 1833 2153 Cic.
1848 2133 1872 2159 3.
1883 2124 1919 2153 de
1930 2124 2006 2153 Orat.
2017 2125 2043 2153 6.
2065 2124 2108 2154 Ex
2128 2133 2183 2161 quo
2203 2134 2289 2162 quum
2302 2122 2502 2160 cohorruiffet‚

1395 2169 1461 2188 cum
1472 2160 1540 2189 febri
1553 2161 1669 2190 domum
1679 2161 1777 2195 rediit,
1800 2162 1901 2199 dieque
1912 2161 2029 2199 septimo
2048 2163 2087 2191 est
2097 2162 2188 2191 lateris
2198 2163 2297 2192 dolore
2311 2162 2501 2200 consumptus.

1395 2196 1485 2226 Posset
1497 2198 1556 2228 haec
1568 2199 1700 2236 particula
1711 2221 1719 2234 ,
1740 2198 1780 2228 Ex
1792 2210 1846 2236 quo
1858 2222 1866 2235 ,
1887 2200 1973 2229 etiam
1988 2200 2024 2229 ad
2038 2206 2150 2238 tempus
2159 2201 2269 2230 referri:
2295 2201 2369 2238 quasi
2381 2200 2502 2236 diceret,

1399 2235 1459 2264 Post
1470 2236 1598 2265 sudorem
1615 2247 1700 2275 quum
1712 2237 1865 2267 refrixisset.

1340 2271 1363 2302 C
1372 2273 1390 2302 ὅ
1400 2283 1419 2301 Η
1429 2283 1446 2302 o
1457 2284 1472 2302 R
1482 2284 1494 2303 s
1505 2296 1513 2309 ,
1535 2275 1611 2304 ortis.
1633 2275 1651 2304 f.
1674 2276 1783 2311 [ωτέιρρο
1794 2294 1801 2306 ,
1821 2273 1942 2311 valvam]
1962 2275 2041 2305 Idem
2058 2275 2191 2314 significat
2199 2275 2276 2313 quod
2287 2275 2375 2305 Chors
2386 2275 2502 2305 chortis:

1376 2311 1483 2355 Locum
1494 2321 1596 2355 nempe
1610 2313 1638 2341 iri
1651 2310 1733 2348 villa,
1756 2313 1836 2343 testis
1847 2314 2050 2343 circumdatum
2063 2337 2071 2349 ‚
2092 2315 2185 2351 inquo
2199 2313 2346 2352 pascuntur
2377 2313 2465 2343 allinae
2475 2314 2502 2344 dt

1374 2348 1454 2387 alites
1475 2350 1642 2386 hujusmodi.
1696 2351 1779 2380 Varro
1792 2361 1815 2387 3.
1835 2351 1872 2381 de
1886 2351 1917 2380 R.
1933 2352 1964 2381 R.
1986 2362 2046 2389 cap.
2060 2361 2084 2386 3.
2116 2352 2220 2381 Primus
2241 2352 2318 2381 enim
2337 2351 2357 2380 il
2371 2362 2385 2380 e
2403 2352 2502 2418 grffus

1375 2388 1505 2423 antiquus
1515 2389 1653 2423 majorum
1665 2390 1819 2418 nostrorum
1835 2397 1912 2425 erat,
1933 2391 1963 2418 in
1975 2400 2030 2426 quo
2043 2389 2131 2420 effent
2151 2390 2251 2419 aviaria
2272 2390 2330 2419 duo
2346 2390 2434 2418 dunta
2455 2395 2501 2425 at,

1375 2425 1405 2454 in
1418 2425 1502 2462 plano
1513 2426 1612 2456 cohors
1624 2449 1631 2460 ,
1652 2428 1682 2456 in
1690 2437 1742 2464 qua
1753 2426 1936 2464 pascebantur
1945 2428 2055 2465 gallinae
2066 2449 2074 2463 ,
2096 2429 2122 2458 &
2136 2437 2231 2457 earum
2241 2428 2345 2458 frustus
2356 2434 2435 2457 erant
2450 2436 2501 2458 ova

1376 2464 1403 2492 ἃ
1415 2463 1492 2499 pulli.
1522 2463 1553 2492 V.
1577 2474 1594 2493 c
1605 2475 1625 2493 Η
1634 2475 1650 2493 o
1660 2475 1674 2493 iz
1684 2474 1705 2493 s.
1729 2465 1761 2494 Et
1773 2465 1855 2494 Ovid.
1866 2476 1892 2501 4.
1910 2465 1974 2494 Falt.
1987 2475 2050 2501 704.
2069 2467 2095 2495 ἃ
2106 2466 2226 2495 Martial.
2240 2474 2266 2503 7.
2283 2476 2326 2501 54.

1375 2501 1485 2530 Cohors
1493 2501 1531 2530 est
1541 2501 1624 2531 etiam
1636 2502 1742 2540 Corpus
1754 2503 1875 2532 militum
1887 2504 1979 2532 minus
2000 2503 2139 2540 Legione3
2162 2503 2305 2532 constabat
2320 2503 2397 2532 enim
2416 2500 2452 2532 Le
2472 2502 2501 2532 io

1394 2548 1430 2568 ex
1448 2539 1611 2569 cohortibus
1623 2563 1630 2575 ,
1653 2547 1684 2569 ut
1704 2540 1810 2570 Cohors
1829 2551 1864 2570 ex
1886 2542 2046 2579 manipulis.
2086 2541 2170 2570 Varro
2190 2541 2225 2570 de
2244 2541 2273 2571 L.
2285 2542 2314 2571 L.
2332 2553 2358 2575 4·
2375 2544 2415 2570 16.
2472 2551 2502 2570 o-

1392 2577 1474 2612 hors,
1495 2575 1570 2614 quod
1584 2586 1613 2607 ut
1628 2578 1656 2606 in
1674 2578 1739 2607 villa
1754 2588 1788 2607 ex
1800 2578 1925 2617 pluribus
1944 2580 2024 2608 tectis
2045 2579 2244 2616 conjungitur,
2265 2589 2298 2609 ac
2316 2579 2450 2616 quiddam
2470 2578 2502 2608 fit

1392 2625 1500 2655 unum:
1522 2615 1557 2644 sic
1566 2625 1601 2644 ex
1612 2616 1763 2654 manipulis
1773 2617 1897 2654 pluribus
1906 2617 2054 2655 copulatur
2064 2618 2164 2647 cohors
2177 2626 2184 2646 ε
2207 2627 2267 2654 quae
2283 2618 2314 2647 in
2325 2617 2391 2647 villa
2403 2617 2476 2647 dieta
2489 2635 2500 2653 ‚

1395 2659 1473 2689 quoti
1482 2654 1554 2682 circa
1565 2663 1630 2682 eum
1637 2653 1733 2683 locum
1742 2655 1907 2684 cohercetui·
1914 2665 2010 2693 pecus.

1374 2689 1516 2720 Cohors&
1528 2691 1632 2721 Turma
1644 2691 1785 2722 differunt.
1829 2692 1936 2722 Cohors
1952 2693 2028 2722 enini
2049 2693 2085 2721 de
2101 2693 2244 2730 peditibus
2267 2691 2374 2728 solum,
2395 2692 2500 2722 Turma

1392 2738 1458 2757 vero
1470 2729 1505 2758 de
1514 2730 1653 2766 equitibus
1664 2731 1773 2759 dicitur.
1813 2729 1908 2767 Itaque
1921 2732 1978 2760 Cic.
1995 2741 2046 2768 pro
2060 2730 2184 2760 Marcell.
2197 2739 2223 2767 7.
2255 2731 2365 2768 pedites
2382 2727 2502 2767 equitess

1391 2776 1446 2808 que
1457 2766 1603 2803 significat,
1625 2777 1710 2804 quum
1724 2768 1813 2805 inquit
1827 2779 1832 2796 :
1863 2768 1950 2803 Hujus
1962 2769 2054 2805 gloriae
2069 2768 2156 2798 Caesar
2168 2791 2176 2803 ,
2199 2779 2282 2806 quarn
2293 2779 2322 2798 es
2336 2768 2421 2806 paulo
2435 2774 2500 2798 ante

1391 2812 1509 2842 adeptus
1525 2827 1532 2838 ,
1554 2802 1658 2834 socium
1669 2805 1752 2834 habes
1761 2806 1921 2835 neminem:
1944 2807 2013 2836 nihil
2024 2807 2073 2835 tibi
2083 2806 2204 2842 cohors,
2227 2805 2500 2836 nihilturmadecer-
2556 2837 2558 2849 ν

1389 2843 1442 2908 pit.
1484 2842 1562 2872 Idem
1577 2846 1603 2872 6.
1617 2845 1670 2872 Att.
1684 2853 1710 2872 2.
1732 2843 1839 2873 Habeat
1849 2845 1871 2874 is
1880 2852 1998 2874 turmas:
2022 2855 2070 2873 cur
2080 2845 2175 2882 potius
2185 2854 2268 2881 quarn
2287 2844 2435 2873 cohortes?
2458 2844 2499 2874 Ex
2524 2872 2527 2878 ,

1411 2880 1475 2909 aulo
1487 2881 1622 2910 Manutio.
1646 2881 1768 2911 Fuerunt
1780 2888 1873 2911 autem
1887 2883 2008 2911 militum
2018 2892 2083 2917 420-
2099 2881 2159 2911 aliae
2172 2893 2233 2917 500.
2250 2884 2277 2912 ἃ,
2290 2887 2352 2911 600-
2363 2881 2505 2920 Erantque¹
2518 2897 2519 2900 ι

1391 2917 1421 2946 iri
1434 2918 1555 2953 Legione
1567 2919 1695 2948 cohortes
1716 2929 1757 2949 io.
1801 2919 1830 2948 V.
1846 2919 1916 2957 Lips.
1933 2921 1968 2949 de
1983 2919 2042 2949 ΜΠ.
2055 2920 2105 2949 Ro.
2119 2929 2146 2949 2.
2158 2930 2184 2956 4.

1371 2956 1450 2985 Acies
1458 2957 1626 2986 cohortium.
1649 2957 1738 2987 Tacit.
1752 2967 1775 2992 ς.
1788 2957 1856 2987 Hist.
1870 2963 1911 2992 18.
1936 2957 2090 2987 Pellebatur
2100 2956 2236 2987 sociarum
2244 2956 2403 2987 cohortium
2412 2957 2495 2988 acies.

1371 2993 1550 3031 Tantumque
1563 2994 1630 3024 belli
1645 2992 1778 3031 superfuit
1792 3016 1799 3028 ,
1822 3002 1853 3024 ut
1864 2996 1988 3033 praesidia
1998 2996 2173 3029 cohortium,
2194 2995 2298 3024 alarum
2311 3017 2319 3030 ,
2340 2995 2494 3033 legionum,

1390 3033 1510 3061 modicis
1526 3033 1594 3062 vicis
1610 3032 1812 3070 quadripartita
1824 3032 1924 3062 Civilis
1934 3033 2072 3069 invaserit.
2095 3033 2186 3063 Tacit.
2199 3044 2224 3069 ς.
2240 3033 2307 3062 Hist.
2318 3043 2364 3063 20.
2380 3043 2424 3071 pr.

1370 3068 1484 3099 Robora
1495 3069 1620 3100 class'ium
1630 3093 1637 3104 ,
1658 3071 1762 3099 alarum
1773 3092 1781 3106 ,
1803 3071 1972 3101 cohortium.
1995 3071 2084 3101 Tacit.
2095 3080 2121 3101 2.
2133 3071 2203 3101 Hist.
2215 3073 2260 3108 76.

1370 3107 1460 3136 Alaria
1475 3108 1587 3137 cohors.
1622 3108 1651 3137 V.
1675 3108 1778 3144 illatis,
1799 3109 1829 3137 in
1850 3119 1938 3139 ALA.

1369 3146 1519 3182 Armigeia.
1539 3143 1587 3175 Sil.
1600 3145 1648 3175 lib.
1663 3156 1704 3175 10.
1717 3156 1762 3182 97.

1369 3184 1527 3213 Auxiliaria.
1550 3184 1582 3213 V.
1606 3194 1625 3212 A
1639 3194 1655 3213 u
1665 3193 1684 3212 x
1694 3195 1702 3212 ι
1713 3195 1728 3211 L
1739 3195 1747 3211 1
1759 3194 1776 3212 o
1787 3194 1811 3213 R.
1836 3184 1976 3214 Nimirum
1997 3184 2087 3221 copiae
2100 3184 2257 3219 auxiliares,
2276 3189 2497 3221 quantaecunque

1389 3221 1476 3250 effen:
1487 3244 1494 3255 ,
1518 3230 1654 3258 perpetuo
1666 3222 1694 3250 in
1708 3221 1845 3251 Cohortes
1858 3222 1995 3251 duntaxat
2006 3222 2149 3259 descripta:
2165 3222 2292 3257 fuerunt,
2312 3222 2342 3250 in
2362 3221 2496 3258 Legiones
2548 3253 2550 3258 ¹

1389 3259 1439 3303 soli
1451 3258 1555 3303 milites
1568 3259 1689 3304 Romani
1700 3281 1708 3295 ,
1731 3260 1875 3298 Italicique
1885 3261 1993 3298 generis
2004 3282 2013 3297 ,
2027 3261 2075 3290 nisi
2084 3260 2156 3291 sorte
2167 3260 2276 3290 abusive
2287 3265 2392 3290 nomen
2400 3259 2496 3298 Legio·
2562 3275 2564 3278 >

1368 3299 1755 3365 1³¹21¹1⁸.¹?.⁰iE.¹.t¹s{;..d⁶¹f⁷¹¹ii.eb.
1768 3339 1833 3364 262.

1370 3372 1468 3401 Densae
1479 3373 1616 3402 cohortes.
1647 3373 1679 3402 V.
1704 3383 1723 3401 D
1734 3382 1749 3401 a
1757 3381 1777 3401 N
1786 3382 1798 3402 s
1808 3383 1826 3401 u
1834 3382 1857 3402 s.

1369 3408 1461 3447 lnipia
1473 3410 1633 3447 Gigantum.
1656 3411 1723 3439 Hor.
1735 3420 1761 3440 2.
1774 3410 1864 3439 Carm.
1882 3419 1924 3446 19.
1937 3418 1985 3441 22.

1370 3447 1528 3481 inhonora,
1552 3449 1635 3478 Victa.
1659 3450 1725 3477 Stat.
1741 3458 1782 3477 10.
1795 3448 1887 3478 Theb.
1898 3453 1926 3482 8.

1370 3481 1538 3514 Innumerae.
1560 3484 1627 3516 Stat.
1643 3496 1666 3522 5.
1680 3483 1772 3515 Theb.
1784 3495 1830 3516 21.

1370 3523 1548 3559 Legionariae.
1580 3524 1611 3553 V.
1634 3535 1649 3552 ι,
1661 3534 1702 3553 ac
1712 3535 1719 3552 r
1731 3533 1757 3552 o.

1370 3561 1506 3596 Montana
1517 3561 1616 3590 cohors
1629 3561 1837 3599 Cappadocum.
1859 3559 1962 3591 Lucan.
1973 3559 2019 3590 lib.
2035 3568 2061 3597 7.
2077 3569 2142 3597 2ις.

1370 3598 1530 3628 Numerosa.
1555 3599 1602 3628 Sil.
1615 3596 1662 3628 lib.
1680 3609 1721 3628 11.
1744 3608 1804 3634 ¹92·

1370 3636 1465 3665 Pilata.
1498 3637 1529 3666 V.
1553 3637 1652 3666 Pilatus
1662 3659 1669 3669 .
1691 3637 1720 3665 in
1741 3646 1754 3664 ι’
1765 3647 1799 3665 ιι,
1809 3647 1827 3670 u
1837 3646 1867 3665 Μ.

1370 3672 1506 3703 Praetoriae
1514 3673 1651 3703 cohortes.
1665 3673 1782 3710 Tucim.
1798 3673 1864 3703 Hist.
1873 3684 1885 3708 ς
1892 3683 1916 3707 ς.
1927 3672 2040 3702 Eaedem
2051 3682 2083 3702 ac
2092 3667 2272 3704 Praetoriariae.
2285 3671 2317 3704 V.
2328 3673 2360 3704 in
2366 3679 2488 3705 turon·

1370 3711 1494 3740 Procerae
1503 3712 1609 3741 stabant
1619 3712 1760 3741 Celtarum
1770 3711 1843 3749 signa
1853 3711 1991 3741 cohortes.
2014 3710 2063 3741 Sil.
2076 3710 2124 3742 lib.
2140 3714 2184 3747 ις.
2196 3717 2261 3749 718.

1370 3750 1468 3778 Sociae.
1490 3749 1580 3779 Tacit.
1593 3761 1616 3785 5.
1629 3749 1696 3779 Hist.
1713 3759 1736 3779 1.

1373 3786 1454 3815 Caesa.
1477 3784 1566 3816 Tacit.
1582 3797 1606 3822 3.
1617 3785 1687 3817 Hist.
1700 3797 1744 3824 47.

1372 3824 1489 3853 Corrum
1513 3834 1557 3853 ere
1590 3825 1649 3854 Cic.
1665 3836 1688 3859 ς.
1710 3825 1783 3853 Verr.

1371 3862 1443 3891 Dare
1458 3834 1604 3891 cohortem
1615 3863 1643 3891 in
1656 3862 1819 3899 praesidium.
1842 3856 1933 3890 Tacit.
1945 3871 1972 3897 4.
1986 3860 2055 3890 nist.
2070 3869 2114 3896 35.

1372 3899 1520 3929 Deducere
1532 3900 1659 3929 cohortes
1671 3910 1705 3929 ex
1719 3898 1857 3937 praesidiis.
1899 3898 1929 3928 V.
1951 3908 2018 3928 Diri>
2028 3908 2046 3928 υ
2055 3907 2106 3928 αθ.

1372 3936 1508 3970 Educere.
1529 3937 1593 3968 Caes.
1606 3947 1630 3975 3.
1643 3937 1713 3968 Bell.
1723 3936 1793 3968 Gall.
1804 3939 1849 3967 ²6.
1858 3944 1900 3973 pr.

1623 1286 1758 1322 [πμνύνω,
1782 1287 1905 1323 wadia,
1930 1288 2031 1324 τιμρὲω]
2053 1291 2108 1318 are.
2137 1288 2217 1318 Idem
2240 1289 2317 1327 quod
2334 1289 2508 1321 Honestate:
2550 1309 2551 1313 =
