2641 4187
347 99 379 109 Χ

488 118 1209 172 PR-AEFATI

57 222 155 265 causa
177 233 429 276 argumentum
448 223 614 271 praebuit,
642 232 720 269 quae
746 231 843 258 nunc
865 225 1031 261 omnium
1057 224 1220 260 manibus
1275 227 1298 242 “

16 318 28 330 N
57 283 240 318 teruntur,
267 274 451 312 nonnullis
465 273 571 308 etiam
584 270 703 306 facetis
717 270 892 317 &lepidis
908 299 919 313 ,
948 273 1057 309 veluti
1072 273 1223 308 immor·
1277 275 1286 289 ‘

57 325 118 361 'tali
144 324 195 362 illi
215 326 317 373 operi
342 321 442 371 quod
471 319 600 356 dicitur
628 319 750 363 Epistola
769 319 954 362 obscurorum
980 324 1135 355 virorum.
1159 321 1221 356 ubi
1277 324 1300 338 “

59 373 329 412 Monachorum
347 371 518 408 inscitiam
536 368 650 415 probe
667 369 842 415 exagitat,
871 370 907 405 &
927 369 972 406 de
996 369 1223 417 petulantissi-
1276 372 1299 387 ‘⁶

59 434 124 460 mo
143 423 334 460 hominum
355 430 486 468 grege,
520 416 545 453 si
562 417 610 454 fas
627 414 668 452 fit
686 417 734 453 ita
759 415 876 454 dicere
889 445 899 458 ‚
920 418 995 461 strio
1014 418 1221 464 triumphat,

60 470 130 508 five
150 471 190 509 fit
210 470 413 510 Carmo,
439 466 509 504 five
530 478 575 503 ex
599 465 849 508 familiaribus,
878 467 1064 504 incertum.
1128 466 1224 503 Vide

62 521 149 568 quid
162 520 207 558 de
221 532 259 557 ea
274 530 311 556 re
325 518 519 566 disputatur
544 513 638 563 apud
656 514 778 548 Raelium
802 515 839 550 iii
856 513 943 552 Lex.
969 515 1056 554 Crit.
1072 527 1103 552 v.
1126 516 1225 550 Hoch-
1280 519 1289 534 ‘

58 572 188 618 stratus,-
214 571 336 603 Maimn
350 569 388 604 in
406 567 466 602 vit.
493 563 669 606 Reuchlini5
692 563 841 597 l’laccium
859 564 903 600 de
927 564 1155 613 scriptoribus
1178 563 1225 601 A·

64 630 150 656 non.
178 618 246 655 &c.
273 616 521 655 CAPNIONI
548 612 726 660 adjudicat
745 613 837 648 inter
854 619 992 650 ceteros
1014 617 1045 648 P.
1068 617 1167 658 Jovius
1188 614 1225 650 iii

63 664 211 716 Elogiis.
262 665 341 704 Hos
366 662 579 701 adversarios
598 664 715 699 innuit
735 661 865 704 Erafinus
884 663 921 698 in
947 662 1081 711 Apotli.
1104 665 1227 705 capnia-

64 718 118 752 nis.
169 719 191 735 “
214 714 293 755 ΡΟ.
320 714 390 752 Sed
407 712 568 750 nullusne
591 711 826 748 comitabatur
846 712 971 758 genius
992 711 1128 748 malus?
1154 709 1226 748 BR.

66 767 90 783 “
114 765 194 803 lmo
215 765 372 814 aliquot,
399 770 439 800 ut
460 756 781 799 Franciscanusille
792 759 1032 797 arbitrabatur.
1083 759 1227 801 Procul,
1281 765 1290 779 ‘

64 816 90 832 “
115 815 253 864 inquit,
275 826 295 851 a
313 821 417 861 tergo
438 811 672 861 sequebantur
692 820 772 845 aves
794 807 934 857 aliquot
952 807 1079 857 pennis
1104 815 1229 846 caetera

66 865 90 882 “
115 864 245 912 nigris,
289 862 353 900 nisi
373 861 474 911 quod
491 859 672 908 explicatu
695 858 829 895 alarum
853 858 965 907 gilvas
984 861 1099 896 verius
1121 869 1229 907 quam

66 915 90 931 “
114 912 282 950 candidas
299 913 438 960 plumas
459 908 696 948 ostenderent.
733 906 843 949 picae,
875 909 1012 956 inquit,
1041 908 1231 954 videripo-

66 964 92 981 “
117 969 233 1006 terant
258 962 404 1004 colore,
431 969 542 1001 voce,
578 956 643 995 nisi
666 955 768 1006 quod
790 955 934 1005 singulae
955 958 1109 994 sedecim
1135 958 1231 1004 picas

67 1013 91 1030 ‘⁸
115 1018 296 1061 aequarent
311 1008 558 1059 magnitudine
580 1007 745 1055 corporis
760 1034 771 1048 ,
799 1006 915 1044 nihilo
935 1009 1094 1044 minores
1114 1006 1232 1042 vultu-

66 1062 91 1080 “
114 1062 231 1104 ribuS,
273 1061 410 1099 cristam
444 1058 616 1108 gestantes
648 1057 802 1098 vertice,
837 1056 956 1093 rostris
983 1057 1018 1092 &
1053 1056 1233 1103 unguibus

67 1112 92 1129 “
116 1110 285 1154 aduncis,
310 1116 433 1148 ventre
482 1107 688 1144 rominente
703 1132 713 1147 ,
737 1104 904 1154 Harpyiae
922 1105 1036 1142 videri
1055 1111 1235 1154 poterant,

68 1162 94 1179 “
117 1159 142 1198 si
164 1168 233 1198 tres
253 1159 367 1197 modo
386 1158 434 1194 fui
465 1163 535 1193 ent.
585 1154 663 1194 ΡΟ.
689 1154 791 1200 Quid
814 1154 1056 1192 moliebantur
1073 1155 1142 1192 istae
1167 1154 1237 1192 Fu·

69 1212 93 1228 ‘⁶
116 1209 203 1248 riae?
250 1208 321 1247 BR.
348 1206 503 1248 Procul,
530 1205 672 1254 inquit,
699 1204 953 1252 obstrepebant
973 1204 1078 1241 heroi
1094 1203 1238 1242 Reueh-

69 1261 94 1278 “
117 1259 215 1301 lino,
248 1259 284 1295 &
303 1257 518 1305 impetiturae
535 1254 765 1295 videbantur,
791 1252 817 1290 si
837 1253 993 1290 licuisset.
1003 1257 1021 1272 ’'

481 1305 728 1343 Nicotaus
753 1302 1006 1341 Pi-:iiorius
1036 1303 1240 1342 Saxoserra..

435 1353 540 1394 tensis
553 1381 563 1395 ‚
585 1353 683 1390 claro
693 1363 826 1401 genere
846 1360 964 1395 ortus,
991 1352 1240 1401 Archiepisco-

436 1414 503 1454 pus
523 1403 822 1441 SIPONTINUS
851 1401 914 1449 [a]
958 1409 1063 1450 1458.
1100 1413 1155 1448 17.
1186 1400 1240 1439 O·-

435 1454 528 1492 ἂοῑ).
560 1451 626 1501 [b]
651 1455 673 1470 “
690 1452 808 1489 honio
836 1458 1002 1489 accurato
1026 1452 1175 1500 ingenio
1203 1451 1240 1487 &

70 1345 152 1376 Nrc.
173 1343 395 1379 Panormus,

69 1383 266 1415 Poiwririix
302 1382 356 1412 Sr-

62 1430 277 1463 3311111133.

65 1508 98 1528 ’“
122 1507 276 1546 lenione
299 1506 411 1544 multa
430 1505 608 1542 exercitus
632 1500 724 1549 [c]’'
750 1513 828 1538 11011
855 1502 1038 1538 immerito
1069 1500 1150 1550 post
1171 1503 1241 1534 Tor-
1296 1506 1320 1521 “

70 1557 183 1594 ullium
203 1556 403 1595 Latinitatis
423 1555 531 1593 stator
561 1551 676 1589 videri
708 1550 832 1600 potest
896 1550 1043 1600 Juvenis
1073 1550 1134 1587 ille
1157 1549 1243 1596 Poly*
1296 1555 1320 1570 “

54 1605 158 1642 'bium
175 1606 280 1645 Latio
306 1606 484 1646 donavit,
511 1608 607 1639 tanta
634 1600 810 1649 elegantia
838 1607 1012 1649 tantoque
1036 1601 1174 1641 nitore,
1202 1604 1242 1635 ut.
1297 1605 1322 1620 “

71 1666 187 1696 nemo
206 1656 251 1694 de
263 1656 358 1694 istius
378 1653 492 1692 saeculi
503 1651 756 1699 interpretibus
773 1651 923 1688 verbum
934 1652 1057 1688 fecerit
1069 1647 1243 1699 quiiiPE-
1299 1654 1324 1669 ‘⁶

74 1716 277 1744 ROTTUM
308 1704 470 1743 nostrum
502 1703 605 1739 omni
637 1699 900 1750 praedicationis
930 1712 1062 1748 genere
1084 1697 1244 1736 cumula-
1299 1704 1322 1719 ‘⁶

75 1762 155 1793 tum
174 1756 217 1793 ad
237 1755 363 1793 caelum
382 1753 490 1802 usque
512 1750 690 1788 extulerit.
743 1752 764 1767 ‘⁶
789 1748 930 1788 Exinde
948 1749 1075 1788 Romae
1102 1747 1243 1786 Graecas

77 1808 101 1824 “
128 1805 245 1842 literas
265 1804 439 1854 pertinaci
451 1801 567 1840 studio
588 1798 805 1837 consectatus
832 1797 1041 1846 [Perottus]
1067 1797 1245 1846 fretusque
1300 1803 1324 1818 “

77 1857 101 1874 “
125 1853 326 1893 Bessarione
353 1851 530 1903 generoso
559 1849 780 1891 Maecenate,
822 1848 914 1886 adeo
937 1848 1057 1886 6113616
1079 1847 1246 1884 feliciter·-

77 1907 101 1957 ‘.‘
127 1916 197 1954 que
210 1904 386 1954 profecit,
414 1909 454 1940 ut
470 1901 513 1939 ab
536 1912 581 1937 eo
600 1895 772 1948 Polybius
783 1897 1002 1947 gravissinius
1021 1898 1248 1935 historiarum

77 1956 103 1974 '‘
127 1955 279 2004 scriptor
305 1953 498 1992 Latinitate
529 1949 733 1987 donaretur.
784 1948 874 1986 Non
895 1948 1037 1986 defuere
1056 1953 1178 1984 tamen
1201 1957 1247 1982 ex

78 2007 103 2024 “
128 2005 263 2042 aemulis
303 2005 365 2053 qui
392 2004 465 2050 ejus
493 1998 643 2038 auctoris
676 1998 939 2036 traductionem
972 1995 1246 2045 antiquiffiniam

80 2057 104 2073 “
126 2054 223 2092 fuisse
245 2054 413 2103 furtoque
432 2051 626 2098 surreptam
650 2049 911 2090 existimarunt,
941 2047 1041 2097 quod
1062 2045 1248 2093 Thucydi-

81 2107 106 2123 “
130 2100 234 2146 dem,
260 2103 492 2143 Diodorum,
520 2097 751 2137 Plutarchum
779 2099 816 2135 &
836 2097 1041 2146 Appianum
1058 2095 1247 2133 clarissimo

80 2156 104 2173 “
131 2154 362 2203 ingeniorum
380 2151 575 2190 certamine
594 2148 806 2190 conversos,
833 2158 924 2185 unus
952 2146 1124 2195 Polybius
1148 2156 1249 2193 egre-

83 2207 108 2222 “
132 2205 191 2253 gia
209 2202 279 2240 fide
302 2202 449 2241 Latinus
467 2198 632 2249 aequabili
655 2198 692 2234 86
711 2197 883 2247 praedulci
898 2197 1057 2236 Romani
1076 2196 1248 2233 sermonis

83 2256 108 2273 “
133 2255 285 2303 puritate
307 2251 448 2302 prorsus
469 2248 665 2287 antecedat.
683 2249 701 2264 ’'
747 2247 831 2282 Paul.
851 2250 920 2292 Jov.
947 2248 985 2283 in
997 2245 1101 2295 Elog.
1147 2243 1192 2283 Et
1203 2246 1251 2281 ita

83 2303 155 2341 fere
173 2301 336 2348 Cafizubon.
359 2303 398 2338 in
418 2299 626 2350 praefatione
648 2296 693 2334 ad
713 2295 893 2340 Polybium,-
945 2299 969 2314 ‘⁶
993 2295 1167 2333 Nicolaus
1186 2292 1252 2332 Pe-

83 2356 108 2373 “
135 2359 261 2395 rottus,
281 2351 462 2389 literarum
471 2349 674 2386 Latinarum
685 2374 695 2389 ,
711 2358 797 2396 quas
809 2346 936 2394 perdiu
949 2345 1085 2388 docuit,
1102 2342 1253 2393 exquisi-

85 2406 110 2422 “
136 2410 182 2446 te,
201 2409 239 2440 ut
250 2401 310 2439 illa
324 2407 423 2439 erant
444 2397 706 2447 tempora,suit
726 2398 872 2445 peritus,
900 2396 1030 2432 &cum
1043 2395 1168 2443 primis
1192 2405 1254 2430 cu-

85 2456 108 2472 “
133 2451 244 2491 110133
270 2473 366 2479 —
392 2449 473 2489 Erat
487 2455 656 2497 praeterea
672 2447 710 2484 in
736 2446 811 2484 hoc
827 2447 907 2482 viro
931 2456 1009 2482 non·
1028 2444 1183 2491 vulgaris
1198 2445 1253 2479 in-

87 2506 111 2522 “
137 2502 264 2540 dustria
282 2503 319 2538 in
334 2500 469 2538 Graecis
490 2501 537 2536 ita
556 2496 734 2535 vertendis
747 2525 756 2539 ‚
773 2502 814 2534 ut
832 2494 972 2545 nullum
995 2494 1147 2543 persaepe
1157 2492 1254 2531 Grae-

87 2556 112 2572 “
138 2554 172 2590 ci
194 2552 376 2589 idiomatis
395 2552 433 2588 in
450 2548 576 2588 Latina
595 2549 667 2595 eius
684 2545 845 2584 versione
855 2546 1042 2593 vestigium
1057 2548 1253 2592 appareret,

87 2605 111 2622 “
137 2613 244 2652 quam
263 2599 445 2638 interdum
471 2597 537 2636 esse
560 2609 651 2646 opus
668 2595 812 2635 αὐτοφυὲς
827 2595 944 2637 611633,
971 2606 1049 2631 non
1071 2593 1177 2630 alieni
1200 2594 1255 2629 in-

90 2655 115 2671 “
139 2652 444 2700 terpretationem.
496 2646 612 2694 Quod
632 2646 659 2684 fi
679 2657 743 2694 par
768 2644 855 2682 fides
881 2643 1130 2692 responderet,
1163 2644 1256 2679 inter

91 2705 116 2720 ‘⁴
141 2698 455 2740 exceilentiffimos
471 2697 687 2745 interpretes
703 2702 846 2744 poterat
868 2694 940 2731 fine
964 2693 1075 2730 dubio
1090 2692 1255 2730 Perottus

92 2753 117 2769 ‘⁶
141 2749 321 2789 recenseri.
380 2747 503 2787 Nemo
524 2751 622 2784 enim
645 2745 715 2782 illis
739 2745 964 2793 temporibus
986 2742 1159 2781 Italorum
1182 2747 1257 2778 erat

95 2803 118 2818 “
146 2801 208 2850 qui
229 2799 381 2848 amplius
402 2797 527 2836 Graece
547 2796 649 2833 sciret
665 2806 772 2844 quam
782 2795 842 2831 1116
854 2793 1052 2841 Interpres,
1080 2793 1182 2840 pauci
1196 2791 1258 2840 qui

95 2853 118 2868 “
145 2855 476 2897 tantumpquantum
493 2846 593 2884 ille.'’
647 2844 743 2883 Vide
772 2846 880 2882 etiam
906 2842 1031 2880 eadem
1059 2842 1132 2878 sere
1163 2839 1259 2889 apud

93 2901 188 2934 Huet.
207 2897 251 2935 de
265 2898 359 2936 Clar.
383 2898 571 2944 Interpret.
588 2907 668 2944 pag.
690 2902 769 2940 165.
822 2893 998 2939 Quamvis
1013 2891 1097 2928 alibi
1116 2891 1258 2937 'slonge

93 2948 226 2986 diversa
246 2947 370 2985 sentire
388 2947 432 2985 de
453 2945 611 2984 Pssaor
625 2957 674 2982 TI
694 2944 786 2981 fama
809 2943 980 2980 videatur.
1045 2944 1068 2958 “
1092 2939 1258 2978 Perottus

92 2997 218 3036 Latine
242 2996 388 3046 quidem
411 2997 590 3045 loquitur,
618 2994 677 3032 sed
698 2993 810 3042 longe
828 2993 871 3030 ab
900 2991 1041 3029 auctore
1068 2988 1225 3027 discedit.
1240 2990 1259 3006 ”

91 3045 197 3096 Epist.
215 3059 295 3094 143.
348 3050 372 3065 “
396 3046 474 3084 Scis
494 3056 602 3095 quam
620 3056 698 3081 non
722 3040 1011 3080 contemnendus
1033 3039 1197 3077 Perottus
1207 3037 1258 3075 sit.

97 3101 121 3116 “
147 3098 210 3146 qui
226 3098 300 3139 vir,
321 3094 346 3133 si
365 3095 572 3134 Graecarum
591 3094 773 3131 literarum
789 3092 1043 3140 cognitionem
1066 3087 1257 3129 habuisset,

96 3150 121 3166 “
146 3148 184 3184 in
204 3158 250 3184 eo
278 3158 410 3194 genere
443 3145 642 3193 scriptionis
661 3154 756 3191 pene
783 3141 874 3178 mihi
893 3151 1042 3189 regnare
1062 3138 1260 3175 videretur:

97 3199 120 3216 “
147 3195 204 3234 sed
224 3195 352 3233 rudem
375 3193 471 3232 fuisse
490 3196 527 3227 τέ
543 3192 712 3235 ‘amn-tw&
730 3191 848 3239 reapse
873 3187 1189 3238 deprehendimus,
1215 3185 1263 3223 fic

96 3249 121 3265 “
147 3253 268 3284 tamen
281 3251 322 3283 ut
337 3243 382 3278 τὶν
407 3241 616 3287 καλσκᾳγαθὸν
633 3241 861 3282 Musculum,
889 3241 951 3290 qui
971 3239 1170 3286 fragmenta
1188 3247 1265 3274 ver-

134 3333 199 3378 [J]
219 3330 399 3369 Archevesqae
409 3330 439 3359 de
449 3328 631 3368 Manfredonia
639 3348 648 3365 ‚
670 3336 702 3357 ou
711 3337 728 3356 a
735 3326 776 3356 en‘
785 3325 910 3366 transferi
921 3326 944 3354 le
958 3326 1024 3362 Siege
1034 3324 1063 3352 de
1075 3325 1182 3361 Siponto.
1201 3321 1265 3353 Me.

46 3385 57 3391 *
97 3380 194 3409 nagius
209 3371 246 3400 ad
260 3369 368 3400 Baillet.

136 3408 174 3446 [b
183 3409 200 3444 ]
219 3409 260 3438 Ex
271 3406 414 3446 Ughellio.

137 3447 201 3484 [c]
221 3446 310 3476 Verba
327 3445 391 3475 sui-it
404 3445 481 3473 Alex.
491 3443 523 3472 ab
535 3443 613 3473 Alex.
626 3441 736 3473 Geniai.
749 3440 823 3473 Dier.
835 3450 863 3477 4.
877 3448 924 3470 21.

137 3485 179 3521 [d
185 3485 199 3521 ]
220 3484 407 3515 Solummodo
421 3481 556 3512 Martialis
566 3479 670 3511 librum
680 3482 802 3519 primum
817 3476 1029 3508 commentariis
1038 3475 1114 3506 hisce
1125 3473 1266 3512 exposuit,

101 3522 220 3553 alterum
230 3522 336 3553 deinde
345 3521 504 3556 additurus,
516 3520 544 3549 in
556 3520 656 3557 quibus
666 3525 757 3549 totam
770 3518 803 3549 R.
815 3517 844 3547 L.
856 3516 996 3547 rationem
1009 3514 1055 3544 sibi
1069 3513 1268 3551 complexurus
1323 3515 1345 3530 “

102 3560 256 3591 videbatur.
292 3560 333 3591 Ita
341 3558 488 3598 profitetur
508 3559 634 3588 Autorin
645 3557 724 3587 calce
744 3566 761 3586 o
783 3556 853 3585 eris:
877 3555 898 3570 “
919 3552 1031 3588 Habes,
1045 3551 1178 3582 Federice
1195 3551 1270 3590 prin-

103 3599 120 3616 ‘¹
143 3609 219 3644 ceps,
238 3597 502 3637 interpretationem
515 3595 684 3634 primilibri,
699 3605 754 3633 quo
787 3594 826 3624 est
840 3591 960 3624 univerfi
971 3591 1064 3630 operis
1078 3590 1105 3620 δι
1115 3591 1201 3620 totius
1212 3589 1270 3620 fere
1325 3592 1344 3606 ‘⁴

104 3637 124 3653 “
145 3635 249 3668 Latinae
258 3637 371 3674 Linguae
381 3635 541 3666 dimidium.
1147 3652 1150 3655 .
1239 3664 1246 3671 .

142 3674 200 3712 [e]
221 3677 241 3691 “
260 3675 458 3713 Properantem
470 3679 564 3703 autem
578 3677 691 3702 metam
700 3670 858 3709 expetitum
871 3676 904 3699 36
915 3667 1100 3699 desideratum
1110 3675 1181 3704 opus
1190 3670 1272 3695 emit-

54 3743 63 3751 χ
104 3715 125 3730 “
145 3712 295 3750 tere,illud
306 3713 393 3751 magis
406 3722 438 3742 ac
447 3712 533 3749 magis
541 3710 673 3741 accendit
683 3716 767 3747 atque
775 3707 933 3738 inflammat
944 3706 1021 3744 quod
1033 3704 1126 3734 nescio
1135 3713 1219 3741 quem
1231 3703 1272 3733 vi-

104 3753 126 3768 “
145 3751 275 3783 lissimum
281 3751 466 3790 paedagogum
476 3759 534 3779 non
547 3748 650 3787 puduit
657 3757 757 3786 nuper,
773 3753 803 3777 ut
815 3746 853 3776 est
861 3745 989 3775 omnium
1003 3741 1271 3782 impudentissimus,

104 3791 125 3806 “
165 3790 287 3828 lerasque
296 3789 444 3819 sententias
457 3798 472 3818 e
483 3787 599 3818 sacrario
619 3787 708 3825 patrui
719 3785 777 3816 mei
787 3785 908 3821 sumptas
926 3782 1025 3817 (hunc
1039 3781 1116 3810 enim
1133 3779 1273 3809 humanis-

103 3829 126 3846 “
141 3801 207 3860 sime
222 3828 330 3865 semper
338 3826 470 3857 omnibus
485 3826 642 3863 expositum
656 3824 734 3854 adire
744 3824 876 3860 frequens
891 3820 1017 3850 discendi
1039 3819 1126 3856 gratia
1145 3817 1272 3852 solebat)

138 3877 396 3955 ἷῒιῦῗὲὸὲἓηυιῖἦε
408 3912 545 3944 citabatur
555 3920 605 3950 per
625 3916 717 3941 totum
731 3909 788 3938 hoc
797 3908 922 3939 Lexicon
941 3907 1077 3937 Perottus.
1100 3905 1186 3942 Quod
1203 3915 1268 3935 cum

104 3965 158 3986 nec
169 3954 312 3994 proprium
325 3952 409 3990 ipsius
419 3973 428 3987 ‚
449 3960 504 3981 nec
513 3950 635 3988 patrium
646 3956 752 3977 nomen
764 3946 810 3982 sit,
829 3946 922 3984 aptius
938 3944 1026 3974 visum
1044 3944 1082 3973 est
1093 3965 1101 3979 ‚
1123 3945 1270 3974 indicante

107 4003 219 4034 quoque
231 3991 358 4025 Heniico
377 3989 541 4029 Stephano,
562 3996 661 4019 verum
671 3985 756 4025 ipsius
764 3990 871 4016 nomen
888 3983 993 4022 ubique
1001 3981 1172 4016 substituere.
1218 3981 1271 4013 Ce-

1278 122 1327 172 O
1395 121 1519 176 Edit.
1550 123 1747 179 Londin.
1774 148 1793 184 1
1809 143 1846 198 7
1858 143 1885 198 3
1898 143 1943 200 5.

1291 276 1301 289 ς
1325 227 1365 262 tit
1386 228 1505 264 multis
1525 230 1719 278 parasangis
1742 237 1900 272 anteiret.
1913 239 1930 252 '⁵

1328 275 1389 329 bio
1410 276 1472 312 scis
1502 290 1560 333 iiie
1587 291 1684 316 nunc
1710 280 1796 324 esse,
1838 286 1936 330 cujus
1967 288 2163 328 versionem
2193 303 2238 329 ne
2257 306 2314 331 me
2350 291 2431 343 poe-

1326 331 1436 378 niteat
1462 326 1556 382 fuisse
1583 328 1803 385 aggressum,
1839 331 1973 371 Perotti
2004 337 2094 374 inter
2122 341 2204 377 retis
2229 342 2364 380 fatuitas
2384 346 2432 381 13-

1277 422 1300 437 n
1325 378 1394 427 cit,
1422 385 1480 419 qui
1499 375 1596 431 mille
1616 378 1767 425 amphus
1790 381 1881 418 locis
1896 384 2024 421 omisso
2045 351 2197 436 Posybio
2210 389 2351 429 Livium
2372 393 2416 430 de

1280 471 1304 486 ‘c
1326 420 1456 476 scripsit
1474 424 1597 480 nobis,
1623 438 1730 482 quare
1748 431 1878 467 merito
1897 432 1974 469 Itali
1994 436 2043 470 tui
2068 435 2293 476 Latinitatem
2313 418 2434 481 homi:

1294 519 1303 533 c
1330 479 1384 525 nis
1406 470 1483 525 sunt
1506 471 1685 515 admirati,
1711 477 1768 514 scd
1790 478 1834 516 de
1851 479 1921 517 fide
1940 481 2034 519 illius
2088 487 2160 522 uod
2185 489 2351 535 praedicat
2369 490 2433 539 Jo-

1281 568 1303 583 ις
1329 529 1411 603 ἒὲιιιῧ
1421 518 1724 615 (111ιέ1)ῖίᾱᾶαὲξέυο
1746 529 1890 614 31111111ἷοῖ
1913 530 2044 616 lradsfflr
2062 496 2099 570 ἓ(
2114 535 2342 575 vehementer
2356 542 2434 588 qui-

1574 597 1580 605 .
1671 578 1875 615 .“uta
1920 581 2138 617 uiem'‘
2235 588 2299 593 ’“

1282 617 1306 632 “
1330 615 1489 663 periodis
1519 616 1681 655 Perottus
1706 583 2436 677 perperamqinterprggaiilnrgiilishilerceoffi:

1279 671 1381 731 ii‘ient
1403 665 1446 700 ad
1469 664 1566 712 Posyb.
1609 670 1631 685 “
1650 668 1873 712 Ashrmamus
1894 676 2079 717 Perottum
2096 692 2114 716 a
2134 682 2246 719 fidelis
2262 684 2436 733 Interpre-

1294 766 1303 780 ε
1330 720 1372 769 tis
1392 713 1495 750 laude
1511 721 1647 770 tantum
1660 718 1770 755 abesse
1782 731 1951 770 quantum
1961 730 2021 776 qui
2034 728 2235 778 longissime
2251 753 2321 759 ——
2343 734 2436 772 Om-

1282 813 1306 828 κ
1331 774 1419 818 nino
1439 763 1600 810 praelium
1623 765 1761 821 nullum
1775 797 1785 810 ,
1813 771 1945 811 facinus
1966 775 2117 816 militare
2139 780 2279 818 nullum
2299 794 2317 818 a
2333 782 2439 827 Poly-

1332 811 1394 848 bio
1414 811 1526 848 fuerat
1545 812 1652 860 paulo
1677 814 1881 863 diligentius
1906 833 2080 863 narratum
2099 855 2109 870 ,
2143 831 2180 866 in
2197 841 2270 878 quo
2286 828 2440 878 gravissi-

1284 862 1308 926 Z
1332 871 1391 945 pm
1414 861 1450 897 &
1472 863 1652 915 momenti
1675 867 1823 903 maXimi
1842 879 1985 916 peccata
2003 875 2126 913 abhoc
2147 878 2343 927 Interprete
2363 894 2441 920 11011

1347 915 1400 945 mt
1418 907 1570 946 ad¹¹¹¹ffi³⁵
1585 913 1602 927 ”
1641 908 1738 949 Pfaef·
1757 915 1801 951 ad
1819 917 1917 963 POst·
1970 923 1992 939 “
2011 922 2101 969 Qiis
2113 926 2198 963 serat
2216 927 2327 976 longe
2348 931 2441 968 adeo

1286 960 1310 975 “
1335 959 1378 1014 ab
1393 958 1544 1014 auctoris
1567 958 1617 1014 sui
1637 961 1753 998 verbis
1785 963 2023 1006 discedentem
2037 998 2046 1013 ‚
2084 982 2142 1010 aut
2160 979 2236 1023 quis
2262 990 2306 1014 ne
2335 987 2369 1016 et
2382 980 2426 1018 fla

1286 1008 1312 1075 ἶ
1336 1014 1466 1064 gitium
1486 1006 1552 1044 esse
1565 1007 1701 1063 insigne
1713 1017 1769 1048 tot
1781 1012 1871 1051 locis
1889 1018 2016 1060 verba,
2042 1023 2210 1067 periodos
2228 991 2332 1075 atqu{
2351 1002 2445 1066 adeo

1291 1109 1300 1123 ‹
1340 1068 1528 1113 pericopas
1561 1064 1716 1115 integras
1751 1072 1771 1097 e
1806 1061 1911 1101 Livio
1941 1066 2159 1116 desumpsisse
2193 1074 2229 1109 &
2256 1075 2447 1116 lectoribus

1306 1109 1315 1124 ⁶
1344 1105 1476 1164 Graecae
1493 1106 1623 1162 linguae
1643 1112 1818 1166 imperitis
1837 1114 2017 1153 obtrusiffe
2036 1127 2104 1164 pro
2122 1117 2346 1169 Polybianis‘?
2373 1127 2448 1164 Ubi

1290 1158 1314 1223 :Z
1339 1155 1452 1212 sides?
1478 1154 1551 1212 13111
1564 1155 1708 1203 pudor!
1733 1159 1774 1197 In
1794 1168 1889 1199 tanta
1903 1165 2011 1212 igitur
2030 1178 2191 1205 errorum
2211 1177 2328 1210 omnis
2339 1187 2448 1222 gene-

1340 1217 1386 1242 113
1403 1216 1509 1262 copia
1529 1203 1665 1261 singula
1683 1208 1775 1245 velle
1793 1211 1955 1261 persequi
1973 1215 2072 1262 quod
2088 1219 2289 1264 petiverunt
2309 1235 2326 1258 a
2343 1226 2449 1262 nobis

1290 1257 1316 1323 :Z
1338 1254 1525 1312 nonnulli,
1553 1265 1626 1301 ejus
1639 1254 1679 1293 fit
1692 1257 1852 1305 hominis
1867 1263 1929 1311 qui
1955 1262 2081 1308 (vetus
2102 1265 2259 1313 dissum)
2282 1272 2365 1309 velit
2381 1275 2451 1310 tol-

1342 1304 1417 1341 lere
1430 1316 1468 1362 in
1480 1304 1577 1360 lente
1591 1314 1826 1363 unguentum.
1838 1312 1856 1327 '²
1905 1310 1956 1349 Id.
1971 1313 2055 1350 ibid.
2080 1314 2246 1354 Attamen
2265 1331 2339 1356 non
2359 1323 2451 1360 solus

1293 1362 1367 1412 erat
1390 1357 1498 1399 Jovius
1517 1365 1555 1390 in
1574 1364 1758 1413 praeconio
1771 1357 1874 1405 hujus
1893 1358 2110 1410 Interpretis.
2161 1365 2380 1416 Adjungatur
2398 1376 2452 1406 Sa-

1292 1404 1409 1439 bellicus
1426 1402 1471 1460 de
1487 1401 1529 1440 L.
1539 1401 1579 1440 L.
1597 1412 1842 1459 reparatione;
1892 1412 1917 1429 “
1939 1410 2112 1450 Nicolaus
2123 1425 2208 1452 vero
2226 1416 2389 1455 Perottus
2403 1420 2456 1457 Si-

1295 1456 1321 1471 “
1347 1460 1521 1510 pontini-is
1536 1453 1782 1511 antistes-post
1800 1455 2052 1504 Laurentium,
2079 1474 2188 1511 quem
2211 1465 2455 1506 velutHome-

1347 1514 1462 1559 rreum
1489 1501 1592 1538 illum
1606 1502 1786 1560 Achillem
1808 1505 1946 1556 semper
1969 1513 2224 1559 excipiendum
2244 1515 2330 1552 duxi
2378 1530 2457 1554 om-

1347 1564 1449 1589 nium
1471 1563 1563 1600 quos
1582 1551 1739 1590 diximus
1763 1554 1898 1593 Latinae
1921 1559 2103 1608 elegantiae
2129 1561 2241 1611 longe
2265 1545 2459 1604 studiosissi-

1349 1613 1427 1658 mus
1449 1600 1586 1658 semper
1603 1602 1763 1641 habetur.
1824 1605 1926 1644 Nihil
1948 1607 2052 1656 ipsius
2073 1610 2228 1660 Polybio
2257 1615 2457 1659 candidius,

1348 1651 1450 1708 nihil·
1467 1662 1584 1688 minus
1612 1651 1853 1698 elaboratum,
1890 1668 2004 1706 quum
2034 1659 2302 1701 elaboratissima
2326 1665 2462 1714 alioqui

1329 1712 1472 1758 ¹omnia
1493 1709 1696 1759 appareant.
1707 1705 1725 1720 ’³
1788 1703 1928 1741 Andreas
1946 1709 2032 1745 item
2061 1709 2223 1745 nazoreum
2241 1714 2279 1749 in
2309 1714 2462 1753 additio-

1297 1752 1403 1790 nibus
1424 1750 1468 1787 ad
1490 1753 1683 1797 Ctacomum3
1733 1754 1756 1770 “
1780 1751 1928 1801 Juvenis
1947 1763 2021 1794 erat
2043 1756 2216 1797 Nicolaus
2226 1760 2388 1800 Perottus
2404 1764 2463 1801 Sa-

1350 1797 1623 1857 xoserratensi83
1651 1800 1748 1838 claro
1775 1810 1874 1841 ortus
1895 1817 2028 1853 genere
2048 1819 2133 1845 cum
2162 1808 2228 1847 Pol
2256 1811 2354 1849 bium
2371 1811 2465 1850 Lati-

1301 1853 1324 1868 “
1349 1857 1460 1906 nitate
1475 1849 1645 1906 donavit:
1671 1851 1736 1887 fuit
1754 1852 1783 1888 is
1803 1852 1934 1892 deinde
1962 1856 2181 1895 eruditissimi
2239 1861 2310 1898 ard.
2336 1861 2467 1900 Picaeni

1301 1902 1326 1918 “
1350 1899 1531 1938 familiaris
1549 1910 1656 1947 quem
1677 1901 1768 1938 veris
1797 1901 1961 1941 laudibus
1989 1906 2201 1950 celebravit,
2237 1910 2274 1946 &
2291 1913 2389 1957 cujus
2415 1913 2467 1948 vi-

1300 1952 1324 1968 “
1350 1957 1443 2006 tam,
1473 1947 1702 2005 desideratam
1724 1957 1856 1995 tamen,
1872 1953 1943 1991 fuse
1962 1955 2189 2004 conscripsit:
2217 1959 2283 1996 alia
2304 1972 2349 1997 ex
2368 1959 2467 1998 Grae-

1300 2002 1325 2018 ‘⁶
1349 2011 1398 2036 cis
1415 1998 1574 2035 fontibus
1598 1998 1643 2035 ad
1659 1997 1806 2037 Latinos
1830 2002 1927 2040 idem
1947 2004 2149 2048 transmisit,
2185 2018 2262 2054 quae
2283 2021 2354 2057 ego
2371 2009 2467 2058 apud

1303 2052 1327 2067 “
1352 2049 1581 2097 Torquatum
1600 2046 1787 2107 Perottum
1810 2053 1985 2100 majorem
2010 2052 2146 2092 Urbani
2165 2055 2258 2094 VIII.
2285 2057 2468 2096 Pontificis

1303 2101 1326 2117 “
1352 2097 1646 2154 Capellanum&
1668 2098 1935 2139 Cubicularium
1947 2104 2113 2141 intimum
2126 2133 2135 2147 ‚
2147 2117 2292 2144 necnon
2305 2108 2370 2145 alia
2385 2109 2469 2155 6131-

1304 2151 1329 2167 “
1352 2148 1436 2185 (16111
1463 2146 1646 2203 Sipontini
1674 2148 1960 2200 Archiepiscopi,
1980 2152 2183 2191 Martialem
2203 2159 2381 2205 praecipue
2409 2171 2465 2195 ca-

1304 2201 1328 2216 “
1353 2197 1451 2234 lamo
1477 2197 1520 2234 ab
1550 2196 1627 2253 ipso
1656 2206 1837 2237 exaratum
1865 2201 1902 2237 &
1922 2201 2068 2240 eruditis
2096 2202 2238 2242 scholiis
2262 2207 2470 2244 illustratum

1305 2251 1328 2266 “
1354 2246 1433 2285 MS.
1453 2246 1582 2294 aspexi..
1597 2249 1615 2263 '’
1677 2246 1721 2285 Et
1749 2249 1910 2294 Franciscus
1942 2251 2074 2286 floridus
2095 2252 2222 2288 sabinus
2248 2257 2285 2292 in
2311 2257 2467 2305 Apolog.

1303 2296 1344 2355 L.
1358 2296 1398 2335 L.
1409 2307 1444 2352 p.
1465 2309 1478 2333 1
1490 2308 1503 2332 1
1515 2308 1544 2332 1.
1595 2294 1883 2336 Differtiffinium
1909 2301 1995 2337 item
2012 2303 2129 2338 virum
2145 2304 2299 2351 appellat
2314 2306 2469 2350 Philelphus

1306 2359 1345 2384 in
1363 2344 1520 2394 Epistola
1538 2343 1582 2381 ad
1600 2345 1760 2381 Albertum
1779 2351 1967 2384 Zancarium.
2025 2350 2071 2388 At
2092 2352 2192 2400 quod
2212 2365 2229 2389 a
2254 2355 2358 2391 nobis
2384 2367 2471 2403 prae-

1305 2395 1501 2433 dicandum
1524 2396 1637 2442 magis
1652 2422 1662 2437 ,
1686 2398 1823 2444 primus
1841 2404 1914 2435 erat
1933 2398 1993 2436 ille
2009 2401 2163 2447 purioris
2181 2402 2311 2451 linguae
2337 2404 2471 2442 Latina:

1306 2445 1440 2481 colleaor.
1489 2443 1589 2500 Nam
1611 2444 1656 2481 ad
1674 2445 1872 2484 studiorum
1900 2448 2092 2496 puerilium
2119 2450 2309 2490 utilitatem
2341 2457 2472 2488 Martia-

1308 2495 1366 2552 lerfi
1384 2492 1603 2552 amplissimis
1626 2493 1782 2550 scholiis,
1806 2507 1883 2545 quae
1901 2495 2202 2547 Cornu-Copiam
2220 2502 2388 2550 appellari
2411 2515 2472 2539 vo-

1307 2545 1394 2601 luit,
1421 2544 1623 2584 illustravit,
1648 2556 1686 2581 in
1707 2546 1835 2594 quibus
1853 2545 1984 2595 linguae
2002 2546 2136 2585 Latinae
2163 2552 2340 2588 rationem
2359 2563 2474 2599 expo-

1309 2594 1395 2636 suit,
1422 2594 1618 2630 verborum
1652 2593 1752 2631 usum
1787 2595 1824 2632 &
1857 2597 2116 2644 proprietatem
2139 2599 2331 2643 indicavit,
2356 2602 2474 2638 indice

1310 2644 1532 2693 postremum
1551 2641 1766 2698 siugularum
1786 2644 1985 2682 dstfionum
2012 2646 2262 2695 locupletavit,
2289 2658 2328 2687 ut
2349 2657 2474 2698 praeter

1312 2694 1576 2733 Commentarii
1599 2694 1799 2736 rationem,
1827 2695 1905 2741 justi
1925 2704 2072 2745 quoque
2082 2696 2207 2735 Lexici
2229 2701 2322 2736 vices
2342 2700 2474 2747 praesta-

1312 2756 1350 2780 re
1369 2741 1511 2791 possent
1529 2769 1553 2798 ,.
1565 2751 1652 2789 quas
1669 2742 1731 2780 diu
1750 2745 1857 2780 etiam
1874 2745 2071 2792 praestitere.
2125 2745 2230 2794 Opus
2244 2749 2316 2786 hoc
2339 2748 2475 2796 aggres-

1313 2793 1366 2830 sus
1387 2792 1435 2829 est
1460 2790 1673 2829 dottiffimus
1704 2791 1827 2830 Praesul
1850 2793 1994 2831 hortatu
2029 2797 2186 2833 maxime
2206 2801 2349 2842 Pomponii
2372 2801 2476 2832 Fortu.

1313 2846 1388 2899 frati,
1400 2840 1601 2878 absolutum
1626 2840 1690 2887 [d]
1715 2842 1914 2880 veroedere
1929 2844 2049 2881 noluit
2059 2846 2355 2893 propterAutoris
2367 2857 2475 2894 quem

1313 2891 1483 2929 illustrare
1507 2890 1699 2946 susceperat
1720 2891 1923 2940 spurcitiem
1941 2893 1978 2929 &
1995 2894 2275 2932 obscoenitatem.
2301 2895 2376 2933 Diu
2386 2906 2474 2943 ergo

1315 2940 1410 2989 apud
1433 2940 1466 2977 se
1482 2940 1585 2996 domi
1606 2938 1743 2987 pressit,
1770 2941 1829 2978 sed
1850 2953 1919 2990 qua
1948 2949 2021 2979 erat
2049 2943 2267 2981 humanitate
2285 2972 2294 2986 ,
2320 2944 2475 2981 ineditos

1316 2996 1598 3045 commentarios
1617 2989 1740 3027 multis
1757 2989 1976 3039 usurpandos
2004 2992 2119 3034 dedit,
2147 2993 2240 3030 unde
2260 2993 2385 3030 fastum
2415 2993 2475 3034 est,

1315 3047 1357 3078 ut
1391 3039 1519 3088 quibus
1554 3036 1597 3086 [e]
1632 3036 1848 3078 Pmom
1874 3041 1964 3077 fania
1992 3043 2028 3078 &
2053 3042 2264 3079 existimatio
2293 3053 2371 3079 cara
2404 3049 2478 3079 erat

1315 3095 1466 3145 propter
1485 3087 1596 3144 multa
1613 3099 1658 3125 ex
1677 3089 1718 3126 iis
1741 3091 2008 3127 commentariis
2028 3091 2186 3138 subrepta
2214 3092 2250 3127 &
2275 3091 2336 3128 sub
2359 3091 2477 3128 alieno

1316 3150 1468 3196 nomine
1489 3136 1620 3183 jadiatzn
1641 3136 1748 3176 Sxeo
1761 3149 1907 3176 NT1N1
1930 3141 1975 3184 ††
1988 3141 2094 3176 nostri
2113 3139 2322 3187 posthumos
2340 3141 2478 3177 labores

1319 3201 1359 3226 in
1383 3187 1504 3225 lucem
1520 3186 1677 3224 ederent.
1727 3187 1761 3226 Is
1786 3194 1860 3226 erat
1878 3188 2001 3236 [gyrrhus
2029 3188 2066 3226 N
2073 3200 2233 3226 rcotAi
2261 3189 2480 3228 Panorrr

1915 3238 1937 3274 b
1963 3248 1987 3277 2

1319 3324 1496 3368 “tanquam
1514 3322 1575 3353 suas
1594 3329 1745 3366 promere,
1760 3322 1787 3352 8r
1802 3327 1859 3351 tam
1877 3322 2014 3360 praeclaris
2033 3323 2154 3354 inventis
2173 3323 2412 3361 impudentissime
2424 3325 2482 3358 elo-

1321 3363 1343 3378 “
1363 3364 1438 3393 11311.
1480 3360 1597 3391 Ν3113111
1610 3370 1687 3390 6111111
1698 3360 1813 3390 ultionis
1822 3370 1910 3398 genus
1921 3362 1950 3390 in
1963 3361 2036 3391 113116
2059 3362 2179 3391 belluam
2191 3363 2399 3399 accomodatius
2420 3362 2481 3392 fore

1321 3401 1342 3416 “
1361 3400 1488 3430 existimo
1499 3408 1582 3437 quam
1593 3406 1625 3428 ut
1631 3407 1729 3428 omnes
1740 3398 1793 3428 hac
1804 3398 1893 3428 nostra
1908 3399 2032 3428 editione
2042 3399 2115 3430 illius
2132 3399 2203 3430 furta
2215 3400 2259 3429 vel
2271 3402 2363 3437 potius
2374 3399 2482 3430 sacrile-

1322 3439 1345 3492 :t
1365 3439 1408 3506 (giia
1429 3435 1630 3486 recogn-escant
1642 3437 1666 3466 81
1676 3436 1798 3465 hominis
1812 3437 2007 3472 temeritatem,
2019 3437 2107 3467 scelus
2119 3438 2404 3475 ingratitudinemque
2415 3448 2482 3466 con.

1386 3483 1510 3506 emnent.

2350 3251 2477 3288 nepos,

1578 3474 1691 3505 Deinde
1707 3474 1804 3512 paucis
1826 3474 1994 3510 interjectis:
2028 3476 2048 3489 ‘⁴
2070 3475 2168 3513 Neque
2181 3477 2257 3504 enim
2269 3475 2383 3510 recuso,
2404 3475 2423 3504 si
2443 3476 2482 3505 ita

1366 3524 1408 3544 res
1424 3515 1493 3544 ferat
1505 3535 1513 3549 ‚
1535 3511 1719 3550 poenasluere
1730 3511 1764 3541 ad
1775 3510 1994 3541 honestiffimum
2007 3512 2112 3542 factum
2126 3535 2133 3549 ‚
2159 3515 2185 3542 ἃ
2195 3513 2284 3542 subire
2294 3514 2395 3551 optimi
2412 3513 2482 3542 Pon-

1323 3553 1344 3568 “
1366 3552 1448 3582 tificis
1464 3550 1689 3589 qualemcunque
1707 3549 1931 3587 indignationem
1949 3550 2044 3585 malo,
2065 3559 2147 3587 quam
2161 3559 2208 3580 aut
2222 3551 2431 3587 hancinjuriam
2444 3551 2482 3580 fa.

1365 3600 1429 3620 cere
1445 3588 1683 3619 lucubrationibus
1705 3587 1764 3622 ejus
1777 3593 1808 3615 ut
1819 3586 1923 3615 diutius
1936 3587 1965 3616 in
1987 3588 2109 3618 tenebris
2121 3589 2249 3625 jaceant,
2267 3596 2317 3618 aut
2335 3590 2408 3618 hanc
2425 3588 2483 3625 glo.

1324 3629 1344 3644 ‘⁶
1365 3629 1434 3658 riam
1449 3628 1605 3664 relinquere
1616 3624 1801 3668 sordidissjmo
1812 3623 1965 3662 paedagogo
1975 3646 1983 3661 ,
1993 3632 2024 3655 nt
2035 3626 2153 3655 aliorum
2169 3627 2284 3656 inventa
2293 3626 2343 3655 sibi
2354 3626 2482 3662 ascribat,

1324 3668 1346 3681 “
1366 3673 1414 3695 aut
1428 3673 1470 3695 tot
1479 3665 1651 3695 eruditorum
1664 3663 1811 3691 hominum
1828 3670 1933 3698 preces,
1948 3663 2092 3699 defideria,
2105 3670 2169 3693 vota
2179 3671 2363 3693 contemnere
2373 3686 2380 3699 ‚
2393 3674 2427 3693 ne
2440 3664 2482 3692 di-

1327 3705 1349 3720 “
1369 3713 1429 3734 cam
1440 3709 1608 3741 perpetuum
1618 3700 1770 3739 posteritati
1789 3699 1924 3729 damnum
1939 3701 2049 3731 inferre.
2065 3702 2081 3713 ’'
2121 3702 2206 3739 Pyrrhi
2226 3703 2338 3738 nepotis
2356 3702 2482 3739 praefatio

1328 3743 1363 3772 ad
1375 3743 1512 3769 Pederimm
1529 3739 1640 3769 duceni.
1676 3737 1728 3767 Ille
1739 3746 1823 3773 quem
1833 3744 1916 3767 vexat
1941 3738 2045 3775 Pyrrhus
2057 3739 2084 3768 in
2104 3739 2266 3777 praefatione
2283 3746 2340 3769 erat
2360 3741 2484 3767 Domitiae

1329 3781 1478 3808 Calderimaes
1487 3786 1609 3815 quocum
1619 3775 1720 3805 multas
1729 3777 1755 3804 &
1769 3774 1874 3804 severas
1884 3776 2046 3806 inimicitias
2058 3777 2184 3807 exercuit
2201 3777 2227 3807 N
2237 3787 2247 3806 i
2258 3786 2276 3806 c
2286 3787 2304 3806 o
2313 3788 2330 3806 1,
2341 3787 2362 3806 A
2372 3787 2389 3807 u
2398 3787 2410 3806 s
2429 3777 2448 3806 P
2456 3786 2483 3806 ri*

1332 3828 1348 3847 R
1358 3828 1374 3846 ο
1385 3827 1404 3846 T
1415 3826 1435 3845 T
1443 3826 1462 3845 υ
1472 3826 1494 3846 s.
1518 3815 1577 3844 Vid.
1596 3815 1645 3841 Bal.
1656 3814 1686 3842 in
1697 3812 1801 3842 Lexico
1813 3812 1926 3843 critico.

1322 3868 1430 3897 terumi
1453 3865 1512 3894 sum
1529 3863 1785 3905 sipontinum-pso
1798 3862 2025 3901 Archiepiscopo,
2039 3862 2212 3896 Pontificem,
2222 3870 2253 3891 ut
2264 3862 2345 3899 supra
2356 3863 2444 3899 posui,
2455 3863 2485 3890 in

1322 3904 1406 3935 titulo
1445 3912 1516 3932 ornu
1533 3902 1623 3938 copiae
1642 3921 1651 3935 ‚
1673 3898 1829 3942 Latinitatis
1848 3901 1968 3937 purioris
1987 3900 2094 3937 studio,
2115 3899 2234 3938 Pyrrhus
2252 3909 2341 3938 nepos
2352 3899 2485 3938 appellari

1325 3943 1430 3976 volum
1447 3950 1482 3970 ne
1494 3940 1555 3976 quis
1567 3945 1672 3969 temere
1682 3937 1822 3973 adjectum
1834 3944 1924 3976 putet.
