2604 4222
215 135 285 178 426
684 125 712 159 C
803 127 830 159 A
921 121 945 154 Ρ

253 214 396 245 Pallorem.
419 210 555 243 Columel.
565 208 669 238 lib.12.
679 215 738 242 cap.
751 213 793 238 ςο.
1050 235 1056 240 .

254 253 339 282 Pavor
348 252 421 288 cepit
433 250 584 279 civitatem.
625 244 680 273 Liv.
696 254 719 278 ς.
732 240 798 271 Bell.
810 240 877 270 Puri.
899 238 1000 275 Ingens
1011 234 1124 272 quidem
1142 233 1168 262 ἀ
1179 230 1270 260 Iustus
1281 229 1307 259 δι
1317 237 1363 266 pa-

272 301 321 319 vor
335 290 474 318 civitatem
488 286 573 323 cepit.
1063 310 1068 314 Ι
1161 307 1166 312 .
1210 306 1216 312 ἢ
1238 305 1244 311 -

254 328 418 358 Pecuniam:
441 324 488 353 ubi
500 324 588 360 agitur
598 320 633 349 de
644 319 746 356 rapina.
769 315 827 345 Cic.
842 322 865 349 3.
878 312 952 341 Verr.
971 320 1012 339 10.
1035 309 1083 339 His
1094 317 1147 346 ego
1157 305 1297 343 judicibus
1306 313 1364 333 non

272 364 395 404 probabo
412 363 442 392 C.
456 362 567 390 Verrem
580 364 674 387 contra
685 355 759 392 leges
771 350 902 396 pecunias
913 347 1035 392 cepiss‘e‘?
1049 385 1054 390 ¹

254 403 402 433 Pecuniam
411 400 447 428 ob
458 408 515 428 rem
524 394 710 433 judicandam.
751 391 808 420 Cic.
823 399 848 417 2.
861 388 898 416 de
910 387 968 416 Fin.
999 385 1056 421 Qui
1076 392 1162 420 quum
1172 381 1272 410 Praetor
1282 401 1292 416 ‚
1309 380 1362 409 &c.

275 442 311 469 ita
323 447 417 477 aperte
427 437 502 474 cepit
509 433 641 473 pecunias
655 431 691 460 ob
701 438 758 458 rem
769 425 947 464 judicandam
958 445 967 459 ,
987 430 1019 452 ut
1027 444 1036 458 ,
1058 423 1110 451 Sec.

254 478 364 514 Pignus.
386 475 471 505 Plaut.
486 471 582 510 Amph.
594 469 665 508 prol.
676 472 721 501 68.
984 498 991 505 ·
1012 498 1018 504 θ
1174 495 1180 501 1

255 516 369 551 Pignora
380 535 386 545 .
408 511 452 540 vel
461 510 573 540 Auferre
583 508 698 545 pignora
710 515 718 540 3
739 502 777 533 est
789 500 865 540 quod
877 507 953 529 nunc
963 498 1082 528 dicimus
1101 495 1268 533 Captionem
1279 492 1367 523 bono-

256 550 434 627 1)ῐίἓὲτίΙίἓᾷ
445 584 574 621 aliquam.
613 579 724 618 Ulpian.
740 579 769 607 in
783 576 803 606 1.
825 576 846 605 A
856 575 923 605 divo
934 573 994 604 Pio.
1015 572 1049 602 D.
1065 571 1100 602 de
1111 581 1141 601 re
1159 570 1247 608 judic.

256 627 369 657 Poenam
379 625 413 653 de
423 623 523 658 aliquo,
546 620 603 649 Liv.
617 628 642 647 2.
674 617 707 646 V.
728 626 743 644 ι’
751 625 778 644 oe
788 624 809 643 N
817 624 847 643 A.

254 664 352 694 Poenas
361 661 494 691 criminis.
515 658 615 687 Lucan.
628 655 710 684 lib.2.
727 654 787 690 187.
1296 681 1303 688 .
1347 680 1353 687 .

252 700 446 731 Pontificatum
456 705 562 734 capere.
586 694 660 723 Suet.
670 690 816 721 Vitellii.
839 687 928 724 magis
937 685 1041 716 deinde
1058 694 1091 715 ac
1100 684 1207 721 magis,
1227 690 1304 712 omni
1325 680 1366 709 di-

272 739 300 767 vi
304 748 340 766 no
347 737 525 771 humanoque
534 734 594 768 jure
605 726 853 767 neglerstoffilliensi
862 726 908 755 die
915 724 1110 763 pontificatum
1117 722 1270 752 maximum
1278 719 1362 757 cepit.

253 775 374 805 Portum.
398 771 462 802 Caes.
475 783 501 806 4.
512 769 579 800 Bell.
592 767 660 798 Gall.
673 771 715 804 3⁶·
737 767 784 796 Sic
793 762 1009 801 Insulamsupra.

251 812 372 843 Praedam
382 811 417 839 de
428 807 613 847 praedonibus
636 805 720 835 Plaut.
729 804 814 834 Truc.
828 813 852 832 1.
866 811 892 833 2.
907 811 951 838 14.

250 849 371 880 Praemia.
395 848 465 884 Virg.
476 857 499 882 ς.
512 845 574 875 AEn.
586 852 650 879 232.

332 886 366 916 Et
375 886 430 914 fors
442 884 554 920 aequatis
563 880 698 919 cepissent
707 879 820 917 praemia
834 877 936 907 rostris.

251 924 365 954 Praemia
375 923 407 952 ab
417 922 518 958 aliquo.
549 920 633 949 Ovid.
647 928 672 955 3.
685 918 720 947 de
735 917 812 947 Pont.
826 925 851 952 3.
863 923 908 951 43.
1293 945 1300 952 .

252 961 388 998 Praesagia.
420 959 489 989 Plin.
503 958 552 988 lib:
565 963 606 992 18.
619 965 681 994 cap.
696 965 738 992 35.
759 953 937 989 Primumque
946 949 1026 980 asole
1039 949 1183 988 capiemus
1191 945 1326 986 praesagia.

250 999 404 1030 Primordia
417 1007 432 1027 a
443 1007 472 1026 re
484 996 584 1033 aliqua.
625 994 683 1023 Cic.
698 1002 721 1028 3.
732 992 768 1022 de
780 990 871 1029 Legib.
882 999 908 1026 7.
931 989 1005 1026 Quia
1016 987 1197 1017 nuncitidem
1209 985 1242 1015 ab
1253 984 1364 1018 eodem,

271 1038 298 1067 ἃ
312 1047 327 1066 a
343 1036 442 1066 ceteris
451 1034 505 1063 diis
514 1031 717 1062 immortalibus
726 1031 788 1060 sunt
798 1029 879 1059 nobis
887 1027 988 1066 agendi
997 1025 1134 1064 capienda
1144 1022 1306 1062 primordia.
1329 1021 1366 1050 Ut·

267 1074 346 1112 supra
360 1074 471 1103 initium
481 1095 489 1105 ,
513 1073 539 1102 &
550 1070 709 1101 Exordium.

250 1111 433 1142 Provinciam.
459 1109 526 1140 Ter.
537 1109 646 1138 Phorm.
659 1117 681 1136 1.
695 1116 720 1136 2.
730 1115 775 1134 22.
796 1104 823 1134 O
842 1103 910 1132 Geta
927 1101 1100 1140 provinciam
1114 1098 1209 1138 cepisti
1220 1098 1326 1128 durani.

249 1149 364 1187 Pugnas.
384 1149 450 1178 Stat.
463 1158 484 1177 1.
498 1147 563 1177 Silv.
579 1156 601 1176 1.
615 1155 658 1183 37.
682 1143 813 1181 significat
821 1142 954 1178 Pugnare.

249 1187 392 1224 Quietem.
430 1186 489 1215 Cic.
498 1196 523 1221 9.
538 1185 590 1214 Att.
604 1193 645 1212 12.
667 1182 701 1212 Et
711 1188 804 1210 tamen
813 1180 904 1208 ornnis
915 1178 975 1215 spes
983 1176 1076 1206 salutis
1091 1173 1186 1205 inillis
1197 1173 1252 1209 est,
1274 1174 1301 1202 &
1311 1181 1364 1209 ego

267 1225 379 1255 excubo
387 1224 481 1254 animo
494 1245 502 1257 ,
524 1231 577 1251 nec
584 1227 691 1259 partem
701 1219 787 1248 ullam
797 1217 878 1254 capio
889 1215 998 1254 quietis.

249 1262 402 1330 Rssdicemi-
414 1261 481 1291 Plin.
492 1260 540 1290 lib.
555 1269 597 1297 17.
610 1269 672 1297 cap.
687 1266 729 1294 17.
751 1256 847 1293 Quum
857 1254 914 1292 pali
926 1252 1009 1283 defixi
1018 1251 1124 1281 radices
1133 1248 1277 1288 cepissent.
1298 1248 1324 1277 li.
1338 1256 1363 1276 e.

294 1301 383 1330 adical
398 1305 453 1329 ent.

249 1338 416 1373 Rationem,
440 1335 567 1366 invenire
576 1333 700 1363 modurn.
722 1331 786 1361 Ter.
800 1329 900 1360 Heaut.
915 1337 975 1364 5·2·
986 1331 1012 1357 6.

247 1376 414 1410 Rationem,
434 1374 521 1404 aliter.
559 1371 622 1402 Ter.
642 1371 739 1400 Heaut.
754 1378 814 1405 5.2.
831 1378 873 1397 11.
893 1367 954 1397 Nec
963 1365 1102 1395 tationem
1112 1362 1204 1402 capio,
1226 1360 1276 1392 nisi
1289 1359 1366 1400 quod

266 1414 318 1443 tibi
328 1413 467 1443 exanimo
481 1411 552 1441 bene
563 1409 637 1439 volo.
673 1409 691 1438 i.
709 1417 734 1437 e.
755 1407 856 1444 Ignoto
867 1404 985 1435 causam.

246 1451 398 1482 Rationem
411 1450 509 1479 oculis.
531 1448 616 1477 Plaut.
627 1445 720 1476 Pseud.
731 1455 757 1474 2.
770 1454 794 1474 2.
807 1454 833 1474 2.

247 1489 359 1527 Religio
370 1489 444 1526 cepit
455 1486 596 1524 quosdam.
637 1484 694 1513 Liv.
713 1489 758 1517 28.
780 1492 823 1518 15.
855 1479 996 1518 Quosdam
1015 1478 1101 1508 etiam
1121 1475 1221 1514 religio
1238 1474 1363 1513 ceperit,

266 1527 381 1557 ulterius
390 1526 536 1564 quicquam
546 1533 580 1553 eo
595 1523 641 1552 die
652 1520 782 1551 conandi.

247 1564 359 1595 Rimam
373 1564 547 1599 fissuramque
556 1570 613 1590 non
624 1560 699 1598 capit
709 1558 816 1588 cedrus.
837 1556 907 1586 Plin.
917 1556 966 1585 lib.
979 1564 1021 1589 19.
1033 1562 1094 1590 cap.
1107 1563 1153 1588 40.

247 1602 353 1633 Robur.
394 1602 461 1631 Plin.
475 1600 521 1629 lib.
537 1608 579 1636 17.
592 1608 652 1636 cap.
666 1607 708 1634 17.
729 1596 829 1626 Donec
838 1595 923 1625 robur
931 1593 1026 1633 planta
1037 1591 1137 1629 capiat.

244 1641 417 1671 Satietatem.
439 1638 523 1668 Plaut.
536 1637 634 1674 Amph.
650 1646 673 1665 1.
686 1644 711 1664 2.
729 1644 770 1663 10.

245 1679 363 1710 Satietas
371 1677 453 1712 liujus
466 1677 576 1706 reieum
587 1674 670 1712 cepit.
711 1672 775 1702 Ter.
785 1671 856 1701 Eun.
870 1679 894 1706 3.
911 1679 935 1699 1.
949 1677 991 1705 13.
1020 1667 1097 1697 Tum
1113 1665 1198 1696 sicubi
1209 1673 1273 1696 eum
1285 1663 1363 1695 satie-

263 1723 305 1746 tas
316 1716 462 1745 homi'num
471 1736 479 1749 ,
499 1718 547 1743 aut
556 1713 652 1750 negoti
660 1710 793 1748 liquando
801 1708 900 1739 odium
909 1712 1030 1745 ceperat.

246 1754 358 1784 Sedem.
380 1752 436 1782 Liv.
451 1757 494 1787 38.
515 1754 558 1780 16.

244 1792 359 1822 Socium
370 1790 498 1820 consiliis.
520 1787 592 1826 Virg.
610 1798 633 1823 ς.
644 1785 706 1816 AEn.
718 1795 783 1822 712.

244 1830 392 1860 Somnum.
433 1828 491 1857 Cic.
503 1837 528 1863 4.
538 1825 620 1856 Tusc.
629 1834 675 1861 43.
696 1824 791 1854 Noctu
801 1815 962 1852 ambulabat
970 1818 1000 1849 in
1015 1818 1131 1858 publico
1142 1815 1363 1852 Themistocles,

265 1868 341 1905 quod
348 1866 475 1896 somnum
486 1873 584 1902 capere
593 1872 650 1892 non
662 1861 760 1900 posset.

243 1905 373 1935 Sonitum
384 1913 443 1933 non
454 1902 566 1942 possunt
573 1910 673 1939 capere
682 1909 769 1929 aures.
791 1895 850 1928 Cic.
861 1897 896 1926 de
904 1896 999 1926 Somn.
1011 1894 1085 1932 Seip.
1098 1903 1140 1931 13.
1161 1893 1216 1923 Hic
1229 1902 1294 1922 vero
1305 1897 1365 1921 tari-

263 1949 307 1972 tus
316 1943 353 1972 est
362 1943 447 1971 totius
459 1940 557 1970 mundi
567 1937 755 1968 incitatissima
769 1934 948 1966 conversione
959 1933 1064 1963 sonitus
1073 1954 1081 1968 ,
1102 1937 1133 1961 ut
1151 1941 1216 1961 eum
1227 1940 1306 1961 aures
1314 1930 1364 1959 ho-

264 1981 373 2010 minum
384 1988 483 2018 capere
491 1988 548 2008 non
559 1976 670 2015 possint.
708 1977 723 2012 [
734 1976 773 2004 An
785 1974 823 2004 est
834 1971 1080 2010 Comprehendere
1091 1992 1098 2005 ,
1115 1971 1190 2005 χωρεῖν
1199 1969 1213 1997 Ῡ

244 2018 405 2056 Specimen.
447 2016 505 2046 Cic.
522 2026 546 2045 1.
559 2014 640 2046 Tusc.
652 2023 694 2050 32.
717 2013 792 2042 Num
800 2010 910 2041 dubitas
930 2010 997 2048 quin
1016 2008 1159 2047 specimen
1175 2012 1281 2037 naturae
1300 2005 1363 2044 capi

267 2057 366 2085 deceat
376 2065 412 2085 ex
426 2055 533 2092 optima
546 2062 654 2091 quaque
666 2051 785 2081 natura‘?

244 2094 339 2133 Spem.
377 2091 514 2123 Columel.
526 2091 574 2120 lib.
586 2099 610 2126 3.
621 2099 681 2127 cap.
697 2099 722 2124 9.
744 2088 784 2118 Ita
793 2085 1020 2117 feracissimarum
1027 2083 1201 2114 aminearum
1211 2081 1363 2112 seminibus

267 2132 362 2162 electis
371 2153 378 2166 ,
400 2131 481 2167 largae
493 2128 641 2158 vindemiae
652 2127 728 2165 spem
740 2126 890 2164 capiamus.

247 2169 343 2208 Spolia
358 2179 373 2198 e
385 2168 467 2198 lavde
477 2167 601 2203 alicujus.
623 2166 680 2194 Cic.
693 2175 719 2193 2.
730 2163 812 2193 Tusc.
824 2172 869 2192 22.

333 2207 394 2236 Nec
405 2205 546 2243 quisquam
556 2214 572 2233 e
581 2203 679 2232 nostris
688 2200 774 2240 spolia
781 2201 857 2238 cepit
867 2198 1005 2229 laudibus.

244 2245 433 2283 Stipendium.
455 2243 541 2272 Caesar
557 2254 577 2270 i.
594 2241 662 2270 Bell.
674 2239 744 2269 Gall.
757 2251 783 2274 4.
801 2239 892 2273 *Sedes
903 2236 1003 2266 habere
1018 2234 1047 2263 in
1060 2231 1150 2264 Gallia
1171 2232 1206 2262 ab
1221 2231 1285 2270 ipsis
1297 2236 1364 2262 con,

264 2282 362 2312 cessas:
384 2281 491 2310 obsides
504 2279 625 2318 ipsorum
636 2278 779 2307 voluntate
789 2276 868 2306 datos
879 2285 886 2305 z
908 2272 1077 2312 stipendium
1086 2280 1185 2309 capere
1197 2271 1258 2307 iure
1265 2269 1340 2300 belli.

245 2320 374 2350 Taedinm
386 2319 450 2348 belli
462 2320 536 2356 cepit
549 2326 622 2347 eum.
646 2317 701 2345 Liv.
713 2322 738 2350 8.
752 2325 776 2344 2.

244 2357 340 2388 Taedia
351 2357 439 2386 laudis
447 2362 474 2386 te
486 2357 607 2393 capiunt.
632 2354 704 2389 Virg.
717 2364 741 2388 4.
754 2353 855 2388 Georg.
868 2359 930 2387 331.

244 2396 371 2434 Tempus
390 2417 397 2429 ,
417 2405 467 2438 pro
478 2394 638 2423 Observare.
680 2391 738 2420 Cic.
753 2400 794 2420 11.
807 2389 883 2425 Fam.
899 2390 941 2417 16.
962 2385 997 2415 Et
1007 2384 1156 2416 commode
1166 2390 1278 2422 tempus
1287 2381 1322 2414 ad
1334 2388 1363 2413 te

242 2432 561 2508 Tteepgnaltiiegpgssngm
571 2474 680 2497 terram.
702 2465 776 2501 Virg.
791 2474 814 2493 1.
832 2463 894 2494 AEn.
910 2464 973 2500 399.

243 2509 345 2539 Terror
361 2509 435 2546 cepit
445 2517 519 2537 euni.
541 2505 599 2535 Liv.
616 2515 638 2534 1.
652 2503 719 2534 Bell.
732 2502 846 2532 Maced.

243 2547 387 2577 Timorem
399 2556 450 2584 pro
457 2545 558 2581 aliquo.
583 2543 654 2580 Virg.
666 2546 692 2571 6.
703 2541 764 2571 ΙΕη.
778 2549 839 2576 3ς2.

324 2585 388 2614 Non
401 2583 488 2613 ullum
503 2591 554 2620 pro
565 2591 610 2610 me
621 2587 729 2610 tantum
744 2577 845 2615 cepisse
859 2575 998 2605 timorem.

243 2622 398 2653 Turniiluni
413 2630 520 2659 capere.
545 2619 616 2656 Virg.
630 2623 656 2648 6.
669 2618 730 2648 ffin.
742 2626 804 2651 754·
827 2616 845 2644 i.
862 2624 886 2644 e.
910 2613 1066 2651 Occupare.

243 2660 363 2695 Vectigal
378 2669 412 2688 ex
422 2668 485 2696 agro
496 2657 598 2694 aliquo.
621 2656 678 2686 Liv.
690 2661 714 2688 53.
727 2653 793 2683 Bell.
808 2653 873 2682 Prin.

242 2697 417 2728 Verecundia
439 2706 503 2726 eum
526 2695 610 2733 cepit.
651 2693 706 2722 Liv.
720 2702 745 2724 a.
762 2690 828 2720 Bell.
845 2691 910 2719 Pun.
942 2688 1037 2725 Quum
1052 2688 1108 2722 jam
1124 2695 1168 2717 res
1181 2684 1318 2725 prosperae
1333 2685 1362 2714 in

262 2735 395 2773 Hispania
412 2734 499 2764 essent
508 2755 515 2768 ,
537 2731 705 2762 verecundia
714 2729 856 2759 Romanos
867 2727 981 2757 tandein
992 2726 1076 2763 cepit.

243 2773 394 2803 Versoriam
407 2795 414 2808 ,
436 2772 544 2802 Mutare
556 2770 709 2799 consilium.
733 2767 819 2796 Piaut.
829 2766 908 2795 Trin.
921 2776 947 2801 4.
961 2772 985 2801 3.
1003 2773 1044 2799 19.

242 2811 417 2840 Vetustatem.
442 2808 578 2839 Columel.
593 2807 641 2836 lib.
655 2818 680 2841 4.
698 2815 756 2843 cap.
771 2814 795 2834 1.

242 2849 321 2878 Viam
335 2849 438 2878 animo.
461 2847 520 2876 Liv.
533 2856 558 2876 2.
572 2843 639 2875 Bell.
657 2844 723 2874 Pun.

243 2886 328 2916 Vires.
351 2886 418 2916 Pliii.
431 2885 479 2914 lib.
495 2894 536 2921 17.
549 2893 664 2921 cap.2i.
687 2876 983 2912 Posteafistulafracta,
1007 2874 1180 2905 radixlibere
1197 2873 1358 2911 eapitvires.

242 2924 377 2954 Virtutem
390 2923 484 2953 animo
495 2945 502 2954 .
525 2923 551 2952 &
566 2921 650 2950 corde
666 2918 807 2956 expellere
821 2915 961 2945 delidiam.
985 2913 1069 2943 Plaut.
1082 2913 1161 2943 Trin.
1180 2922 1203 2948 3.
1219 2922 1245 2941 2.
1258 2922 1303 2946 24.

243 2962 357 2992 Vitium.
398 2959 536 2990 Coliiniel.
557 2958 604 2988 lib.
618 2967 642 2995 3.
671 2967 732 2994 cap.
746 2961 786 2990 18.
822 2954 895 2983 Nam
915 2952 1017 2989 fragilis
1034 2952 1072 2981 est
1091 2961 1122 2981 ea
1136 2957 1212 2988 parte
1225 2950 1360 2985 materia,

260 3010 313 3037 qua
321 3005 391 3028 torta
403 3000 428 3028 &
441 3002 581 3027 recurvata
595 3018 603 3030 ,
624 3004 709 3032 quum
720 2994 908 3031 deponeretur
923 2997 1033 3027 ceperat
1047 2990 1154 3018 vitium.

242 3037 429 3075 Voluptatem.
472 3036 529 3064 Cic.
545 3043 570 3071 7.
584 3034 659 3062 Verr.
680 3030 800 3061 Tametsi
814 3029 883 3058 mihi
894 3027 1106 3063 jucundissimus
1121 3026 1158 3056 est
1169 3026 1259 3056 honos
1272 3035 1361 3064 popu·

262 3076 279 3104 li
293 3097 300 3109 ,
319 3082 412 3104 tamen
425 3084 481 3102 nnn
492 3078 601 3102 tantum
613 3071 694 3108 capio
705 3068 856 3104 voluptatis
866 3088 874 3102 ,
885 3067 936 3096 dcc.

242 3112 419 3149 Voluptatem
432 3111 511 3141 malis
524 3110 630 3140 alienis.
653 3108 710 3138 Cic.
722 3117 748 3143 4.
764 3105 845 3136 Tusc.
859 3107 904 3134 6⁶.

261 3152 298 3179 An
311 3159 345 3179 ex
359 3151 435 3179 malis
449 3150 462 3177 ἶ)
485 3148 517 3178 Η.
531 3149 571 3177 St.

243 3188 423 3225 Voluptatem
434 3188 535 3216 nniiiin.
558 3185 616 3216 Cic.
634 3194 683 3220 pro
696 3182 785 3212 Plane.
805 3190 827 3211 1.

242 3226 420 3261 Voluptatem
432 3235 464 3254 ex
478 3224 553 3253 abitu
564 3222 684 3252 alterius.
708 3220 792 3249 l'lziut.
808 3217 906 3256 Amph.
915 3225 942 3246 2.
954 3224 980 3246 2.
991 3224 1034 3246 11.

244 3263 419 3300 Voluptatem
435 3272 498 3291 cuin
512 3262 611 3298 aliquo.
638 3260 721 3288 l'lciiit.
737 3257 834 3295 Amph.
848 3254 918 3294 prol.
931 3264 991 3289 114.

244 3299 376 3337 Voluptas
390 3301 457 3329 niilii
470 3300 593 3337 capitur,
617 3297 793 3334 Voluptatem
808 3294 899 3331 capio.
921 3291 1005 3321 Ovid.
1017 3301 1041 3325 4.
1052 3290 1087 3319 de
1099 3289 1180 3319 Pont.
1192 3298 1218 3322 9.
1234 3290 1278 3325 3³7.

244 3336 299 3366 Usu
308 3347 404 3375 capere
414 3360 421 3371 ,
444 3336 549 3375 Capere
561 3336 626 3371 usu,
647 3335 752 3372 Capere
767 3332 892 3363 utilitatis
905 3328 994 3364 causa,
1016 3328 1126 3358 Diutius
1142 3326 1307 3364 possidendo
1319 3335 1362 3355 ca-

264 3384 349 3411 pere,
373 3376 483 3404 Diutina
505 3373 669 3412 possessione
688 3381 788 3409 capere
803 3393 811 3406 ,
839 3369 934 3405 Longa
950 3365 1114 3406 possessione
1128 3373 1243 3402 capere,
1267 3364 1360 3401 Lonbo

264 3418 389 3448 tempore
399 3422 514 3450 capere,
536 3411 705 3447 l'erlonguni
718 3418 828 3447 tempus
839 3414 948 3444 capere.
972 3404 1001 3433 V.
1025 3403 1174 3440 usucapio,
1196 3402 1225 3430 in
1247 3411 1319 3430 u‘ro
1331 3412 1354 3430 a.

245 3448 357 3492 Uspram
367 3450 489 3486 corporis
499 3449 609 3478 alterius
616 3448 718 3483 uxoris,
731 3456 780 3485 pro
788 3445 951 3475 Adulterum
961 3438 1359 3478 effe.Plaut.Amph.prol.108.

246 3485 382 3516 Utilitates
393 3496 427 3516 ex
440 3488 567 3516 amicitia.
590 3486 648 3515 Cic.
662 3486 697 3514 de
715 3485 822 3514 Amicit.
834 3492 880 3519 ις.

245 3523 356 3552 Vultum
368 3534 465 3561 capere
478 3527 501 3554 δι
514 3526 627 3559 gestum.
650 3523 712 3552 Ter.
726 3522 835 3551 Pliorm.
850 3531 873 3557 5.
886 3522 913 3549 6.
925 3528 968 3555 51-

338 3561 418 3590 Nunc
429 3562 515 3598 gestus
532 3562 600 3590 milii
619 3583 626 3596 ,
652 3560 797 3597 vultusque
810 3559 848 3588 est
858 3554 1015 3595 capiundos
1028 3562 1126 3585 novus.

244 3597 336 3634 Capsis
345 3620 352 3631 ,
374 3600 538 3633 praeterituni
550 3600 692 3634 antiquum
705 3608 756 3635 pro
767 3597 889 3634 Ceperis.
913 3594 972 3624 Cic.
986 3602 1012 3622 2.
1026 3591 1062 3621 de
1072 3588 1167 3627 Legib.
1179 3597 1224 3619 22.
1245 3588 1357 3618 Sacrum

261 3635 370 3677 sacrove
380 3637 607 3665 commendatum
622 3636 639 3664 si
654 3637 714 3673 quis
730 3635 825 3672 clepsit
841 3633 961 3671 capsitve
972 3653 979 3665 ς
999 3628 1136 3668 parslssld'd
1152 3626 1218 3656 est0·
1240 3636 1291 3664 1³³⁰
1309 3626 1359 3655 Ra*

262 3679 370 3709 puerit,
392 3674 415 3702 &
429 3672 562 3710 clepserit.
603 3674 635 3703 Et
646 3673 745 3702 Catuli.
760 3682 804 3707 42.
824 3682 865 3706 19.
888 3669 999 3700 Nefaria
1016 3667 1115 3704 scripta
1133 3665 1211 3694 Sexti
1226 3663 1354 3701 reeepso,

263 3719 314 3747 pro
331 3708 472 3746 Recepero
489 3711 567 3739 dixit.
608 3710 706 3739 Cicero
722 3716 816 3739 tamen
833 3709 888 3739 alio
907 3706 971 3737 loco
992 3705 1085 3742 Capsis
1097 3725 1106 3739 ,
1127 3712 1143 3732 e
1157 3701 1244 3731 tribus
1257 3701 1360 3729 confla-

261 3753 320 3776 tum
333 3747 459 3775 credidit.
501 3748 546 3776 Sic
555 3748 629 3776 enim
640 3747 730 3776 scribit
740 3749 768 3775 iii
786 3748 864 3776 Orat.
879 3756 939 3782 154.
959 3743 1020 3779 Jam
1030 3744 1058 3771 in
1072 3751 1129 3771 uno
1141 3739 1227 3777 capsis
1238 3740 1288 3767 tria
1299 3748 1359 3768 ver·

261 3784 295 3813 ba
305 3784 375 3813 sunt.
417 3784 453 3812 Ea
468 3783 520 3812 ell'e
531 3784 650 3821 suspicor
662 3786 735 3821 Cape
747 3807 755 3817 .
777 3784 794 3813 si
807 3806 815 3819 ,
834 3785 883 3814 vis.
925 3782 1026 3811 Verum
1038 3780 1066 3809 id
1078 3787 1176 3818 parum
1187 3776 1218 3806 fit
1229 3776 1359 3805 verisimi-

260 3821 288 3850 le
307 3823 357 3850 tria
383 3821 466 3849 verba
484 3821 511 3848 in
532 3822 598 3850 duris
619 3822 711 3850 coiisse
723 3821 854 3858 syllabas,
876 3823 902 3850 ἃ
916 3820 1010 3858 potius
1020 3818 1058 3847 est
1071 3839 1079 3851 ,
1106 3823 1137 3846 ut
1147 3815 1317 3854 praeteritum
1329 3813 1360 3842 sit

259 3858 496 3901 quemadmodum
516 3857 661 3895 superiora.
702 3859 740 3888 Ex
767 3859 890 3887 Turneb.
916 3856 1022 3887 Advers.
1045 3861 1071 3889 8.
1094 3863 1118 3890 3.
1140 3863 1180 3891 pt·
1206 3854 1231 3882 &
1251 3862 1290 3886 ῖς·
1316 3861 1359 3886 15·

258 3896 363 3932 [Coni.
380 3895 446 3923 Voll.
461 3895 496 3923 de
515 3895 626 3932 Analog.
641 3905 663 3931 3.
677 3907 721 3930 41.
763 3895 850 3925 Miror
861 3902 952 3925 autem
967 3915 975 3929 ,
997 3903 1061 3922 cuni
1073 3890 1211 3930 praeterita
1225 3890 1283 3918 haee
1300 3887 1360 3925 syn-

257 3940 356 3972 copata
367 3932 417 3962 sint
430 3954 438 3968 ‚
460 3934 512 3969 (ut
525 3932 568 3962 vel
581 3942 616 3962 ex
638 3942 672 3961 eo
687 3933 792 3969 liquet,
820 3933 896 3969 quod
907 3934 932 3961 ὃ(
953 3933 982 3960 in
996 3931 1085 3967 prima
1105 3939 1136 3959 ac
1147 3928 1227 3958 tertia
1241 3927 1360 3965 persona

942 2553 976 2558 ——-
990 2536 1076 2566 maria
1085 2534 1178 2574 aspera
1185 2535 1248 2571 juro

1422 451 1444 481 C
1452 461 1473 481 A
1481 461 1496 479 P
1505 460 1525 479 τ
1534 461 1551 480 u
1559 460 1571 480 s
1578 473 1586 486 ,
1597 460 1620 486 a,
1633 460 1690 480 um.
1711 451 1834 487 [ληφθεὶς
1849 451 1863 486 ]
1883 451 1979 481 Partic.
1991 459 2032 489 ut,
2041 452 2208 484 interclusus
2219 455 2245 484 δι
2253 459 2360 492 captus.
2377 454 2566 492 Cic.10.Att.4.
2578 478 2584 496 ‚

1416 3365 1438 3396 C
1450 3377 1468 3395 A
1478 3375 1491 3394 r
1502 3369 1545 3394 τῦ
1557 3376 1570 3393 11
1580 3375 1597 3393 υ
1607 3375 1619 3394 s
1631 3387 1637 3399 ,
1662 3374 1677 3393 a
1687 3386 1695 3399 ,
1717 3373 1774 3393 um.
1797 3360 1989 3399 [muniendae]
2012 3363 2108 3393 Partic.
2149 3364 2207 3392 Cic.
2223 3364 2259 3392 de
2271 3363 2378 3392 Amicit.
2399 3362 2452 3394 Eos
2462 3358 2556 3402 petilii·
2577 3376 2580 3384 ·
2595 3364 2601 3396 ζ

1414 3479 1436 3509 C
1449 3490 1465 3508 A
1477 3482 1534 3507 Pio
1544 3501 1551 3513 ,
1572 3479 1643 3507 (inis.
1684 3477 1714 3506 V.
1739 3476 1875 3513 Usucapio
1887 3496 1894 3506 ‚
1915 3486 1944 3505 in
1965 3486 1982 3505 u
1992 3486 2037 3506 το
2047 3487 2073 3505 a.

1412 3594 1434 3623 C
1446 3603 1463 3621 A
1475 3603 1488 3621 P
1498 3602 1561 3620 '1¹10
1573 3613 1581 3627 ,
1603 3591 1674 3621 onis.
1696 3590 1714 3620 f.
1736 3588 1832 3625 [λῖψισ
1845 3611 1853 3623 ,
1867 3590 1981 3625 aaut...]
2002 3588 2061 3628 lpse
2075 3591 2154 3619 astus
2171 3588 2301 3627 capiendi
2316 3598 2322 3619 :
2344 3594 2375 3619 ut
2389 3610 2397 3625 ²
2418 3586 2550 3632 110„qu
2568 3596 2579 3608 ,.
2595 3565 2604 3604 f

1921 106 1951 141 C
2048 108 2075 142 A
2172 107 2196 142 P

1474 186 1572 230 saepius
1586 187 1661 231 apud
1672 188 1914 230 vett.occurrunt,)
1922 197 1971 217 cur
1982 197 2031 225 per
2041 188 2157 226 primam
2169 188 2289 220 litteram
2299 189 2554 227 Capiis,FaxiS.Airis
2581 173 2585 214 l

1476 225 1560 254 Taxis
1571 226 1701 268 dixerint,
1722 235 1779 254 non
1792 226 1884 263 Cepiis
1893 247 1901 259 ,
1915 225 2005 258 Fexis,
2016 227 2068 255 ἃς.
2088 236 2140 262 per
2153 226 2301 256 secundam
2311 229 2446 261 vocalem,
2456 231 2496 258 uti
2505 216 2564 262 sane*
2580 218 2586 255 l
2601 236 2604 240 ’

1476 262 1604 300 Recepsis
1614 285 1621 296 ,
1643 263 1748 307 lrijcxis·
1763 264 1898 301 reperitur
1913 264 1987 300 apud
2009 264 2141 299 eosdem,
2171 274 2221 302 pro
2240 265 2405 303 Receperis,
2429 266 2555 302 injeceris

1476 301 1608 344 Ceterum
1621 300 1763 330 Ciceronis
1773 300 1937 345 sententiani
1949 301 2069 331 convelli
2084 311 2141 330 non
2155 309 2253 339 putem
2264 302 2305 332 his
2314 303 2466 333 rationibus
2475 326 2484 339 ,
2503 291 2565 338 cuni
2579 276 2591 334 1..

1477 338 1549 381 nihil
1560 338 1647 366 obstet
1657 360 1664 371 ,
1686 348 1740 382 quo
1751 348 1843 368 minus
1851 338 1924 375 apud
1936 338 2082 368 Comicum
2095 339 2217 376 aliquem
2235 347 2356 370 veterem
2371 341 2463 378 Capsis
2472 344 2567 374 extite.
2580 335 2586 367 ‘¹¹

1477 382 1523 410 rit,
1534 385 1591 419 non
1603 375 1817 419 Praeteriti'locm
1828 375 1875 405 sed
1883 385 1933 413 pro
1943 376 2107 414 Capefis‚vel
2119 377 2193 414 Cape
2202 378 2219 406 si
2231 379 2423 415 vis.positum;
2440 385 2471 409 ut
2480 379 2566 412 Viden
2580 377 2581 386 ¹

1477 415 1503 443 &
1516 413 1626 448 Videsis,
1648 423 1698 450 pro
1714 413 1833 443 Videsne
1848 435 1857 448 ,
1878 413 1948 442 Vide
1959 414 1977 443 si
1993 415 2032 444 vis
2046 436 2055 449 ,
2075 414 2184 452 aliaque
2197 415 2302 446 similia.
2587 429 2590 434 ¹

1460 489 1541 527 Capti
1555 496 1670 518 conatus
1682 488 1784 518 frustra.
1807 487 1865 519 Liv.
1876 498 1901 525 3.

1460 527 1547 569 Arniis
1558 528 1583 556 &
1596 527 1631 555 vi.
1653 526 1751 555 Claud.
1764 526 1800 556 de
1811 530 1836 556 6.
1858 526 1938 556 Cons.
1954 526 2029 556 Hon.
2042 531 2106 563 382.

1458 565 1521 602 Agri
1533 564 1568 592 de
1578 563 1709 593 hostibus.
1732 563 1790 593 Cic.
1827 573 1858 593 ro
1871 564 1964 594 Domo
1976 568 2022 594 26.

1458 603 1530 636 Arx,
1550 601 1720 639 Expugnata.
1744 602 1799 632 Ovi
1822 602 1874 631 .de
1884 602 1964 632 Nuce
1975 610 2037 638 152.

1458 639 1550 669 Castra
1565 647 1653 677 capta.
1676 639 1747 668 Flor.
1761 649 1784 669 1.
1800 649 1843 669 11.
1859 649 1902 669 12.

1458 676 1552 706 Claffis
1565 676 1683 706 hostium
1694 684 1782 715 capta.
1811 677 1891 707 Idem
1906 687 1929 706 1.
1947 686 1989 707 11.
2006 686 2049 706 10.

1458 714 1551 744 Duces
1562 712 1642 743 Belli.
1672 714 1703 744 V.
1723 716 1752 744 in
1762 715 1821 753 ipso
1832 715 1926 744 verbo.
2576 706 2578 747 i

1458 752 1558 782 Locus.
1581 752 1665 782 Ovid.
1678 762 1701 782 1.
1715 753 1750 782 de
1760 755 1822 782 Arte
1835 754 1894 783 Ani.
1909 760 1974 788 234.

1538 790 1701 825 Permanet,
1721 792 1747 821 δι
1761 796 1843 829 capto
1855 791 1904 820 stat
1911 789 1999 828 gravis
2008 788 2056 819 ille
2067 788 2140 820 loco.
2576 750 2581 837 i

1458 826 1581 858 Mentes.
1604 828 1689 858 Ovid.
1703 840 1729 864 4.
1744 829 1814 859 Met.
1830 832 1874 859 62.

1458 866 1585 904 Oppida.
1607 865 1729 903 Propert.
1742 866 1788 896 lib.
1804 876 1827 903 3.
1841 877 1867 901 4.
1883 868 1926 895 16.
2574 872 2578 893 i

1458 903 1564 933 Pedtus.
1587 903 1671 932 Ovid.
1683 904 1718 933 de
1730 903 1810 934 Rem.
1820 905 1912 934 Amot.
1927 907 1988 937 108.
2544 904 2545 908 ’
2576 895 2586 933 73:

1458 941 1585 979 Tempus
1595 941 1630 970 ad
1641 941 1760 979 aliquam
1772 951 1840 972 rem.
1862 942 1920 972 Liv.
1937 950 1961 976 3.
1978 938 2047 970 Bell.
2058 939 2170 970 Maced.
2465 971 2467 973 ,
2541 966 2546 970 .
2574 913 2581 955 l

1457 978 1528 1009 Urbs
1539 986 1627 1016 capta,
1668 979 1764 1023 Nepos
1782 989 1822 1024 11.
1836 989 1862 1009 2.
1896 1002 1902 1009 .
1938 978 2004 1008 Non
2015 978 2093 1016 prius
2110 977 2240 1009 Thebani
2257 976 2354 1018 Sparta
2371 974 2551 1014 abscessissent
2574 963 2581 1002 ἦ

1480 1027 1564 1055 quam
1574 1022 1684 1061 captam
1693 1019 1828 1047 incendio
1845 990 1986 1047 delessent.
2557 986 2576 1036 ’l

1458 1054 1564 1093 Captus
1575 1062 1659 1084 etiam
1668 1055 1792 1099 absolute
1805 1065 1856 1094 pro
1869 1055 2001 1093 Captivus
2013 1063 2020 1084 :
2040 1058 2073 1083 ut
2082 1075 2092 1089 ,
2112 1052 2145 1083 In
2162 1059 2258 1091 captos
2277 1053 2428 1086 clementia
2439 1056 2491 1086 uti.
2519 1038 2576 1094 Nea1

1477 1103 1530 1131 pos
1543 1104 1610 1137 735.
1621 1096 1647 1122 6.
1669 1093 1715 1123 Sic
1724 1093 1798 1137 Virg.
1811 1103 1837 1123 2.
1852 1093 1912 1123 ΖΕΗ.
1927 1096 1973 1128 64.
2066 1090 2372 1129 —Tr'oj'anajuventus

1550 1130 1721 1161 Circumfusa
1731 1138 1802 1165 ruit,
1823 1136 1984 1175 certantque
1997 1128 2116 1159 illudere
2133 1136 2225 1168 capto.
2308 1130 2387 1160 Idem
2396 1139 2423 1161 2.
2434 1130 2497 1162 ΖΕΗ.
2506 1140 2549 1170 7ς.
2573 1120 2579 1172 ,⁴
2587 1142 2589 1148 ’

1457 1205 1561 1244 Captus
1576 1206 1629 1235 est:
1650 1169 1770 1236 subssigaie
1779 1168 2076 1249 liiii-igldsm'sitlistisnd.
2093 1214 2153 1234 1.1.
2168 1215 2211 1240 ςς.
2242 1204 2360 1242 Egomet
2371 1206 2551 1238 continuom
2568 1198 2584 1235 J?

1476 1253 1543 1273 cuni
1553 1266 1561 1279 ,
1583 1250 1657 1287 certe
1685 1251 1781 1282 eaptus
1805 1245 1852 1274 est.
1893 1244 1946 1273 Ubi
1971 1242 2117 1279 Donatus;
2144 1242 2249 1281 Captus
2267 1243 2306 1273 est
2319 1264 2327 1279 ‚
2347 1243 2483 1275 Tenetur.
2530 1221 2585 1278 Enii

1475 1282 1656 1311 translatione
1668 1282 1788 1312 ferarum
1800 1288 1883 1320 atque
1890 1287 2016 1312 venatus.

1458 1320 1568 1351 Amore.
1590 1319 1648 1350 Cic.
1659 1330 1710 1358 pro
1721 1319 1831 1350 Cluent.
1845 1330 1887 1350 12.
1911 1316 1995 1349 Aliter
2007 1318 2081 1357 Virg.
2092 1320 2119 1347 6.
2128 1316 2187 1348 Ecl.
2203 1328 2247 1348 10.

1652 1374 1690 1378 --
1700 1358 1759 1388 haec
1767 1368 1879 1396 quoque
1888 1358 1970 1395 fiquis
2580 1378 2581 1382 ,

1539 1395 1655 1439 'Captus
1668 1405 1762 1425 amore
1777 1396 1858 1434 leget.
1940 1394 2050 1426 Servius
2068 1394 2285 1432 interpretatur,
2305 1393 2396 1431 Siquis
2415 1394 2509 1433 legere
2525 1394 2583 1430 ilbi

1474 1431 1560 1500 figeailt
1572 1433 1721 1470 dignatus:
1743 1440 1812 1471 aut,
1832 1439 1864 1463 ut
1882 1443 1934 1472 ego
1947 1434 2132 1470 interpretor,
2152 1431 2181 1462 Si
2202 1433 2264 1469 quis
2277 1432 2382 1463 amabit
2400 1430 2493 1471 legere
2510 1442 2558 1464 mn
2572 1452 2581 1470 ,.

1476 1481 1492 1500 c
1510 1481 1522 1499 r
1553 1480 1608 1500 ina.
2578 1472 2583 1484 ’

1456 1509 1540 1538 Auro.
1567 1509 1660 1538 Horat.
1672 1517 1697 1537 2.
1709 1507 1799 1539 Carm.
1813 1513 1855 1543 18-
1869 1511 1913 1546 36.

1457 1546 1607 1590 Carmine,
1629 1545 1795 1577 Delectatus.
1816 1547 1925 1585 Virg.4.
1941 1546 2042 1584 Georg.
2055 1552 2118 1582 399.

1457 1584 1600 1628 Ομριάἰηε
1609 1584 1693 1621 turpi.
1715 1584 1788 1622 Virg.
1804 1596 1829 1620 4.
1844 1586 1906 1616 IEn.
1922 1594 1984 1620 194.

1455 1622 1587 1666 Divitiis,
1609 1622 1775 1652 DIvitiarum
1785 1632 1878 1652 amore
1891 1621 1987 1652 vitriis.
2009 1621 2106 1651 Tibul.
2121 1620 2169 1651 lib.
2184 1631 2207 1651 1.
2220 1629 2302 1657 9.19.

1454 1659 1614 1690 Dulcedine
1627 1661 1761 1704 pecuniae.
1784 1660 1896 1691 Cic.11.
1910 1661 1984 1690 Fam.
1996 1665 2041 1696 28.
2063 1659 2109 1690 Sic
2117 1659 2208 1689 Vocis.
2220 1659 2303 1689 Ovid.
2323 1659 2354 1689 V.
2365 1659 2395 1689 in
2405 1658 2465 1698 ipso
2475 1659 2555 1691 verbo

1455 1697 1662 1773 Etrlrtzrefioscic.
1677 1697 1849 1765 12.DPhilipp.
1861 1702 1887 1729 6.
1909 1697 1996 1736 Quod
2012 1697 2102 1728 subito
2114 1697 2233 1736 suscepit
2249 1697 2352 1730 eodem
2362 1705 2461 1737 captus
2480 1708 2538 1730 erro
2577 1694 2582 1739 ζ

1495 1747 1512 1766 u
1601 1759 1608 1766 .
1631 1746 1650 1765 1.
1664 1745 1689 1765 e.
1738 1743 1862 1774 eceptus.
2576 1736 2586 1757 θ’

1456 1773 1555 1804 Forma
1569 1774 1628 1803 viri.
1652 1773 1736 1803 Ovid.
1752 1784 1794 1803 10.
1805 1774 1875 1804 Met.
1891 1783 1953 1810 5²9·
1974 1772 2092 1809 Forma,
2113 1772 2159 1803 Ob
2173 1773 2301 1802 formam.

1455 1811 1577 1842 Fortuna
1588 1811 1708 1841 secunda
1716 1812 1933 1842 adversariorum
1943 1813 2029 1851 capti.
2049 1811 2068 1840 i.
2080 1821 2104 1842 e.
2130 1811 2266 1850 Superati.
2287 1811 2385 1851 Nepos
2398 1821 2422 1843 1.
2433 1820 2462 1843 2.
2475 1822 2500 1850 ς.

1456 1849 1573 1880 Fraude.
1594 1849 1689 1882 Sen.A
1710 1859 1763 1879 am.
1776 1853 1801 1886 7.

1456 1887 1574 1925 Fulgore
1586 1887 1663 1916 aulae.
1711 1897 1754 1916 en.
1766 1888 1796 1916 in
1807 1887 1905 1917 Oftav.
1934 1888 1952 1916 i.
1967 1897 1991 1917 e.
2013 1886 2114 1925 Regni.

1456 1925 1560 1956 Furore
1570 1947 1578 1960 ,
1598 1925 1636 1955 est
1649 1924 1706 1962 Qui
1715 1924 1788 1955 furit.
1811 1924 1868 1955 Liv.
1881 1936 1908 1961 4.
1925 1925 1992 1955 Bell.
2005 1925 2073 1956 Pun.

1458 1963 1567 2007 Insidiis
1578 1962 1679 2001 puella.
1696 1962 1787 1993 0vtd.
1799 1972 1844 1993 20.
1859 1963 1941 2002 Epist.
1952 1966 1999 1994 66.

1456 2001 1650 2031 Misericordia
1661 2007 1768 2039 captus.
1791 2001 1866 2039 Nep.
1876 2011 1902 2031 2.
1912 2006 1938 2035 8.
1955 2006 1982 2039 ⁶7.

1456 2039 1555 2083 Oculis
1568 2045 1664 2082 captus
1679 2048 1694 2068 a
1706 2038 1840 2069 Cicerone
1859 2039 1959 2069 dicitur
1973 2042 1999 2069 6.
2012 2038 2090 2069 Verr.
2104 2047 2166 2068 101.
2182 2038 2218 2068 de
2227 2038 2267 2069 Eo
2278 2039 2325 2077 qui
2337 2039 2421 2070 visam
2437 2050 2496 2071 rem
2505 2045 2558 2071 coni
2570 2047 2572 2072 l

1475 2076 2342 2145 {32¹3staffile?{2“.2532”.iz¹3.3.3?d‘200¹1¹.¹l1⁵st‘.³⁰¹3⁶.sstapsi?
2361 2079 2435 2145 *¹3⁹⁰
2449 2078 2557 2146 f‘ssiud‘*
2577 2118 2580 2123 v

1589 2154 1594 2158 .
1687 2162 1692 2168 ·
1788 2153 1794 2159 ⁸
2062 2154 2067 2160 ι
2096 2137 2103 2145 .
2325 2127 2373 2154 upi
2397 2126 2406 2145 i
2421 2127 2476 2154 quo
2504 2125 2554 2146 nun
2569 2136 2571 2150 -,

1476 2154 1711 2234 ἓῖῗξξέῗέἑῗὲᾗί
1716 2153 2448 2229 {trititiam’.51332‘33'3'1‘35uissssssassssffssssassdss?
2450 2163 2558 2223 iiiiii?
2568 2155 2575 2221 ³.

1457 2229 1589 2260 Somnus.
1622 2229 1715 2258 Horat.
1729 2239 1756 2263 4.
1769 2228 1859 2258 Carm.
1875 2239 1898 2258 1.
1910 2238 1953 2266 37.
2361 2214 2370 2228 ’
2563 2198 2572 2255 'i

1456 2266 1613 2309 Splendore
1626 2267 1756 2296 nominis.
1779 2266 1837 2296 Cic.
1856 2277 1878 2296 1.
1892 2267 1928 2297 de
1939 2267 1997 2297 Fin.
2009 2276 2055 2304 42.
2567 2261 2570 2294 1

1456 2305 1658 2342 Superstitione
1672 2305 1790 2341 quadam
1800 2303 1896 2336 animi.
1920 2305 1976 2335 Liv.
1991 2308 2016 2334 6.
2034 2303 2103 2334 Bell.
2115 2304 2182 2335 Pun.
2562 2304 2569 2326 ⁷⁴

1457 2341 1555 2372 Verbis
1567 2349 1648 2380 capta
1657 2342 1758 2380 puella.
1783 2342 1867 2372 Ovid.
1883 2352 1926 2372 12.
1945 2343 2028 2381 Epist.
2041 2352 2087 2378 92.
2566 2342 2569 2355 ¹

1456 2380 1697 2456 vgilupttpltelcgipti
1720 2380 1858 2418 imperiti,
1887 2380 1968 2410 facile
1991 2381 2025 2411 iis
2040 2379 2142 2418 quibus
2161 2379 2355 2417 delectantur,
2383 2360 2576 2414 consentiuniil
2603 2390 2604 2394 ¹

1456 2428 1561 2495 Capiltlii}
1575 2457 1600 2486 81
1614 2427 1769 2485 stabii-asiais·
1784 2427 1844 2485 Cic.
1856 2465 1880 2493 3.
1899 2454 1980 2486 offic.
1993 2464 2038 2494 70.
2560 2448 2569 2491 'il

1457 2494 1562 2538 Captus
1582 2503 1614 2523 ea
1630 2493 1669 2523 sui
1680 2500 1757 2531 parte
1772 2493 1886 2531 quisque
1902 2494 2022 2529 dicitur3
2043 2495 2122 2531 cujus
2135 2493 2198 2524 usus
2218 2493 2270 2532 ipsi
2288 2495 2460 2533 interceptus
2475 2494 2520 2526 est.
2537 2488 2570 2539 till

1477 2534 1576 2575 Aninio
1589 2539 1703 2569 captuS,
1726 2531 1849 2562 Insanus.
1871 2532 1934 2561 Sen.
1948 2531 2030 2561 Herc.
2042 2532 2093 2562 fur.
2113 2542 2136 2561 1.
2499 2550 2501 2552 -
2559 2520 2566 2562 1

1456 2570 1576 2615 Auribus
1588 2572 1613 2599 ἃ
1625 2569 1722 2613 oculis.
1750 2569 1821 2613 ‘Cic
1837 2580 1861 2605 ς.
1874 2569 1957 2599 Tusc.
1974 2578 2035 2606 117.
2058 2570 2251 2607 Congerantur
2264 2568 2392 2600 inunum
2409 2566 2515 2602 omnia.
2535 2557 2567 2605 uil'

1476 2609 1551 2637 idem
1562 2608 1650 2638 oculis
1661 2609 1687 2637 δε
1699 2606 1810 2637 auribus
1820 2614 1918 2645 captus
1928 2607 1967 2637 sit.
1990 2608 2016 2637 h.
2032 2617 2056 2637 e.
2077 2607 2140 2637 Visu
2152 2609 2177 2638 ἃ
2189 2608 2284 2640 auditu
2296 2609 2426 2645 privatus.
2558 2596 2565 2621 '³

1455 2645 1547 2675 Corde
1561 2653 1660 2689 captus
1670 2655 1774 2689 amans.
1805 2644 1823 2674 i.
1835 2655 1860 2675 e.
1880 2645 1977 2675 Parum
1988 2644 2118 2675 cordatus
2128 2666 2137 2681 ,
2157 2645 2201 2675 vel
2212 2642 2330 2675 insanus.
2359 2645 2445 2676 Plaut.
2454 2643 2529 2676 Trin.
2541 2639 2572 2681 3ζῖ

1477 2694 1503 2713 2.
1516 2694 1563 2727 ⁴51.
1600 2685 1654 2712 Nili
1672 2690 1767 2726 potius
1789 2682 1949 2722 Exanguem
1964 2684 1990 2713 ὃς
2002 2693 2074 2721 pene
2085 2683 2263 2713 demortuum
2274 2683 2478 2720 intelligamus,
2497 2693 2568 2721 quoi¹

1476 2731 1523 2759 qui
1534 2727 1628 2763 amant
1639 2743 1647 2755 ,
1663 2721 1757 2751 eibum
1769 2721 1795 2750 Sc
1804 2729 1903 2758 potum
1912 2721 2056 2750 fastidiant.
2084 2721 2196 2750 vitalem
2208 2728 2299 2750 autem
2309 2721 2468 2751 facultatem
2477 2722 2552 2751 incor
2570 2743 2572 2749 .
2603 2723 2604 2728 ¹

1476 2761 1512 2789 de
1523 2760 1640 2788 relidere
1652 2766 1759 2802 certum
1768 2758 1815 2788 est.
1854 2760 1870 2794 [
1880 2759 1911 2788 ln
1922 2759 2077 2788 emendatis
2087 2759 2169 2788 codd.
2179 2758 2287 2796 legitur.
2320 2760 2438 2789 Proinde
2447 2765 2478 2789 ut
2488 2759 2559 2796 cordi

1477 2805 1601 2826 amantes
1614 2797 1675 2826 furit
1688 2803 1750 2826 cati.
1791 2795 1910 2826 Alciatus
1921 2796 1983 2826 Cati
1996 2807 2046 2834 pro
2057 2797 2137 2834 Capti
2151 2796 2270 2834 positum
2287 2797 2402 2835 putabat
2414 2804 2552 2836 perperam
2566 2803 2573 2815 ⁴
2603 2800 2604 2808 ¹

1475 2835 1508 2864 V.
1530 2834 1601 2878 Vols.
1620 2836 1654 2863 ad
1668 2834 1722 2864 loc.
1744 2834 1810 2864 Sine
1820 2834 2007 2864 dubiolronia
2016 2835 2054 2864 est
2065 2835 2199 2864 Plautina.
2556 2830 2563 2852 ⁵¹
2603 2834 2604 2847 ³

1456 2872 1620 2903 Luminibus
1634 2880 1740 2909 captus.
1762 2872 1780 2901 i.
1793 2882 1817 2901 e.
1840 2872 1944 2902 Caecus.
1967 2872 2023 2902 Liv.
2036 2882 2061 2907 9.
2070 2881 2116 2909 29.
2560 2854 2565 2890 l

1453 2911 1591 2955 Membris
1607 2916 1703 2948 captus
1716 2929 1724 2945 ,
1744 2910 1847 2939 dicitur
1858 2910 1914 2946 Qui
1927 2910 2019 2940 officio
2030 2910 2219 2939 membrorum
2232 2910 2355 2948 privatus
2371 2909 2418 2940 est.
2448 2909 2505 2939 Cic.
2514 2898 2562 2948 prt'
2603 2916 2604 2926 ¹

1473 2948 1564 2992 Rabir.
1577 2958 1622 2992 ²¹:
1644 2948 1796 2977 Confectus
1805 2947 1963 2984 senectute,
1983 2949 2152 2986 praepeditus
2161 2948 2277 2984 inorbo,
2298 2957 2430 2984 mancus,
2449 2949 2563 2978 &merui
2599 2945 2601 2956 ¹

1472 2987 1528 3016 bris
1539 2985 1670 3016 omnibus
1679 2993 1776 3023 captus
1787 2995 1820 3015 ac
1833 2985 1940 3015 debilis.
2558 2976 2561 2998 ⁵
2599 2983 2604 3001 ⁵

1453 3025 1573 3069 Mente,
1598 3024 1658 3068 Qui
1676 3033 1733 3052 non
1745 3024 1783 3053 est
1793 3020 1980 3053 sanaenientis.
2021 3022 2080 3053 Cic.
2095 3032 2118 3053 1.
2134 3020 2216 3053 Offic.
2228 3033 2273 3059 94.
2295 3021 2363 3053 Falli
2379 3045 2387 3059 ,
2407 3031 2513 3061 errare²
2528 3001 2561 3053 lai
2599 3041 2600 3046 ,

1474 3063 1522 3098 bi,
1543 3062 1636 3105 decipi
1651 3071 1706 3091 tam
1717 3061 1836 3090 dedecet
1849 3083 1857 3096 ,
1878 3071 1961 3098 quam
1970 3061 2086 3091 delirare
2097 3061 2226 3091 &mente
2236 3068 2349 3098 captum
2363 3060 2426 3091 esse.
2557 3051 2561 3069 ‘
2601 3059 2604 3067 ’

1453 3101 1550 3145 Talpae
1560 3099 1737 3143 capuoeulis-
1758 3098 1854 3136 Virgil.
1872 3111 1894 3129 1.
1919 3099 2019 3137 Georg.
2034 3105 2095 3136 183.
2115 3099 2162 3128 hic
2175 3100 2213 3128 est
2233 3098 2331 3129 Oculis
2345 3099 2460 3129 debiles.
2468 3098 2532 3136 Qiu

1472 3149 1549 3181 enim
1560 3139 1640 3175 talpae
1654 3147 1721 3181 caeci
1737 3136 1897 3172 nascantur,
1919 3137 2064 3175 quomodo
2075 3137 2151 3175 capti
2165 3136 2274 3168 oculis?
2295 3136 2337 3166 illi
2351 3137 2427 3167 enim
2440 3135 2513 3175 capti
2525 3134 2550 3164 di
2576 3132 2582 3157 -“
2597 3160 2602 3171 .

1474 3182 1592 3212 cuntur,
1614 3174 1970 3213 quialiquandoviderunt.
1993 3175 2112 3205 Servius.
2552 3199 2553 3202 ,
2597 3169 2604 3203 ζ’

1453 3215 1492 3245 Ca
1514 3221 1572 3249 tus,
1593 3213 1759 3257 Susceptus,
1780 3212 1904 3247 eleana,
1925 3213 2109 3249 constitutus,
2139 3216 2189 3248 ut,
2221 3211 2336 3242 Consilii
2355 3212 2430 3251 capti
2451 3218 2549 3242 memor
2597 3208 2604 3229 [ἒ

1474 3254 1491 3282 Ρ
1506 3259 1560 3281 aut.
1574 3251 1659 3281 Stich.
1671 3262 1697 3286 4.
1713 3261 1736 3279 1.
1749 3260 1793 3286 72.
1833 3250 1864 3280 V.
1885 3251 1914 3279 in
1928 3250 1986 3288 ipso
1997 3250 2092 3281 verbo.
2556 3250 2557 3258 ¹
2571 3254 2574 3258 ’
2600 3249 2604 3251 ’

1453 3289 1611 3327 Collegium
1621 3298 1754 3325 augurum
1765 3288 1794 3317 sit
1803 3293 1924 3326 captum.
1948 3289 2024 3318 idem
2039 3288 2117 3318 Men.
2133 3297 2157 3318 1.
2172 3296 2199 3318 2.
2211 3297 2255 3324 54.
2497 3299 2499 3315 1

1452 3328 1543 3357 Locus
1555 3334 1651 3365 captus
1664 3348 1672 3361 ,
1693 3326 1837 3355 dicebatur
1850 3326 1890 3355 Ad
1899 3325 2106 3355 sacrificandum
2115 3327 2239 3363 legitime
2249 3325 2422 3354 constitutus.
2443 3323 2510 3355 Fest.
2556 3351 2557 3355 ,
2574 3322 2582 3346 ἕ
2595 3325 2604 3362 f·

2533 3050 2560 3138 ἐῖ-

1452 3414 1533 3446 muni
1551 3403 1688 3447 diligunt,
1713 3411 1748 3430 ex
1766 3401 1865 3438 quibus
1881 3400 1991 3438 sperant
2005 3401 2030 3432 se
2044 3402 2200 3431 maximum
2212 3401 2332 3431 fructum
2351 3399 2405 3430 effe
2428 3406 2556 3440 capturos,
2580 3400 2604 3428 :⁸²

1454 3442 1611 3478 Auspicium
1622 3446 1761 3477 capturus.
1783 3439 1858 3468 Suet.
1871 3438 1949 3482 Vesp.
1966 3449 2009 3468 11.
2596 3431 2604 3455 ἶ

1452 3517 1562 3560 Capio,
1583 3526 1634 3560 pro
1644 3515 1744 3552 Captio
1757 3514 1858 3558 dicitur
1872 3523 1948 3550 aeque
1965 3515 1993 3544 iii
2005 3515 2047 3544 his
2059 3513 2169 3544 duobus
2179 3512 2322 3545 vocabulis
2340 3513 2475 3553 Usucapio
2487 3513 2512 3543 &
2521 3509 2545 3541 Pl
2564 3518 2566 3522 ’

1470 3553 1651 3592 giioriscapm.
1673 3550 1742 3582 Gell.
1755 3551 1803 3581 lib.
1815 3561 1840 3587 7.
1855 3560 1914 3588 cap.
1929 3561 1970 3580 10.
2579 3555 2587 3566 '¹
2602 3560 2603 3564 ¹

1451 3630 1544 3667 captio
1557 3651 1564 3664 ,
1586 3639 1646 3665 quae
1659 3630 1682 3658 ἃ
1695 3627 1823 3665 Captatio
1833 3627 1942 3656 dicitur.
2548 3640 2550 3655 i
2598 3626 2604 3645 '·=

1451 3668 1550 3705 Captio
1561 3689 1569 3702 ,
1591 3665 1752 3709 [i'zmyaym
1772 3662 1858 3708 flavin
1869 3686 1876 3698 ,
1896 3663 2038 3700 σ-ἑφισμρι]
2059 3664 2205 3702 Deceptio.
2238 3663 2323 3693 Plaut.
2337 3663 2418 3702 Epid.
2433 3672 2459 3694 2.
2475 3671 2500 3693 2.
2515 3667 2549 3698 ιη
2585 3664 2604 3695 .ss

1472 3705 1571 3748 Verum
1585 3707 1602 3733 ii
1613 3703 1674 3742 plus
1685 3703 1792 3746 i-iederis
1800 3725 1808 3737 ,
1829 3702 1945 3731 referam
1958 3712 1964 3731 z
1987 3702 2062 3732 nulla
2071 3702 2101 3732 in
2110 3712 2142 3732 ea
2150 3712 2178 3732 re
2188 3702 2283 3740 captio
2294 3702 2340 3732 est.
2595 3699 2604 3713 '¹

1450 3741 1610 3772 Dialecticii·
1621 3750 1774 3777 captiones.
1798 3740 1856 3769 Cic.
1869 3749 1894 3768 2.
1906 3739 1942 3768 de
1954 3739 2011 3769 Pin.
2027 3749 2069 3776 17.
2547 3763 2549 3766 .
2594 3764 2597 3767 .

1451 3780 1592 3816 Praestigiae
1607 3779 1794 3822 ᾅρηρῑίρηεε.
1841 3777 1899 3820 Cic.
1912 3788 1938 3812 4.
1959 3777 2096 3813 Acad.45.
2130 3776 2239 3813 Maj0re
2252 3776 2370 3814 quadam
2387 3786 2404 3806 o
2426 3784 2457 3806 us
2474 3767 2553 3805 estve
2598 3776 2604 3783 ’“

1470 3825 1526 3860 arte
1542 3817 1584 3846 vel
1596 3817 1759 3859 diligentia,
1780 3824 1816 3858 ne
1826 3815 1859 3843 ab
1872 3824 1905 3843 iis
1917 3824 1975 3851 quie
1990 3815 2063 3844 clara
2076 3815 2138 3845 sunt
2149 3814 2206 3853 ipsa
2215 3824 2265 3853 per
2279 3814 2322 3850 se,
2343 3824 2396 3852 qua
2407 3825 2415 3843 1
2428 3811 2551 3852 praestigii.
2564 3820 2575 3837 7ῑ

1471 3854 1634 3891 quibusdam
1647 3857 1671 3882 ὁὶ
1685 3852 1862 3891 captionibus
1871 3851 2053 3889 depellaniur.
2546 3864 2547 3872 .
2574 3848 2578 3855 “
2596 3850 2603 3871 ἓ

1451 3892 1553 3929 Captio
1563 3892 1590 3920 in
1603 3891 1701 3920 verbis.
1740 3891 1797 3920 Cic.
1810 3890 1845 3919 de
1855 3889 1925 3918 Clar.
1938 3890 2015 3919 Orat.
2029 3898 2088 3924 197.
2117 3889 2228 3926 Quanta
2238 3889 2304 3919 esset
2314 3891 2341 3919 in
2352 3888 2438 3918 verbis
2449 3887 2536 3926 captio
2576 3896 2603 3925 ¹3„-

1470 3939 1536 3963 cum
1548 3930 1576 3957 in
1586 3930 1685 3959 ceteris
1695 3929 1776 3958 rebus
1785 3950 1793 3963 ‚
1813 3933 1873 3957 tuni
1884 3928 1913 3955 in
1921 3927 2088 3957 testamentis
2098 3949 2106 3963 ,
2127 3927 2147 3956 si
2161 3927 2364 3968 negligerentur
2371 3924 2547 3993 volgi-{atesi

2448 3973 2455 3992 i
2468 3969 2543 3992 cuter
