<?xml version="1.0" encoding="UTF-8"?>
<!DOCTYPE html PUBLIC "-//W3C//DTD XHTML 1.0 Transitional//EN"
    "http://www.w3.org/TR/xhtml1/DTD/xhtml1-transitional.dtd">
<html xmlns="http://www.w3.org/1999/xhtml" xml:lang="en" lang="en">
 <head>
  <title>
</title>
<meta http-equiv="Content-Type" content="text/html;charset=utf-8" />
  <meta name='ocr-system' content='tesseract 3.04.00' />
  <meta name='ocr-capabilities' content='ocr_page ocr_carea ocr_par ocr_line ocrx_word'/>
</head>
<body>
  <div class='ocr_page' id='page_1' title='image "./robertistephanil01esti/robertistephanil01esti_0587.png"; bbox 0 0 2600 4177; ppageno 0'>
   <div class='ocr_carea' id='block_1_1' title="bbox 455 112 719 147">
    <p class='ocr_par' dir='ltr' id='par_1_1' title="bbox 455 112 719 147">
     <span class='ocr_line' id='line_1_1' title="bbox 455 112 719 147; baseline 0 0"><span class='ocrx_word' id='word_1_1' title='bbox 455 112 485 147; x_wconf 91' lang='lat' dir='ltr'>C</span> <span class='ocrx_word' id='word_1_2' title='bbox 579 114 595 147; x_wconf 86' lang='lat' dir='ltr'>I</span> <span class='ocrx_word' id='word_1_3' title='bbox 692 112 719 147; x_wconf 76' lang='lat' dir='ltr'>E</span> 
     </span>
    </p>
   </div>
   <div class='ocr_carea' id='block_1_2' title="bbox 18 192 1179 981">
    <p class='ocr_par' dir='ltr' id='par_1_2' title="bbox 29 192 1175 447">
     <span class='ocr_line' id='line_1_2' title="bbox 66 192 877 230; baseline -0.001 -6"><span class='ocrx_word' id='word_1_4' title='bbox 66 192 132 224; x_wconf 77' lang='lat' dir='ltr'>Dies</span> <span class='ocrx_word' id='word_1_5' title='bbox 141 195 221 225; x_wconf 87' lang='lat' dir='ltr'>citior</span> <span class='ocrx_word' id='word_1_6' title='bbox 228 194 344 223; x_wconf 85' lang='lat' dir='ltr'>brumali</span> <span class='ocrx_word' id='word_1_7' title='bbox 355 201 489 230; x_wconf 78' lang='lat' dir='ltr'>tempore.</span> <span class='ocrx_word' id='word_1_8' title='bbox 512 192 595 222; x_wconf 85' lang='lat' dir='ltr'>Ovid.</span> <span class='ocrx_word' id='word_1_9' title='bbox 607 202 633 222; x_wconf 86' lang='lat'>2.</span> <span class='ocrx_word' id='word_1_10' title='bbox 654 194 690 223; x_wconf 88' lang='lat' dir='ltr'>de</span> <span class='ocrx_word' id='word_1_11' title='bbox 702 193 779 223; x_wconf 88' lang='lat' dir='ltr'>Pont.</span> <span class='ocrx_word' id='word_1_12' title='bbox 792 203 819 230; x_wconf 74' lang='grc'>4.</span> <span class='ocrx_word' id='word_1_13' title='bbox 830 201 877 229; x_wconf 72' lang='lat'>25.</span> 
     </span>
     <span class='ocr_line' id='line_1_3' title="bbox 68 230 709 268; baseline -0.003 -7"><span class='ocrx_word' id='word_1_14' title='bbox 68 233 176 261; x_wconf 68' lang='lat' dir='ltr'>Fadium</span> <span class='ocrx_word' id='word_1_15' title='bbox 189 232 354 261; x_wconf 76' lang='lat' dir='ltr'>citissimum.</span> <span class='ocrx_word' id='word_1_16' title='bbox 378 231 496 268; x_wconf 82' lang='lat' dir='ltr'>Quintil.</span> <span class='ocrx_word' id='word_1_17' title='bbox 510 230 556 260; x_wconf 92' lang='lat' dir='ltr'>lib.</span> <span class='ocrx_word' id='word_1_18' title='bbox 571 234 596 260; x_wconf 91' lang='lat'>6.</span> <span class='ocrx_word' id='word_1_19' title='bbox 608 241 670 268; x_wconf 85' lang='lat' dir='ltr'>cap.</span> <span class='ocrx_word' id='word_1_20' title='bbox 683 241 709 265; x_wconf 77' lang='lat'>4.</span> 
     </span>
     <span class='ocr_line' id='line_1_4' title="bbox 29 267 1175 305; baseline -0.002 -7"><span class='ocrx_word' id='word_1_21' title='bbox 29 268 125 298; x_wconf 62' lang='lat' dir='ltr'>crro</span> <span class='ocrx_word' id='word_1_22' title='bbox 137 292 145 303; x_wconf 76' lang='grc'><strong>,</strong></span> <span class='ocrx_word' id='word_1_23' title='bbox 167 270 232 298; x_wconf 82' lang='lat' dir='ltr'>Adv.</span> <span class='ocrx_word' id='word_1_24' title='bbox 256 267 386 305; x_wconf 63' lang='grc' dir='ltr'>[ταχέως]</span> <span class='ocrx_word' id='word_1_25' title='bbox 415 269 481 298; x_wconf 85' lang='lat' dir='ltr'>Ter.</span> <span class='ocrx_word' id='word_1_26' title='bbox 495 269 567 297; x_wconf 87' lang='lat' dir='ltr'>And.</span> <span class='ocrx_word' id='word_1_27' title='bbox 582 278 604 297; x_wconf 91' lang='lat'>1.</span> <span class='ocrx_word' id='word_1_28' title='bbox 621 279 644 303; x_wconf 87' lang='grc' dir='ltr'>ς.</span> <span class='ocrx_word' id='word_1_29' title='bbox 659 276 704 298; x_wconf 80' lang='lat'>20.</span> <span class='ocrx_word' id='word_1_30' title='bbox 726 267 776 297; x_wconf 85' lang='lat' dir='ltr'>Abi</span> <span class='ocrx_word' id='word_1_31' title='bbox 794 268 861 299; x_wconf 84' lang='lat' dir='ltr'>cito.</span> <span class='ocrx_word' id='word_1_32' title='bbox 881 267 960 298; x_wconf 90' lang='lat' dir='ltr'>Idem</span> <span class='ocrx_word' id='word_1_33' title='bbox 971 267 1042 298; x_wconf 86' lang='lat' dir='ltr'>Eun.</span> <span class='ocrx_word' id='word_1_34' title='bbox 1055 276 1080 305; x_wconf 84' lang='lat'>3.</span> <span class='ocrx_word' id='word_1_35' title='bbox 1094 275 1119 304; x_wconf 91' lang='grc'>3.</span> <span class='ocrx_word' id='word_1_36' title='bbox 1132 275 1175 304; x_wconf 85' lang='lat'>32.</span> 
     </span>
     <span class='ocr_line' id='line_1_5' title="bbox 65 304 515 335; baseline 0 -1"><span class='ocrx_word' id='word_1_37' title='bbox 65 306 128 334; x_wconf 84' lang='lat' dir='ltr'>Cito</span> <span class='ocrx_word' id='word_1_38' title='bbox 138 307 211 335; x_wconf 89' lang='lat' dir='ltr'>hunc</span> <span class='ocrx_word' id='word_1_39' title='bbox 223 304 330 334; x_wconf 84' lang='lat' dir='ltr'><strong>deduce</strong></span> <span class='ocrx_word' id='word_1_40' title='bbox 342 307 375 334; x_wconf 88' lang='lat' dir='ltr'>ad</span> <span class='ocrx_word' id='word_1_41' title='bbox 389 305 515 334; x_wconf 85' lang='lat' dir='ltr'>militem.</span> 
     </span>
     <span class='ocr_line' id='line_1_6' title="bbox 66 341 821 379; baseline 0 -7"><span class='ocrx_word' id='word_1_42' title='bbox 66 344 130 372; x_wconf 76' lang='lat' dir='ltr'>Cito</span> <span class='ocrx_word' id='word_1_43' title='bbox 144 345 168 373; x_wconf 71' lang='lat' dir='ltr'>Sc</span> <span class='ocrx_word' id='word_1_44' title='bbox 181 344 277 372; x_wconf 81' lang='lat' dir='ltr'>cursim</span> <span class='ocrx_word' id='word_1_45' title='bbox 289 343 392 378; x_wconf 86' lang='lat' dir='ltr'>aliquid</span> <span class='ocrx_word' id='word_1_46' title='bbox 404 353 493 379; x_wconf 79' lang='lat' dir='ltr'>agere.</span> <span class='ocrx_word' id='word_1_47' title='bbox 514 341 597 371; x_wconf 87' lang='lat' dir='ltr'>Plaut.</span> <span class='ocrx_word' id='word_1_48' title='bbox 609 341 687 372; x_wconf 76' lang='lat' dir='ltr'>Poen.</span> <span class='ocrx_word' id='word_1_49' title='bbox 701 351 725 377; x_wconf 82' lang='grc'>3.</span> <span class='ocrx_word' id='word_1_50' title='bbox 741 352 764 372; x_wconf 91' lang='lat'>1.</span> <span class='ocrx_word' id='word_1_51' title='bbox 777 345 821 378; x_wconf 80' lang='lat'>64.</span> 
     </span>
     <span class='ocr_line' id='line_1_7' title="bbox 65 379 1174 446; baseline -0.001 -37"><span class='ocrx_word' id='word_1_52' title='bbox 65 381 226 446; x_wconf 50' lang='lat' dir='ltr'>Tagiqcito?</span> <span class='ocrx_word' id='word_1_53' title='bbox 246 380 309 409; x_wconf 91' lang='lat' dir='ltr'>Ter.</span> <span class='ocrx_word' id='word_1_54' title='bbox 319 381 388 410; x_wconf 81' lang='lat' dir='ltr'>And.</span> <span class='ocrx_word' id='word_1_55' title='bbox 405 391 429 416; x_wconf 83' lang='grc' dir='ltr'>ς.</span> <span class='ocrx_word' id='word_1_56' title='bbox 443 391 469 417; x_wconf 79' lang='lat'>4.</span> <span class='ocrx_word' id='word_1_57' title='bbox 480 383 525 410; x_wconf 81' lang='lat'>2⁶.</span> <span class='ocrx_word' id='word_1_58' title='bbox 547 389 604 409; x_wconf 71' lang='grc'><strong>011.</strong></span> <span class='ocrx_word' id='word_1_59' title='bbox 625 380 691 417; x_wconf 81' lang='lat' dir='ltr'>Ejus</span> <span class='ocrx_word' id='word_1_60' title='bbox 708 381 831 410; x_wconf 68' lang='lat' dir='ltr'>nomen?</span> <span class='ocrx_word' id='word_1_61' title='bbox 853 390 871 410; x_wconf 86' lang='lat' dir='ltr'>c</span> <span class='ocrx_word' id='word_1_62' title='bbox 883 390 907 410; x_wconf 69' lang='lat' dir='ltr'>a.</span> <span class='ocrx_word' id='word_1_63' title='bbox 929 389 1033 409; x_wconf 89' lang='lat' dir='ltr'>nomen</span> <span class='ocrx_word' id='word_1_64' title='bbox 1048 385 1106 410; x_wconf 83' lang='lat' dir='ltr'>tam</span> <span class='ocrx_word' id='word_1_65' title='bbox 1116 379 1174 409; x_wconf 87' lang='lat' dir='ltr'>cito</span> 
     </span>
     <span class='ocr_line' id='line_1_8' title="bbox 83 425 150 447; baseline -0.015 0"><span class='ocrx_word' id='word_1_66' title='bbox 83 425 102 447; x_wconf 74' lang='lat' dir='ltr'>ti</span> <span class='ocrx_word' id='word_1_67' title='bbox 125 428 150 446; x_wconf 88' lang='lat'>1.</span> 
     </span>
    </p>

    <p class='ocr_par' dir='ltr' id='par_1_3' title="bbox 18 454 439 487">
     <span class='ocr_line' id='line_1_9' title="bbox 18 454 439 487; baseline 0 -3"><span class='ocrx_word' id='word_1_68' title='bbox 18 462 20 479; x_wconf 70' lang='lat' dir='ltr'>t</span> <span class='ocrx_word' id='word_1_69' title='bbox 64 456 155 487; x_wconf 87' lang='lat' dir='ltr'>Nimis</span> <span class='ocrx_word' id='word_1_70' title='bbox 165 455 229 484; x_wconf 90' lang='lat' dir='ltr'>cito.</span> <span class='ocrx_word' id='word_1_71' title='bbox 266 454 299 484; x_wconf 91' lang='lat' dir='ltr'>V.</span> <span class='ocrx_word' id='word_1_72' title='bbox 319 463 439 484; x_wconf 73' lang='lat' dir='ltr'>Nrurs.</span> 
     </span>
    </p>

    <p class='ocr_par' dir='ltr' id='par_1_4' title="bbox 18 489 1179 680">
     <span class='ocr_line' id='line_1_10' title="bbox 18 489 1178 531; baseline -0.001 -10"><span class='ocrx_word' id='word_1_73' title='bbox 18 501 20 521; x_wconf 79' lang='lat' dir='ltr'>i</span> <span class='ocrx_word' id='word_1_74' title='bbox 66 493 145 528; x_wconf 85' lang='lat' dir='ltr'>cito,</span> <span class='ocrx_word' id='word_1_75' title='bbox 166 499 197 522; x_wconf 90' lang='lat' dir='ltr'>ut</span> <span class='ocrx_word' id='word_1_76' title='bbox 211 489 273 526; x_wconf 57' lang='grc' dir='ltr'>τοῖχοι</span> <span class='ocrx_word' id='word_1_77' title='bbox 283 514 290 526; x_wconf 88' lang='grc'><strong>,</strong></span> <span class='ocrx_word' id='word_1_78' title='bbox 312 493 387 528; x_wconf 87' lang='lat' dir='ltr'>quod</span> <span class='ocrx_word' id='word_1_79' title='bbox 397 493 452 521; x_wconf 91' lang='lat' dir='ltr'>cito</span> <span class='ocrx_word' id='word_1_80' title='bbox 463 491 501 521; x_wconf 89' lang='lat' dir='ltr'>est</span> <span class='ocrx_word' id='word_1_81' title='bbox 511 491 612 522; x_wconf 85' lang='lat' dir='ltr'>Graecis</span> <span class='ocrx_word' id='word_1_82' title='bbox 623 514 631 528; x_wconf 88' lang='lat'>,</span> <span class='ocrx_word' id='word_1_83' title='bbox 653 492 815 531; x_wconf 87' lang='lat' dir='ltr'>plerumque</span> <span class='ocrx_word' id='word_1_84' title='bbox 827 492 945 523; x_wconf 78' lang='lat' dir='ltr'>Fortasse</span> <span class='ocrx_word' id='word_1_85' title='bbox 956 491 1038 522; x_wconf 84' lang='lat' dir='ltr'>valet.</span> <span class='ocrx_word' id='word_1_86' title='bbox 1080 492 1120 521; x_wconf 90' lang='lat' dir='ltr'>lta</span> <span class='ocrx_word' id='word_1_87' title='bbox 1132 491 1178 520; x_wconf 89' lang='lat' dir='ltr'>Ci-</span> 
     </span>
     <span class='ocr_line' id='line_1_11' title="bbox 83 528 1177 567; baseline -0.003 -7"><span class='ocrx_word' id='word_1_88' title='bbox 83 539 213 560; x_wconf 88' lang='lat' dir='ltr'>ceronem</span> <span class='ocrx_word' id='word_1_89' title='bbox 222 529 284 558; x_wconf 94' lang='lat' dir='ltr'>Cito</span> <span class='ocrx_word' id='word_1_90' title='bbox 296 528 432 567; x_wconf 71' lang='lat' dir='ltr'>usurpasse</span> <span class='ocrx_word' id='word_1_91' title='bbox 442 530 524 559; x_wconf 89' lang='lat' dir='ltr'>video</span> <span class='ocrx_word' id='word_1_92' title='bbox 540 531 569 559; x_wconf 88' lang='lat' dir='ltr'>in</span> <span class='ocrx_word' id='word_1_93' title='bbox 581 529 663 559; x_wconf 81' lang='lat' dir='ltr'>Bruto</span> <span class='ocrx_word' id='word_1_94' title='bbox 673 553 680 565; x_wconf 86' lang='lat'>,</span> <span class='ocrx_word' id='word_1_95' title='bbox 695 535 758 566; x_wconf 86' lang='lat'>264.</span> <span class='ocrx_word' id='word_1_96' title='bbox 782 531 829 560; x_wconf 90' lang='lat' dir='ltr'>ubi</span> <span class='ocrx_word' id='word_1_97' title='bbox 840 538 879 560; x_wconf 72' lang='lat' dir='ltr'>art</span> <span class='ocrx_word' id='word_1_98' title='bbox 890 553 897 564; x_wconf 77' lang='grc'><strong>,</strong></span> <span class='ocrx_word' id='word_1_99' title='bbox 918 531 971 559; x_wconf 87' lang='lat' dir='ltr'>Sed</span> <span class='ocrx_word' id='word_1_100' title='bbox 985 539 1076 567; x_wconf 89' lang='lat' dir='ltr'>neque</span> <span class='ocrx_word' id='word_1_101' title='bbox 1087 529 1177 558; x_wconf 87' lang='lat' dir='ltr'>verbis</span> 
     </span>
     <span class='ocr_line' id='line_1_12' title="bbox 84 567 1178 605; baseline -0.003 -8"><span class='ocrx_word' id='word_1_102' title='bbox 84 568 218 603; x_wconf 82' lang='lat' dir='ltr'>aptiorem</span> <span class='ocrx_word' id='word_1_103' title='bbox 228 568 285 596; x_wconf 92' lang='lat' dir='ltr'>cito</span> <span class='ocrx_word' id='word_1_104' title='bbox 297 567 382 596; x_wconf 88' lang='lat' dir='ltr'>alium</span> <span class='ocrx_word' id='word_1_105' title='bbox 400 568 528 596; x_wconf 80' lang='lat' dir='ltr'>dixerim.</span> <span class='ocrx_word' id='word_1_106' title='bbox 568 568 689 603; x_wconf 90' lang='lat' dir='ltr'>Iterum,</span> <span class='ocrx_word' id='word_1_107' title='bbox 710 571 774 603; x_wconf 80' lang='lat'>265.</span> <span class='ocrx_word' id='word_1_108' title='bbox 809 568 902 605; x_wconf 84' lang='lat' dir='ltr'>Quem</span> <span class='ocrx_word' id='word_1_109' title='bbox 921 575 950 597; x_wconf 94' lang='lat' dir='ltr'>tu</span> <span class='ocrx_word' id='word_1_110' title='bbox 970 578 1027 596; x_wconf 90' lang='lat' dir='ltr'>non</span> <span class='ocrx_word' id='word_1_111' title='bbox 1043 574 1099 596; x_wconf 84' lang='lat' dir='ltr'>tam</span> <span class='ocrx_word' id='word_1_112' title='bbox 1120 567 1178 595; x_wconf 89' lang='lat' dir='ltr'>cito</span> 
     </span>
     <span class='ocr_line' id='line_1_13' title="bbox 83 604 1179 642; baseline -0.002 -7"><span class='ocrx_word' id='word_1_113' title='bbox 83 606 233 635; x_wconf 84' lang='lat' dir='ltr'>Rhetorem</span> <span class='ocrx_word' id='word_1_114' title='bbox 242 605 352 634; x_wconf 79' lang='lat' dir='ltr'>dixiffes</span> <span class='ocrx_word' id='word_1_115' title='bbox 360 626 368 639; x_wconf 83' lang='lat'>,</span> <span class='ocrx_word' id='word_1_116' title='bbox 385 615 466 642; x_wconf 91' lang='lat' dir='ltr'>quam</span> <span class='ocrx_word' id='word_1_117' title='bbox 475 612 505 634; x_wconf 95' lang='lat' dir='ltr'>ut</span> <span class='ocrx_word' id='word_1_118' title='bbox 517 605 604 635; x_wconf 66' lang='lat' dir='ltr'>Gracci</span> <span class='ocrx_word' id='word_1_119' title='bbox 614 606 712 635; x_wconf 88' lang='lat' dir='ltr'>dicunt</span> <span class='ocrx_word' id='word_1_120' title='bbox 722 606 850 638; x_wconf 60' lang='grc' dir='ltr'><strong>πολιτικόν.</strong></span> <span class='ocrx_word' id='word_1_121' title='bbox 871 606 938 636; x_wconf 78' lang='lat' dir='ltr'>Haec</span> <span class='ocrx_word' id='word_1_122' title='bbox 948 606 1107 635; x_wconf 89' lang='lat' dir='ltr'>Turnebus.</span> <span class='ocrx_word' id='word_1_123' title='bbox 1127 604 1179 634; x_wconf 77' lang='lat' dir='ltr'>Bu·</span> 
     </span>
     <span class='ocr_line' id='line_1_14' title="bbox 86 642 528 680; baseline 0.002 -9"><span class='ocrx_word' id='word_1_124' title='bbox 86 643 177 678; x_wconf 88' lang='lat' dir='ltr'>daeus,</span> <span class='ocrx_word' id='word_1_125' title='bbox 197 643 261 671; x_wconf 92' lang='lat' dir='ltr'>Cito</span> <span class='ocrx_word' id='word_1_126' title='bbox 273 664 281 677; x_wconf 86' lang='grc'><strong>,</strong></span> <span class='ocrx_word' id='word_1_127' title='bbox 302 642 392 672; x_wconf 84' lang='lat' dir='ltr'>Facile</span> <span class='ocrx_word' id='word_1_128' title='bbox 401 644 528 680; x_wconf 83' lang='lat' dir='ltr'>exponit.</span> 
     </span>
    </p>

    <p class='ocr_par' dir='ltr' id='par_1_5' title="bbox 18 679 591 718">
     <span class='ocr_line' id='line_1_15' title="bbox 18 679 591 718; baseline 0 -8"><span class='ocrx_word' id='word_1_129' title='bbox 18 687 21 714; x_wconf 89' lang='grc'>1</span> <span class='ocrx_word' id='word_1_130' title='bbox 66 681 193 718; x_wconf 82' lang='lat' dir='ltr'>Compar.</span> <span class='ocrx_word' id='word_1_131' title='bbox 216 679 313 711; x_wconf 83' lang='lat' dir='ltr'>Citius.</span> <span class='ocrx_word' id='word_1_132' title='bbox 334 680 397 710; x_wconf 90' lang='lat' dir='ltr'>Ter.</span> <span class='ocrx_word' id='word_1_133' title='bbox 412 681 480 710; x_wconf 85' lang='lat' dir='ltr'>Hec.</span> <span class='ocrx_word' id='word_1_134' title='bbox 494 689 552 717; x_wconf 83' lang='lat'>3.3.</span> <span class='ocrx_word' id='word_1_135' title='bbox 565 691 591 715; x_wconf 84' lang='grc'>4.</span> 
     </span>
    </p>

    <p class='ocr_par' dir='ltr' id='par_1_6' title="bbox 18 717 813 758">
     <span class='ocr_line' id='line_1_16' title="bbox 18 717 813 758; baseline 0.001 -12"><span class='ocrx_word' id='word_1_136' title='bbox 18 720 21 758; x_wconf 63' lang='lat' dir='ltr'><strong>j</strong></span> <span class='ocrx_word' id='word_1_137' title='bbox 66 718 142 749; x_wconf 91' lang='lat' dir='ltr'>Noto</span> <span class='ocrx_word' id='word_1_138' title='bbox 152 717 313 755; x_wconf 89' lang='lat' dir='ltr'>volucrique</span> <span class='ocrx_word' id='word_1_139' title='bbox 326 718 421 755; x_wconf 78' lang='lat' dir='ltr'>sagitta</span> <span class='ocrx_word' id='word_1_140' title='bbox 433 719 523 748; x_wconf 90' lang='lat' dir='ltr'>citius.</span> <span class='ocrx_word' id='word_1_141' title='bbox 548 718 620 755; x_wconf 84' lang='lat' dir='ltr'>Virg.</span> <span class='ocrx_word' id='word_1_142' title='bbox 635 729 659 752; x_wconf 80' lang='grc' dir='ltr'>ς.</span> <span class='ocrx_word' id='word_1_143' title='bbox 672 717 734 748; x_wconf 80' lang='lat' dir='ltr'>AEn.</span> <span class='ocrx_word' id='word_1_144' title='bbox 748 727 813 754; x_wconf 86' lang='lat'>242.</span> 
     </span>
    </p>

    <p class='ocr_par' dir='ltr' id='par_1_7' title="bbox 18 754 1123 793">
     <span class='ocr_line' id='line_1_17' title="bbox 18 754 1123 793; baseline 0.001 -10"><span class='ocrx_word' id='word_1_145' title='bbox 18 762 21 784; x_wconf 79' lang='grc' dir='ltr'><strong>ι</strong></span> <span class='ocrx_word' id='word_1_146' title='bbox 65 755 155 784; x_wconf 86' lang='lat' dir='ltr'>Citius</span> <span class='ocrx_word' id='word_1_147' title='bbox 164 755 289 792; x_wconf 89' lang='lat' dir='ltr'>suprema</span> <span class='ocrx_word' id='word_1_148' title='bbox 300 756 362 791; x_wconf 82' lang='lat' dir='ltr'>die,</span> <span class='ocrx_word' id='word_1_149' title='bbox 383 756 400 784; x_wconf 91' lang='lat' dir='ltr'>i.</span> <span class='ocrx_word' id='word_1_150' title='bbox 412 765 436 785; x_wconf 85' lang='lat' dir='ltr'>e.</span> <span class='ocrx_word' id='word_1_151' title='bbox 458 757 528 786; x_wconf 79' lang='lat' dir='ltr'>Ante</span> <span class='ocrx_word' id='word_1_152' title='bbox 537 756 611 785; x_wconf 88' lang='lat' dir='ltr'>diem</span> <span class='ocrx_word' id='word_1_153' title='bbox 620 755 783 793; x_wconf 84' lang='lat' dir='ltr'>supremam.</span> <span class='ocrx_word' id='word_1_154' title='bbox 806 754 1013 786; x_wconf 81' lang='lat' dir='ltr'>Hor.1.carm.</span> <span class='ocrx_word' id='word_1_155' title='bbox 1026 763 1123 792; x_wconf 83' lang='lat' dir='ltr'>13.2o.</span> 
     </span>
    </p>

    <p class='ocr_par' dir='ltr' id='par_1_8' title="bbox 18 787 530 854">
     <span class='ocr_line' id='line_1_18' title="bbox 18 787 530 854; baseline 0.002 -32"><span class='ocrx_word' id='word_1_156' title='bbox 18 787 21 854; x_wconf 65' lang='grc'>1</span> <span class='ocrx_word' id='word_1_157' title='bbox 65 793 154 822; x_wconf 86' lang='lat' dir='ltr'>Citius</span> <span class='ocrx_word' id='word_1_158' title='bbox 165 793 250 822; x_wconf 67' lang='lat' dir='ltr'>disto.</span> <span class='ocrx_word' id='word_1_159' title='bbox 272 793 344 831; x_wconf 86' lang='lat' dir='ltr'>Virg.</span> <span class='ocrx_word' id='word_1_160' title='bbox 360 803 382 822; x_wconf 90' lang='lat'>1.</span> <span class='ocrx_word' id='word_1_161' title='bbox 394 794 455 823; x_wconf 83' lang='lat' dir='ltr'>AEn.</span> <span class='ocrx_word' id='word_1_162' title='bbox 470 797 530 830; x_wconf 87' lang='lat'>146.</span> 
     </span>
    </p>

    <p class='ocr_par' dir='ltr' id='par_1_9' title="bbox 18 830 1178 981">
     <span class='ocr_line' id='line_1_19' title="bbox 256 830 855 869; baseline 0 -10"><span class='ocrx_word' id='word_1_163' title='bbox 256 832 326 860; x_wconf 85' lang='lat'>-—&amp;</span> <span class='ocrx_word' id='word_1_164' title='bbox 338 831 413 861; x_wconf 65' lang='lat' dir='ltr'>didio</span> <span class='ocrx_word' id='word_1_165' title='bbox 425 832 507 861; x_wconf 90' lang='lat' dir='ltr'>citius</span> <span class='ocrx_word' id='word_1_166' title='bbox 516 831 623 860; x_wconf 89' lang='lat' dir='ltr'>tumida</span> <span class='ocrx_word' id='word_1_167' title='bbox 633 841 742 869; x_wconf 85' lang='lat' dir='ltr'>aequora</span> <span class='ocrx_word' id='word_1_168' title='bbox 755 830 855 868; x_wconf 84' lang='lat' dir='ltr'>placat.</span> 
     </span>
     <span class='ocr_line' id='line_1_20' title="bbox 18 856 1178 947; baseline -0.001 -49"><span class='ocrx_word' id='word_1_169' title='bbox 18 856 21 947; x_wconf 62' lang='grc'>1</span> <span class='ocrx_word' id='word_1_170' title='bbox 67 866 242 935; x_wconf 50' lang='grc' dir='ltr'>δέρῆήᾲυίἷ,</span> <span class='ocrx_word' id='word_1_171' title='bbox 264 868 399 899; x_wconf 81' lang='lat' dir='ltr'>Citissime</span> <span class='ocrx_word' id='word_1_172' title='bbox 413 869 497 899; x_wconf 86' lang='lat' dir='ltr'>ascias</span> <span class='ocrx_word' id='word_1_173' title='bbox 509 870 643 899; x_wconf 89' lang='lat' dir='ltr'>retundit.</span> <span class='ocrx_word' id='word_1_174' title='bbox 680 869 750 899; x_wconf 90' lang='lat' dir='ltr'>Plin.</span> <span class='ocrx_word' id='word_1_175' title='bbox 769 868 817 897; x_wconf 92' lang='lat' dir='ltr'>lib.</span> <span class='ocrx_word' id='word_1_176' title='bbox 832 871 873 898; x_wconf 91' lang='lat'>16.</span> <span class='ocrx_word' id='word_1_177' title='bbox 884 877 944 907; x_wconf 88' lang='lat' dir='ltr'>cap.</span> <span class='ocrx_word' id='word_1_178' title='bbox 959 877 1004 904; x_wconf 81' lang='lat'>40.</span> <span class='ocrx_word' id='word_1_179' title='bbox 1026 868 1060 898; x_wconf 91' lang='lat' dir='ltr'>Et</span> <span class='ocrx_word' id='word_1_180' title='bbox 1071 866 1136 898; x_wconf 84' lang='lat' dir='ltr'>Caes.</span> <span class='ocrx_word' id='word_1_181' title='bbox 1151 876 1178 904; x_wconf 84' lang='grc'>4.</span> 
     </span>
     <span class='ocr_line' id='line_1_21' title="bbox 108 914 297 942; baseline 0.011 -8"><span class='ocrx_word' id='word_1_182' title='bbox 108 914 122 934; x_wconf 90' lang='grc'>0</span> <span class='ocrx_word' id='word_1_183' title='bbox 147 927 152 933; x_wconf 93' lang='grc'>.</span> <span class='ocrx_word' id='word_1_184' title='bbox 190 915 204 934; x_wconf 89' lang='lat' dir='ltr'>a</span> <span class='ocrx_word' id='word_1_185' title='bbox 229 928 235 935; x_wconf 95' lang='lat'>.</span> <span class='ocrx_word' id='word_1_186' title='bbox 253 914 297 942; x_wconf 80' lang='lat'>³3-</span> 
     </span>
     <span class='ocr_line' id='line_1_22' title="bbox 18 943 965 981; baseline -0.002 -7"><span class='ocrx_word' id='word_1_187' title='bbox 18 943 137 974; x_wconf 73' lang='grc' dir='ltr'><strong>ΙῦιτῖΡ</strong></span> <span class='ocrx_word' id='word_1_188' title='bbox 148 952 202 977; x_wconf 73' lang='lat' dir='ltr'>as,</span> <span class='ocrx_word' id='word_1_189' title='bbox 221 943 291 973; x_wconf 89' lang='lat' dir='ltr'>edis.</span> <span class='ocrx_word' id='word_1_190' title='bbox 311 943 372 980; x_wconf 82' lang='lat' dir='ltr'>Adj.</span> <span class='ocrx_word' id='word_1_191' title='bbox 395 944 523 974; x_wconf 85' lang='lat' dir='ltr'>Diomed.</span> <span class='ocrx_word' id='word_1_192' title='bbox 538 944 629 973; x_wconf 86' lang='lat' dir='ltr'>Gram.</span> <span class='ocrx_word' id='word_1_193' title='bbox 641 943 689 972; x_wconf 91' lang='lat' dir='ltr'>lib.</span> <span class='ocrx_word' id='word_1_194' title='bbox 700 952 725 979; x_wconf 79' lang='grc'>3.</span> <span class='ocrx_word' id='word_1_195' title='bbox 746 943 845 972; x_wconf 88' lang='lat' dir='ltr'>Cursus</span> <span class='ocrx_word' id='word_1_196' title='bbox 857 943 965 981; x_wconf 84' lang='lat' dir='ltr'>citipes.</span> 
     </span>
    </p>
   </div>
   <div class='ocr_carea' id='block_1_3' title="bbox 16 980 1188 3932">
    <p class='ocr_par' dir='ltr' id='par_1_10' title="bbox 18 980 1182 1019">
     <span class='ocr_line' id='line_1_23' title="bbox 18 980 1182 1019; baseline -0.003 -7"><span class='ocrx_word' id='word_1_197' title='bbox 18 981 143 1016; x_wconf 73' lang='grc' dir='ltr'>ίΟῖΤο,</span> <span class='ocrx_word' id='word_1_198' title='bbox 163 981 289 1016; x_wconf 55' lang='lat' dir='ltr'>[Unico]</span> <span class='ocrx_word' id='word_1_199' title='bbox 308 984 363 1011; x_wconf 68' lang='lat' dir='ltr'>are.</span> <span class='ocrx_word' id='word_1_200' title='bbox 386 981 629 1019; x_wconf 85' lang='lat' dir='ltr'>Frequentativum</span> <span class='ocrx_word' id='word_1_201' title='bbox 641 992 655 1010; x_wconf 90' lang='lat' dir='ltr'>a</span> <span class='ocrx_word' id='word_1_202' title='bbox 670 980 749 1016; x_wconf 79' lang='lat' dir='ltr'>cieo,</span> <span class='ocrx_word' id='word_1_203' title='bbox 770 982 883 1018; x_wconf 81' lang='lat' dir='ltr'>proprie</span> <span class='ocrx_word' id='word_1_204' title='bbox 901 982 939 1010; x_wconf 89' lang='lat' dir='ltr'>est</span> <span class='ocrx_word' id='word_1_205' title='bbox 956 981 1123 1018; x_wconf 80' lang='lat' dir='ltr'>Frequenter</span> <span class='ocrx_word' id='word_1_206' title='bbox 1134 989 1182 1009; x_wconf 88' lang='lat' dir='ltr'>vo-</span> 
     </span>
    </p>

    <p class='ocr_par' dir='ltr' id='par_1_11' title="bbox 66 1017 1181 1088">
     <span class='ocr_line' id='line_1_24' title="bbox 66 1017 1181 1088; baseline 0.001 -42"><span class='ocrx_word' id='word_1_207' title='bbox 66 1027 140 1088; x_wconf 44' lang='lat' dir='ltr'>{arg}</span> <span class='ocrx_word' id='word_1_208' title='bbox 160 1017 392 1056; x_wconf 86' lang='lat' dir='ltr'>Plin.Epist.190.</span> <span class='ocrx_word' id='word_1_209' title='bbox 414 1019 596 1057; x_wconf 81' lang='lat' dir='ltr'>Haecilliquo</span> <span class='ocrx_word' id='word_1_210' title='bbox 614 1018 728 1057; x_wconf 88' lang='lat' dir='ltr'>quisque</span> <span class='ocrx_word' id='word_1_211' title='bbox 748 1019 846 1048; x_wconf 87' lang='lat' dir='ltr'>ordine</span> <span class='ocrx_word' id='word_1_212' title='bbox 864 1019 1030 1049; x_wconf 81' lang='lat' dir='ltr'>citabantur.</span> <span class='ocrx_word' id='word_1_213' title='bbox 1057 1018 1140 1048; x_wconf 85' lang='lat' dir='ltr'>Ovid.</span> <span class='ocrx_word' id='word_1_214' title='bbox 1155 1027 1181 1055; x_wconf 79' lang='lat'>7.</span> 
     </span>
    </p>

    <p class='ocr_par' dir='ltr' id='par_1_12' title="bbox 109 1065 228 1086">
     <span class='ocr_line' id='line_1_25' title="bbox 109 1065 228 1086; baseline 0.017 -2"><span class='ocrx_word' id='word_1_215' title='bbox 109 1065 116 1084; x_wconf 87' lang='lat'>1</span> <span class='ocrx_word' id='word_1_216' title='bbox 142 1077 148 1085; x_wconf 96' lang='lat'>.</span> <span class='ocrx_word' id='word_1_217' title='bbox 167 1065 228 1086; x_wconf 92' lang='lat'>101.</span> 
     </span>
    </p>

    <p class='ocr_par' dir='ltr' id='par_1_13' title="bbox 16 1036 778 1150">
     <span class='ocr_line' id='line_1_26' title="bbox 16 1036 778 1150; baseline 0 -28"><span class='ocrx_word' id='word_1_218' title='bbox 16 1036 20 1150; x_wconf 74' lang='lat' dir='ltr'>J</span> <span class='ocrx_word' id='word_1_219' title='bbox 88 1065 106 1093; x_wconf 73' lang='lat' dir='ltr'>p</span> <span class='ocrx_word' id='word_1_220' title='bbox 157 1093 232 1123; x_wconf 90' lang='lat' dir='ltr'>Hinc</span> <span class='ocrx_word' id='word_1_221' title='bbox 241 1104 293 1132; x_wconf 83' lang='lat' dir='ltr'>ego</span> <span class='ocrx_word' id='word_1_222' title='bbox 304 1103 350 1123; x_wconf 90' lang='lat' dir='ltr'>me</span> <span class='ocrx_word' id='word_1_223' title='bbox 361 1093 426 1123; x_wconf 84' lang='lat' dir='ltr'>sensi</span> <span class='ocrx_word' id='word_1_224' title='bbox 439 1101 507 1124; x_wconf 82' lang='lat' dir='ltr'>noto</span> <span class='ocrx_word' id='word_1_225' title='bbox 519 1100 615 1132; x_wconf 88' lang='lat' dir='ltr'>quater</span> <span class='ocrx_word' id='word_1_226' title='bbox 629 1103 676 1122; x_wconf 89' lang='lat' dir='ltr'>ore</span> <span class='ocrx_word' id='word_1_227' title='bbox 691 1093 778 1123; x_wconf 87' lang='lat' dir='ltr'>citari.</span> 
     </span>
    </p>

    <p class='ocr_par' dir='ltr' id='par_1_14' title="bbox 66 1128 1182 1236">
     <span class='ocr_line' id='line_1_27' title="bbox 66 1128 1182 1173; baseline 0.001 -14"><span class='ocrx_word' id='word_1_228' title='bbox 66 1128 128 1173; x_wconf 40' lang='lat' dir='ltr'>Vox.</span> <span class='ocrx_word' id='word_1_229' title='bbox 136 1131 218 1160; x_wconf 84' lang='lat' dir='ltr'>etiam</span> <span class='ocrx_word' id='word_1_230' title='bbox 228 1132 387 1169; x_wconf 89' lang='lat' dir='ltr'>frequenter</span> <span class='ocrx_word' id='word_1_231' title='bbox 398 1133 432 1161; x_wconf 90' lang='lat' dir='ltr'>ad</span> <span class='ocrx_word' id='word_1_232' title='bbox 440 1133 551 1168; x_wconf 88' lang='lat' dir='ltr'>Judicia</span> <span class='ocrx_word' id='word_1_233' title='bbox 560 1132 722 1161; x_wconf 82' lang='lat' dir='ltr'>transfertur</span> <span class='ocrx_word' id='word_1_234' title='bbox 734 1143 741 1167; x_wconf 80' lang='lat'><em>3</em></span> <span class='ocrx_word' id='word_1_235' title='bbox 763 1133 789 1162; x_wconf 71' lang='grc' dir='ltr'>δε</span> <span class='ocrx_word' id='word_1_236' title='bbox 800 1131 886 1161; x_wconf 86' lang='lat' dir='ltr'>Citari</span> <span class='ocrx_word' id='word_1_237' title='bbox 900 1132 1048 1167; x_wconf 90' lang='lat' dir='ltr'>dicuntur,</span> <span class='ocrx_word' id='word_1_238' title='bbox 1071 1131 1127 1169; x_wconf 87' lang='lat' dir='ltr'>Qui</span> <span class='ocrx_word' id='word_1_239' title='bbox 1138 1130 1182 1160; x_wconf 86' lang='lat' dir='ltr'>vel</span> 
     </span>
     <span class='ocr_line' id='line_1_28' title="bbox 82 1168 1182 1234; baseline 0.002 -38"><span class='ocrx_word' id='word_1_240' title='bbox 82 1168 177 1234; x_wconf 60' lang='grc' dir='ltr'><strong>011ὲᾶ0</strong></span> <span class='ocrx_word' id='word_1_241' title='bbox 188 1169 231 1198; x_wconf 80' lang='lat' dir='ltr'>vel</span> <span class='ocrx_word' id='word_1_242' title='bbox 241 1171 377 1209; x_wconf 84' lang='lat' dir='ltr'>praeconis</span> <span class='ocrx_word' id='word_1_243' title='bbox 388 1180 457 1201; x_wconf 88' lang='lat' dir='ltr'>voce</span> <span class='ocrx_word' id='word_1_244' title='bbox 465 1172 495 1200; x_wconf 90' lang='lat' dir='ltr'>in</span> <span class='ocrx_word' id='word_1_245' title='bbox 504 1172 547 1207; x_wconf 91' lang='lat' dir='ltr'>jus</span> <span class='ocrx_word' id='word_1_246' title='bbox 557 1175 691 1199; x_wconf 87' lang='lat' dir='ltr'>vocantur</span> <span class='ocrx_word' id='word_1_247' title='bbox 701 1190 710 1205; x_wconf 82' lang='lat'>,</span> <span class='ocrx_word' id='word_1_248' title='bbox 730 1172 756 1200; x_wconf 72' lang='lat' dir='ltr'>Gt</span> <span class='ocrx_word' id='word_1_249' title='bbox 768 1170 804 1199; x_wconf 85' lang='lat' dir='ltr'>ad</span> <span class='ocrx_word' id='word_1_250' title='bbox 814 1170 922 1200; x_wconf 84' lang='lat' dir='ltr'>causam</span> <span class='ocrx_word' id='word_1_251' title='bbox 933 1171 1082 1200; x_wconf 86' lang='lat' dir='ltr'>dicendam</span> <span class='ocrx_word' id='word_1_252' title='bbox 1092 1168 1182 1199; x_wconf 82' lang='lat' dir='ltr'>adesse</span> 
     </span>
     <span class='ocr_line' id='line_1_29' title="bbox 99 1216 227 1236; baseline 0.016 -2"><span class='ocrx_word' id='word_1_253' title='bbox 99 1216 114 1234; x_wconf 82' lang='lat' dir='ltr'>u</span> <span class='ocrx_word' id='word_1_254' title='bbox 221 1230 227 1236; x_wconf 92' lang='lat'>.</span> 
     </span>
    </p>

    <p class='ocr_par' dir='ltr' id='par_1_15' title="bbox 16 1212 876 1286">
     <span class='ocr_line' id='line_1_30' title="bbox 16 1212 876 1286; baseline 0.002 -15"><span class='ocrx_word' id='word_1_255' title='bbox 16 1239 20 1271; x_wconf 76' lang='lat' dir='ltr'>l</span> <span class='ocrx_word' id='word_1_256' title='bbox 66 1212 219 1286; x_wconf 51' lang='lat' dir='ltr'>citarfznfissi</span> <span class='ocrx_word' id='word_1_257' title='bbox 230 1255 388 1282; x_wconf 78' lang='lat' dir='ltr'>praeconem</span> <span class='ocrx_word' id='word_1_258' title='bbox 398 1246 428 1275; x_wconf 88' lang='lat' dir='ltr'>in</span> <span class='ocrx_word' id='word_1_259' title='bbox 436 1244 543 1275; x_wconf 83' lang='lat' dir='ltr'>curiam</span> <span class='ocrx_word' id='word_1_260' title='bbox 551 1245 586 1276; x_wconf 92' lang='lat' dir='ltr'>ad</span> <span class='ocrx_word' id='word_1_261' title='bbox 596 1255 699 1283; x_wconf 85' lang='lat' dir='ltr'>regem.</span> <span class='ocrx_word' id='word_1_262' title='bbox 721 1244 779 1274; x_wconf 87' lang='lat' dir='ltr'>Liv.</span> <span class='ocrx_word' id='word_1_263' title='bbox 794 1254 816 1273; x_wconf 90' lang='lat'>1.</span> <span class='ocrx_word' id='word_1_264' title='bbox 830 1253 876 1281; x_wconf 88' lang='lat'>47.</span> 
     </span>
    </p>

    <p class='ocr_par' dir='ltr' id='par_1_16' title="bbox 65 1281 1183 1359">
     <span class='ocr_line' id='line_1_31' title="bbox 65 1281 1183 1321; baseline 0.003 -12"><span class='ocrx_word' id='word_1_265' title='bbox 65 1281 157 1310; x_wconf 80' lang='lat' dir='ltr'>Citare</span> <span class='ocrx_word' id='word_1_266' title='bbox 170 1284 301 1313; x_wconf 88' lang='lat' dir='ltr'>Senatum</span> <span class='ocrx_word' id='word_1_267' title='bbox 311 1286 339 1313; x_wconf 90' lang='lat' dir='ltr'>in</span> <span class='ocrx_word' id='word_1_268' title='bbox 351 1285 450 1313; x_wconf 89' lang='lat' dir='ltr'>forum.</span> <span class='ocrx_word' id='word_1_269' title='bbox 494 1284 549 1313; x_wconf 89' lang='lat' dir='ltr'>Liv.</span> <span class='ocrx_word' id='word_1_270' title='bbox 561 1292 606 1320; x_wconf 90' lang='lat'>²7·</span> <span class='ocrx_word' id='word_1_271' title='bbox 620 1293 665 1319; x_wconf 80' lang='lat'>24.</span> <span class='ocrx_word' id='word_1_272' title='bbox 682 1292 724 1321; x_wconf 90' lang='lat' dir='ltr'>pr.</span> <span class='ocrx_word' id='word_1_273' title='bbox 753 1283 785 1312; x_wconf 89' lang='lat' dir='ltr'>ln</span> <span class='ocrx_word' id='word_1_274' title='bbox 803 1282 896 1312; x_wconf 83' lang='lat' dir='ltr'>forum</span> <span class='ocrx_word' id='word_1_275' title='bbox 907 1282 998 1312; x_wconf 87' lang='lat' dir='ltr'>citatis</span> <span class='ocrx_word' id='word_1_276' title='bbox 1012 1281 1183 1312; x_wconf 89' lang='lat' dir='ltr'>senatoribus</span> 
     </span>
     <span class='ocr_line' id='line_1_32' title="bbox 84 1319 571 1359; baseline 0.004 -11"><span class='ocrx_word' id='word_1_277' title='bbox 84 1319 191 1349; x_wconf 80' lang='lat' dir='ltr'>obfides</span> <span class='ocrx_word' id='word_1_278' title='bbox 201 1321 355 1359; x_wconf 87' lang='lat' dir='ltr'>imperavit.</span> <span class='ocrx_word' id='word_1_279' title='bbox 395 1321 436 1350; x_wconf 78' lang='lat' dir='ltr'>Al.</span> <span class='ocrx_word' id='word_1_280' title='bbox 458 1320 490 1350; x_wconf 90' lang='lat' dir='ltr'>In</span> <span class='ocrx_word' id='word_1_281' title='bbox 501 1321 571 1351; x_wconf 90' lang='lat' dir='ltr'>foro.</span> 
     </span>
    </p>

    <p class='ocr_par' dir='ltr' id='par_1_17' title="bbox 66 1355 1184 1472">
     <span class='ocr_line' id='line_1_33' title="bbox 66 1355 1184 1401; baseline 0 -15"><span class='ocrx_word' id='word_1_282' title='bbox 66 1355 158 1401; x_wconf 76' lang='lat' dir='ltr'>Citare</span> <span class='ocrx_word' id='word_1_283' title='bbox 175 1357 282 1395; x_wconf 88' lang='lat' dir='ltr'>aliquos</span> <span class='ocrx_word' id='word_1_284' title='bbox 297 1369 347 1397; x_wconf 90' lang='lat' dir='ltr'>per</span> <span class='ocrx_word' id='word_1_285' title='bbox 362 1360 485 1389; x_wconf 86' lang='lat' dir='ltr'>nomina.</span> <span class='ocrx_word' id='word_1_286' title='bbox 525 1357 663 1390; x_wconf 89' lang='lat' dir='ltr'>Columel.</span> <span class='ocrx_word' id='word_1_287' title='bbox 678 1358 725 1388; x_wconf 91' lang='lat' dir='ltr'>lib.</span> <span class='ocrx_word' id='word_1_288' title='bbox 738 1367 781 1388; x_wconf 86' lang='lat'>11.</span> <span class='ocrx_word' id='word_1_289' title='bbox 796 1367 857 1396; x_wconf 86' lang='lat' dir='ltr'>cap.</span> <span class='ocrx_word' id='word_1_290' title='bbox 871 1368 894 1387; x_wconf 85' lang='lat'>1.</span> <span class='ocrx_word' id='word_1_291' title='bbox 930 1357 1025 1395; x_wconf 86' lang='lat' dir='ltr'>ltaque</span> <span class='ocrx_word' id='word_1_292' title='bbox 1043 1356 1184 1395; x_wconf 86' lang='lat' dir='ltr'>mancipia</span> 
     </span>
     <span class='ocr_line' id='line_1_34' title="bbox 84 1396 1184 1435; baseline 0 -10"><span class='ocrx_word' id='word_1_293' title='bbox 84 1396 193 1431; x_wconf 57' lang='lat' dir='ltr'>vineta,</span> <span class='ocrx_word' id='word_1_294' title='bbox 214 1405 274 1434; x_wconf 86' lang='lat' dir='ltr'>quae</span> <span class='ocrx_word' id='word_1_295' title='bbox 283 1396 476 1434; x_wconf 84' lang='lat' dir='ltr'>suntergastuli</span> <span class='ocrx_word' id='word_1_296' title='bbox 488 1418 496 1432; x_wconf 84' lang='lat'><strong>‚</strong></span> <span class='ocrx_word' id='word_1_297' title='bbox 517 1407 566 1435; x_wconf 92' lang='lat' dir='ltr'>per</span> <span class='ocrx_word' id='word_1_298' title='bbox 576 1398 691 1426; x_wconf 90' lang='lat' dir='ltr'>nomina</span> <span class='ocrx_word' id='word_1_299' title='bbox 702 1397 830 1434; x_wconf 89' lang='lat' dir='ltr'>quotidie</span> <span class='ocrx_word' id='word_1_300' title='bbox 847 1397 931 1426; x_wconf 89' lang='lat' dir='ltr'>citare</span> <span class='ocrx_word' id='word_1_301' title='bbox 949 1396 1079 1426; x_wconf 82' lang='lat' dir='ltr'>debebit:</span> <span class='ocrx_word' id='word_1_302' title='bbox 1101 1402 1184 1432; x_wconf 81' lang='lat' dir='ltr'>atque</span> 
     </span>
     <span class='ocr_line' id='line_1_35' title="bbox 83 1433 809 1472; baseline 0.003 -11"><span class='ocrx_word' id='word_1_303' title='bbox 83 1433 229 1470; x_wconf 83' lang='lat' dir='ltr'>explorare</span> <span class='ocrx_word' id='word_1_304' title='bbox 240 1442 270 1464; x_wconf 90' lang='lat' dir='ltr'>ut</span> <span class='ocrx_word' id='word_1_305' title='bbox 281 1435 331 1464; x_wconf 88' lang='lat' dir='ltr'>sint</span> <span class='ocrx_word' id='word_1_306' title='bbox 340 1435 523 1472; x_wconf 86' lang='lat' dir='ltr'>compedibus</span> <span class='ocrx_word' id='word_1_307' title='bbox 536 1435 683 1472; x_wconf 84' lang='lat' dir='ltr'>diligenter</span> <span class='ocrx_word' id='word_1_308' title='bbox 697 1435 809 1463; x_wconf 83' lang='lat' dir='ltr'>innexa.</span> 
     </span>
    </p>

    <p class='ocr_par' dir='ltr' id='par_1_18' title="bbox 66 1470 1184 1585">
     <span class='ocr_line' id='line_1_36' title="bbox 66 1470 1184 1510; baseline -0.001 -9"><span class='ocrx_word' id='word_1_309' title='bbox 66 1470 157 1501; x_wconf 89' lang='lat' dir='ltr'>Citare</span> <span class='ocrx_word' id='word_1_310' title='bbox 166 1471 283 1507; x_wconf 85' lang='lat' dir='ltr'>judices.</span> <span class='ocrx_word' id='word_1_311' title='bbox 304 1471 362 1502; x_wconf 91' lang='lat' dir='ltr'>Cic.</span> <span class='ocrx_word' id='word_1_312' title='bbox 376 1479 399 1509; x_wconf 83' lang='lat'>3.</span> <span class='ocrx_word' id='word_1_313' title='bbox 420 1472 491 1502; x_wconf 87' lang='lat' dir='ltr'>Verr.</span> <span class='ocrx_word' id='word_1_314' title='bbox 507 1483 549 1508; x_wconf 85' lang='lat'>¹9·</span> <span class='ocrx_word' id='word_1_315' title='bbox 571 1473 635 1510; x_wconf 82' lang='lat' dir='ltr'>Quo</span> <span class='ocrx_word' id='word_1_316' title='bbox 645 1472 758 1510; x_wconf 89' lang='lat' dir='ltr'>quidem</span> <span class='ocrx_word' id='word_1_317' title='bbox 769 1472 815 1500; x_wconf 90' lang='lat' dir='ltr'>die</span> <span class='ocrx_word' id='word_1_318' title='bbox 824 1471 954 1509; x_wconf 82' lang='lat' dir='ltr'>primurn,</span> <span class='ocrx_word' id='word_1_319' title='bbox 966 1471 1090 1507; x_wconf 70' lang='lat' dir='ltr'>Judieec,</span> <span class='ocrx_word' id='word_1_320' title='bbox 1108 1470 1184 1501; x_wconf 83' lang='lat' dir='ltr'>citati</span> 
     </span>
     <span class='ocr_line' id='line_1_37' title="bbox 84 1508 1183 1546; baseline 0.002 -9"><span class='ocrx_word' id='word_1_321' title='bbox 84 1509 114 1538; x_wconf 86' lang='lat' dir='ltr'>in</span> <span class='ocrx_word' id='word_1_322' title='bbox 124 1508 200 1539; x_wconf 85' lang='lat' dir='ltr'>hunc</span> <span class='ocrx_word' id='word_1_323' title='bbox 208 1520 287 1540; x_wconf 89' lang='lat' dir='ltr'>reum</span> <span class='ocrx_word' id='word_1_324' title='bbox 298 1510 466 1540; x_wconf 86' lang='lat' dir='ltr'>consedistis.</span> <span class='ocrx_word' id='word_1_325' title='bbox 489 1510 561 1540; x_wconf 88' lang='lat' dir='ltr'>Nam</span> <span class='ocrx_word' id='word_1_326' title='bbox 571 1533 579 1546; x_wconf 96' lang='lat'>,</span> <span class='ocrx_word' id='word_1_327' title='bbox 601 1518 632 1539; x_wconf 91' lang='lat' dir='ltr'>ut</span> <span class='ocrx_word' id='word_1_328' title='bbox 641 1510 715 1540; x_wconf 88' lang='lat' dir='ltr'>testis</span> <span class='ocrx_word' id='word_1_329' title='bbox 725 1509 762 1540; x_wconf 90' lang='lat' dir='ltr'>est</span> <span class='ocrx_word' id='word_1_330' title='bbox 774 1509 906 1539; x_wconf 86' lang='lat' dir='ltr'>Asconius</span> <span class='ocrx_word' id='word_1_331' title='bbox 917 1510 945 1537; x_wconf 93' lang='lat' dir='ltr'>in</span> <span class='ocrx_word' id='word_1_332' title='bbox 960 1520 1001 1546; x_wconf 89' lang='lat' dir='ltr'>pr.</span> <span class='ocrx_word' id='word_1_333' title='bbox 1013 1510 1100 1543; x_wconf 84' lang='lat' dir='ltr'>eiusd.</span> <span class='ocrx_word' id='word_1_334' title='bbox 1115 1516 1183 1539; x_wconf 85' lang='lat' dir='ltr'>orat.</span> 
     </span>
     <span class='ocr_line' id='line_1_38' title="bbox 84 1546 1184 1585; baseline 0.001 -10"><span class='ocrx_word' id='word_1_335' title='bbox 84 1547 110 1576; x_wconf 76' lang='grc' dir='ltr'>δι</span> <span class='ocrx_word' id='word_1_336' title='bbox 120 1546 236 1583; x_wconf 84' lang='lat' dir='ltr'>judices,</span> <span class='ocrx_word' id='word_1_337' title='bbox 249 1550 276 1578; x_wconf 76' lang='grc' dir='ltr'>ἂ</span> <span class='ocrx_word' id='word_1_338' title='bbox 288 1549 337 1584; x_wconf 90' lang='lat' dir='ltr'>rei,</span> <span class='ocrx_word' id='word_1_339' title='bbox 354 1549 380 1578; x_wconf 84' lang='lat'>&amp;</span> <span class='ocrx_word' id='word_1_340' title='bbox 390 1547 572 1584; x_wconf 83' lang='lat' dir='ltr'>accusatores,</span> <span class='ocrx_word' id='word_1_341' title='bbox 582 1549 608 1578; x_wconf 86' lang='lat'>&amp;</span> <span class='ocrx_word' id='word_1_342' title='bbox 619 1548 788 1583; x_wconf 88' lang='lat' dir='ltr'>defensores,</span> <span class='ocrx_word' id='word_1_343' title='bbox 799 1557 847 1584; x_wconf 89' lang='lat' dir='ltr'>per</span> <span class='ocrx_word' id='word_1_344' title='bbox 856 1556 1014 1585; x_wconf 73' lang='lat' dir='ltr'>praeconem</span> <span class='ocrx_word' id='word_1_345' title='bbox 1024 1548 1184 1577; x_wconf 68' lang='lat' dir='ltr'>Praetorium</span> 
     </span>
    </p>

    <p class='ocr_par' dir='ltr' id='par_1_19' title="bbox 17 1584 1183 1651">
     <span class='ocr_line' id='line_1_39' title="bbox 17 1584 1183 1651; baseline -0.004 -33"><span class='ocrx_word' id='word_1_346' title='bbox 17 1586 20 1618; x_wconf 70' lang='lat' dir='ltr'>l</span> <span class='ocrx_word' id='word_1_347' title='bbox 84 1584 161 1651; x_wconf 54' lang='lat' dir='ltr'>{itairi</span> <span class='ocrx_word' id='word_1_348' title='bbox 180 1585 324 1617; x_wconf 85' lang='lat' dir='ltr'>solebant:</span> <span class='ocrx_word' id='word_1_349' title='bbox 347 1587 366 1616; x_wconf 91' lang='lat' dir='ltr'>i.</span> <span class='ocrx_word' id='word_1_350' title='bbox 379 1596 403 1616; x_wconf 89' lang='lat' dir='ltr'>e.</span> <span class='ocrx_word' id='word_1_351' title='bbox 424 1586 466 1616; x_wconf 78' lang='lat' dir='ltr'>Ad</span> <span class='ocrx_word' id='word_1_352' title='bbox 484 1586 609 1616; x_wconf 87' lang='lat' dir='ltr'>Praetoris</span> <span class='ocrx_word' id='word_1_353' title='bbox 629 1585 767 1622; x_wconf 88' lang='lat' dir='ltr'>tribunal,</span> <span class='ocrx_word' id='word_1_354' title='bbox 789 1586 842 1615; x_wconf 82' lang='lat' dir='ltr'>five</span> <span class='ocrx_word' id='word_1_355' title='bbox 861 1586 897 1614; x_wconf 88' lang='lat' dir='ltr'>ad</span> <span class='ocrx_word' id='word_1_356' title='bbox 915 1585 1054 1621; x_wconf 80' lang='lat' dir='ltr'>judicium</span> <span class='ocrx_word' id='word_1_357' title='bbox 1080 1585 1183 1616; x_wconf 87' lang='lat' dir='ltr'>vocari.</span> 
     </span>
    </p>

    <p class='ocr_par' dir='ltr' id='par_1_20' title="bbox 18 1630 209 1653">
     <span class='ocr_line' id='line_1_40' title="bbox 18 1630 209 1653; baseline 0.01 -2"><span class='ocrx_word' id='word_1_358' title='bbox 18 1630 19 1637; x_wconf 63' lang='lat'>¹</span> <span class='ocrx_word' id='word_1_359' title='bbox 108 1632 124 1651; x_wconf 93' lang='lat' dir='ltr'>u</span> <span class='ocrx_word' id='word_1_360' title='bbox 146 1632 209 1653; x_wconf 78' lang='lat' dir='ltr'>aeus.</span> 
     </span>
    </p>

    <p class='ocr_par' dir='ltr' id='par_1_21' title="bbox 67 1659 637 1700">
     <span class='ocr_line' id='line_1_41' title="bbox 67 1659 637 1700; baseline 0.005 -11"><span class='ocrx_word' id='word_1_361' title='bbox 67 1659 158 1690; x_wconf 86' lang='lat' dir='ltr'>Citare</span> <span class='ocrx_word' id='word_1_362' title='bbox 166 1670 195 1690; x_wconf 89' lang='lat' dir='ltr'>re</span> <span class='ocrx_word' id='word_1_363' title='bbox 203 1660 303 1700; x_wconf 89' lang='lat' dir='ltr'>aliqua.</span> <span class='ocrx_word' id='word_1_364' title='bbox 343 1661 430 1692; x_wconf 88' lang='lat' dir='ltr'>Plaut.</span> <span class='ocrx_word' id='word_1_365' title='bbox 441 1661 523 1692; x_wconf 91' lang='lat' dir='ltr'>Curc.</span> <span class='ocrx_word' id='word_1_366' title='bbox 538 1669 561 1692; x_wconf 84' lang='grc'>1.</span> <span class='ocrx_word' id='word_1_367' title='bbox 573 1670 597 1698; x_wconf 86' lang='grc'>3.</span> <span class='ocrx_word' id='word_1_368' title='bbox 610 1664 637 1692; x_wconf 91' lang='lat'>6.</span> 
     </span>
    </p>

    <p class='ocr_par' dir='ltr' id='par_1_22' title="bbox 18 1696 969 1738">
     <span class='ocr_line' id='line_1_42' title="bbox 18 1696 969 1738; baseline -0.001 -10"><span class='ocrx_word' id='word_1_369' title='bbox 18 1706 19 1715; x_wconf 64' lang='lat'>¹</span> <span class='ocrx_word' id='word_1_370' title='bbox 156 1697 210 1728; x_wconf 89' lang='lat' dir='ltr'>Ubi</span> <span class='ocrx_word' id='word_1_371' title='bbox 222 1707 251 1730; x_wconf 93' lang='lat' dir='ltr'>tu</span> <span class='ocrx_word' id='word_1_372' title='bbox 261 1710 289 1730; x_wconf 90' lang='lat' dir='ltr'>es</span> <span class='ocrx_word' id='word_1_373' title='bbox 299 1722 308 1737; x_wconf 88' lang='lat'>,</span> <span class='ocrx_word' id='word_1_374' title='bbox 328 1701 375 1738; x_wconf 91' lang='lat' dir='ltr'>qui</span> <span class='ocrx_word' id='word_1_375' title='bbox 383 1707 428 1730; x_wconf 88' lang='lat' dir='ltr'>me</span> <span class='ocrx_word' id='word_1_376' title='bbox 438 1700 534 1730; x_wconf 88' lang='lat' dir='ltr'>libello</span> <span class='ocrx_word' id='word_1_377' title='bbox 543 1699 664 1730; x_wconf 90' lang='lat' dir='ltr'>Venerio</span> <span class='ocrx_word' id='word_1_378' title='bbox 679 1696 817 1729; x_wconf 69' lang='lat' dir='ltr'>citavisti?</span> <span class='ocrx_word' id='word_1_379' title='bbox 837 1707 904 1728; x_wconf 88' lang='lat' dir='ltr'>ecce</span> <span class='ocrx_word' id='word_1_380' title='bbox 915 1707 969 1734; x_wconf 82' lang='lat' dir='ltr'>me,</span> 
     </span>
    </p>

    <p class='ocr_par' dir='ltr' id='par_1_23' title="bbox 89 1735 1115 1776">
     <span class='ocr_line' id='line_1_43' title="bbox 89 1735 1115 1776; baseline -0.002 -9"><span class='ocrx_word' id='word_1_381' title='bbox 89 1771 91 1774; x_wconf 43' lang='grc'>,</span> <span class='ocrx_word' id='word_1_382' title='bbox 157 1737 226 1767; x_wconf 88' lang='lat' dir='ltr'>Sisto</span> <span class='ocrx_word' id='word_1_383' title='bbox 238 1749 290 1776; x_wconf 85' lang='lat' dir='ltr'>ego</span> <span class='ocrx_word' id='word_1_384' title='bbox 306 1739 356 1768; x_wconf 87' lang='lat' dir='ltr'>tibi</span> <span class='ocrx_word' id='word_1_385' title='bbox 366 1748 411 1768; x_wconf 92' lang='lat' dir='ltr'>me</span> <span class='ocrx_word' id='word_1_386' title='bbox 421 1761 429 1774; x_wconf 90' lang='lat'>,</span> <span class='ocrx_word' id='word_1_387' title='bbox 451 1740 476 1768; x_wconf 85' lang='lat'>&amp;</span> <span class='ocrx_word' id='word_1_388' title='bbox 486 1738 554 1767; x_wconf 92' lang='lat' dir='ltr'>mihi</span> <span class='ocrx_word' id='word_1_389' title='bbox 564 1744 661 1767; x_wconf 91' lang='lat' dir='ltr'>contra</span> <span class='ocrx_word' id='word_1_390' title='bbox 670 1737 768 1766; x_wconf 89' lang='lat' dir='ltr'>itidem</span> <span class='ocrx_word' id='word_1_391' title='bbox 780 1742 807 1765; x_wconf 92' lang='lat' dir='ltr'>te</span> <span class='ocrx_word' id='word_1_392' title='bbox 817 1742 847 1765; x_wconf 93' lang='lat' dir='ltr'>ut</span> <span class='ocrx_word' id='word_1_393' title='bbox 856 1736 926 1766; x_wconf 80' lang='lat' dir='ltr'>sistas</span> <span class='ocrx_word' id='word_1_394' title='bbox 940 1735 1052 1766; x_wconf 88' lang='lat' dir='ltr'>suadeo.</span> <span class='ocrx_word' id='word_1_395' title='bbox 1110 1772 1115 1774; x_wconf 26' lang='grc' dir='ltr'><strong><em>Δ</em></strong></span> 
     </span>
    </p>

    <p class='ocr_par' dir='ltr' id='par_1_24' title="bbox 17 1772 1185 1813">
     <span class='ocr_line' id='line_1_44' title="bbox 17 1772 1185 1813; baseline -0.001 -8"><span class='ocrx_word' id='word_1_396' title='bbox 17 1774 20 1805; x_wconf 83' lang='lat' dir='ltr'>l</span> <span class='ocrx_word' id='word_1_397' title='bbox 65 1772 157 1805; x_wconf 81' lang='lat' dir='ltr'>citare</span> <span class='ocrx_word' id='word_1_398' title='bbox 167 1776 289 1813; x_wconf 85' lang='lat' dir='ltr'>aliquem</span> <span class='ocrx_word' id='word_1_399' title='bbox 302 1777 435 1806; x_wconf 89' lang='lat' dir='ltr'>testemin</span> <span class='ocrx_word' id='word_1_400' title='bbox 450 1776 569 1813; x_wconf 84' lang='lat' dir='ltr'>aliquam</span> <span class='ocrx_word' id='word_1_401' title='bbox 582 1785 640 1805; x_wconf 90' lang='lat' dir='ltr'>rem</span> <span class='ocrx_word' id='word_1_402' title='bbox 651 1798 658 1807; x_wconf 85' lang='lat'>.</span> <span class='ocrx_word' id='word_1_403' title='bbox 679 1775 697 1805; x_wconf 90' lang='lat' dir='ltr'>i.</span> <span class='ocrx_word' id='word_1_404' title='bbox 711 1785 734 1804; x_wconf 90' lang='lat' dir='ltr'>e.</span> <span class='ocrx_word' id='word_1_405' title='bbox 758 1774 788 1804; x_wconf 91' lang='lat' dir='ltr'>In</span> <span class='ocrx_word' id='word_1_406' title='bbox 803 1772 993 1803; x_wconf 86' lang='lat' dir='ltr'>testimonium</span> <span class='ocrx_word' id='word_1_407' title='bbox 1009 1772 1185 1804; x_wconf 86' lang='lat' dir='ltr'>adducere&amp;</span> 
     </span>
    </p>

    <p class='ocr_par' dir='ltr' id='par_1_25' title="bbox 84 1811 1057 1850">
     <span class='ocr_line' id='line_1_45' title="bbox 84 1811 1057 1850; baseline 0.001 -9"><span class='ocrx_word' id='word_1_408' title='bbox 84 1813 220 1843; x_wconf 90' lang='lat' dir='ltr'>advocare</span> <span class='ocrx_word' id='word_1_409' title='bbox 240 1816 384 1850; x_wconf 55' lang='grc' dir='ltr'>(ωὐΦέρειν</span> <span class='ocrx_word' id='word_1_410' title='bbox 394 1837 402 1850; x_wconf 83' lang='grc'><strong>,</strong></span> <span class='ocrx_word' id='word_1_411' title='bbox 425 1811 550 1849; x_wconf 68' lang='grc' dir='ltr'>ἐπείγειν)</span> <span class='ocrx_word' id='word_1_412' title='bbox 571 1814 635 1843; x_wconf 91' lang='lat' dir='ltr'>vide</span> <span class='ocrx_word' id='word_1_413' title='bbox 646 1813 759 1843; x_wconf 86' lang='lat' dir='ltr'>Testem</span> <span class='ocrx_word' id='word_1_414' title='bbox 770 1812 856 1842; x_wconf 87' lang='lat' dir='ltr'>citare</span> <span class='ocrx_word' id='word_1_415' title='bbox 866 1813 895 1841; x_wconf 93' lang='lat' dir='ltr'>in</span> <span class='ocrx_word' id='word_1_416' title='bbox 914 1822 934 1841; x_wconf 82' lang='grc' dir='ltr'><strong>τ</strong></span> <span class='ocrx_word' id='word_1_417' title='bbox 942 1821 956 1841; x_wconf 76' lang='lat' dir='ltr'>s</span> <span class='ocrx_word' id='word_1_418' title='bbox 966 1821 977 1841; x_wconf 91' lang='lat' dir='ltr'>s</span> <span class='ocrx_word' id='word_1_419' title='bbox 988 1821 1008 1840; x_wconf 89' lang='lat' dir='ltr'>T</span> <span class='ocrx_word' id='word_1_420' title='bbox 1016 1822 1027 1841; x_wconf 88' lang='lat' dir='ltr'>r</span> <span class='ocrx_word' id='word_1_421' title='bbox 1036 1822 1057 1842; x_wconf 90' lang='lat' dir='ltr'>s.</span> 
     </span>
    </p>

    <p class='ocr_par' dir='ltr' id='par_1_26' title="bbox 18 1850 1185 1892">
     <span class='ocr_line' id='line_1_46' title="bbox 18 1850 1185 1892; baseline -0.003 -11"><span class='ocrx_word' id='word_1_422' title='bbox 18 1887 20 1892; x_wconf 43' lang='lat'>‚</span> <span class='ocrx_word' id='word_1_423' title='bbox 66 1850 157 1881; x_wconf 77' lang='lat' dir='ltr'>citare</span> <span class='ocrx_word' id='word_1_424' title='bbox 166 1853 262 1882; x_wconf 88' lang='lat' dir='ltr'>testem</span> <span class='ocrx_word' id='word_1_425' title='bbox 272 1853 301 1881; x_wconf 83' lang='lat' dir='ltr'>in</span> <span class='ocrx_word' id='word_1_426' title='bbox 309 1852 399 1889; x_wconf 87' lang='lat' dir='ltr'>aliqua</span> <span class='ocrx_word' id='word_1_427' title='bbox 409 1861 446 1882; x_wconf 88' lang='lat' dir='ltr'>re.</span> <span class='ocrx_word' id='word_1_428' title='bbox 486 1851 543 1882; x_wconf 88' lang='lat' dir='ltr'>Cic.</span> <span class='ocrx_word' id='word_1_429' title='bbox 555 1862 607 1890; x_wconf 91' lang='lat' dir='ltr'>pro</span> <span class='ocrx_word' id='word_1_430' title='bbox 615 1851 713 1889; x_wconf 81' lang='lat' dir='ltr'>Quint.</span> <span class='ocrx_word' id='word_1_431' title='bbox 725 1861 770 1888; x_wconf 80' lang='lat'>75.</span> <span class='ocrx_word' id='word_1_432' title='bbox 792 1850 825 1880; x_wconf 89' lang='lat' dir='ltr'>In</span> <span class='ocrx_word' id='word_1_433' title='bbox 842 1850 893 1879; x_wconf 87' lang='lat' dir='ltr'>hac</span> <span class='ocrx_word' id='word_1_434' title='bbox 908 1860 938 1880; x_wconf 88' lang='lat' dir='ltr'>re</span> <span class='ocrx_word' id='word_1_435' title='bbox 957 1856 1002 1885; x_wconf 91' lang='lat' dir='ltr'>te,</span> <span class='ocrx_word' id='word_1_436' title='bbox 1023 1858 1052 1879; x_wconf 88' lang='lat' dir='ltr'>te</span> <span class='ocrx_word' id='word_1_437' title='bbox 1070 1851 1185 1887; x_wconf 87' lang='lat' dir='ltr'>inquam</span> 
     </span>
    </p>

    <p class='ocr_par' dir='ltr' id='par_1_27' title="bbox 85 1889 443 1925">
     <span class='ocr_line' id='line_1_47' title="bbox 85 1889 443 1925; baseline 0.003 -7"><span class='ocrx_word' id='word_1_438' title='bbox 85 1889 200 1925; x_wconf 89' lang='lat' dir='ltr'>testem,</span> <span class='ocrx_word' id='word_1_439' title='bbox 221 1890 320 1923; x_wconf 80' lang='lat' dir='ltr'>Naevi,</span> <span class='ocrx_word' id='word_1_440' title='bbox 341 1890 443 1920; x_wconf 88' lang='lat' dir='ltr'>citabo.</span> 
     </span>
    </p>

    <p class='ocr_par' dir='ltr' id='par_1_28' title="bbox 17 1922 1187 2040">
     <span class='ocr_line' id='line_1_48' title="bbox 17 1922 1187 1964; baseline -0.003 -7"><span class='ocrx_word' id='word_1_441' title='bbox 17 1922 20 1961; x_wconf 79' lang='lat' dir='ltr'>l</span> <span class='ocrx_word' id='word_1_442' title='bbox 63 1924 156 1957; x_wconf 88' lang='lat' dir='ltr'>Citare</span> <span class='ocrx_word' id='word_1_443' title='bbox 168 1937 256 1957; x_wconf 90' lang='lat' dir='ltr'>reum.</span> <span class='ocrx_word' id='word_1_444' title='bbox 294 1928 352 1957; x_wconf 86' lang='lat' dir='ltr'>Cic.</span> <span class='ocrx_word' id='word_1_445' title='bbox 366 1939 393 1964; x_wconf 87' lang='lat'>4.</span> <span class='ocrx_word' id='word_1_446' title='bbox 408 1928 481 1957; x_wconf 88' lang='lat' dir='ltr'>Verr.</span> <span class='ocrx_word' id='word_1_447' title='bbox 493 1932 536 1962; x_wconf 84' lang='lat'>98.</span> <span class='ocrx_word' id='word_1_448' title='bbox 560 1926 634 1957; x_wconf 88' lang='lat' dir='ltr'>Citat</span> <span class='ocrx_word' id='word_1_449' title='bbox 646 1936 741 1961; x_wconf 83' lang='lat' dir='ltr'>reum,</span> <span class='ocrx_word' id='word_1_450' title='bbox 762 1935 820 1955; x_wconf 90' lang='lat' dir='ltr'>non</span> <span class='ocrx_word' id='word_1_451' title='bbox 840 1924 1008 1963; x_wconf 84' lang='lat' dir='ltr'>respondet:</span> <span class='ocrx_word' id='word_1_452' title='bbox 1031 1925 1187 1954; x_wconf 87' lang='lat' dir='ltr'>citataccu-</span> 
     </span>
     <span class='ocr_line' id='line_1_49' title="bbox 81 1962 1186 2001; baseline -0.001 -8"><span class='ocrx_word' id='word_1_453' title='bbox 81 1964 216 2001; x_wconf 81' lang='lat' dir='ltr'>satorem,</span> <span class='ocrx_word' id='word_1_454' title='bbox 230 1967 282 1995; x_wconf 72' lang='grc' dir='ltr'><strong>διε.</strong></span> <span class='ocrx_word' id='word_1_455' title='bbox 302 1966 403 1996; x_wconf 86' lang='lat' dir='ltr'>citatus</span> <span class='ocrx_word' id='word_1_456' title='bbox 421 1965 561 1995; x_wconf 82' lang='lat' dir='ltr'>accusator</span> <span class='ocrx_word' id='word_1_457' title='bbox 583 1966 623 1996; x_wconf 94' lang='lat' dir='ltr'>M.</span> <span class='ocrx_word' id='word_1_458' title='bbox 637 1965 775 2000; x_wconf 87' lang='lat' dir='ltr'>Pacilius,</span> <span class='ocrx_word' id='word_1_459' title='bbox 804 1963 898 1994; x_wconf 88' lang='lat' dir='ltr'>nescio</span> <span class='ocrx_word' id='word_1_460' title='bbox 918 1973 973 2001; x_wconf 89' lang='lat' dir='ltr'>quo</span> <span class='ocrx_word' id='word_1_461' title='bbox 992 1962 1054 1993; x_wconf 89' lang='lat' dir='ltr'>casu</span> <span class='ocrx_word' id='word_1_462' title='bbox 1067 1972 1126 1993; x_wconf 88' lang='lat' dir='ltr'>non</span> <span class='ocrx_word' id='word_1_463' title='bbox 1143 1972 1186 1992; x_wconf 71' lang='lat' dir='ltr'>re·</span> 
     </span>
     <span class='ocr_line' id='line_1_50' title="bbox 83 2002 388 2040; baseline 0.007 -9"><span class='ocrx_word' id='word_1_464' title='bbox 83 2002 214 2040; x_wconf 86' lang='lat' dir='ltr'>spondit,</span> <span class='ocrx_word' id='word_1_465' title='bbox 233 2013 291 2032; x_wconf 90' lang='lat' dir='ltr'>non</span> <span class='ocrx_word' id='word_1_466' title='bbox 301 2003 388 2033; x_wconf 81' lang='lat' dir='ltr'>affuit.</span> 
     </span>
    </p>

    <p class='ocr_par' dir='ltr' id='par_1_29' title="bbox 65 2039 659 2077">
     <span class='ocr_line' id='line_1_51' title="bbox 65 2039 659 2077; baseline -0.002 -6"><span class='ocrx_word' id='word_1_467' title='bbox 65 2040 106 2071; x_wconf 67' lang='lat' dir='ltr'>Ad</span> <span class='ocrx_word' id='word_1_468' title='bbox 118 2040 195 2070; x_wconf 91' lang='lat' dir='ltr'>suum</span> <span class='ocrx_word' id='word_1_469' title='bbox 204 2051 306 2071; x_wconf 91' lang='lat' dir='ltr'>munus</span> <span class='ocrx_word' id='word_1_470' title='bbox 316 2042 433 2071; x_wconf 78' lang='lat' dir='ltr'>citarier.</span> <span class='ocrx_word' id='word_1_471' title='bbox 455 2039 544 2071; x_wconf 89' lang='lat' dir='ltr'>Catul.</span> <span class='ocrx_word' id='word_1_472' title='bbox 560 2051 603 2077; x_wconf 83' lang='lat'>59.</span> <span class='ocrx_word' id='word_1_473' title='bbox 613 2049 659 2077; x_wconf 87' lang='lat'>42.</span> 
     </span>
    </p>

    <p class='ocr_par' dir='ltr' id='par_1_30' title="bbox 65 2074 1184 2115">
     <span class='ocr_line' id='line_1_52' title="bbox 65 2074 1184 2115; baseline -0.002 -8"><span class='ocrx_word' id='word_1_474' title='bbox 65 2074 157 2108; x_wconf 74' lang='lat' dir='ltr'>citare</span> <span class='ocrx_word' id='word_1_475' title='bbox 166 2079 201 2108; x_wconf 87' lang='lat' dir='ltr'>de</span> <span class='ocrx_word' id='word_1_476' title='bbox 212 2079 351 2109; x_wconf 84' lang='lat' dir='ltr'>tribunali.</span> <span class='ocrx_word' id='word_1_477' title='bbox 391 2079 449 2108; x_wconf 89' lang='lat' dir='ltr'>Cic.</span> <span class='ocrx_word' id='word_1_478' title='bbox 463 2089 488 2115; x_wconf 88' lang='lat'>7.</span> <span class='ocrx_word' id='word_1_479' title='bbox 505 2079 635 2113; x_wconf 71' lang='lat' dir='ltr'>Verr.65.</span> <span class='ocrx_word' id='word_1_480' title='bbox 665 2077 759 2115; x_wconf 73' lang='lat' dir='ltr'>Quem</span> <span class='ocrx_word' id='word_1_481' title='bbox 779 2076 802 2107; x_wconf 89' lang='lat' dir='ltr'>is</span> <span class='ocrx_word' id='word_1_482' title='bbox 814 2100 822 2113; x_wconf 94' lang='lat'>,</span> <span class='ocrx_word' id='word_1_483' title='bbox 844 2077 884 2108; x_wconf 90' lang='lat' dir='ltr'>uti</span> <span class='ocrx_word' id='word_1_484' title='bbox 901 2076 1068 2107; x_wconf 87' lang='lat' dir='ltr'>Panormum</span> <span class='ocrx_word' id='word_1_485' title='bbox 1087 2076 1184 2112; x_wconf 88' lang='lat' dir='ltr'>venit,</span> 
     </span>
    </p>

    <p class='ocr_par' dir='ltr' id='par_1_31' title="bbox 18 2115 1187 2161">
     <span class='ocr_line' id='line_1_53' title="bbox 18 2115 1187 2161; baseline -0.003 -15"><span class='ocrx_word' id='word_1_486' title='bbox 18 2139 20 2161; x_wconf 42' lang='grc' dir='ltr'><em>ζ</em></span> <span class='ocrx_word' id='word_1_487' title='bbox 83 2117 119 2146; x_wconf 91' lang='lat' dir='ltr'>ad</span> <span class='ocrx_word' id='word_1_488' title='bbox 130 2116 157 2146; x_wconf 90' lang='lat' dir='ltr'>se</span> <span class='ocrx_word' id='word_1_489' title='bbox 168 2117 279 2153; x_wconf 84' lang='lat' dir='ltr'>vocari,</span> <span class='ocrx_word' id='word_1_490' title='bbox 301 2119 327 2147; x_wconf 74' lang='grc' dir='ltr'>δι</span> <span class='ocrx_word' id='word_1_491' title='bbox 337 2117 373 2147; x_wconf 90' lang='lat' dir='ltr'>de</span> <span class='ocrx_word' id='word_1_492' title='bbox 382 2116 515 2147; x_wconf 87' lang='lat' dir='ltr'>tribunali</span> <span class='ocrx_word' id='word_1_493' title='bbox 524 2117 602 2148; x_wconf 89' lang='lat' dir='ltr'>citari</span> <span class='ocrx_word' id='word_1_494' title='bbox 612 2116 704 2155; x_wconf 80' lang='lat' dir='ltr'>juffit,</span> <span class='ocrx_word' id='word_1_495' title='bbox 726 2115 862 2146; x_wconf 85' lang='lat' dir='ltr'>concursu</span> <span class='ocrx_word' id='word_1_496' title='bbox 877 2125 978 2153; x_wconf 87' lang='lat' dir='ltr'>magno</span> <span class='ocrx_word' id='word_1_497' title='bbox 989 2137 997 2152; x_wconf 86' lang='lat'>‚</span> <span class='ocrx_word' id='word_1_498' title='bbox 1017 2115 1187 2153; x_wconf 80' lang='lat' dir='ltr'>frequentia-</span> 
     </span>
    </p>

    <p class='ocr_par' dir='ltr' id='par_1_32' title="bbox 17 2160 318 2192">
     <span class='ocr_line' id='line_1_54' title="bbox 17 2160 318 2192; baseline 0 -8"><span class='ocrx_word' id='word_1_499' title='bbox 17 2169 20 2184; x_wconf 75' lang='lat'><strong>·</strong></span> <span class='ocrx_word' id='word_1_500' title='bbox 86 2164 141 2192; x_wconf 84' lang='lat' dir='ltr'>que</span> <span class='ocrx_word' id='word_1_501' title='bbox 154 2160 318 2184; x_wconf 87' lang='lat' dir='ltr'>conventus.</span> 
     </span>
    </p>

    <p class='ocr_par' dir='ltr' id='par_1_33' title="bbox 65 2189 1186 2268">
     <span class='ocr_line' id='line_1_55' title="bbox 65 2189 1186 2231; baseline -0.002 -8"><span class='ocrx_word' id='word_1_502' title='bbox 65 2191 158 2223; x_wconf 89' lang='lat' dir='ltr'>Citare</span> <span class='ocrx_word' id='word_1_503' title='bbox 169 2214 177 2227; x_wconf 93' lang='lat'>‚</span> <span class='ocrx_word' id='word_1_504' title='bbox 197 2202 248 2231; x_wconf 91' lang='lat' dir='ltr'>pro</span> <span class='ocrx_word' id='word_1_505' title='bbox 270 2192 398 2223; x_wconf 86' lang='lat' dir='ltr'>Recitare</span> <span class='ocrx_word' id='word_1_506' title='bbox 415 2197 463 2222; x_wconf 92' lang='lat' dir='ltr'>aut</span> <span class='ocrx_word' id='word_1_507' title='bbox 480 2192 636 2222; x_wconf 88' lang='lat' dir='ltr'>nominare.</span> <span class='ocrx_word' id='word_1_508' title='bbox 658 2197 710 2228; x_wconf 89' lang='lat' dir='ltr'>ut,</span> <span class='ocrx_word' id='word_1_509' title='bbox 731 2191 823 2222; x_wconf 88' lang='lat' dir='ltr'>Citare</span> <span class='ocrx_word' id='word_1_510' title='bbox 838 2191 964 2221; x_wconf 65' lang='lat' dir='ltr'>auctores</span> <span class='ocrx_word' id='word_1_511' title='bbox 981 2189 1067 2220; x_wconf 87' lang='lat' dir='ltr'>libros</span> <span class='ocrx_word' id='word_1_512' title='bbox 1083 2190 1186 2221; x_wconf 76' lang='lat' dir='ltr'>linteos</span> 
     </span>
     <span class='ocr_line' id='line_1_56' title="bbox 83 2230 474 2268; baseline -0.005 -8"><span class='ocrx_word' id='word_1_513' title='bbox 83 2230 298 2268; x_wconf 79' lang='lat' dir='ltr'>magistratuum.</span> <span class='ocrx_word' id='word_1_514' title='bbox 319 2230 378 2260; x_wconf 90' lang='lat' dir='ltr'>Liv.</span> <span class='ocrx_word' id='word_1_515' title='bbox 393 2241 418 2266; x_wconf 81' lang='lat'>4.</span> <span class='ocrx_word' id='word_1_516' title='bbox 428 2240 474 2259; x_wconf 88' lang='lat'>20.</span> 
     </span>
    </p>

    <p class='ocr_par' dir='ltr' id='par_1_34' title="bbox 17 2264 1187 2304">
     <span class='ocr_line' id='line_1_57' title="bbox 17 2264 1187 2304; baseline -0.001 -7"><span class='ocrx_word' id='word_1_517' title='bbox 17 2266 21 2303; x_wconf 67' lang='lat' dir='ltr'>i</span> <span class='ocrx_word' id='word_1_518' title='bbox 67 2268 157 2298; x_wconf 81' lang='lat' dir='ltr'>citare</span> <span class='ocrx_word' id='word_1_519' title='bbox 172 2269 316 2304; x_wconf 75' lang='lat' dir='ltr'>Paeanem,</span> <span class='ocrx_word' id='word_1_520' title='bbox 348 2274 396 2298; x_wconf 88' lang='lat' dir='ltr'>aut</span> <span class='ocrx_word' id='word_1_521' title='bbox 412 2268 643 2303; x_wconf 86' lang='lat' dir='ltr'>minuritionem,</span> <span class='ocrx_word' id='word_1_522' title='bbox 664 2267 682 2297; x_wconf 89' lang='lat' dir='ltr'>i.</span> <span class='ocrx_word' id='word_1_523' title='bbox 706 2277 731 2297; x_wconf 86' lang='lat' dir='ltr'>e.</span> <span class='ocrx_word' id='word_1_524' title='bbox 752 2272 800 2297; x_wconf 87' lang='lat' dir='ltr'>aut</span> <span class='ocrx_word' id='word_1_525' title='bbox 816 2264 1044 2300; x_wconf 78' lang='lat' dir='ltr'>vehementiori,</span> <span class='ocrx_word' id='word_1_526' title='bbox 1065 2272 1113 2296; x_wconf 87' lang='lat' dir='ltr'>aut</span> <span class='ocrx_word' id='word_1_527' title='bbox 1132 2265 1187 2296; x_wconf 76' lang='lat' dir='ltr'>Te—</span> 
     </span>
    </p>

    <p class='ocr_par' dir='ltr' id='par_1_35' title="bbox 85 2305 1187 2342">
     <span class='ocr_line' id='line_1_58' title="bbox 85 2305 1187 2342; baseline -0.002 -6"><span class='ocrx_word' id='word_1_528' title='bbox 85 2307 301 2336; x_wconf 68' lang='lat' dir='ltr'>nui6zdeducia</span> <span class='ocrx_word' id='word_1_529' title='bbox 315 2316 385 2336; x_wconf 92' lang='lat' dir='ltr'>voce</span> <span class='ocrx_word' id='word_1_530' title='bbox 393 2315 502 2335; x_wconf 89' lang='lat' dir='ltr'>canere.</span> <span class='ocrx_word' id='word_1_531' title='bbox 544 2306 603 2335; x_wconf 91' lang='lat' dir='ltr'>Cic.</span> <span class='ocrx_word' id='word_1_532' title='bbox 616 2305 651 2334; x_wconf 92' lang='lat' dir='ltr'>de</span> <span class='ocrx_word' id='word_1_533' title='bbox 666 2305 744 2335; x_wconf 88' lang='lat' dir='ltr'>Orat.</span> <span class='ocrx_word' id='word_1_534' title='bbox 758 2314 781 2334; x_wconf 86' lang='lat'>1.</span> <span class='ocrx_word' id='word_1_535' title='bbox 794 2314 858 2341; x_wconf 80' lang='lat'>²5¹·</span> <span class='ocrx_word' id='word_1_536' title='bbox 879 2305 937 2342; x_wconf 82' lang='lat' dir='ltr'>Qui</span> <span class='ocrx_word' id='word_1_537' title='bbox 958 2306 984 2333; x_wconf 75' lang='grc' dir='ltr'>δι.</span> <span class='ocrx_word' id='word_1_538' title='bbox 1003 2313 1090 2333; x_wconf 88' lang='lat' dir='ltr'>annos</span> <span class='ocrx_word' id='word_1_539' title='bbox 1109 2314 1187 2334; x_wconf 88' lang='lat' dir='ltr'>com-</span> 
     </span>
    </p>

    <p class='ocr_par' dir='ltr' id='par_1_36' title="bbox 83 2342 1188 2458">
     <span class='ocr_line' id='line_1_59' title="bbox 83 2342 1186 2412; baseline -0.004 -38"><span class='ocrx_word' id='word_1_540' title='bbox 83 2343 177 2412; x_wconf 56' lang='lat' dir='ltr'>plures</span> <span class='ocrx_word' id='word_1_541' title='bbox 186 2344 312 2374; x_wconf 88' lang='lat' dir='ltr'>sedentes</span> <span class='ocrx_word' id='word_1_542' title='bbox 321 2344 512 2379; x_wconf 78' lang='lat' dir='ltr'>declamitant,</span> <span class='ocrx_word' id='word_1_543' title='bbox 532 2345 558 2373; x_wconf 85' lang='lat'>&amp;</span> <span class='ocrx_word' id='word_1_544' title='bbox 566 2344 693 2380; x_wconf 87' lang='lat' dir='ltr'>quotidie</span> <span class='ocrx_word' id='word_1_545' title='bbox 702 2350 849 2380; x_wconf 83' lang='lat' dir='ltr'>antequam</span> <span class='ocrx_word' id='word_1_546' title='bbox 859 2342 1042 2381; x_wconf 83' lang='lat' dir='ltr'>pronuntient</span> <span class='ocrx_word' id='word_1_547' title='bbox 1052 2364 1060 2377; x_wconf 82' lang='grc'><strong>,</strong></span> <span class='ocrx_word' id='word_1_548' title='bbox 1084 2351 1186 2371; x_wconf 89' lang='lat' dir='ltr'>vocem</span> 
     </span>
     <span class='ocr_line' id='line_1_60' title="bbox 98 2379 1188 2419; baseline -0.002 -8"><span class='ocrx_word' id='word_1_549' title='bbox 98 2382 181 2412; x_wconf 76' lang='lat' dir='ltr'>ensim</span> <span class='ocrx_word' id='word_1_550' title='bbox 193 2383 326 2412; x_wconf 84' lang='lat' dir='ltr'>cubantes</span> <span class='ocrx_word' id='word_1_551' title='bbox 340 2382 464 2412; x_wconf 83' lang='lat' dir='ltr'>excitant</span> <span class='ocrx_word' id='word_1_552' title='bbox 473 2404 481 2417; x_wconf 91' lang='lat'>,</span> <span class='ocrx_word' id='word_1_553' title='bbox 502 2382 678 2419; x_wconf 86' lang='lat' dir='ltr'>eandemque</span> <span class='ocrx_word' id='word_1_554' title='bbox 690 2391 776 2419; x_wconf 87' lang='lat' dir='ltr'>quum</span> <span class='ocrx_word' id='word_1_555' title='bbox 788 2387 918 2419; x_wconf 79' lang='lat' dir='ltr'>egerunt,</span> <span class='ocrx_word' id='word_1_556' title='bbox 939 2380 1065 2409; x_wconf 87' lang='lat' dir='ltr'>sedentes</span> <span class='ocrx_word' id='word_1_557' title='bbox 1077 2379 1111 2409; x_wconf 91' lang='lat' dir='ltr'>ab</span> <span class='ocrx_word' id='word_1_558' title='bbox 1124 2390 1188 2409; x_wconf 88' lang='lat' dir='ltr'>aeu-</span> 
     </span>
     <span class='ocr_line' id='line_1_61' title="bbox 85 2415 1188 2458; baseline -0.004 -8"><span class='ocrx_word' id='word_1_559' title='bbox 85 2420 186 2450; x_wconf 82' lang='lat' dir='ltr'>tiffimo</span> <span class='ocrx_word' id='word_1_560' title='bbox 197 2420 264 2450; x_wconf 87' lang='lat' dir='ltr'>sono</span> <span class='ocrx_word' id='word_1_561' title='bbox 278 2421 362 2458; x_wconf 86' lang='lat' dir='ltr'>usque</span> <span class='ocrx_word' id='word_1_562' title='bbox 382 2421 417 2449; x_wconf 89' lang='lat' dir='ltr'>ad</span> <span class='ocrx_word' id='word_1_563' title='bbox 435 2419 621 2458; x_wconf 80' lang='lat' dir='ltr'>gravissimum</span> <span class='ocrx_word' id='word_1_564' title='bbox 639 2419 737 2449; x_wconf 87' lang='lat' dir='ltr'>sonum</span> <span class='ocrx_word' id='word_1_565' title='bbox 749 2419 903 2456; x_wconf 88' lang='lat' dir='ltr'>recipiunt,</span> <span class='ocrx_word' id='word_1_566' title='bbox 924 2419 950 2447; x_wconf 72' lang='grc' dir='ltr'>ἃ</span> <span class='ocrx_word' id='word_1_567' title='bbox 965 2415 1038 2454; x_wconf 83' lang='lat' dir='ltr'>quasi</span> <span class='ocrx_word' id='word_1_568' title='bbox 1052 2417 1188 2455; x_wconf 84' lang='lat' dir='ltr'>quodam-</span> 
     </span>
    </p>

    <p class='ocr_par' dir='ltr' id='par_1_37' title="bbox 84 2455 1186 2496">
     <span class='ocr_line' id='line_1_62' title="bbox 84 2455 1186 2496; baseline -0.004 -8"><span class='ocrx_word' id='word_1_569' title='bbox 84 2459 170 2488; x_wconf 87' lang='lat' dir='ltr'>modo</span> <span class='ocrx_word' id='word_1_570' title='bbox 178 2458 324 2496; x_wconf 81' lang='lat' dir='ltr'>colligunt.</span> <span class='ocrx_word' id='word_1_571' title='bbox 364 2458 428 2487; x_wconf 90' lang='lat' dir='ltr'>Hoc</span> <span class='ocrx_word' id='word_1_572' title='bbox 447 2467 498 2487; x_wconf 92' lang='lat' dir='ltr'>nos</span> <span class='ocrx_word' id='word_1_573' title='bbox 514 2458 533 2487; x_wconf 86' lang='lat' dir='ltr'>fi</span> <span class='ocrx_word' id='word_1_574' title='bbox 551 2458 642 2487; x_wconf 90' lang='lat' dir='ltr'>facere</span> <span class='ocrx_word' id='word_1_575' title='bbox 661 2456 798 2492; x_wconf 88' lang='lat' dir='ltr'>velimus,</span> <span class='ocrx_word' id='word_1_576' title='bbox 819 2464 884 2486; x_wconf 89' lang='lat' dir='ltr'>ante</span> <span class='ocrx_word' id='word_1_577' title='bbox 903 2455 1125 2485; x_wconf 84' lang='lat' dir='ltr'>condemnentur</span> <span class='ocrx_word' id='word_1_578' title='bbox 1144 2456 1164 2484; x_wconf 91' lang='lat' dir='ltr'>ii</span> <span class='ocrx_word' id='word_1_579' title='bbox 1176 2477 1186 2489; x_wconf 81' lang='grc'><strong>,</strong></span> 
     </span>
    </p>

    <p class='ocr_par' dir='ltr' id='par_1_38' title="bbox 84 2492 1188 2534">
     <span class='ocr_line' id='line_1_63' title="bbox 84 2492 1188 2534; baseline -0.004 -8"><span class='ocrx_word' id='word_1_580' title='bbox 84 2506 202 2533; x_wconf 87' lang='lat' dir='ltr'>quorum</span> <span class='ocrx_word' id='word_1_581' title='bbox 213 2495 521 2534; x_wconf 82' lang='lat' dir='ltr'>causasreceperimus‚</span> <span class='ocrx_word' id='word_1_582' title='bbox 542 2505 627 2533; x_wconf 86' lang='lat' dir='ltr'>quam</span> <span class='ocrx_word' id='word_1_583' title='bbox 638 2496 739 2530; x_wconf 82' lang='lat' dir='ltr'>toties,</span> <span class='ocrx_word' id='word_1_584' title='bbox 764 2495 874 2532; x_wconf 90' lang='lat' dir='ltr'>quoties</span> <span class='ocrx_word' id='word_1_585' title='bbox 889 2492 1094 2532; x_wconf 62' lang='lat' dir='ltr'>praescribitur,</span> <span class='ocrx_word' id='word_1_586' title='bbox 1116 2503 1188 2531; x_wconf 85' lang='lat' dir='ltr'>paea-</span> 
     </span>
    </p>

    <p class='ocr_par' dir='ltr' id='par_1_39' title="bbox 83 2531 1187 2566">
     <span class='ocr_line' id='line_1_64' title="bbox 83 2531 1187 2566; baseline -0.005 -1"><span class='ocrx_word' id='word_1_587' title='bbox 83 2541 150 2566; x_wconf 78' lang='lat' dir='ltr'>nem</span> <span class='ocrx_word' id='word_1_588' title='bbox 166 2540 213 2563; x_wconf 91' lang='lat' dir='ltr'>aut</span> <span class='ocrx_word' id='word_1_589' title='bbox 224 2535 437 2564; x_wconf 89' lang='lat' dir='ltr'>minuritionem</span> <span class='ocrx_word' id='word_1_590' title='bbox 452 2534 603 2563; x_wconf 91' lang='lat' dir='ltr'>citarimus.</span> <span class='ocrx_word' id='word_1_591' title='bbox 643 2533 685 2564; x_wconf 91' lang='lat' dir='ltr'>Ita</span> <span class='ocrx_word' id='word_1_592' title='bbox 700 2532 826 2563; x_wconf 91' lang='lat' dir='ltr'>Turneb.</span> <span class='ocrx_word' id='word_1_593' title='bbox 841 2531 953 2563; x_wconf 83' lang='lat' dir='ltr'>Advers.</span> <span class='ocrx_word' id='word_1_594' title='bbox 968 2541 992 2561; x_wconf 86' lang='lat'>1.</span> <span class='ocrx_word' id='word_1_595' title='bbox 1005 2541 1047 2562; x_wconf 86' lang='lat'>12.</span> <span class='ocrx_word' id='word_1_596' title='bbox 1078 2532 1134 2562; x_wconf 85' lang='lat' dir='ltr'>Sed</span> <span class='ocrx_word' id='word_1_597' title='bbox 1145 2531 1187 2560; x_wconf 89' lang='grc' dir='ltr'>1ο-</span> 
     </span>
    </p>

    <p class='ocr_par' dir='ltr' id='par_1_40' title="bbox 84 2572 760 2603">
     <span class='ocr_line' id='line_1_65' title="bbox 84 2572 760 2603; baseline -0.001 -2"><span class='ocrx_word' id='word_1_598' title='bbox 84 2582 133 2602; x_wconf 86' lang='lat' dir='ltr'>cus</span> <span class='ocrx_word' id='word_1_599' title='bbox 146 2572 300 2603; x_wconf 88' lang='lat' dir='ltr'>admodum</span> <span class='ocrx_word' id='word_1_600' title='bbox 313 2579 437 2602; x_wconf 83' lang='lat' dir='ltr'>vexatus.</span> <span class='ocrx_word' id='word_1_601' title='bbox 473 2572 505 2601; x_wconf 94' lang='lat' dir='ltr'>V.</span> <span class='ocrx_word' id='word_1_602' title='bbox 528 2583 549 2600; x_wconf 85' lang='lat' dir='ltr'>M</span> <span class='ocrx_word' id='word_1_603' title='bbox 559 2583 569 2600; x_wconf 92' lang='lat'><em>1</em></span> <span class='ocrx_word' id='word_1_604' title='bbox 577 2581 597 2600; x_wconf 79' lang='lat' dir='ltr'>N</span> <span class='ocrx_word' id='word_1_605' title='bbox 608 2581 627 2600; x_wconf 87' lang='lat' dir='ltr'>u</span> <span class='ocrx_word' id='word_1_606' title='bbox 638 2581 655 2601; x_wconf 65' lang='grc'>11.</span> <span class='ocrx_word' id='word_1_607' title='bbox 664 2582 674 2600; x_wconf 92' lang='grc'>1</span> <span class='ocrx_word' id='word_1_608' title='bbox 683 2582 702 2600; x_wconf 82' lang='lat' dir='ltr'>T</span> <span class='ocrx_word' id='word_1_609' title='bbox 711 2582 722 2600; x_wconf 90' lang='lat'>1</span> <span class='ocrx_word' id='word_1_610' title='bbox 732 2580 760 2600; x_wconf 92' lang='lat' dir='ltr'>o.</span> 
     </span>
    </p>

    <p class='ocr_par' dir='ltr' id='par_1_41' title="bbox 20 2609 639 2649">
     <span class='ocr_line' id='line_1_66' title="bbox 20 2609 639 2649; baseline -0.008 -6"><span class='ocrx_word' id='word_1_611' title='bbox 20 2629 22 2643; x_wconf 79' lang='grc' dir='ltr'>ι</span> <span class='ocrx_word' id='word_1_612' title='bbox 66 2610 152 2641; x_wconf 86' lang='lat' dir='ltr'>Citari</span> <span class='ocrx_word' id='word_1_613' title='bbox 163 2611 309 2649; x_wconf 84' lang='lat' dir='ltr'>anapaesto.</span> <span class='ocrx_word' id='word_1_614' title='bbox 330 2610 389 2639; x_wconf 90' lang='lat' dir='ltr'>Cic.</span> <span class='ocrx_word' id='word_1_615' title='bbox 403 2619 429 2640; x_wconf 90' lang='lat'>2.</span> <span class='ocrx_word' id='word_1_616' title='bbox 442 2609 478 2639; x_wconf 86' lang='lat' dir='ltr'>de</span> <span class='ocrx_word' id='word_1_617' title='bbox 488 2609 580 2639; x_wconf 89' lang='lat' dir='ltr'>Finib.</span> <span class='ocrx_word' id='word_1_618' title='bbox 597 2614 639 2645; x_wconf 87' lang='lat'>18.</span> 
     </span>
    </p>

    <p class='ocr_par' dir='ltr' id='par_1_42' title="bbox 85 2645 849 2724">
     <span class='ocr_line' id='line_1_67' title="bbox 156 2645 849 2685; baseline -0.004 -7"><span class='ocrx_word' id='word_1_619' title='bbox 156 2648 264 2678; x_wconf 88' lang='lat' dir='ltr'>Omnes</span> <span class='ocrx_word' id='word_1_620' title='bbox 275 2647 363 2678; x_wconf 88' lang='lat' dir='ltr'>Danai</span> <span class='ocrx_word' id='word_1_621' title='bbox 374 2654 421 2677; x_wconf 86' lang='lat' dir='ltr'>aut</span> <span class='ocrx_word' id='word_1_622' title='bbox 430 2645 624 2685; x_wconf 82' lang='lat' dir='ltr'>Mycenenses,</span> <span class='ocrx_word' id='word_1_623' title='bbox 645 2647 735 2678; x_wconf 78' lang='lat' dir='ltr'>Attica</span> <span class='ocrx_word' id='word_1_624' title='bbox 744 2645 849 2685; x_wconf 85' lang='lat' dir='ltr'>pubes:</span> 
     </span>
     <span class='ocr_line' id='line_1_68' title="bbox 85 2686 609 2724; baseline -0.002 -8"><span class='ocrx_word' id='word_1_625' title='bbox 85 2686 111 2716; x_wconf 87' lang='lat' dir='ltr'>ci</span> <span class='ocrx_word' id='word_1_626' title='bbox 122 2686 169 2724; x_wconf 88' lang='lat' dir='ltr'>qui</span> <span class='ocrx_word' id='word_1_627' title='bbox 185 2686 239 2716; x_wconf 91' lang='lat' dir='ltr'>hoc</span> <span class='ocrx_word' id='word_1_628' title='bbox 249 2686 385 2724; x_wconf 76' lang='lat' dir='ltr'>anapaesto</span> <span class='ocrx_word' id='word_1_629' title='bbox 397 2687 516 2715; x_wconf 86' lang='lat' dir='ltr'>citantur</span> <span class='ocrx_word' id='word_1_630' title='bbox 526 2706 534 2721; x_wconf 85' lang='lat'>,</span> <span class='ocrx_word' id='word_1_631' title='bbox 556 2687 609 2715; x_wconf 86' lang='lat' dir='ltr'>&amp;e.</span> 
     </span>
    </p>

    <p class='ocr_par' dir='ltr' id='par_1_43' title="bbox 67 2719 1184 2837">
     <span class='ocr_line' id='line_1_69' title="bbox 67 2719 1183 2761; baseline -0.004 -7"><span class='ocrx_word' id='word_1_632' title='bbox 67 2723 175 2760; x_wconf 85' lang='lat' dir='ltr'>Citare,</span> <span class='ocrx_word' id='word_1_633' title='bbox 197 2724 334 2759; x_wconf 85' lang='lat' dir='ltr'>Incitare,</span> <span class='ocrx_word' id='word_1_634' title='bbox 356 2733 526 2761; x_wconf 89' lang='lat' dir='ltr'>provocare,</span> <span class='ocrx_word' id='word_1_635' title='bbox 547 2722 722 2759; x_wconf 62' lang='grc' dir='ltr'>[παρορμᾷν]</span> <span class='ocrx_word' id='word_1_636' title='bbox 743 2727 792 2757; x_wconf 87' lang='lat' dir='ltr'>ut,</span> <span class='ocrx_word' id='word_1_637' title='bbox 819 2721 912 2751; x_wconf 87' lang='lat' dir='ltr'>Citare</span> <span class='ocrx_word' id='word_1_638' title='bbox 928 2729 1040 2758; x_wconf 89' lang='lat' dir='ltr'>equum.</span> <span class='ocrx_word' id='word_1_639' title='bbox 1079 2719 1142 2750; x_wconf 85' lang='lat' dir='ltr'>Caes.</span> <span class='ocrx_word' id='word_1_640' title='bbox 1157 2728 1183 2756; x_wconf 82' lang='lat'>3.</span> 
     </span>
     <span class='ocr_line' id='line_1_70' title="bbox 84 2757 1184 2800; baseline -0.005 -8"><span class='ocrx_word' id='word_1_641' title='bbox 84 2758 152 2792; x_wconf 88' lang='lat' dir='ltr'>Bell.</span> <span class='ocrx_word' id='word_1_642' title='bbox 165 2761 246 2792; x_wconf 91' lang='lat' dir='ltr'>Civil.</span> <span class='ocrx_word' id='word_1_643' title='bbox 258 2772 319 2800; x_wconf 91' lang='lat' dir='ltr'>cap.</span> <span class='ocrx_word' id='word_1_644' title='bbox 330 2766 375 2798; x_wconf 80' lang='grc'>96.</span> <span class='ocrx_word' id='word_1_645' title='bbox 396 2761 576 2798; x_wconf 89' lang='lat' dir='ltr'>Protinusque</span> <span class='ocrx_word' id='word_1_646' title='bbox 589 2771 662 2798; x_wconf 90' lang='lat' dir='ltr'>equo</span> <span class='ocrx_word' id='word_1_647' title='bbox 682 2761 785 2794; x_wconf 80' lang='lat' dir='ltr'>citato,</span> <span class='ocrx_word' id='word_1_648' title='bbox 807 2758 936 2788; x_wconf 81' lang='lat' dir='ltr'>Larissam</span> <span class='ocrx_word' id='word_1_649' title='bbox 947 2757 1104 2788; x_wconf 87' lang='lat' dir='ltr'>contendit.</span> <span class='ocrx_word' id='word_1_650' title='bbox 1126 2758 1184 2788; x_wconf 89' lang='lat' dir='ltr'>Liv.</span> 
     </span>
     <span class='ocr_line' id='line_1_71' title="bbox 86 2798 905 2837; baseline -0.005 -7"><span class='ocrx_word' id='word_1_651' title='bbox 86 2809 111 2830; x_wconf 91' lang='grc'>1.</span> <span class='ocrx_word' id='word_1_652' title='bbox 123 2808 165 2837; x_wconf 85' lang='grc' dir='ltr'>ς7.</span> <span class='ocrx_word' id='word_1_653' title='bbox 188 2801 243 2837; x_wconf 85' lang='lat' dir='ltr'>Age</span> <span class='ocrx_word' id='word_1_654' title='bbox 257 2800 321 2830; x_wconf 84' lang='lat' dir='ltr'>sane</span> <span class='ocrx_word' id='word_1_655' title='bbox 334 2809 432 2829; x_wconf 91' lang='lat' dir='ltr'>omnes</span> <span class='ocrx_word' id='word_1_656' title='bbox 443 2800 534 2829; x_wconf 91' lang='lat' dir='ltr'>citatis</span> <span class='ocrx_word' id='word_1_657' title='bbox 543 2799 621 2836; x_wconf 83' lang='lat' dir='ltr'>equis</span> <span class='ocrx_word' id='word_1_658' title='bbox 631 2798 762 2829; x_wconf 89' lang='lat' dir='ltr'>advolant</span> <span class='ocrx_word' id='word_1_659' title='bbox 775 2798 905 2828; x_wconf 84' lang='lat' dir='ltr'>Romam.</span> 
     </span>
    </p>

    <p class='ocr_par' dir='ltr' id='par_1_44' title="bbox 66 2832 1186 2906">
     <span class='ocr_line' id='line_1_72' title="bbox 66 2832 1186 2905; baseline -0.004 -37"><span class='ocrx_word' id='word_1_660' title='bbox 66 2837 160 2905; x_wconf 57' lang='lat' dir='ltr'>Citarpl</span> <span class='ocrx_word' id='word_1_661' title='bbox 172 2838 320 2868; x_wconf 90' lang='lat' dir='ltr'>humorem</span> <span class='ocrx_word' id='word_1_662' title='bbox 332 2838 410 2868; x_wconf 89' lang='lat' dir='ltr'>illuc.</span> <span class='ocrx_word' id='word_1_663' title='bbox 450 2837 521 2867; x_wconf 90' lang='lat' dir='ltr'>Cels.</span> <span class='ocrx_word' id='word_1_664' title='bbox 532 2837 580 2867; x_wconf 88' lang='lat' dir='ltr'>lib.</span> <span class='ocrx_word' id='word_1_665' title='bbox 591 2848 618 2874; x_wconf 91' lang='lat'>4.</span> <span class='ocrx_word' id='word_1_666' title='bbox 631 2846 693 2875; x_wconf 78' lang='lat' dir='ltr'>cap.</span> <span class='ocrx_word' id='word_1_667' title='bbox 704 2840 731 2866; x_wconf 87' lang='lat'>6.</span> <span class='ocrx_word' id='word_1_668' title='bbox 763 2836 781 2865; x_wconf 91' lang='lat' dir='ltr'>i.</span> <span class='ocrx_word' id='word_1_669' title='bbox 793 2845 818 2865; x_wconf 90' lang='lat' dir='ltr'>e.</span> <span class='ocrx_word' id='word_1_670' title='bbox 841 2834 956 2865; x_wconf 83' lang='lat' dir='ltr'>Efficere</span> <span class='ocrx_word' id='word_1_671' title='bbox 967 2832 1075 2864; x_wconf 83' lang='lat' dir='ltr'>utilluc</span> <span class='ocrx_word' id='word_1_672' title='bbox 1084 2833 1186 2864; x_wconf 84' lang='lat' dir='ltr'>humor</span> 
     </span>
     <span class='ocr_line' id='line_1_73' title="bbox 83 2882 216 2906; baseline 0.008 -1"><span class='ocrx_word' id='word_1_673' title='bbox 83 2885 138 2905; x_wconf 89' lang='lat' dir='ltr'>con</span> <span class='ocrx_word' id='word_1_674' title='bbox 162 2882 216 2906; x_wconf 86' lang='lat' dir='ltr'>uat.</span> 
     </span>
    </p>

    <p class='ocr_par' dir='ltr' id='par_1_45' title="bbox 66 2911 710 2952">
     <span class='ocr_line' id='line_1_74' title="bbox 66 2911 710 2952; baseline -0.002 -10"><span class='ocrx_word' id='word_1_675' title='bbox 66 2913 159 2944; x_wconf 85' lang='lat' dir='ltr'>Citare</span> <span class='ocrx_word' id='word_1_676' title='bbox 167 2924 220 2952; x_wconf 85' lang='lat' dir='ltr'>pus</span> <span class='ocrx_word' id='word_1_677' title='bbox 232 2935 241 2949; x_wconf 89' lang='lat'>,</span> <span class='ocrx_word' id='word_1_678' title='bbox 261 2913 385 2943; x_wconf 84' lang='lat' dir='ltr'>Movere.</span> <span class='ocrx_word' id='word_1_679' title='bbox 408 2912 477 2943; x_wconf 74' lang='lat' dir='ltr'>Cels</span> <span class='ocrx_word' id='word_1_680' title='bbox 488 2911 536 2942; x_wconf 91' lang='lat' dir='ltr'>lib.</span> <span class='ocrx_word' id='word_1_681' title='bbox 549 2923 573 2949; x_wconf 84' lang='lat'>5.</span> <span class='ocrx_word' id='word_1_682' title='bbox 590 2921 650 2950; x_wconf 92' lang='lat' dir='ltr'>cap.</span> <span class='ocrx_word' id='word_1_683' title='bbox 663 2921 710 2948; x_wconf 88' lang='lat'>²7·</span> 
     </span>
    </p>

    <p class='ocr_par' dir='ltr' id='par_1_46' title="bbox 67 2945 991 2989">
     <span class='ocr_line' id='line_1_75' title="bbox 67 2945 991 2989; baseline -0.005 -9"><span class='ocrx_word' id='word_1_684' title='bbox 67 2950 156 2981; x_wconf 88' lang='lat' dir='ltr'>Citare</span> <span class='ocrx_word' id='word_1_685' title='bbox 163 2953 290 2982; x_wconf 81' lang='lat' dir='ltr'>urinam,</span> <span class='ocrx_word' id='word_1_686' title='bbox 315 2951 361 2980; x_wconf 90' lang='lat' dir='ltr'>cui</span> <span class='ocrx_word' id='word_1_687' title='bbox 371 2950 493 2980; x_wconf 87' lang='lat' dir='ltr'>Tardare</span> <span class='ocrx_word' id='word_1_688' title='bbox 502 2951 665 2989; x_wconf 90' lang='lat' dir='ltr'>opponitur.</span> <span class='ocrx_word' id='word_1_689' title='bbox 689 2947 759 2979; x_wconf 90' lang='lat' dir='ltr'>Cels.</span> <span class='ocrx_word' id='word_1_690' title='bbox 770 2945 819 2977; x_wconf 87' lang='lat' dir='ltr'>lib.</span> <span class='ocrx_word' id='word_1_691' title='bbox 831 2955 857 2977; x_wconf 89' lang='lat'>2.</span> <span class='ocrx_word' id='word_1_692' title='bbox 873 2956 935 2985; x_wconf 87' lang='lat' dir='ltr'>cap.</span> <span class='ocrx_word' id='word_1_693' title='bbox 948 2956 991 2983; x_wconf 90' lang='grc'>19.</span> 
     </span>
    </p>

    <p class='ocr_par' dir='ltr' id='par_1_47' title="bbox 68 2986 980 3028">
     <span class='ocr_line' id='line_1_76' title="bbox 68 2986 980 3028; baseline -0.005 -10"><span class='ocrx_word' id='word_1_694' title='bbox 68 2988 156 3019; x_wconf 89' lang='lat' dir='ltr'>Citare</span> <span class='ocrx_word' id='word_1_695' title='bbox 165 2990 285 3028; x_wconf 89' lang='lat' dir='ltr'>aliquem</span> <span class='ocrx_word' id='word_1_696' title='bbox 299 2989 335 3018; x_wconf 90' lang='lat' dir='ltr'>ad</span> <span class='ocrx_word' id='word_1_697' title='bbox 348 2988 452 3027; x_wconf 87' lang='lat' dir='ltr'>aliquid</span> <span class='ocrx_word' id='word_1_698' title='bbox 463 2989 633 3018; x_wconf 91' lang='lat' dir='ltr'>faciendum.</span> <span class='ocrx_word' id='word_1_699' title='bbox 654 2986 722 3017; x_wconf 90' lang='lat' dir='ltr'>Plin.</span> <span class='ocrx_word' id='word_1_700' title='bbox 735 2986 784 3016; x_wconf 91' lang='lat' dir='ltr'>lib.</span> <span class='ocrx_word' id='word_1_701' title='bbox 801 2995 843 3015; x_wconf 89' lang='lat'>11.</span> <span class='ocrx_word' id='word_1_702' title='bbox 862 2995 923 3022; x_wconf 89' lang='lat' dir='ltr'>cap.</span> <span class='ocrx_word' id='word_1_703' title='bbox 937 2994 980 3021; x_wconf 81' lang='lat'>37.</span> 
     </span>
    </p>

    <p class='ocr_par' dir='ltr' id='par_1_48' title="bbox 22 2999 1162 3067">
     <span class='ocr_line' id='line_1_77' title="bbox 22 2999 1162 3067; baseline -0.005 -11"><span class='ocrx_word' id='word_1_704' title='bbox 22 2999 25 3056; x_wconf 82' lang='lat' dir='ltr'>l</span> <span class='ocrx_word' id='word_1_705' title='bbox 66 3026 188 3058; x_wconf 83' lang='lat' dir='ltr'>Gradum</span> <span class='ocrx_word' id='word_1_706' title='bbox 199 3029 283 3057; x_wconf 89' lang='lat' dir='ltr'>citare</span> <span class='ocrx_word' id='word_1_707' title='bbox 294 3049 302 3063; x_wconf 97' lang='lat'>,</span> <span class='ocrx_word' id='word_1_708' title='bbox 322 3027 341 3056; x_wconf 94' lang='lat' dir='ltr'>i.</span> <span class='ocrx_word' id='word_1_709' title='bbox 355 3037 379 3056; x_wconf 88' lang='lat' dir='ltr'>e.</span> <span class='ocrx_word' id='word_1_710' title='bbox 403 3027 530 3057; x_wconf 89' lang='lat' dir='ltr'>Velocius</span> <span class='ocrx_word' id='word_1_711' title='bbox 540 3026 659 3063; x_wconf 76' lang='lat' dir='ltr'>ingredi.</span> <span class='ocrx_word' id='word_1_712' title='bbox 681 3025 780 3055; x_wconf 86' lang='lat' dir='ltr'>Claud.</span> <span class='ocrx_word' id='word_1_713' title='bbox 791 3027 817 3053; x_wconf 90' lang='lat'>6.</span> <span class='ocrx_word' id='word_1_714' title='bbox 832 3023 913 3052; x_wconf 87' lang='lat' dir='ltr'>Cons.</span> <span class='ocrx_word' id='word_1_715' title='bbox 926 3023 999 3052; x_wconf 92' lang='lat' dir='ltr'>Hon.</span> <span class='ocrx_word' id='word_1_716' title='bbox 1015 3030 1077 3058; x_wconf 77' lang='grc' dir='ltr'><strong>ς1ο,</strong></span> <span class='ocrx_word' id='word_1_717' title='bbox 1155 3058 1162 3067; x_wconf 94' lang='lat'>.</span> 
     </span>
    </p>

    <p class='ocr_par' dir='ltr' id='par_1_49' title="bbox 22 3059 1185 3132">
     <span class='ocr_line' id='line_1_78' title="bbox 22 3059 1185 3132; baseline -0.005 -37"><span class='ocrx_word' id='word_1_718' title='bbox 22 3061 25 3102; x_wconf 80' lang='grc'>1</span> <span class='ocrx_word' id='word_1_719' title='bbox 66 3065 107 3132; x_wconf 67' lang='lat' dir='ltr'>Alc}</span> <span class='ocrx_word' id='word_1_720' title='bbox 116 3065 193 3132; x_wconf 59' lang='lat' dir='ltr'>frfpna</span> <span class='ocrx_word' id='word_1_721' title='bbox 202 3066 297 3132; x_wconf 54' lang='lat' dir='ltr'>citaivit</span> <span class='ocrx_word' id='word_1_722' title='bbox 308 3064 409 3095; x_wconf 91' lang='lat' dir='ltr'>olores.</span> <span class='ocrx_word' id='word_1_723' title='bbox 448 3065 516 3095; x_wconf 86' lang='lat' dir='ltr'>Stat.</span> <span class='ocrx_word' id='word_1_724' title='bbox 529 3074 553 3095; x_wconf 90' lang='lat'>1.</span> <span class='ocrx_word' id='word_1_725' title='bbox 568 3065 668 3095; x_wconf 66' lang='lat' dir='ltr'>Silva..</span> <span class='ocrx_word' id='word_1_726' title='bbox 680 3072 742 3099; x_wconf 90' lang='lat'>142.</span> <span class='ocrx_word' id='word_1_727' title='bbox 764 3062 800 3092; x_wconf 93' lang='lat' dir='ltr'>de</span> <span class='ocrx_word' id='word_1_728' title='bbox 808 3061 923 3092; x_wconf 89' lang='lat' dir='ltr'>Venere.</span> <span class='ocrx_word' id='word_1_729' title='bbox 944 3061 963 3090; x_wconf 86' lang='lat' dir='ltr'>i.</span> <span class='ocrx_word' id='word_1_730' title='bbox 978 3069 1002 3090; x_wconf 90' lang='lat' dir='ltr'>e.</span> <span class='ocrx_word' id='word_1_731' title='bbox 1025 3059 1143 3099; x_wconf 79' lang='lat' dir='ltr'>Propere</span> <span class='ocrx_word' id='word_1_732' title='bbox 1154 3059 1185 3090; x_wconf 77' lang='lat'>11-</span> 
     </span>
    </p>

    <p class='ocr_par' dir='ltr' id='par_1_50' title="bbox 95 3103 317 3133">
     <span class='ocr_line' id='line_1_79' title="bbox 95 3103 317 3133; baseline 0 -1"><span class='ocrx_word' id='word_1_733' title='bbox 95 3113 117 3132; x_wconf 86' lang='lat' dir='ltr'>1s</span> <span class='ocrx_word' id='word_1_734' title='bbox 154 3113 206 3133; x_wconf 92' lang='lat' dir='ltr'>ena</span> <span class='ocrx_word' id='word_1_735' title='bbox 216 3104 244 3132; x_wconf 90' lang='lat' dir='ltr'>in</span> <span class='ocrx_word' id='word_1_736' title='bbox 267 3103 317 3132; x_wconf 88' lang='lat' dir='ltr'>uit.</span> 
     </span>
    </p>

    <p class='ocr_par' dir='ltr' id='par_1_51' title="bbox 67 3135 1187 3247">
     <span class='ocr_line' id='line_1_80' title="bbox 67 3135 1184 3180; baseline -0.004 -9"><span class='ocrx_word' id='word_1_737' title='bbox 67 3140 157 3171; x_wconf 87' lang='lat' dir='ltr'>Citare</span> <span class='ocrx_word' id='word_1_738' title='bbox 167 3141 311 3180; x_wconf 89' lang='lat' dir='ltr'>palmitem</span> <span class='ocrx_word' id='word_1_739' title='bbox 321 3146 369 3170; x_wconf 88' lang='lat' dir='ltr'>aut</span> <span class='ocrx_word' id='word_1_740' title='bbox 378 3139 514 3170; x_wconf 89' lang='lat' dir='ltr'>radiculas</span> <span class='ocrx_word' id='word_1_741' title='bbox 525 3140 657 3170; x_wconf 89' lang='lat' dir='ltr'>dicuntur</span> <span class='ocrx_word' id='word_1_742' title='bbox 665 3137 784 3169; x_wconf 88' lang='lat' dir='ltr'>arbores.</span> <span class='ocrx_word' id='word_1_743' title='bbox 809 3136 947 3167; x_wconf 87' lang='lat' dir='ltr'>Columel.</span> <span class='ocrx_word' id='word_1_744' title='bbox 964 3135 1014 3165; x_wconf 90' lang='lat' dir='ltr'>lib.</span> <span class='ocrx_word' id='word_1_745' title='bbox 1028 3146 1054 3170; x_wconf 87' lang='lat'>4.</span> <span class='ocrx_word' id='word_1_746' title='bbox 1066 3145 1184 3177; x_wconf 51' lang='lat' dir='ltr'>cap424.</span> 
     </span>
     <span class='ocr_line' id='line_1_81' title="bbox 84 3173 1187 3217; baseline -0.004 -9"><span class='ocrx_word' id='word_1_747' title='bbox 84 3179 199 3217; x_wconf 88' lang='lat' dir='ltr'>Propter</span> <span class='ocrx_word' id='word_1_748' title='bbox 210 3179 286 3217; x_wconf 90' lang='lat' dir='ltr'>quod</span> <span class='ocrx_word' id='word_1_749' title='bbox 300 3178 406 3216; x_wconf 88' lang='lat' dir='ltr'>palmes</span> <span class='ocrx_word' id='word_1_750' title='bbox 414 3201 423 3215; x_wconf 95' lang='lat'>,</span> <span class='ocrx_word' id='word_1_751' title='bbox 445 3188 528 3216; x_wconf 87' lang='lat' dir='ltr'>quem</span> <span class='ocrx_word' id='word_1_752' title='bbox 537 3188 606 3208; x_wconf 86' lang='lat' dir='ltr'>mox</span> <span class='ocrx_word' id='word_1_753' title='bbox 615 3179 644 3207; x_wconf 91' lang='lat' dir='ltr'>in</span> <span class='ocrx_word' id='word_1_754' title='bbox 654 3176 857 3215; x_wconf 87' lang='lat' dir='ltr'>germinatione</span> <span class='ocrx_word' id='word_1_755' title='bbox 867 3175 996 3205; x_wconf 86' lang='lat' dir='ltr'>citaverit</span> <span class='ocrx_word' id='word_1_756' title='bbox 1006 3196 1014 3210; x_wconf 91' lang='lat'>‚</span> <span class='ocrx_word' id='word_1_757' title='bbox 1035 3173 1187 3204; x_wconf 79' lang='lat' dir='ltr'>imbecillis</span> 
     </span>
     <span class='ocr_line' id='line_1_82' title="bbox 84 3216 454 3247; baseline 0 -2"><span class='ocrx_word' id='word_1_758' title='bbox 84 3226 116 3246; x_wconf 89' lang='lat' dir='ltr'>ac</span> <span class='ocrx_word' id='word_1_759' title='bbox 125 3218 217 3247; x_wconf 91' lang='lat' dir='ltr'>minus</span> <span class='ocrx_word' id='word_1_760' title='bbox 228 3216 382 3246; x_wconf 68' lang='lat' dir='ltr'>fructuosus</span> <span class='ocrx_word' id='word_1_761' title='bbox 394 3217 454 3246; x_wconf 88' lang='lat' dir='ltr'>erit.</span> 
     </span>
    </p>

    <p class='ocr_par' dir='ltr' id='par_1_52' title="bbox 66 3252 816 3293">
     <span class='ocr_line' id='line_1_83' title="bbox 66 3252 816 3293; baseline -0.005 -8"><span class='ocrx_word' id='word_1_762' title='bbox 66 3253 174 3292; x_wconf 70' lang='lat' dir='ltr'>citare,</span> <span class='ocrx_word' id='word_1_763' title='bbox 194 3264 245 3293; x_wconf 91' lang='lat' dir='ltr'>pro</span> <span class='ocrx_word' id='word_1_764' title='bbox 256 3254 386 3284; x_wconf 86' lang='lat' dir='ltr'>Enarrare</span> <span class='ocrx_word' id='word_1_765' title='bbox 397 3254 510 3291; x_wconf 91' lang='lat' dir='ltr'>aliquid.</span> <span class='ocrx_word' id='word_1_766' title='bbox 533 3253 602 3283; x_wconf 89' lang='lat' dir='ltr'>Hor.</span> <span class='ocrx_word' id='word_1_767' title='bbox 617 3263 640 3282; x_wconf 93' lang='lat'>1.</span> <span class='ocrx_word' id='word_1_768' title='bbox 652 3252 738 3283; x_wconf 89' lang='lat' dir='ltr'>Serm.</span> <span class='ocrx_word' id='word_1_769' title='bbox 752 3260 777 3290; x_wconf 85' lang='lat'>3.</span> <span class='ocrx_word' id='word_1_770' title='bbox 789 3259 816 3288; x_wconf 86' lang='lat'>7.</span> 
     </span>
    </p>

    <p class='ocr_par' dir='ltr' id='par_1_53' title="bbox 258 3291 653 3327">
     <span class='ocr_line' id='line_1_84' title="bbox 258 3291 653 3327; baseline -0.003 -6"><span class='ocrx_word' id='word_1_771' title='bbox 258 3307 296 3313; x_wconf 86' lang='lat'>--</span> <span class='ocrx_word' id='word_1_772' title='bbox 309 3292 327 3321; x_wconf 80' lang='lat' dir='ltr'>si</span> <span class='ocrx_word' id='word_1_773' title='bbox 338 3291 507 3321; x_wconf 82' lang='lat' dir='ltr'>collibuisset</span> <span class='ocrx_word' id='word_1_774' title='bbox 522 3314 530 3327; x_wconf 88' lang='lat'>‚</span> <span class='ocrx_word' id='word_1_775' title='bbox 551 3291 585 3321; x_wconf 88' lang='lat' dir='ltr'>ab</span> <span class='ocrx_word' id='word_1_776' title='bbox 599 3300 653 3321; x_wconf 92' lang='lat' dir='ltr'>ovo</span> 
     </span>
    </p>

    <p class='ocr_par' dir='ltr' id='par_1_54' title="bbox 75 3329 1170 3370">
     <span class='ocr_line' id='line_1_85' title="bbox 75 3329 1170 3370; baseline -0.002 -10"><span class='ocrx_word' id='word_1_777' title='bbox 75 3364 77 3366; x_wconf 26' lang='lat'><strong><em>¹</em></strong></span> <span class='ocrx_word' id='word_1_778' title='bbox 156 3329 247 3368; x_wconf 85' lang='lat' dir='ltr'>Usque</span> <span class='ocrx_word' id='word_1_779' title='bbox 262 3330 300 3360; x_wconf 85' lang='lat' dir='ltr'>ad</span> <span class='ocrx_word' id='word_1_780' title='bbox 308 3329 380 3359; x_wconf 87' lang='lat' dir='ltr'>mala</span> <span class='ocrx_word' id='word_1_781' title='bbox 389 3331 495 3360; x_wconf 88' lang='lat' dir='ltr'>citaret.</span> <span class='ocrx_word' id='word_1_782' title='bbox 1164 3359 1170 3370; x_wconf 37' lang='grc' dir='ltr'><strong><em>ι</em></strong></span> 
     </span>
    </p>

    <p class='ocr_par' dir='ltr' id='par_1_55' title="bbox 69 3362 1186 3406">
     <span class='ocr_line' id='line_1_86' title="bbox 69 3362 1186 3406; baseline -0.004 -9"><span class='ocrx_word' id='word_1_783' title='bbox 69 3366 174 3402; x_wconf 83' lang='lat' dir='ltr'>Citare,</span> <span class='ocrx_word' id='word_1_784' title='bbox 195 3378 245 3406; x_wconf 89' lang='lat' dir='ltr'>pro</span> <span class='ocrx_word' id='word_1_785' title='bbox 257 3367 382 3398; x_wconf 83' lang='lat' dir='ltr'>Laudare</span> <span class='ocrx_word' id='word_1_786' title='bbox 393 3390 401 3403; x_wconf 94' lang='lat'>,</span> <span class='ocrx_word' id='word_1_787' title='bbox 421 3368 488 3398; x_wconf 88' lang='lat' dir='ltr'>teste</span> <span class='ocrx_word' id='word_1_788' title='bbox 498 3366 604 3397; x_wconf 83' lang='lat' dir='ltr'>Nonio.</span> <span class='ocrx_word' id='word_1_789' title='bbox 643 3366 702 3396; x_wconf 84' lang='lat' dir='ltr'>Cic.</span> <span class='ocrx_word' id='word_1_790' title='bbox 718 3375 741 3396; x_wconf 87' lang='lat'>1.</span> <span class='ocrx_word' id='word_1_791' title='bbox 756 3362 814 3395; x_wconf 83' lang='lat' dir='ltr'>Off.</span> <span class='ocrx_word' id='word_1_792' title='bbox 829 3371 874 3400; x_wconf 91' lang='lat'>71.</span> <span class='ocrx_word' id='word_1_793' title='bbox 896 3362 1060 3400; x_wconf 84' lang='lat' dir='ltr'>Citeturque</span> <span class='ocrx_word' id='word_1_794' title='bbox 1071 3362 1186 3394; x_wconf 81' lang='lat' dir='ltr'>Salanus</span> 
     </span>
    </p>

    <p class='ocr_par' dir='ltr' id='par_1_56' title="bbox 40 3399 1005 3444">
     <span class='ocr_line' id='line_1_87' title="bbox 40 3399 1005 3444; baseline -0.005 -10"><span class='ocrx_word' id='word_1_795' title='bbox 40 3440 43 3442; x_wconf 41' lang='grc'><strong>,</strong></span> <span class='ocrx_word' id='word_1_796' title='bbox 87 3406 237 3436; x_wconf 74' lang='lat' dir='ltr'>clarissimae</span> <span class='ocrx_word' id='word_1_797' title='bbox 247 3407 320 3436; x_wconf 90' lang='lat' dir='ltr'>testis</span> <span class='ocrx_word' id='word_1_798' title='bbox 330 3406 453 3436; x_wconf 71' lang='lat' dir='ltr'>vic‘toriae</span> <span class='ocrx_word' id='word_1_799' title='bbox 464 3427 472 3441; x_wconf 93' lang='lat'>,</span> <span class='ocrx_word' id='word_1_800' title='bbox 492 3415 552 3442; x_wconf 80' lang='lat' dir='ltr'>quae</span> <span class='ocrx_word' id='word_1_801' title='bbox 566 3410 753 3442; x_wconf 88' lang='lat' dir='ltr'>anteponatur</span> <span class='ocrx_word' id='word_1_802' title='bbox 761 3399 875 3432; x_wconf 83' lang='lat' dir='ltr'>consilio</span> <span class='ocrx_word' id='word_1_803' title='bbox 885 3400 1005 3444; x_wconf 39' lang='lat' dir='ltr'>Solon-is.</span> 
     </span>
    </p>

    <p class='ocr_par' dir='ltr' id='par_1_57' title="bbox 35 3438 1187 3480">
     <span class='ocr_line' id='line_1_88' title="bbox 35 3438 1187 3480; baseline -0.003 -8"><span class='ocrx_word' id='word_1_804' title='bbox 35 3443 219 3479; x_wconf 61' lang='lat' dir='ltr'>Cra-Erus,</span> <span class='ocrx_word' id='word_1_805' title='bbox 240 3444 335 3474; x_wconf 86' lang='lat' dir='ltr'>Partic.</span> <span class='ocrx_word' id='word_1_806' title='bbox 357 3443 522 3480; x_wconf 67' lang='grc' dir='ltr'>[ὅςμηθὰς]</span> <span class='ocrx_word' id='word_1_807' title='bbox 542 3448 590 3477; x_wconf 85' lang='lat' dir='ltr'>ut,</span> <span class='ocrx_word' id='word_1_808' title='bbox 612 3442 705 3471; x_wconf 86' lang='lat' dir='ltr'>Citato</span> <span class='ocrx_word' id='word_1_809' title='bbox 721 3440 821 3471; x_wconf 86' lang='lat' dir='ltr'>vadere</span> <span class='ocrx_word' id='word_1_810' title='bbox 841 3449 923 3477; x_wconf 90' lang='lat' dir='ltr'>equo.</span> <span class='ocrx_word' id='word_1_811' title='bbox 945 3438 1002 3468; x_wconf 77' lang='lat' dir='ltr'>Liv.</span> <span class='ocrx_word' id='word_1_812' title='bbox 1022 3447 1066 3476; x_wconf 88' lang='lat'>30.</span> <span class='ocrx_word' id='word_1_813' title='bbox 1087 3448 1129 3468; x_wconf 88' lang='lat'>12.</span> <span class='ocrx_word' id='word_1_814' title='bbox 1151 3438 1187 3469; x_wconf 89' lang='lat' dir='ltr'>Et</span> 
     </span>
    </p>

    <p class='ocr_par' dir='ltr' id='par_1_58' title="bbox 69 3479 790 3519">
     <span class='ocr_line' id='line_1_89' title="bbox 69 3479 790 3519; baseline -0.004 -8"><span class='ocrx_word' id='word_1_815' title='bbox 69 3487 114 3516; x_wconf 82' lang='lat'>²8-</span> <span class='ocrx_word' id='word_1_816' title='bbox 130 3492 172 3517; x_wconf 86' lang='lat'>14.</span> <span class='ocrx_word' id='word_1_817' title='bbox 186 3488 254 3512; x_wconf 85' lang='lat' dir='ltr'>extr.</span> <span class='ocrx_word' id='word_1_818' title='bbox 277 3482 368 3512; x_wconf 92' lang='lat' dir='ltr'>Citato</span> <span class='ocrx_word' id='word_1_819' title='bbox 383 3481 469 3519; x_wconf 90' lang='lat' dir='ltr'>gradu</span> <span class='ocrx_word' id='word_1_820' title='bbox 480 3481 510 3510; x_wconf 93' lang='lat' dir='ltr'>in</span> <span class='ocrx_word' id='word_1_821' title='bbox 525 3480 631 3509; x_wconf 87' lang='lat' dir='ltr'>hostem</span> <span class='ocrx_word' id='word_1_822' title='bbox 641 3479 790 3510; x_wconf 86' lang='lat' dir='ltr'>ducebant.</span> 
     </span>
    </p>

    <p class='ocr_par' dir='ltr' id='par_1_59' title="bbox 68 3513 1187 3633">
     <span class='ocr_line' id='line_1_90' title="bbox 68 3513 1184 3556; baseline -0.004 -7"><span class='ocrx_word' id='word_1_823' title='bbox 68 3518 182 3556; x_wconf 76' lang='lat' dir='ltr'>Agmine</span> <span class='ocrx_word' id='word_1_824' title='bbox 191 3520 276 3550; x_wconf 86' lang='lat' dir='ltr'>citato</span> <span class='ocrx_word' id='word_1_825' title='bbox 290 3541 299 3556; x_wconf 87' lang='lat'>,</span> <span class='ocrx_word' id='word_1_826' title='bbox 320 3519 421 3549; x_wconf 89' lang='lat' dir='ltr'>Celeri.</span> <span class='ocrx_word' id='word_1_827' title='bbox 457 3518 516 3548; x_wconf 87' lang='lat' dir='ltr'>Li&#39;v.</span> <span class='ocrx_word' id='word_1_828' title='bbox 527 3526 573 3554; x_wconf 85' lang='lat'>27.</span> <span class='ocrx_word' id='word_1_829' title='bbox 587 3527 630 3553; x_wconf 84' lang='lat'>50.</span> <span class='ocrx_word' id='word_1_830' title='bbox 645 3528 687 3556; x_wconf 86' lang='lat' dir='ltr'>pr.</span> <span class='ocrx_word' id='word_1_831' title='bbox 709 3517 784 3547; x_wconf 87' lang='lat' dir='ltr'>Nero</span> <span class='ocrx_word' id='word_1_832' title='bbox 794 3524 827 3546; x_wconf 90' lang='lat' dir='ltr'>ea</span> <span class='ocrx_word' id='word_1_833' title='bbox 836 3516 929 3549; x_wconf 48' lang='lat' dir='ltr'>nocie,</span> <span class='ocrx_word' id='word_1_834' title='bbox 951 3523 1012 3552; x_wconf 88' lang='lat' dir='ltr'>quae</span> <span class='ocrx_word' id='word_1_835' title='bbox 1021 3513 1134 3551; x_wconf 89' lang='lat' dir='ltr'>sequuta</span> <span class='ocrx_word' id='word_1_836' title='bbox 1146 3514 1184 3544; x_wconf 85' lang='lat' dir='ltr'>est</span> 
     </span>
     <span class='ocr_line' id='line_1_91' title="bbox 86 3551 1187 3595; baseline -0.004 -9"><span class='ocrx_word' id='word_1_837' title='bbox 86 3566 219 3595; x_wconf 86' lang='lat' dir='ltr'>pugnam,</span> <span class='ocrx_word' id='word_1_838' title='bbox 239 3558 367 3588; x_wconf 87' lang='lat' dir='ltr'>citatiore</span> <span class='ocrx_word' id='word_1_839' title='bbox 378 3566 461 3595; x_wconf 90' lang='lat' dir='ltr'>quam</span> <span class='ocrx_word' id='word_1_840' title='bbox 471 3556 537 3586; x_wconf 92' lang='lat' dir='ltr'>inde</span> <span class='ocrx_word' id='word_1_841' title='bbox 546 3562 659 3586; x_wconf 84' lang='lat' dir='ltr'>venerat</span> <span class='ocrx_word' id='word_1_842' title='bbox 669 3555 780 3594; x_wconf 85' lang='lat' dir='ltr'>agmine</span> <span class='ocrx_word' id='word_1_843' title='bbox 792 3575 802 3590; x_wconf 90' lang='lat'>‚</span> <span class='ocrx_word' id='word_1_844' title='bbox 821 3553 867 3583; x_wconf 90' lang='lat' dir='ltr'>die</span> <span class='ocrx_word' id='word_1_845' title='bbox 883 3552 960 3583; x_wconf 87' lang='lat' dir='ltr'>sexto</span> <span class='ocrx_word' id='word_1_846' title='bbox 977 3552 1014 3582; x_wconf 87' lang='lat' dir='ltr'>ad</span> <span class='ocrx_word' id='word_1_847' title='bbox 1031 3551 1126 3582; x_wconf 84' lang='lat' dir='ltr'>stativa</span> <span class='ocrx_word' id='word_1_848' title='bbox 1139 3552 1187 3582; x_wconf 88' lang='lat' dir='ltr'>sua</span> 
     </span>
     <span class='ocr_line' id='line_1_92' title="bbox 86 3595 494 3633; baseline 0 -10"><span class='ocrx_word' id='word_1_849' title='bbox 86 3601 167 3632; x_wconf 82' lang='lat' dir='ltr'>atque</span> <span class='ocrx_word' id='word_1_850' title='bbox 187 3596 222 3625; x_wconf 86' lang='lat' dir='ltr'>ad</span> <span class='ocrx_word' id='word_1_851' title='bbox 232 3595 339 3625; x_wconf 83' lang='lat' dir='ltr'>hostem</span> <span class='ocrx_word' id='word_1_852' title='bbox 356 3595 494 3633; x_wconf 87' lang='lat' dir='ltr'>pervenit.</span> 
     </span>
    </p>

    <p class='ocr_par' dir='ltr' id='par_1_60' title="bbox 68 3631 576 3669">
     <span class='ocr_line' id='line_1_93' title="bbox 68 3631 576 3669; baseline 0.002 -8"><span class='ocrx_word' id='word_1_853' title='bbox 68 3632 171 3669; x_wconf 78' lang='lat' dir='ltr'>Agmen</span> <span class='ocrx_word' id='word_1_854' title='bbox 181 3633 378 3663; x_wconf 79' lang='lat' dir='ltr'>citatissimum.</span> <span class='ocrx_word' id='word_1_855' title='bbox 399 3632 458 3662; x_wconf 87' lang='lat' dir='ltr'>Liv.</span> <span class='ocrx_word' id='word_1_856' title='bbox 469 3631 517 3662; x_wconf 89' lang='lat' dir='ltr'>lib.</span> <span class='ocrx_word' id='word_1_857' title='bbox 531 3640 576 3665; x_wconf 84' lang='lat'>27.</span> 
     </span>
    </p>

    <p class='ocr_par' dir='ltr' id='par_1_61' title="bbox 29 3667 819 3706">
     <span class='ocr_line' id='line_1_94' title="bbox 29 3667 819 3706; baseline -0.003 -7"><span class='ocrx_word' id='word_1_858' title='bbox 29 3675 30 3680; x_wconf 63' lang='lat'>¹</span> <span class='ocrx_word' id='word_1_859' title='bbox 69 3669 168 3700; x_wconf 91' lang='lat' dir='ltr'>Currus</span> <span class='ocrx_word' id='word_1_860' title='bbox 177 3672 276 3700; x_wconf 89' lang='lat' dir='ltr'>citatus</span> <span class='ocrx_word' id='word_1_861' title='bbox 287 3692 296 3706; x_wconf 93' lang='lat'>,</span> <span class='ocrx_word' id='word_1_862' title='bbox 318 3670 451 3700; x_wconf 89' lang='lat' dir='ltr'>Celeriter</span> <span class='ocrx_word' id='word_1_863' title='bbox 459 3671 572 3701; x_wconf 69' lang='lat' dir='ltr'>tractus.</span> <span class='ocrx_word' id='word_1_864' title='bbox 594 3667 644 3700; x_wconf 69' lang='lat' dir='ltr'>Sil.</span> <span class='ocrx_word' id='word_1_865' title='bbox 657 3667 705 3698; x_wconf 83' lang='lat' dir='ltr'>lib.</span> <span class='ocrx_word' id='word_1_866' title='bbox 717 3672 743 3703; x_wconf 87' lang='lat'>8.</span> <span class='ocrx_word' id='word_1_867' title='bbox 754 3669 819 3705; x_wconf 85' lang='grc'><strong>663.</strong></span> 
     </span>
    </p>

    <p class='ocr_par' dir='ltr' id='par_1_62' title="bbox 70 3707 454 3745">
     <span class='ocr_line' id='line_1_95' title="bbox 70 3707 454 3745; baseline 0.008 -10"><span class='ocrx_word' id='word_1_868' title='bbox 70 3707 176 3738; x_wconf 82' lang='lat' dir='ltr'>Cursus.</span> <span class='ocrx_word' id='word_1_869' title='bbox 197 3709 261 3738; x_wconf 91' lang='lat' dir='ltr'>Sen.</span> <span class='ocrx_word' id='word_1_870' title='bbox 274 3709 355 3738; x_wconf 89' lang='lat' dir='ltr'>Herc.</span> <span class='ocrx_word' id='word_1_871' title='bbox 368 3709 419 3738; x_wconf 89' lang='lat' dir='ltr'>fur.</span> <span class='ocrx_word' id='word_1_872' title='bbox 430 3717 454 3745; x_wconf 86' lang='lat'>3.</span> 
     </span>
    </p>

    <p class='ocr_par' dir='ltr' id='par_1_63' title="bbox 68 3741 476 3781">
     <span class='ocr_line' id='line_1_96' title="bbox 68 3741 476 3781; baseline 0.005 -7"><span class='ocrx_word' id='word_1_873' title='bbox 68 3741 140 3775; x_wconf 89' lang='lat' dir='ltr'>Euro</span> <span class='ocrx_word' id='word_1_874' title='bbox 151 3746 268 3776; x_wconf 87' lang='lat' dir='ltr'>citatior.</span> <span class='ocrx_word' id='word_1_875' title='bbox 288 3746 337 3776; x_wconf 89' lang='lat' dir='ltr'>Sil.</span> <span class='ocrx_word' id='word_1_876' title='bbox 350 3746 400 3776; x_wconf 91' lang='lat' dir='ltr'>lib.</span> <span class='ocrx_word' id='word_1_877' title='bbox 412 3756 439 3781; x_wconf 84' lang='lat'>4.</span> <span class='ocrx_word' id='word_1_878' title='bbox 449 3749 476 3776; x_wconf 89' lang='lat'>6.</span> 
     </span>
    </p>

    <p class='ocr_par' dir='ltr' id='par_1_64' title="bbox 68 3781 476 3820">
     <span class='ocr_line' id='line_1_97' title="bbox 68 3781 476 3820; baseline 0.005 -8"><span class='ocrx_word' id='word_1_879' title='bbox 68 3781 193 3812; x_wconf 89' lang='lat' dir='ltr'>Flumen.</span> <span class='ocrx_word' id='word_1_880' title='bbox 216 3784 279 3814; x_wconf 92' lang='lat' dir='ltr'>Sen.</span> <span class='ocrx_word' id='word_1_881' title='bbox 291 3784 374 3814; x_wconf 88' lang='lat' dir='ltr'>Herc.</span> <span class='ocrx_word' id='word_1_882' title='bbox 388 3784 439 3814; x_wconf 84' lang='lat' dir='ltr'>fur.</span> <span class='ocrx_word' id='word_1_883' title='bbox 448 3795 476 3820; x_wconf 75' lang='grc'>4.</span> 
     </span>
    </p>

    <p class='ocr_par' dir='ltr' id='par_1_65' title="bbox 69 3819 521 3860">
     <span class='ocr_line' id='line_1_98' title="bbox 69 3819 521 3860; baseline 0.002 -10"><span class='ocrx_word' id='word_1_884' title='bbox 69 3819 161 3850; x_wconf 86' lang='lat' dir='ltr'>Gradu</span> <span class='ocrx_word' id='word_1_885' title='bbox 174 3822 269 3850; x_wconf 89' lang='lat' dir='ltr'>citato.</span> <span class='ocrx_word' id='word_1_886' title='bbox 290 3822 353 3852; x_wconf 85' lang='lat' dir='ltr'>Sen.</span> <span class='ocrx_word' id='word_1_887' title='bbox 366 3822 481 3860; x_wconf 89' lang='lat' dir='ltr'>Hippol.</span> <span class='ocrx_word' id='word_1_888' title='bbox 495 3828 521 3858; x_wconf 83' lang='lat'>9.</span> 
     </span>
    </p>

    <p class='ocr_par' dir='ltr' id='par_1_66' title="bbox 30 3854 666 3896">
     <span class='ocr_line' id='line_1_99' title="bbox 30 3854 666 3896; baseline 0.002 -10"><span class='ocrx_word' id='word_1_889' title='bbox 30 3876 32 3883; x_wconf 42' lang='grc' dir='ltr'>ι</span> <span class='ocrx_word' id='word_1_890' title='bbox 68 3856 159 3896; x_wconf 83' lang='lat' dir='ltr'>Lapsis</span> <span class='ocrx_word' id='word_1_891' title='bbox 174 3859 283 3888; x_wconf 87' lang='lat' dir='ltr'>citatior</span> <span class='ocrx_word' id='word_1_892' title='bbox 293 3859 375 3889; x_wconf 87' lang='lat' dir='ltr'>astris.</span> <span class='ocrx_word' id='word_1_893' title='bbox 395 3861 462 3890; x_wconf 87' lang='lat' dir='ltr'>Stat.</span> <span class='ocrx_word' id='word_1_894' title='bbox 479 3869 504 3889; x_wconf 86' lang='lat'>1.</span> <span class='ocrx_word' id='word_1_895' title='bbox 517 3854 609 3889; x_wconf 83' lang='lat' dir='ltr'>Theb.</span> <span class='ocrx_word' id='word_1_896' title='bbox 620 3865 666 3893; x_wconf 84' lang='lat'>92.</span> 
     </span>
    </p>

    <p class='ocr_par' dir='ltr' id='par_1_67' title="bbox 30 3893 609 3932">
     <span class='ocr_line' id='line_1_100' title="bbox 30 3893 609 3932; baseline -0.002 -6"><span class='ocrx_word' id='word_1_897' title='bbox 30 3894 33 3930; x_wconf 75' lang='lat' dir='ltr'>l</span> <span class='ocrx_word' id='word_1_898' title='bbox 70 3893 168 3926; x_wconf 86' lang='lat' dir='ltr'>Nautae</span> <span class='ocrx_word' id='word_1_899' title='bbox 178 3897 264 3926; x_wconf 87' lang='lat' dir='ltr'>citati.</span> <span class='ocrx_word' id='word_1_900' title='bbox 284 3896 334 3926; x_wconf 92' lang='lat' dir='ltr'>Pro</span> <span class='ocrx_word' id='word_1_901' title='bbox 356 3903 404 3927; x_wconf 84' lang='lat' dir='ltr'>ert.</span> <span class='ocrx_word' id='word_1_902' title='bbox 417 3897 466 3926; x_wconf 85' lang='lat' dir='ltr'>lib.</span> <span class='ocrx_word' id='word_1_903' title='bbox 482 3906 506 3927; x_wconf 88' lang='lat'>1.</span> <span class='ocrx_word' id='word_1_904' title='bbox 522 3902 549 3931; x_wconf 88' lang='lat'>8.</span> <span class='ocrx_word' id='word_1_905' title='bbox 563 3905 609 3932; x_wconf 79' lang='lat'>2³-</span> 
     </span>
    </p>
   </div>
   <div class='ocr_carea' id='block_1_4' title="bbox 121 3932 753 4003">
    <p class='ocr_par' dir='ltr' id='par_1_68' title="bbox 121 3932 753 4003">
     <span class='ocr_line' id='line_1_101' title="bbox 121 3932 753 4002; baseline -0.006 -38"><span class='ocrx_word' id='word_1_906' title='bbox 121 3969 145 4001; x_wconf 66' lang='grc' dir='ltr'><strong><em>ν</em></strong></span> <span class='ocrx_word' id='word_1_907' title='bbox 160 3935 186 3964; x_wconf 91' lang='lat' dir='ltr'>N</span> <span class='ocrx_word' id='word_1_908' title='bbox 189 3944 221 3964; x_wconf 89' lang='lat' dir='ltr'>ec</span> <span class='ocrx_word' id='word_1_909' title='bbox 229 3943 279 4002; x_wconf 84' lang='lat' dir='ltr'>1rne</span> <span class='ocrx_word' id='word_1_910' title='bbox 290 3934 325 3964; x_wconf 86' lang='lat' dir='ltr'>de</span> <span class='ocrx_word' id='word_1_911' title='bbox 346 3936 402 3965; x_wconf 82' lang='lat' dir='ltr'>ciet</span> <span class='ocrx_word' id='word_1_912' title='bbox 410 3940 507 3965; x_wconf 77' lang='lat' dir='ltr'>nautas</span> <span class='ocrx_word' id='word_1_913' title='bbox 516 3934 636 3971; x_wconf 80' lang='lat' dir='ltr'>rogitare</span> <span class='ocrx_word' id='word_1_914' title='bbox 645 3932 753 3963; x_wconf 75' lang='lat' dir='ltr'>citatos.</span> 
     </span>
     <span class='ocr_line' id='line_1_102' title="bbox 152 3981 353 4003; baseline -0.01 -2"><span class='ocrx_word' id='word_1_915' title='bbox 152 3981 169 4001; x_wconf 90' lang='lat' dir='ltr'>o</span> <span class='ocrx_word' id='word_1_916' title='bbox 181 3983 206 4003; x_wconf 84' lang='grc'>1..</span> <span class='ocrx_word' id='word_1_917' title='bbox 243 3994 250 4001; x_wconf 93' lang='grc'>.</span> <span class='ocrx_word' id='word_1_918' title='bbox 350 3993 353 3995; x_wconf 86' lang='grc'>.</span> 
     </span>
    </p>
   </div>
   <div class='ocr_carea' id='block_1_5' title="bbox 18 1274 22 2226">
    <p class='ocr_par' dir='ltr' id='par_1_69' title="bbox 18 1274 22 2226">
     <span class='ocr_line' id='line_1_103' title="bbox 18 1274 22 2226; baseline 0 0"><span class='ocrx_word' id='word_1_919' title='bbox 18 1274 22 2226; x_wconf 95' lang='lat' dir='ltr'> </span> 
     </span>
    </p>
   </div>
   <div class='ocr_carea' id='block_1_6' title="bbox 943 2641 1187 2682">
    <p class='ocr_par' dir='ltr' id='par_1_70' title="bbox 943 2641 1187 2682">
     <span class='ocr_line' id='line_1_104' title="bbox 943 2641 1187 2682; baseline 0.004 -8"><span class='ocrx_word' id='word_1_920' title='bbox 943 2644 1102 2682; x_wconf 82' lang='lat' dir='ltr'>reliquique</span> <span class='ocrx_word' id='word_1_921' title='bbox 1114 2641 1187 2675; x_wconf 71' lang='lat' dir='ltr'>Grae—</span> 
     </span>
    </p>
   </div>
   <div class='ocr_carea' id='block_1_7' title="bbox 21 2755 35 4077">
    <p class='ocr_par' dir='ltr' id='par_1_71' title="bbox 21 2755 35 4077">
     <span class='ocr_line' id='line_1_105' title="bbox 21 2755 35 4077; baseline 0 0"><span class='ocrx_word' id='word_1_922' title='bbox 21 2755 35 4077; x_wconf 95' lang='lat' dir='ltr'> </span> 
     </span>
    </p>
   </div>
   <div class='ocr_carea' id='block_1_8' title="bbox 1653 109 1907 144">
    <p class='ocr_par' dir='ltr' id='par_1_72' title="bbox 1653 109 1907 144">
     <span class='ocr_line' id='line_1_106' title="bbox 1653 109 1907 144; baseline 0 0"><span class='ocrx_word' id='word_1_923' title='bbox 1653 109 1680 144; x_wconf 84' lang='lat' dir='ltr'>C</span> <span class='ocrx_word' id='word_1_924' title='bbox 1775 109 1790 144; x_wconf 88' lang='lat'>1</span> <span class='ocrx_word' id='word_1_925' title='bbox 1880 109 1907 144; x_wconf 92' lang='lat' dir='ltr'>L</span> 
     </span>
    </p>
   </div>
   <div class='ocr_carea' id='block_1_9' title="bbox 1240 190 2401 1016">
    <p class='ocr_par' dir='ltr' id='par_1_73' title="bbox 1275 190 1781 229">
     <span class='ocr_line' id='line_1_107' title="bbox 1275 190 1781 229; baseline -0.012 -5"><span class='ocrx_word' id='word_1_926' title='bbox 1275 192 1394 224; x_wconf 77' lang='lat' dir='ltr'>Paslibus</span> <span class='ocrx_word' id='word_1_927' title='bbox 1406 194 1505 224; x_wconf 72' lang='lat' dir='ltr'>citatis.</span> <span class='ocrx_word' id='word_1_928' title='bbox 1527 193 1591 222; x_wconf 87' lang='lat' dir='ltr'>Sen.</span> <span class='ocrx_word' id='word_1_929' title='bbox 1604 190 1722 229; x_wconf 80' lang='lat' dir='ltr'>Hippol.</span> <span class='ocrx_word' id='word_1_930' title='bbox 1739 200 1781 218; x_wconf 89' lang='lat'>10.</span> 
     </span>
    </p>

    <p class='ocr_par' dir='ltr' id='par_1_74' title="bbox 1275 224 2393 299">
     <span class='ocr_line' id='line_1_108' title="bbox 1275 224 2393 269; baseline 0 -9"><span class='ocrx_word' id='word_1_931' title='bbox 1275 230 1349 261; x_wconf 86' lang='lat' dir='ltr'>Pede</span> <span class='ocrx_word' id='word_1_932' title='bbox 1360 233 1445 261; x_wconf 89' lang='lat' dir='ltr'>citato</span> <span class='ocrx_word' id='word_1_933' title='bbox 1455 240 1567 269; x_wconf 81' lang='lat' dir='ltr'>tangere</span> <span class='ocrx_word' id='word_1_934' title='bbox 1578 230 1697 266; x_wconf 84' lang='lat' dir='ltr'>aliquam</span> <span class='ocrx_word' id='word_1_935' title='bbox 1708 228 1851 263; x_wconf 80' lang='lat' dir='ltr'>regionem</span> <span class='ocrx_word' id='word_1_936' title='bbox 1864 249 1872 262; x_wconf 96' lang='lat'>,</span> <span class='ocrx_word' id='word_1_937' title='bbox 1893 227 1911 256; x_wconf 83' lang='lat' dir='ltr'>i.</span> <span class='ocrx_word' id='word_1_938' title='bbox 1923 236 1947 256; x_wconf 90' lang='lat' dir='ltr'>e.</span> <span class='ocrx_word' id='word_1_939' title='bbox 1970 225 2055 256; x_wconf 86' lang='lat' dir='ltr'>Cursu</span> <span class='ocrx_word' id='word_1_940' title='bbox 2066 224 2177 263; x_wconf 87' lang='lat' dir='ltr'>assequi.</span> <span class='ocrx_word' id='word_1_941' title='bbox 2200 227 2290 258; x_wconf 86' lang='lat' dir='ltr'>Catul.</span> <span class='ocrx_word' id='word_1_942' title='bbox 2303 228 2393 268; x_wconf 85' lang='lat' dir='ltr'>Epigr.</span> 
     </span>
     <span class='ocr_line' id='line_1_109' title="bbox 1296 273 1383 299; baseline 0.023 -2"><span class='ocrx_word' id='word_1_943' title='bbox 1296 273 1340 298; x_wconf 84' lang='lat'>61.</span> <span class='ocrx_word' id='word_1_944' title='bbox 1358 280 1383 299; x_wconf 89' lang='lat'>2.</span> 
     </span>
    </p>

    <p class='ocr_par' dir='ltr' id='par_1_75' title="bbox 1275 304 1744 336">
     <span class='ocr_line' id='line_1_110' title="bbox 1275 304 1744 336; baseline -0.006 -2"><span class='ocrx_word' id='word_1_945' title='bbox 1275 304 1369 336; x_wconf 82' lang='lat' dir='ltr'>Penna</span> <span class='ocrx_word' id='word_1_946' title='bbox 1380 307 1496 335; x_wconf 87' lang='lat' dir='ltr'>citatior.</span> <span class='ocrx_word' id='word_1_947' title='bbox 1519 305 1567 334; x_wconf 91' lang='lat' dir='ltr'>Sil.</span> <span class='ocrx_word' id='word_1_948' title='bbox 1580 304 1628 333; x_wconf 85' lang='lat' dir='ltr'>lib.</span> <span class='ocrx_word' id='word_1_949' title='bbox 1645 314 1686 332; x_wconf 83' lang='lat'>10.</span> <span class='ocrx_word' id='word_1_950' title='bbox 1702 313 1744 332; x_wconf 91' lang='lat'>11.</span> 
     </span>
    </p>

    <p class='ocr_par' dir='ltr' id='par_1_76' title="bbox 1275 338 2393 377">
     <span class='ocr_line' id='line_1_111' title="bbox 1275 338 2393 377; baseline -0.003 -5"><span class='ocrx_word' id='word_1_951' title='bbox 1275 342 1368 373; x_wconf 86' lang='lat' dir='ltr'>Pulsus</span> <span class='ocrx_word' id='word_1_952' title='bbox 1381 345 1539 372; x_wconf 84' lang='lat' dir='ltr'>arteriarum</span> <span class='ocrx_word' id='word_1_953' title='bbox 1550 344 1659 373; x_wconf 75' lang='lat' dir='ltr'>citatus.</span> <span class='ocrx_word' id='word_1_954' title='bbox 1672 340 1830 370; x_wconf 86' lang='lat' dir='ltr'>auttardus.</span> <span class='ocrx_word' id='word_1_955' title='bbox 1852 339 1920 369; x_wconf 88' lang='lat' dir='ltr'>Plin.</span> <span class='ocrx_word' id='word_1_956' title='bbox 1934 338 1981 368; x_wconf 86' lang='lat' dir='ltr'>lib.</span> <span class='ocrx_word' id='word_1_957' title='bbox 1997 348 2038 369; x_wconf 90' lang='grc'>11,</span> <span class='ocrx_word' id='word_1_958' title='bbox 2051 348 2111 377; x_wconf 84' lang='lat' dir='ltr'>cap.</span> <span class='ocrx_word' id='word_1_959' title='bbox 2127 348 2169 376; x_wconf 86' lang='lat'>37.</span> <span class='ocrx_word' id='word_1_960' title='bbox 2192 339 2223 369; x_wconf 88' lang='lat' dir='ltr'>V.</span> <span class='ocrx_word' id='word_1_961' title='bbox 2244 349 2286 369; x_wconf 75' lang='grc' dir='ltr'>Ρυ</span> <span class='ocrx_word' id='word_1_962' title='bbox 2298 352 2312 369; x_wconf 77' lang='lat' dir='ltr'>L</span> <span class='ocrx_word' id='word_1_963' title='bbox 2323 352 2335 372; x_wconf 82' lang='lat' dir='ltr'>s</span> <span class='ocrx_word' id='word_1_964' title='bbox 2345 353 2393 375; x_wconf 71' lang='lat' dir='ltr'>us,</span> 
     </span>
    </p>

    <p class='ocr_par' dir='ltr' id='par_1_77' title="bbox 1276 377 2097 415">
     <span class='ocr_line' id='line_1_112' title="bbox 1276 377 2097 415; baseline -0.005 -5"><span class='ocrx_word' id='word_1_965' title='bbox 1276 379 1358 410; x_wconf 80' lang='lat' dir='ltr'>Rates</span> <span class='ocrx_word' id='word_1_966' title='bbox 1370 382 1458 410; x_wconf 76' lang='lat' dir='ltr'>citata·</span> <span class='ocrx_word' id='word_1_967' title='bbox 1471 403 1478 415; x_wconf 86' lang='lat'>,</span> <span class='ocrx_word' id='word_1_968' title='bbox 1500 381 1661 409; x_wconf 80' lang='lat' dir='ltr'>Navcscitae</span> <span class='ocrx_word' id='word_1_969' title='bbox 1674 382 1698 408; x_wconf 82' lang='lat'>&amp;</span> <span class='ocrx_word' id='word_1_970' title='bbox 1710 379 1825 415; x_wconf 70' lang='lat' dir='ltr'>agitatas.</span> <span class='ocrx_word' id='word_1_971' title='bbox 1848 378 1911 407; x_wconf 75' lang='lat' dir='ltr'>Seu.</span> <span class='ocrx_word' id='word_1_972' title='bbox 1924 377 2039 414; x_wconf 82' lang='lat' dir='ltr'>Hippoi.</span> <span class='ocrx_word' id='word_1_973' title='bbox 2054 387 2097 406; x_wconf 92' lang='grc' dir='ltr'>1ο.</span> 
     </span>
    </p>

    <p class='ocr_par' dir='ltr' id='par_1_78' title="bbox 1275 415 2033 451">
     <span class='ocr_line' id='line_1_113' title="bbox 1275 415 2033 451; baseline -0.004 -5"><span class='ocrx_word' id='word_1_974' title='bbox 1275 417 1498 447; x_wconf 75' lang='lat' dir='ltr'>Rhenuscitatus</span> <span class='ocrx_word' id='word_1_975' title='bbox 1510 418 1604 446; x_wconf 83' lang='lat' dir='ltr'>fertur.</span> <span class='ocrx_word' id='word_1_976' title='bbox 1626 416 1691 446; x_wconf 66' lang='lat' dir='ltr'>Cres.</span> <span class='ocrx_word' id='word_1_977' title='bbox 1708 427 1733 450; x_wconf 86' lang='lat'>4.</span> <span class='ocrx_word' id='word_1_978' title='bbox 1747 415 1813 444; x_wconf 79' lang='lat' dir='ltr'>Bell.</span> <span class='ocrx_word' id='word_1_979' title='bbox 1831 415 1900 444; x_wconf 64' lang='lat' dir='ltr'>(tali.</span> <span class='ocrx_word' id='word_1_980' title='bbox 1913 425 1973 451; x_wconf 90' lang='lat' dir='ltr'>cap.</span> <span class='ocrx_word' id='word_1_981' title='bbox 1991 424 2033 443; x_wconf 90' lang='lat'>10.</span> 
     </span>
    </p>

    <p class='ocr_par' dir='ltr' id='par_1_79' title="bbox 1275 453 2146 492">
     <span class='ocr_line' id='line_1_114' title="bbox 1275 453 2146 492; baseline -0.002 -8"><span class='ocrx_word' id='word_1_982' title='bbox 1275 455 1419 492; x_wconf 86' lang='lat' dir='ltr'>Tripudiis</span> <span class='ocrx_word' id='word_1_983' title='bbox 1432 456 1522 484; x_wconf 83' lang='lat' dir='ltr'>citatis</span> <span class='ocrx_word' id='word_1_984' title='bbox 1532 455 1652 484; x_wconf 83' lang='lat' dir='ltr'>celerare</span> <span class='ocrx_word' id='word_1_985' title='bbox 1663 454 1708 483; x_wconf 83' lang='lat' dir='ltr'>ubi</span> <span class='ocrx_word' id='word_1_986' title='bbox 1722 454 1826 482; x_wconf 87' lang='lat' dir='ltr'>tibicen</span> <span class='ocrx_word' id='word_1_987' title='bbox 1838 454 1921 482; x_wconf 84' lang='lat' dir='ltr'>canit.</span> <span class='ocrx_word' id='word_1_988' title='bbox 1946 453 2035 481; x_wconf 77' lang='lat' dir='ltr'>Catul.</span> <span class='ocrx_word' id='word_1_989' title='bbox 2047 456 2091 481; x_wconf 80' lang='lat'>61.</span> <span class='ocrx_word' id='word_1_990' title='bbox 2102 455 2146 482; x_wconf 82' lang='lat'>26.</span> 
     </span>
    </p>

    <p class='ocr_par' dir='ltr' id='par_1_80' title="bbox 1276 490 2395 529">
     <span class='ocr_line' id='line_1_115' title="bbox 1276 490 2395 529; baseline 0.001 -7"><span class='ocrx_word' id='word_1_991' title='bbox 1276 492 1372 522; x_wconf 84' lang='lat' dir='ltr'>Turba</span> <span class='ocrx_word' id='word_1_992' title='bbox 1383 494 1481 522; x_wconf 90' lang='lat' dir='ltr'>mundi</span> <span class='ocrx_word' id='word_1_993' title='bbox 1494 494 1569 521; x_wconf 85' lang='lat' dir='ltr'>citati</span> <span class='ocrx_word' id='word_1_994' title='bbox 1582 514 1590 526; x_wconf 83' lang='grc'><strong>,</strong></span> <span class='ocrx_word' id='word_1_995' title='bbox 1614 492 1670 528; x_wconf 90' lang='lat' dir='ltr'>Qui</span> <span class='ocrx_word' id='word_1_996' title='bbox 1683 491 1811 520; x_wconf 86' lang='lat' dir='ltr'>incolunt</span> <span class='ocrx_word' id='word_1_997' title='bbox 1820 491 1919 519; x_wconf 66' lang='lat' dir='ltr'>caelum</span> <span class='ocrx_word' id='word_1_998' title='bbox 1941 490 2055 519; x_wconf 78' lang='lat' dir='ltr'>mobile.</span> <span class='ocrx_word' id='word_1_999' title='bbox 2077 490 2141 519; x_wconf 89' lang='lat' dir='ltr'>Sen.</span> <span class='ocrx_word' id='word_1_1000' title='bbox 2154 490 2234 520; x_wconf 84' lang='lat' dir='ltr'>Herc.</span> <span class='ocrx_word' id='word_1_1001' title='bbox 2247 490 2336 522; x_wconf 83' lang='lat' dir='ltr'>OEth.</span> <span class='ocrx_word' id='word_1_1002' title='bbox 2352 503 2395 529; x_wconf 80' lang='grc' dir='ltr'>ις.</span> 
     </span>
    </p>

    <p class='ocr_par' dir='ltr' id='par_1_81' title="bbox 1275 528 2394 604">
     <span class='ocr_line' id='line_1_116' title="bbox 1275 528 2394 567; baseline 0.001 -7"><span class='ocrx_word' id='word_1_1003' title='bbox 1275 530 1395 560; x_wconf 86' lang='lat' dir='ltr'>Turmas</span> <span class='ocrx_word' id='word_1_1004' title='bbox 1406 531 1500 560; x_wconf 74' lang='lat' dir='ltr'>citatas</span> <span class='ocrx_word' id='word_1_1005' title='bbox 1511 540 1600 565; x_wconf 75' lang='lat' dir='ltr'>agere.</span> <span class='ocrx_word' id='word_1_1006' title='bbox 1641 530 1704 558; x_wconf 79' lang='lat' dir='ltr'>Seri.</span> <span class='ocrx_word' id='word_1_1007' title='bbox 1717 528 1819 557; x_wconf 80' lang='lat' dir='ltr'>Troad.</span> <span class='ocrx_word' id='word_1_1008' title='bbox 1833 534 1858 561; x_wconf 90' lang='lat'>8.</span> <span class='ocrx_word' id='word_1_1009' title='bbox 1881 528 1948 557; x_wconf 88' lang='lat' dir='ltr'>Puer</span> <span class='ocrx_word' id='word_1_1010' title='bbox 1968 528 2066 558; x_wconf 84' lang='lat' dir='ltr'>citatas</span> <span class='ocrx_word' id='word_1_1011' title='bbox 2083 528 2187 558; x_wconf 90' lang='lat' dir='ltr'>nobilis</span> <span class='ocrx_word' id='word_1_1012' title='bbox 2201 534 2306 559; x_wconf 79' lang='lat' dir='ltr'>turmas</span> <span class='ocrx_word' id='word_1_1013' title='bbox 2322 540 2394 567; x_wconf 85' lang='lat' dir='ltr'>ages.</span> 
     </span>
     <span class='ocr_line' id='line_1_117' title="bbox 1297 567 1822 604; baseline -0.002 -8"><span class='ocrx_word' id='word_1_1014' title='bbox 1297 569 1314 596; x_wconf 88' lang='lat' dir='ltr'>i.</span> <span class='ocrx_word' id='word_1_1015' title='bbox 1324 578 1348 597; x_wconf 89' lang='lat' dir='ltr'>e.</span> <span class='ocrx_word' id='word_1_1016' title='bbox 1371 568 1411 597; x_wconf 72' lang='lat' dir='ltr'>Ad</span> <span class='ocrx_word' id='word_1_1017' title='bbox 1423 568 1672 604; x_wconf 84' lang='lat' dir='ltr'>cursurnequorum</span> <span class='ocrx_word' id='word_1_1018' title='bbox 1688 567 1822 595; x_wconf 82' lang='lat' dir='ltr'>incitatas.</span> 
     </span>
    </p>

    <p class='ocr_par' dir='ltr' id='par_1_82' title="bbox 1279 602 2029 639">
     <span class='ocr_line' id='line_1_118' title="bbox 1279 602 2029 639; baseline -0.003 -5"><span class='ocrx_word' id='word_1_1019' title='bbox 1279 604 1377 634; x_wconf 83' lang='lat' dir='ltr'>Vultus</span> <span class='ocrx_word' id='word_1_1020' title='bbox 1389 605 1535 634; x_wconf 88' lang='lat' dir='ltr'>citatusira</span> <span class='ocrx_word' id='word_1_1021' title='bbox 1546 627 1554 639; x_wconf 89' lang='lat'>,</span> <span class='ocrx_word' id='word_1_1022' title='bbox 1576 606 1739 632; x_wconf 81' lang='lat' dir='ltr'>Commotus</span> <span class='ocrx_word' id='word_1_1023' title='bbox 1751 604 1798 632; x_wconf 89' lang='lat' dir='ltr'>ira.</span> <span class='ocrx_word' id='word_1_1024' title='bbox 1820 604 1883 632; x_wconf 88' lang='lat' dir='ltr'>Sen.</span> <span class='ocrx_word' id='word_1_1025' title='bbox 1896 602 1974 632; x_wconf 79' lang='lat' dir='ltr'>Med.</span> <span class='ocrx_word' id='word_1_1026' title='bbox 1988 612 2029 632; x_wconf 88' lang='lat'>11.</span> 
     </span>
    </p>

    <p class='ocr_par' dir='ltr' id='par_1_83' title="bbox 1240 639 2396 753">
     <span class='ocr_line' id='line_1_119' title="bbox 1240 639 2396 680; baseline -0.001 -7"><span class='ocrx_word' id='word_1_1027' title='bbox 1240 642 1281 673; x_wconf 82' lang='lat' dir='ltr'>Cr</span> <span class='ocrx_word' id='word_1_1028' title='bbox 1293 647 1337 672; x_wconf 72' lang='grc' dir='ltr'>τᾸ</span> <span class='ocrx_word' id='word_1_1029' title='bbox 1348 652 1366 671; x_wconf 82' lang='grc' dir='ltr'>τ</span> <span class='ocrx_word' id='word_1_1030' title='bbox 1378 653 1387 670; x_wconf 91' lang='grc'>1</span> <span class='ocrx_word' id='word_1_1031' title='bbox 1400 653 1420 670; x_wconf 79' lang='grc' dir='ltr'>Μ</span> <span class='ocrx_word' id='word_1_1032' title='bbox 1437 664 1444 677; x_wconf 80' lang='grc'><strong>,</strong></span> <span class='ocrx_word' id='word_1_1033' title='bbox 1466 642 1532 671; x_wconf 83' lang='lat' dir='ltr'>Adv.</span> <span class='ocrx_word' id='word_1_1034' title='bbox 1554 639 1734 677; x_wconf 64' lang='grc' dir='ltr'>[ὼςμημὲὶρως]</span> <span class='ocrx_word' id='word_1_1035' title='bbox 1756 642 1772 669; x_wconf 91' lang='lat' dir='ltr'>i.</span> <span class='ocrx_word' id='word_1_1036' title='bbox 1785 650 1809 670; x_wconf 89' lang='lat' dir='ltr'>e.</span> <span class='ocrx_word' id='word_1_1037' title='bbox 1833 640 1975 669; x_wconf 81' lang='lat' dir='ltr'>Celeriter.</span> <span class='ocrx_word' id='word_1_1038' title='bbox 2006 640 2078 670; x_wconf 85' lang='lat' dir='ltr'>Hirt.</span> <span class='ocrx_word' id='word_1_1039' title='bbox 2098 640 2133 669; x_wconf 89' lang='lat' dir='ltr'>de</span> <span class='ocrx_word' id='word_1_1040' title='bbox 2147 640 2215 670; x_wconf 81' lang='lat' dir='ltr'>Bell.</span> <span class='ocrx_word' id='word_1_1041' title='bbox 2229 642 2280 672; x_wconf 79' lang='lat' dir='ltr'>Asr.</span> <span class='ocrx_word' id='word_1_1042' title='bbox 2294 652 2356 680; x_wconf 87' lang='lat' dir='ltr'>cap.</span> <span class='ocrx_word' id='word_1_1043' title='bbox 2369 648 2396 677; x_wconf 84' lang='lat'>8.</span> 
     </span>
     <span class='ocr_line' id='line_1_120' title="bbox 1278 677 2396 719; baseline 0.002 -10"><span class='ocrx_word' id='word_1_1044' title='bbox 1278 680 1337 717; x_wconf 88' lang='lat' dir='ltr'>lpse</span> <span class='ocrx_word' id='word_1_1045' title='bbox 1348 689 1410 708; x_wconf 88' lang='lat' dir='ltr'>cum</span> <span class='ocrx_word' id='word_1_1046' title='bbox 1420 680 1551 716; x_wconf 64' lang='lat' dir='ltr'>expedita</span> <span class='ocrx_word' id='word_1_1047' title='bbox 1565 679 1753 719; x_wconf 66' lang='lat' dir='ltr'>copiaineum</span> <span class='ocrx_word' id='word_1_1048' title='bbox 1764 677 1857 707; x_wconf 89' lang='lat' dir='ltr'>locum</span> <span class='ocrx_word' id='word_1_1049' title='bbox 1871 679 1977 707; x_wconf 75' lang='lat' dir='ltr'>citatim</span> <span class='ocrx_word' id='word_1_1050' title='bbox 1985 679 2141 708; x_wconf 84' lang='lat' dir='ltr'>contendit.</span> <span class='ocrx_word' id='word_1_1051' title='bbox 2165 680 2224 709; x_wconf 89' lang='lat' dir='ltr'>Cic.</span> <span class='ocrx_word' id='word_1_1052' title='bbox 2241 683 2396 716; x_wconf 74' lang='lat' dir='ltr'>14.}².tt.20.</span> 
     </span>
     <span class='ocr_line' id='line_1_121' title="bbox 1279 717 1577 753; baseline -0.003 -6"><span class='ocrx_word' id='word_1_1053' title='bbox 1279 718 1346 747; x_wconf 67' lang='lat' dir='ltr'>Haec</span> <span class='ocrx_word' id='word_1_1054' title='bbox 1359 717 1447 753; x_wconf 81' lang='lat' dir='ltr'>scripsi</span> <span class='ocrx_word' id='word_1_1055' title='bbox 1461 718 1577 746; x_wconf 87' lang='lat' dir='ltr'>citatim.</span> 
     </span>
    </p>

    <p class='ocr_par' dir='ltr' id='par_1_84' title="bbox 1277 753 2266 830">
     <span class='ocr_line' id='line_1_122' title="bbox 1277 753 2266 792; baseline 0 -8"><span class='ocrx_word' id='word_1_1056' title='bbox 1277 755 1407 792; x_wconf 85' lang='lat' dir='ltr'>Compar.</span> <span class='ocrx_word' id='word_1_1057' title='bbox 1431 753 1550 790; x_wconf 82' lang='lat' dir='ltr'>Quintil.</span> <span class='ocrx_word' id='word_1_1058' title='bbox 1564 763 1604 783; x_wconf 85' lang='grc'>11.</span> <span class='ocrx_word' id='word_1_1059' title='bbox 1617 761 1641 789; x_wconf 86' lang='grc'>3,</span> <span class='ocrx_word' id='word_1_1060' title='bbox 1664 753 1756 788; x_wconf 83' lang='lat' dir='ltr'>Servi,</span> <span class='ocrx_word' id='word_1_1061' title='bbox 1776 753 1900 787; x_wconf 79' lang='lat' dir='ltr'>ancill‘ae,</span> <span class='ocrx_word' id='word_1_1062' title='bbox 1916 754 1967 782; x_wconf 80' lang='lat' dir='ltr'>&amp;c.</span> <span class='ocrx_word' id='word_1_1063' title='bbox 1989 753 2100 783; x_wconf 85' lang='lat' dir='ltr'>citatius</span> <span class='ocrx_word' id='word_1_1064' title='bbox 2110 761 2266 784; x_wconf 68' lang='lat' dir='ltr'>movent-ir.</span> 
     </span>
     <span class='ocr_line' id='line_1_123' title="bbox 1279 789 2099 830; baseline 0 -9"><span class='ocrx_word' id='word_1_1065' title='bbox 1279 789 1387 830; x_wconf 79' lang='lat' dir='ltr'>Superi.</span> <span class='ocrx_word' id='word_1_1066' title='bbox 1410 791 1528 827; x_wconf 80' lang='lat' dir='ltr'>Quintil.</span> <span class='ocrx_word' id='word_1_1067' title='bbox 1545 800 1589 828; x_wconf 78' lang='lat'>27.</span> <span class='ocrx_word' id='word_1_1068' title='bbox 1606 801 1648 824; x_wconf 79' lang='grc' dir='ltr'>ςο.</span> <span class='ocrx_word' id='word_1_1069' title='bbox 1661 792 1686 819; x_wconf 66' lang='grc'>8(</span> <span class='ocrx_word' id='word_1_1070' title='bbox 1699 801 1722 819; x_wconf 90' lang='grc'>1.</span> <span class='ocrx_word' id='word_1_1071' title='bbox 1741 800 1782 819; x_wconf 92' lang='grc'>11.</span> <span class='ocrx_word' id='word_1_1072' title='bbox 1804 790 1967 820; x_wconf 80' lang='lat' dir='ltr'>Citatiilime</span> <span class='ocrx_word' id='word_1_1073' title='bbox 1977 790 2099 821; x_wconf 83' lang='lat' dir='ltr'>volvere.</span> 
     </span>
    </p>

    <p class='ocr_par' dir='ltr' id='par_1_85' title="bbox 1242 828 1959 865">
     <span class='ocr_line' id='line_1_124' title="bbox 1242 828 1959 865; baseline -0.001 -7"><span class='ocrx_word' id='word_1_1074' title='bbox 1242 830 1265 859; x_wconf 88' lang='lat' dir='ltr'>C</span> <span class='ocrx_word' id='word_1_1075' title='bbox 1277 840 1312 859; x_wconf 80' lang='grc' dir='ltr'>ιτ</span> <span class='ocrx_word' id='word_1_1076' title='bbox 1325 841 1342 858; x_wconf 77' lang='lat' dir='ltr'>A</span> <span class='ocrx_word' id='word_1_1077' title='bbox 1353 840 1372 858; x_wconf 88' lang='lat' dir='ltr'>T</span> <span class='ocrx_word' id='word_1_1078' title='bbox 1384 840 1420 858; x_wconf 91' lang='grc'>10</span> <span class='ocrx_word' id='word_1_1079' title='bbox 1435 852 1443 864; x_wconf 90' lang='grc'><strong>,</strong></span> <span class='ocrx_word' id='word_1_1080' title='bbox 1464 831 1534 859; x_wconf 68' lang='lat' dir='ltr'>onis.</span> <span class='ocrx_word' id='word_1_1081' title='bbox 1556 830 1575 858; x_wconf 87' lang='lat' dir='ltr'>f.</span> <span class='ocrx_word' id='word_1_1082' title='bbox 1599 828 1659 857; x_wconf 83' lang='lat' dir='ltr'>Vox</span> <span class='ocrx_word' id='word_1_1083' title='bbox 1672 829 1745 865; x_wconf 90' lang='lat' dir='ltr'>apud</span> <span class='ocrx_word' id='word_1_1084' title='bbox 1760 828 1850 863; x_wconf 80' lang='lat' dir='ltr'>JCtos.</span> <span class='ocrx_word' id='word_1_1085' title='bbox 1890 828 1959 857; x_wconf 90' lang='lat' dir='ltr'>ltem</span> 
     </span>
    </p>

    <p class='ocr_par' dir='ltr' id='par_1_86' title="bbox 1242 866 2400 940">
     <span class='ocr_line' id='line_1_125' title="bbox 1242 866 2400 903; baseline 0.002 -6"><span class='ocrx_word' id='word_1_1086' title='bbox 1242 869 1524 902; x_wconf 62' lang='lat' dir='ltr'>Cranossiuu,</span> <span class='ocrx_word' id='word_1_1087' title='bbox 1545 868 1562 896; x_wconf 92' lang='lat' dir='ltr'>i.</span> <span class='ocrx_word' id='word_1_1088' title='bbox 1586 875 1613 894; x_wconf 90' lang='lat' dir='ltr'>n.</span> <span class='ocrx_word' id='word_1_1089' title='bbox 1636 866 1727 903; x_wconf 89' lang='lat' dir='ltr'>lmpp.</span> <span class='ocrx_word' id='word_1_1090' title='bbox 1749 866 1777 894; x_wconf 88' lang='lat' dir='ltr'>in</span> <span class='ocrx_word' id='word_1_1091' title='bbox 1791 866 1860 895; x_wconf 85' lang='lat' dir='ltr'>Cod.</span> <span class='ocrx_word' id='word_1_1092' title='bbox 1880 866 1897 894; x_wconf 93' lang='lat' dir='ltr'>l.</span> <span class='ocrx_word' id='word_1_1093' title='bbox 1916 875 1957 894; x_wconf 89' lang='lat'>12.</span> <span class='ocrx_word' id='word_1_1094' title='bbox 1977 872 1996 894; x_wconf 87' lang='lat' dir='ltr'>t.</span> <span class='ocrx_word' id='word_1_1095' title='bbox 2008 874 2053 896; x_wconf 84' lang='lat'>22.</span> <span class='ocrx_word' id='word_1_1096' title='bbox 2072 866 2089 895; x_wconf 96' lang='lat' dir='ltr'>l.</span> <span class='ocrx_word' id='word_1_1097' title='bbox 2102 876 2128 896; x_wconf 91' lang='lat'>2.</span> <span class='ocrx_word' id='word_1_1098' title='bbox 2151 868 2253 897; x_wconf 83' lang='lat' dir='ltr'>Omnia</span> <span class='ocrx_word' id='word_1_1099' title='bbox 2275 869 2400 900; x_wconf 76' lang='lat' dir='ltr'>citatoria</span> 
     </span>
     <span class='ocr_line' id='line_1_126' title="bbox 1277 902 2013 940; baseline -0.003 -7"><span class='ocrx_word' id='word_1_1100' title='bbox 1277 906 1404 933; x_wconf 89' lang='lat' dir='ltr'>omnium</span> <span class='ocrx_word' id='word_1_1101' title='bbox 1413 903 1563 934; x_wconf 71' lang='lat' dir='ltr'>caussarum</span> <span class='ocrx_word' id='word_1_1102' title='bbox 1575 911 1656 939; x_wconf 90' lang='lat' dir='ltr'>atque</span> <span class='ocrx_word' id='word_1_1103' title='bbox 1666 902 1843 940; x_wconf 87' lang='lat' dir='ltr'>personarum</span> <span class='ocrx_word' id='word_1_1104' title='bbox 1854 903 1929 932; x_wconf 87' lang='lat' dir='ltr'>licita</span> <span class='ocrx_word' id='word_1_1105' title='bbox 1943 903 2013 932; x_wconf 89' lang='lat' dir='ltr'>sunt.</span> 
     </span>
    </p>

    <p class='ocr_par' dir='ltr' id='par_1_87' title="bbox 1243 940 2401 1016">
     <span class='ocr_line' id='line_1_127' title="bbox 1243 940 2401 978; baseline 0.001 -5"><span class='ocrx_word' id='word_1_1106' title='bbox 1243 941 1311 973; x_wconf 75' lang='lat' dir='ltr'>Cic</span> <span class='ocrx_word' id='word_1_1107' title='bbox 1323 952 1412 976; x_wconf 79' lang='lat' dir='ltr'>Nus,</span> <span class='ocrx_word' id='word_1_1108' title='bbox 1435 943 1452 971; x_wconf 90' lang='lat' dir='ltr'>i.</span> <span class='ocrx_word' id='word_1_1109' title='bbox 1475 953 1512 971; x_wconf 88' lang='grc'><strong>111.</strong></span> <span class='ocrx_word' id='word_1_1110' title='bbox 1535 942 1670 972; x_wconf 63' lang='lat' dir='ltr'>Mensurae</span> <span class='ocrx_word' id='word_1_1111' title='bbox 1690 950 1786 977; x_wconf 80' lang='lat' dir='ltr'>genus.</span> <span class='ocrx_word' id='word_1_1112' title='bbox 1820 941 1887 969; x_wconf 83' lang='lat' dir='ltr'>Plin.</span> <span class='ocrx_word' id='word_1_1113' title='bbox 1904 940 1989 969; x_wconf 74' lang='lat' dir='ltr'>valer.</span> <span class='ocrx_word' id='word_1_1114' title='bbox 2006 951 2032 970; x_wconf 86' lang='lat'>2.</span> <span class='ocrx_word' id='word_1_1115' title='bbox 2046 950 2089 978; x_wconf 86' lang='lat'>30.</span> <span class='ocrx_word' id='word_1_1116' title='bbox 2111 942 2231 978; x_wconf 75' lang='lat' dir='ltr'>Cignum</span> <span class='ocrx_word' id='word_1_1117' title='bbox 2249 944 2401 975; x_wconf 74' lang='lat' dir='ltr'>dimidium</span> 
     </span>
     <span class='ocr_line' id='line_1_128' title="bbox 1279 978 2379 1016; baseline 0.003 -7"><span class='ocrx_word' id='word_1_1118' title='bbox 1279 980 1468 1010; x_wconf 84' lang='lat' dir='ltr'>commiscere.</span> <span class='ocrx_word' id='word_1_1119' title='bbox 1490 980 1520 1010; x_wconf 91' lang='lat' dir='ltr'>V.</span> <span class='ocrx_word' id='word_1_1120' title='bbox 1545 979 1635 1009; x_wconf 82' lang='lat' dir='ltr'>Barth.</span> <span class='ocrx_word' id='word_1_1121' title='bbox 1646 978 1753 1009; x_wconf 74' lang='lat' dir='ltr'>Advers.</span> <span class='ocrx_word' id='word_1_1122' title='bbox 1767 986 1792 1016; x_wconf 90' lang='lat'>7.</span> <span class='ocrx_word' id='word_1_1123' title='bbox 1804 983 1829 1013; x_wconf 83' lang='lat'>8.</span> <span class='ocrx_word' id='word_1_1124' title='bbox 1847 978 1881 1007; x_wconf 84' lang='lat' dir='ltr'>al.</span> <span class='ocrx_word' id='word_1_1125' title='bbox 1904 978 2041 1016; x_wconf 82' lang='lat' dir='ltr'>Cygnum.</span> <span class='ocrx_word' id='word_1_1126' title='bbox 2077 979 2106 1009; x_wconf 93' lang='lat' dir='ltr'>V.</span> <span class='ocrx_word' id='word_1_1127' title='bbox 2128 981 2200 1010; x_wconf 82' lang='lat' dir='ltr'>intra</span> <span class='ocrx_word' id='word_1_1128' title='bbox 2220 990 2379 1012; x_wconf 66' lang='lat' dir='ltr'>crenus.</span> 
     </span>
    </p>
   </div>
   <div class='ocr_carea' id='block_1_10' title="bbox 1694 1065 1956 1101">
    <p class='ocr_par' dir='ltr' id='par_1_88' title="bbox 1694 1065 1956 1101">
     <span class='ocr_line' id='line_1_129' title="bbox 1694 1065 1956 1101; baseline -0.004 0"><span class='ocrx_word' id='word_1_1129' title='bbox 1694 1066 1724 1101; x_wconf 91' lang='lat' dir='ltr'>C</span> <span class='ocrx_word' id='word_1_1130' title='bbox 1819 1065 1834 1100; x_wconf 94' lang='lat'>1</span> <span class='ocrx_word' id='word_1_1131' title='bbox 1928 1065 1956 1100; x_wconf 93' lang='lat' dir='ltr'>L</span> 
     </span>
    </p>
   </div>
   <div class='ocr_carea' id='block_1_11' title="bbox 2326 119 2391 156">
    <p class='ocr_par' dir='ltr' id='par_1_89' title="bbox 2326 119 2391 156">
     <span class='ocr_line' id='line_1_130' title="bbox 2326 119 2391 156; baseline -0.015 0"><span class='ocrx_word' id='word_1_1132' title='bbox 2326 119 2391 156; x_wconf 80' lang='lat'>513</span> 
     </span>
    </p>
   </div>
   <div class='ocr_carea' id='block_1_12' title="bbox 1243 1158 2411 3925">
    <p class='ocr_par' dir='ltr' id='par_1_90' title="bbox 1244 1158 2404 1278">
     <span class='ocr_line' id='line_1_131' title="bbox 1244 1158 2401 1204; baseline 0.002 -10"><span class='ocrx_word' id='word_1_1133' title='bbox 1244 1165 1268 1196; x_wconf 91' lang='lat' dir='ltr'>C</span> <span class='ocrx_word' id='word_1_1134' title='bbox 1277 1177 1287 1194; x_wconf 75' lang='grc'>1</span> <span class='ocrx_word' id='word_1_1135' title='bbox 1298 1175 1337 1194; x_wconf 67' lang='lat' dir='ltr'>ms</span> <span class='ocrx_word' id='word_1_1136' title='bbox 1348 1175 1357 1194; x_wconf 93' lang='lat'>1</span> <span class='ocrx_word' id='word_1_1137' title='bbox 1369 1175 1387 1194; x_wconf 82' lang='lat' dir='ltr'>A</span> <span class='ocrx_word' id='word_1_1138' title='bbox 1399 1174 1421 1194; x_wconf 76' lang='lat' dir='ltr'>N</span> <span class='ocrx_word' id='word_1_1139' title='bbox 1430 1174 1448 1193; x_wconf 87' lang='lat' dir='ltr'>u</span> <span class='ocrx_word' id='word_1_1140' title='bbox 1458 1174 1471 1193; x_wconf 87' lang='lat' dir='ltr'>s</span> <span class='ocrx_word' id='word_1_1141' title='bbox 1484 1163 1606 1202; x_wconf 83' lang='lat' dir='ltr'>Campus</span> <span class='ocrx_word' id='word_1_1142' title='bbox 1616 1186 1623 1198; x_wconf 78' lang='grc'><strong>,</strong></span> <span class='ocrx_word' id='word_1_1143' title='bbox 1647 1162 1796 1199; x_wconf 50' lang='lat' dir='ltr'>[maximin</span> <span class='ocrx_word' id='word_1_1144' title='bbox 1815 1158 1890 1190; x_wconf 59' lang='lat' dir='ltr'>melio·</span> <span class='ocrx_word' id='word_1_1145' title='bbox 1902 1163 1914 1199; x_wconf 92' lang='grc'>]</span> <span class='ocrx_word' id='word_1_1146' title='bbox 1935 1163 2085 1192; x_wconf 86' lang='lat' dir='ltr'>continuus</span> <span class='ocrx_word' id='word_1_1147' title='bbox 2100 1163 2260 1201; x_wconf 61' lang='lat' dir='ltr'>Cajsstriano</span> <span class='ocrx_word' id='word_1_1148' title='bbox 2281 1176 2381 1204; x_wconf 85' lang='lat' dir='ltr'>campo</span> <span class='ocrx_word' id='word_1_1149' title='bbox 2390 1188 2401 1204; x_wconf 86' lang='lat'>‚</span> 
     </span>
     <span class='ocr_line' id='line_1_132' title="bbox 1282 1200 2404 1241; baseline 0.003 -9"><span class='ocrx_word' id='word_1_1150' title='bbox 1282 1204 1329 1241; x_wconf 88' lang='lat' dir='ltr'>qui</span> <span class='ocrx_word' id='word_1_1151' title='bbox 1341 1205 1412 1232; x_wconf 88' lang='lat' dir='ltr'>inter</span> <span class='ocrx_word' id='word_1_1152' title='bbox 1429 1203 1659 1232; x_wconf 83' lang='lat' dir='ltr'>mediterraneam</span> <span class='ocrx_word' id='word_1_1153' title='bbox 1671 1202 1747 1231; x_wconf 86' lang='lat' dir='ltr'>cadit</span> <span class='ocrx_word' id='word_1_1154' title='bbox 1758 1223 1765 1237; x_wconf 90' lang='lat'>,</span> <span class='ocrx_word' id='word_1_1155' title='bbox 1785 1203 1811 1231; x_wconf 64' lang='grc' dir='ltr'>ἃ</span> <span class='ocrx_word' id='word_1_1156' title='bbox 1832 1200 1967 1230; x_wconf 85' lang='grc' dir='ltr'><strong>Τ1110111111</strong></span> <span class='ocrx_word' id='word_1_1157' title='bbox 1978 1223 1986 1235; x_wconf 93' lang='grc'><strong>,</strong></span> <span class='ocrx_word' id='word_1_1158' title='bbox 2008 1202 2112 1230; x_wconf 88' lang='lat' dir='ltr'>multus</span> <span class='ocrx_word' id='word_1_1159' title='bbox 2123 1204 2160 1230; x_wconf 81' lang='lat' dir='ltr'>eit</span> <span class='ocrx_word' id='word_1_1160' title='bbox 2172 1203 2277 1232; x_wconf 75' lang='lat' dir='ltr'>&amp;bene</span> <span class='ocrx_word' id='word_1_1161' title='bbox 2294 1205 2404 1235; x_wconf 84' lang='lat' dir='ltr'>habita-</span> 
     </span>
     <span class='ocr_line' id='line_1_133' title="bbox 1282 1239 2148 1278; baseline -0.005 -8"><span class='ocrx_word' id='word_1_1162' title='bbox 1282 1248 1342 1276; x_wconf 86' lang='lat' dir='ltr'>tus,</span> <span class='ocrx_word' id='word_1_1163' title='bbox 1365 1241 1507 1278; x_wconf 86' lang='lat' dir='ltr'>regionem</span> <span class='ocrx_word' id='word_1_1164' title='bbox 1525 1241 1659 1278; x_wconf 76' lang='lat' dir='ltr'>optimam</span> <span class='ocrx_word' id='word_1_1165' title='bbox 1677 1239 1778 1274; x_wconf 80' lang='lat' dir='ltr'>habet,</span> <span class='ocrx_word' id='word_1_1166' title='bbox 1799 1244 1830 1268; x_wconf 89' lang='lat' dir='ltr'>ut</span> <span class='ocrx_word' id='word_1_1167' title='bbox 1841 1239 1923 1267; x_wconf 90' lang='lat' dir='ltr'>tradit</span> <span class='ocrx_word' id='word_1_1168' title='bbox 1934 1239 2030 1268; x_wconf 87' lang='lat' dir='ltr'>Strabo</span> <span class='ocrx_word' id='word_1_1169' title='bbox 2042 1239 2089 1269; x_wconf 85' lang='lat' dir='ltr'>lib.</span> <span class='ocrx_word' id='word_1_1170' title='bbox 2107 1248 2148 1276; x_wconf 90' lang='grc'>13.</span> 
     </span>
    </p>

    <p class='ocr_par' dir='ltr' id='par_1_91' title="bbox 1245 1275 2406 1383">
     <span class='ocr_line' id='line_1_134' title="bbox 1245 1275 2405 1318; baseline -0.001 -10"><span class='ocrx_word' id='word_1_1171' title='bbox 1245 1279 1268 1309; x_wconf 93' lang='lat' dir='ltr'>C</span> <span class='ocrx_word' id='word_1_1172' title='bbox 1278 1290 1311 1307; x_wconf 73' lang='grc'>11.</span> <span class='ocrx_word' id='word_1_1173' title='bbox 1321 1289 1335 1307; x_wconf 73' lang='lat' dir='ltr'>a</span> <span class='ocrx_word' id='word_1_1174' title='bbox 1344 1288 1362 1307; x_wconf 81' lang='lat' dir='ltr'>c</span> <span class='ocrx_word' id='word_1_1175' title='bbox 1374 1289 1393 1307; x_wconf 77' lang='lat' dir='ltr'>A</span> <span class='ocrx_word' id='word_1_1176' title='bbox 1406 1301 1414 1313; x_wconf 93' lang='lat'>,</span> <span class='ocrx_word' id='word_1_1177' title='bbox 1437 1278 1603 1308; x_wconf 55' lang='lat' dir='ltr'>Passer-culus</span> <span class='ocrx_word' id='word_1_1178' title='bbox 1616 1278 1736 1315; x_wconf 86' lang='lat' dir='ltr'>pullatus</span> <span class='ocrx_word' id='word_1_1179' title='bbox 1744 1276 1828 1314; x_wconf 85' lang='lat' dir='ltr'>vulgo</span> <span class='ocrx_word' id='word_1_1180' title='bbox 1841 1277 1956 1312; x_wconf 87' lang='lat' dir='ltr'>dicitur,</span> <span class='ocrx_word' id='word_1_1181' title='bbox 1978 1276 2050 1314; x_wconf 82' lang='lat' dir='ltr'>quasi</span> <span class='ocrx_word' id='word_1_1182' title='bbox 2062 1277 2200 1315; x_wconf 82' lang='lat' dir='ltr'>Spicilega</span> <span class='ocrx_word' id='word_1_1183' title='bbox 2211 1298 2223 1311; x_wconf 77' lang='lat'>,</span> <span class='ocrx_word' id='word_1_1184' title='bbox 2244 1275 2295 1308; x_wconf 80' lang='lat' dir='ltr'>sive</span> <span class='ocrx_word' id='word_1_1185' title='bbox 2310 1279 2405 1318; x_wconf 82' lang='lat' dir='ltr'>Frugi.</span> 
     </span>
     <span class='ocr_line' id='line_1_135' title="bbox 1282 1314 2406 1383; baseline 0.003 -38"><span class='ocrx_word' id='word_1_1186' title='bbox 1282 1316 1361 1382; x_wconf 64' lang='lat' dir='ltr'>legal:</span> <span class='ocrx_word' id='word_1_1187' title='bbox 1370 1317 1459 1383; x_wconf 87' lang='lat' dir='ltr'>bquod</span> <span class='ocrx_word' id='word_1_1188' title='bbox 1471 1326 1558 1353; x_wconf 83' lang='lat' dir='ltr'>genus</span> <span class='ocrx_word' id='word_1_1189' title='bbox 1568 1315 1771 1354; x_wconf 84' lang='lat' dir='ltr'>Spermologon</span> <span class='ocrx_word' id='word_1_1190' title='bbox 1782 1321 1946 1353; x_wconf 83' lang='lat' dir='ltr'>nuncupant</span> <span class='ocrx_word' id='word_1_1191' title='bbox 1957 1314 2055 1344; x_wconf 83' lang='lat' dir='ltr'>Graeci.</span> <span class='ocrx_word' id='word_1_1192' title='bbox 2078 1317 2178 1344; x_wconf 71' lang='lat' dir='ltr'>Auctor</span> <span class='ocrx_word' id='word_1_1193' title='bbox 2188 1314 2252 1345; x_wconf 80' lang='lat' dir='ltr'>Cael.</span> <span class='ocrx_word' id='word_1_1194' title='bbox 2265 1316 2338 1346; x_wconf 52' lang='lat' dir='ltr'>Lacr.</span> <span class='ocrx_word' id='word_1_1195' title='bbox 2353 1322 2406 1348; x_wconf 74' lang='lat' dir='ltr'>An-</span> 
     </span>
     <span class='ocr_line' id='line_1_136' title="bbox 1283 1355 1575 1383; baseline 0 0"><span class='ocrx_word' id='word_1_1196' title='bbox 1283 1355 1331 1383; x_wconf 93' lang='lat' dir='ltr'>ti.</span> <span class='ocrx_word' id='word_1_1197' title='bbox 1359 1355 1575 1383; x_wconf 69' lang='lat' dir='ltr'>i&#39;.1.ca.6.</span> 
     </span>
    </p>

    <p class='ocr_par' dir='ltr' id='par_1_92' title="bbox 1246 1363 2151 1430">
     <span class='ocr_line' id='line_1_137' title="bbox 1246 1363 2151 1430; baseline -0.004 -8"><span class='ocrx_word' id='word_1_1198' title='bbox 1246 1363 1526 1426; x_wconf 48' lang='lat' dir='ltr'>lefflANssUMp,</span> <span class='ocrx_word' id='word_1_1199' title='bbox 1547 1393 1564 1421; x_wconf 88' lang='lat' dir='ltr'>i.</span> <span class='ocrx_word' id='word_1_1200' title='bbox 1584 1392 1650 1427; x_wconf 86' lang='lat' dir='ltr'>n.[</span> <span class='ocrx_word' id='word_1_1201' title='bbox 2145 1428 2151 1430; x_wconf 62' lang='lat'>‚</span> 
     </span>
    </p>

    <p class='ocr_par' dir='ltr' id='par_1_93' title="bbox 1283 1427 2405 1467">
     <span class='ocr_line' id='line_1_138' title="bbox 1283 1427 2405 1467; baseline 0.001 -9"><span class='ocrx_word' id='word_1_1202' title='bbox 1283 1429 1470 1467; x_wconf 79' lang='lat' dir='ltr'>Cylibathum.</span> <span class='ocrx_word' id='word_1_1203' title='bbox 1502 1429 1532 1458; x_wconf 93' lang='lat' dir='ltr'>V.</span> <span class='ocrx_word' id='word_1_1204' title='bbox 1554 1429 1629 1459; x_wconf 89' lang='lat' dir='ltr'>Varr.</span> <span class='ocrx_word' id='word_1_1205' title='bbox 1641 1440 1665 1464; x_wconf 89' lang='lat'>4.</span> <span class='ocrx_word' id='word_1_1206' title='bbox 1680 1428 1751 1458; x_wconf 88' lang='lat' dir='ltr'>deL.</span> <span class='ocrx_word' id='word_1_1207' title='bbox 1763 1428 1792 1458; x_wconf 93' lang='lat' dir='ltr'>L.</span> <span class='ocrx_word' id='word_1_1208' title='bbox 1807 1432 1851 1458; x_wconf 88' lang='lat'>26.</span> <span class='ocrx_word' id='word_1_1209' title='bbox 1873 1428 2026 1465; x_wconf 87' lang='lat' dir='ltr'>Dempster.</span> <span class='ocrx_word' id='word_1_1210' title='bbox 2040 1428 2075 1458; x_wconf 90' lang='lat' dir='ltr'>ad</span> <span class='ocrx_word' id='word_1_1211' title='bbox 2092 1427 2258 1458; x_wconf 50' lang='lat' dir='ltr'>Romnum.</span> <span class='ocrx_word' id='word_1_1212' title='bbox 2273 1440 2297 1465; x_wconf 82' lang='grc' dir='ltr'>ς.</span> <span class='ocrx_word' id='word_1_1213' title='bbox 2309 1433 2354 1459; x_wconf 88' lang='lat'>26.</span> <span class='ocrx_word' id='word_1_1214' title='bbox 2376 1433 2405 1461; x_wconf 71' lang='grc' dir='ltr'>ἃς</span> 
     </span>
    </p>

    <p class='ocr_par' dir='ltr' id='par_1_94' title="bbox 1283 1466 1823 1497">
     <span class='ocr_line' id='line_1_139' title="bbox 1283 1466 1823 1497; baseline -0.002 -1"><span class='ocrx_word' id='word_1_1215' title='bbox 1283 1467 1395 1497; x_wconf 85' lang='lat' dir='ltr'>Dacerii</span> <span class='ocrx_word' id='word_1_1216' title='bbox 1409 1475 1489 1497; x_wconf 87' lang='lat' dir='ltr'>notas</span> <span class='ocrx_word' id='word_1_1217' title='bbox 1499 1468 1534 1497; x_wconf 90' lang='lat' dir='ltr'>ad</span> <span class='ocrx_word' id='word_1_1218' title='bbox 1545 1467 1651 1496; x_wconf 75' lang='lat' dir='ltr'>Festum</span> <span class='ocrx_word' id='word_1_1219' title='bbox 1664 1467 1691 1495; x_wconf 92' lang='lat' dir='ltr'>in</span> <span class='ocrx_word' id='word_1_1220' title='bbox 1707 1466 1823 1496; x_wconf 85' lang='lat' dir='ltr'>Cillibae.</span> 
     </span>
    </p>

    <p class='ocr_par' dir='ltr' id='par_1_95' title="bbox 1245 1502 2410 2180">
     <span class='ocr_line' id='line_1_140' title="bbox 1245 1502 2405 1542; baseline 0.001 -8"><span class='ocrx_word' id='word_1_1221' title='bbox 1245 1504 1285 1535; x_wconf 93' lang='lat' dir='ltr'>C1</span> <span class='ocrx_word' id='word_1_1222' title='bbox 1297 1515 1313 1534; x_wconf 80' lang='lat' dir='ltr'>L</span> <span class='ocrx_word' id='word_1_1223' title='bbox 1325 1517 1332 1533; x_wconf 91' lang='grc'>1</span> <span class='ocrx_word' id='word_1_1224' title='bbox 1344 1515 1380 1534; x_wconf 87' lang='grc'>01</span> <span class='ocrx_word' id='word_1_1225' title='bbox 1392 1515 1409 1534; x_wconf 73' lang='grc' dir='ltr'>Α</span> <span class='ocrx_word' id='word_1_1226' title='bbox 1420 1527 1428 1540; x_wconf 94' lang='grc'><strong>,</strong></span> <span class='ocrx_word' id='word_1_1227' title='bbox 1451 1505 1596 1541; x_wconf 56' lang='lat' dir='ltr'>[romula]</span> <span class='ocrx_word' id='word_1_1228' title='bbox 1616 1504 1702 1542; x_wconf 80' lang='lat' dir='ltr'>Regio</span> <span class='ocrx_word' id='word_1_1229' title='bbox 1713 1505 1767 1539; x_wconf 84' lang='lat' dir='ltr'>est,</span> <span class='ocrx_word' id='word_1_1230' title='bbox 1788 1511 1819 1533; x_wconf 91' lang='lat' dir='ltr'>ut</span> <span class='ocrx_word' id='word_1_1231' title='bbox 1829 1503 1897 1533; x_wconf 86' lang='lat' dir='ltr'>Plin.</span> <span class='ocrx_word' id='word_1_1232' title='bbox 1911 1502 1959 1532; x_wconf 81' lang='lat' dir='ltr'>lib.</span> <span class='ocrx_word' id='word_1_1233' title='bbox 1975 1513 1998 1539; x_wconf 83' lang='grc' dir='ltr'>ς.</span> <span class='ocrx_word' id='word_1_1234' title='bbox 2012 1502 2140 1536; x_wconf 79' lang='lat' dir='ltr'>testatur.</span> <span class='ocrx_word' id='word_1_1235' title='bbox 2162 1503 2191 1531; x_wconf 91' lang='lat' dir='ltr'>in</span> <span class='ocrx_word' id='word_1_1236' title='bbox 2210 1504 2313 1533; x_wconf 87' lang='lat' dir='ltr'>minori</span> <span class='ocrx_word' id='word_1_1237' title='bbox 2328 1505 2385 1535; x_wconf 79' lang='lat' dir='ltr'>Asia</span> <span class='ocrx_word' id='word_1_1238' title='bbox 2395 1527 2405 1541; x_wconf 88' lang='lat'>,</span> 
     </span>
     <span class='ocr_line' id='line_1_141' title="bbox 1287 1540 2406 1581; baseline 0.001 -9"><span class='ocrx_word' id='word_1_1239' title='bbox 1287 1543 1371 1580; x_wconf 87' lang='lat' dir='ltr'>Syriae</span> <span class='ocrx_word' id='word_1_1240' title='bbox 1379 1544 1506 1581; x_wconf 83' lang='lat' dir='ltr'>proxima</span> <span class='ocrx_word' id='word_1_1241' title='bbox 1519 1565 1527 1578; x_wconf 85' lang='lat'>,</span> <span class='ocrx_word' id='word_1_1242' title='bbox 1548 1542 1667 1580; x_wconf 87' lang='lat' dir='ltr'>plurima</span> <span class='ocrx_word' id='word_1_1243' title='bbox 1684 1543 1777 1578; x_wconf 87' lang='lat' dir='ltr'>jacens</span> <span class='ocrx_word' id='word_1_1244' title='bbox 1794 1551 1896 1579; x_wconf 88' lang='lat' dir='ltr'>campo</span> <span class='ocrx_word' id='word_1_1245' title='bbox 1907 1563 1915 1575; x_wconf 87' lang='lat'>,</span> <span class='ocrx_word' id='word_1_1246' title='bbox 1936 1540 2030 1570; x_wconf 91' lang='lat' dir='ltr'>Tauro</span> <span class='ocrx_word' id='word_1_1247' title='bbox 2046 1541 2136 1570; x_wconf 89' lang='lat' dir='ltr'>monti</span> <span class='ocrx_word' id='word_1_1248' title='bbox 2152 1540 2275 1577; x_wconf 71' lang='lat' dir='ltr'>subjecta</span> <span class='ocrx_word' id='word_1_1249' title='bbox 2286 1564 2294 1577; x_wconf 92' lang='lat'>,</span> <span class='ocrx_word' id='word_1_1250' title='bbox 2314 1552 2375 1580; x_wconf 78' lang='lat' dir='ltr'>quae</span> <span class='ocrx_word' id='word_1_1251' title='bbox 2391 1553 2406 1573; x_wconf 86' lang='lat' dir='ltr'>a</span> 
     </span>
     <span class='ocr_line' id='line_1_142' title="bbox 1283 1578 2407 1617; baseline 0.001 -8"><span class='ocrx_word' id='word_1_1252' title='bbox 1283 1581 1375 1610; x_wconf 86' lang='lat' dir='ltr'>Cilice</span> <span class='ocrx_word' id='word_1_1253' title='bbox 1386 1591 1488 1611; x_wconf 88' lang='lat' dir='ltr'>nomen</span> <span class='ocrx_word' id='word_1_1254' title='bbox 1500 1580 1594 1610; x_wconf 89' lang='lat' dir='ltr'>sortita</span> <span class='ocrx_word' id='word_1_1255' title='bbox 1607 1581 1646 1609; x_wconf 87' lang='lat' dir='ltr'>est</span> <span class='ocrx_word' id='word_1_1256' title='bbox 1657 1602 1666 1615; x_wconf 84' lang='lat'>,</span> <span class='ocrx_word' id='word_1_1257' title='bbox 1687 1590 1770 1617; x_wconf 90' lang='lat' dir='ltr'>quem</span> <span class='ocrx_word' id='word_1_1258' title='bbox 1782 1580 1893 1617; x_wconf 84' lang='lat' dir='ltr'>pristina</span> <span class='ocrx_word' id='word_1_1259' title='bbox 1905 1585 1970 1608; x_wconf 67' lang='lat' dir='ltr'>aetas</span> <span class='ocrx_word' id='word_1_1260' title='bbox 1985 1588 2064 1616; x_wconf 80' lang='lat' dir='ltr'>paene</span> <span class='ocrx_word' id='word_1_1261' title='bbox 2076 1578 2146 1608; x_wconf 89' lang='lat' dir='ltr'>ultra</span> <span class='ocrx_word' id='word_1_1262' title='bbox 2157 1588 2245 1608; x_wconf 81' lang='lat' dir='ltr'>aevum</span> <span class='ocrx_word' id='word_1_1263' title='bbox 2264 1582 2407 1610; x_wconf 81' lang='lat' dir='ltr'>memoriae</span> 
     </span>
     <span class='ocr_line' id='line_1_143' title="bbox 1283 1616 2407 1655; baseline 0 -7"><span class='ocrx_word' id='word_1_1264' title='bbox 1283 1618 1450 1655; x_wconf 86' lang='lat' dir='ltr'>abscondit,</span> <span class='ocrx_word' id='word_1_1265' title='bbox 1473 1618 1606 1648; x_wconf 78' lang='lat' dir='ltr'>Phoenice</span> <span class='ocrx_word' id='word_1_1266' title='bbox 1617 1624 1707 1647; x_wconf 84' lang='lat' dir='ltr'>ortum</span> <span class='ocrx_word' id='word_1_1267' title='bbox 1724 1639 1732 1651; x_wconf 85' lang='lat'>,</span> <span class='ocrx_word' id='word_1_1268' title='bbox 1753 1619 1799 1654; x_wconf 82' lang='lat' dir='ltr'>qui</span> <span class='ocrx_word' id='word_1_1269' title='bbox 1808 1617 1880 1655; x_wconf 89' lang='lat' dir='ltr'>apud</span> <span class='ocrx_word' id='word_1_1270' title='bbox 1891 1616 2016 1646; x_wconf 87' lang='lat' dir='ltr'>Gentiles</span> <span class='ocrx_word' id='word_1_1271' title='bbox 2032 1617 2172 1654; x_wconf 89' lang='lat' dir='ltr'>antiquior</span> <span class='ocrx_word' id='word_1_1272' title='bbox 2183 1616 2253 1652; x_wconf 82' lang='lat' dir='ltr'>‚Jove</span> <span class='ocrx_word' id='word_1_1273' title='bbox 2263 1618 2299 1647; x_wconf 90' lang='lat' dir='ltr'>de</span> <span class='ocrx_word' id='word_1_1274' title='bbox 2309 1620 2407 1655; x_wconf 83' lang='lat' dir='ltr'>primis</span> 
     </span>
     <span class='ocr_line' id='line_1_144' title="bbox 1283 1653 2407 1691; baseline -0.001 -5"><span class='ocrx_word' id='word_1_1275' title='bbox 1283 1662 1363 1686; x_wconf 86' lang='lat' dir='ltr'>terrae</span> <span class='ocrx_word' id='word_1_1276' title='bbox 1378 1657 1497 1686; x_wconf 83' lang='lat' dir='ltr'>alumnis</span> <span class='ocrx_word' id='word_1_1277' title='bbox 1507 1657 1667 1685; x_wconf 87' lang='lat' dir='ltr'>habebatur.</span> <span class='ocrx_word' id='word_1_1278' title='bbox 1709 1656 1739 1685; x_wconf 95' lang='lat' dir='ltr'>V.</span> <span class='ocrx_word' id='word_1_1279' title='bbox 1762 1655 1832 1685; x_wconf 83' lang='lat' dir='ltr'>infra</span> <span class='ocrx_word' id='word_1_1280' title='bbox 1846 1655 1864 1684; x_wconf 87' lang='lat' dir='ltr'>s.</span> <span class='ocrx_word' id='word_1_1281' title='bbox 1878 1654 1896 1684; x_wconf 96' lang='grc'>1.</span> <span class='ocrx_word' id='word_1_1282' title='bbox 1937 1655 2004 1684; x_wconf 79' lang='lat' dir='ltr'>Haec</span> <span class='ocrx_word' id='word_1_1283' title='bbox 2021 1655 2098 1691; x_wconf 86' lang='lat' dir='ltr'>regio</span> <span class='ocrx_word' id='word_1_1284' title='bbox 2115 1653 2150 1683; x_wconf 89' lang='lat' dir='ltr'>ab</span> <span class='ocrx_word' id='word_1_1285' title='bbox 2164 1654 2283 1684; x_wconf 78' lang='lat' dir='ltr'>Oriente</span> <span class='ocrx_word' id='word_1_1286' title='bbox 2302 1658 2407 1685; x_wconf 84' lang='lat' dir='ltr'>Amano</span> 
     </span>
     <span class='ocr_line' id='line_1_145' title="bbox 1283 1692 2408 1732; baseline -0.003 -8"><span class='ocrx_word' id='word_1_1287' title='bbox 1283 1694 1436 1730; x_wconf 84' lang='lat' dir='ltr'>clauditur,</span> <span class='ocrx_word' id='word_1_1288' title='bbox 1458 1694 1678 1732; x_wconf 87' lang='lat' dir='ltr'>aSeptentrione</span> <span class='ocrx_word' id='word_1_1289' title='bbox 1687 1693 1771 1722; x_wconf 90' lang='lat' dir='ltr'>Tauri</span> <span class='ocrx_word' id='word_1_1290' title='bbox 1784 1695 1873 1729; x_wconf 71' lang='lat' dir='ltr'>jugis·²</span> <span class='ocrx_word' id='word_1_1291' title='bbox 1895 1692 1930 1722; x_wconf 86' lang='lat' dir='ltr'>ab</span> <span class='ocrx_word' id='word_1_1292' title='bbox 1947 1692 2106 1722; x_wconf 86' lang='lat' dir='ltr'>Occidente</span> <span class='ocrx_word' id='word_1_1293' title='bbox 2121 1692 2272 1728; x_wconf 85' lang='lat' dir='ltr'>Pamphilia</span> <span class='ocrx_word' id='word_1_1294' title='bbox 2284 1716 2292 1727; x_wconf 90' lang='lat'>,</span> <span class='ocrx_word' id='word_1_1295' title='bbox 2314 1704 2329 1723; x_wconf 89' lang='lat' dir='ltr'>a</span> <span class='ocrx_word' id='word_1_1296' title='bbox 2347 1695 2408 1723; x_wconf 87' lang='lat' dir='ltr'>Me-</span> 
     </span>
     <span class='ocr_line' id='line_1_146' title="bbox 1283 1729 2407 1769; baseline 0 -8"><span class='ocrx_word' id='word_1_1297' title='bbox 1283 1733 1355 1762; x_wconf 86' lang='lat' dir='ltr'>ridie</span> <span class='ocrx_word' id='word_1_1298' title='bbox 1366 1734 1442 1762; x_wconf 89' lang='lat' dir='ltr'>mari.</span> <span class='ocrx_word' id='word_1_1299' title='bbox 1484 1732 1572 1768; x_wconf 81' lang='lat' dir='ltr'>Hujus</span> <span class='ocrx_word' id='word_1_1300' title='bbox 1583 1731 1746 1769; x_wconf 85' lang='lat' dir='ltr'>metropolis</span> <span class='ocrx_word' id='word_1_1301' title='bbox 1754 1732 1791 1760; x_wconf 88' lang='lat' dir='ltr'>est</span> <span class='ocrx_word' id='word_1_1302' title='bbox 1802 1731 1914 1763; x_wconf 87' lang='lat' dir='ltr'>Tarsos,</span> <span class='ocrx_word' id='word_1_1303' title='bbox 1936 1740 2018 1768; x_wconf 86' lang='lat' dir='ltr'>quam</span> <span class='ocrx_word' id='word_1_1304' title='bbox 2027 1729 2173 1760; x_wconf 86' lang='lat' dir='ltr'>intersecat</span> <span class='ocrx_word' id='word_1_1305' title='bbox 2179 1731 2295 1767; x_wconf 83' lang='lat' dir='ltr'>Cydnus</span> <span class='ocrx_word' id='word_1_1306' title='bbox 2306 1733 2407 1762; x_wconf 88' lang='lat' dir='ltr'>amnis.</span> 
     </span>
     <span class='ocr_line' id='line_1_147' title="bbox 1284 1768 2408 1808; baseline -0.001 -8"><span class='ocrx_word' id='word_1_1307' title='bbox 1284 1772 1306 1800; x_wconf 80' lang='lat' dir='ltr'><strong>A</strong></span> <span class='ocrx_word' id='word_1_1308' title='bbox 1320 1771 1434 1805; x_wconf 88' lang='lat' dir='ltr'>Cilicia,</span> <span class='ocrx_word' id='word_1_1309' title='bbox 1454 1769 1558 1799; x_wconf 65' lang='lat' dir='ltr'>Cilicia?</span> <span class='ocrx_word' id='word_1_1310' title='bbox 1568 1776 1663 1808; x_wconf 78' lang='lat' dir='ltr'>portae.</span> <span class='ocrx_word' id='word_1_1311' title='bbox 1686 1770 1855 1807; x_wconf 88' lang='lat' dir='ltr'>Pomponius</span> <span class='ocrx_word' id='word_1_1312' title='bbox 1865 1769 1912 1798; x_wconf 90' lang='lat' dir='ltr'>lib.</span> <span class='ocrx_word' id='word_1_1313' title='bbox 1928 1778 1950 1797; x_wconf 92' lang='lat'>1.</span> <span class='ocrx_word' id='word_1_1314' title='bbox 1970 1778 2029 1805; x_wconf 87' lang='lat' dir='ltr'>cap.</span> <span class='ocrx_word' id='word_1_1315' title='bbox 2047 1777 2087 1804; x_wconf 87' lang='lat'>¹3-</span> <span class='ocrx_word' id='word_1_1316' title='bbox 2105 1768 2199 1797; x_wconf 90' lang='lat' dir='ltr'>scribit</span> <span class='ocrx_word' id='word_1_1317' title='bbox 2212 1770 2242 1798; x_wconf 93' lang='lat' dir='ltr'>ln</span> <span class='ocrx_word' id='word_1_1318' title='bbox 2252 1769 2408 1799; x_wconf 88' lang='lat' dir='ltr'>Ciliciaere-</span> 
     </span>
     <span class='ocr_line' id='line_1_148' title="bbox 1284 1805 2408 1844; baseline -0.001 -6"><span class='ocrx_word' id='word_1_1319' title='bbox 1284 1807 1359 1838; x_wconf 78' lang='lat' dir='ltr'>cessu</span> <span class='ocrx_word' id='word_1_1320' title='bbox 1370 1809 1469 1837; x_wconf 87' lang='lat' dir='ltr'>intimo</span> <span class='ocrx_word' id='word_1_1321' title='bbox 1480 1808 1573 1837; x_wconf 85' lang='lat' dir='ltr'>locum</span> <span class='ocrx_word' id='word_1_1322' title='bbox 1586 1807 1640 1836; x_wconf 85' lang='lat' dir='ltr'>esse</span> <span class='ocrx_word' id='word_1_1323' title='bbox 1654 1808 1745 1844; x_wconf 81' lang='lat' dir='ltr'>magni</span> <span class='ocrx_word' id='word_1_1324' title='bbox 1758 1807 1907 1844; x_wconf 86' lang='lat' dir='ltr'>aliquando</span> <span class='ocrx_word' id='word_1_1325' title='bbox 1921 1805 2088 1835; x_wconf 84' lang='lat' dir='ltr'>discriminis</span> <span class='ocrx_word' id='word_1_1326' title='bbox 2098 1805 2220 1836; x_wconf 86' lang='lat' dir='ltr'>susorum</span> <span class='ocrx_word' id='word_1_1327' title='bbox 2237 1807 2271 1835; x_wconf 90' lang='lat' dir='ltr'>ab</span> <span class='ocrx_word' id='word_1_1328' title='bbox 2291 1807 2408 1837; x_wconf 78' lang='lat' dir='ltr'>Alexan-</span> 
     </span>
     <span class='ocr_line' id='line_1_149' title="bbox 1285 1844 2407 1883; baseline 0 -8"><span class='ocrx_word' id='word_1_1329' title='bbox 1285 1847 1335 1875; x_wconf 92' lang='lat' dir='ltr'>dro</span> <span class='ocrx_word' id='word_1_1330' title='bbox 1347 1846 1484 1875; x_wconf 87' lang='lat' dir='ltr'>Persarum</span> <span class='ocrx_word' id='word_1_1331' title='bbox 1494 1868 1501 1880; x_wconf 84' lang='lat'>,</span> <span class='ocrx_word' id='word_1_1332' title='bbox 1523 1845 1706 1883; x_wconf 85' lang='lat' dir='ltr'>fugientisque</span> <span class='ocrx_word' id='word_1_1333' title='bbox 1720 1845 1794 1874; x_wconf 92' lang='lat' dir='ltr'>Darii</span> <span class='ocrx_word' id='word_1_1334' title='bbox 1807 1846 1822 1873; x_wconf 89' lang='lat' dir='ltr'>s</span> <span class='ocrx_word' id='word_1_1335' title='bbox 1839 1846 1989 1873; x_wconf 62' lang='lat' dir='ltr'>erratorem</span> <span class='ocrx_word' id='word_1_1336' title='bbox 1998 1854 2029 1873; x_wconf 89' lang='lat' dir='ltr'>ac</span> <span class='ocrx_word' id='word_1_1337' title='bbox 2039 1844 2146 1873; x_wconf 87' lang='lat' dir='ltr'>testem.</span> <span class='ocrx_word' id='word_1_1338' title='bbox 2187 1844 2284 1874; x_wconf 88' lang='lat' dir='ltr'>Strabo</span> <span class='ocrx_word' id='word_1_1339' title='bbox 2296 1845 2345 1875; x_wconf 86' lang='lat' dir='ltr'>lib.</span> <span class='ocrx_word' id='word_1_1340' title='bbox 2365 1857 2407 1881; x_wconf 88' lang='lat'>14.</span> 
     </span>
     <span class='ocr_line' id='line_1_150' title="bbox 1284 1881 2409 1920; baseline -0.001 -7"><span class='ocrx_word' id='word_1_1341' title='bbox 1284 1884 1412 1914; x_wconf 80' lang='lat' dir='ltr'>Ciliciam</span> <span class='ocrx_word' id='word_1_1342' title='bbox 1424 1884 1525 1913; x_wconf 89' lang='lat' dir='ltr'>dividit</span> <span class='ocrx_word' id='word_1_1343' title='bbox 1535 1884 1563 1913; x_wconf 93' lang='lat' dir='ltr'>in</span> <span class='ocrx_word' id='word_1_1344' title='bbox 1576 1883 1800 1920; x_wconf 77' lang='lat' dir='ltr'>Campestrem&amp;</span> <span class='ocrx_word' id='word_1_1345' title='bbox 1839 1882 1982 1916; x_wconf 86' lang='lat' dir='ltr'>racheam,</span> <span class='ocrx_word' id='word_1_1346' title='bbox 2002 1882 2019 1911; x_wconf 88' lang='lat' dir='ltr'>i.</span> <span class='ocrx_word' id='word_1_1347' title='bbox 2037 1892 2061 1911; x_wconf 87' lang='lat' dir='ltr'>e.</span> <span class='ocrx_word' id='word_1_1348' title='bbox 2081 1881 2218 1918; x_wconf 83' lang='lat' dir='ltr'>Asperam.</span> <span class='ocrx_word' id='word_1_1349' title='bbox 2242 1883 2409 1919; x_wconf 84' lang='lat' dir='ltr'>Undequod</span> 
     </span>
     <span class='ocr_line' id='line_1_151' title="bbox 1283 1918 2409 1959; baseline -0.001 -8"><span class='ocrx_word' id='word_1_1350' title='bbox 1283 1923 1359 1959; x_wconf 90' lang='lat' dir='ltr'>apud</span> <span class='ocrx_word' id='word_1_1351' title='bbox 1370 1923 1535 1952; x_wconf 85' lang='lat' dir='ltr'>Suetonium</span> <span class='ocrx_word' id='word_1_1352' title='bbox 1551 1922 1580 1950; x_wconf 90' lang='lat' dir='ltr'>in</span> <span class='ocrx_word' id='word_1_1353' title='bbox 1596 1920 1762 1958; x_wconf 81' lang='lat' dir='ltr'>Vespasiano</span> <span class='ocrx_word' id='word_1_1354' title='bbox 1777 1931 1837 1958; x_wconf 86' lang='lat' dir='ltr'>cap.</span> <span class='ocrx_word' id='word_1_1355' title='bbox 1850 1926 1875 1954; x_wconf 80' lang='lat'>8.</span> <span class='ocrx_word' id='word_1_1356' title='bbox 1898 1919 2022 1949; x_wconf 89' lang='lat' dir='ltr'>scribitur</span> <span class='ocrx_word' id='word_1_1357' title='bbox 2033 1941 2041 1955; x_wconf 88' lang='lat'>,</span> <span class='ocrx_word' id='word_1_1358' title='bbox 2063 1920 2134 1949; x_wconf 90' lang='lat' dir='ltr'>Item</span> <span class='ocrx_word' id='word_1_1359' title='bbox 2157 1918 2321 1955; x_wconf 82' lang='lat' dir='ltr'>Thraciam,</span> <span class='ocrx_word' id='word_1_1360' title='bbox 2343 1921 2409 1950; x_wconf 79' lang='lat' dir='ltr'>Cili.</span> 
     </span>
     <span class='ocr_line' id='line_1_152' title="bbox 1281 1958 2408 1997; baseline -0.001 -8"><span class='ocrx_word' id='word_1_1361' title='bbox 1281 1962 1355 1990; x_wconf 88' lang='lat' dir='ltr'>ciam</span> <span class='ocrx_word' id='word_1_1362' title='bbox 1366 1962 1391 1990; x_wconf 68' lang='grc'>81</span> <span class='ocrx_word' id='word_1_1363' title='bbox 1403 1960 1622 1997; x_wconf 82' lang='lat' dir='ltr'>Commagenen,</span> <span class='ocrx_word' id='word_1_1364' title='bbox 1634 1959 1748 1988; x_wconf 86' lang='lat' dir='ltr'>ditionis</span> <span class='ocrx_word' id='word_1_1365' title='bbox 1761 1961 1841 1996; x_wconf 83' lang='lat' dir='ltr'>regiae</span> <span class='ocrx_word' id='word_1_1366' title='bbox 1853 1958 1936 1996; x_wconf 90' lang='lat' dir='ltr'>usque</span> <span class='ocrx_word' id='word_1_1367' title='bbox 1947 1958 1981 1987; x_wconf 88' lang='lat' dir='ltr'>ad</span> <span class='ocrx_word' id='word_1_1368' title='bbox 1993 1958 2149 1995; x_wconf 82' lang='lat' dir='ltr'>idtempus,</span> <span class='ocrx_word' id='word_1_1369' title='bbox 2160 1958 2187 1986; x_wconf 87' lang='lat' dir='ltr'>in</span> <span class='ocrx_word' id='word_1_1370' title='bbox 2203 1960 2408 1996; x_wconf 88' lang='lat' dir='ltr'>provinciarum</span> 
     </span>
     <span class='ocr_line' id='line_1_153' title="bbox 1282 1995 2409 2034; baseline -0.001 -7"><span class='ocrx_word' id='word_1_1371' title='bbox 1282 1999 1401 2027; x_wconf 90' lang='lat' dir='ltr'>formam</span> <span class='ocrx_word' id='word_1_1372' title='bbox 1419 1998 1542 2034; x_wconf 87' lang='lat' dir='ltr'>redegit:</span> <span class='ocrx_word' id='word_1_1373' title='bbox 1570 2006 1656 2032; x_wconf 85' lang='lat' dir='ltr'>quum</span> <span class='ocrx_word' id='word_1_1374' title='bbox 1676 2003 1753 2026; x_wconf 85' lang='lat' dir='ltr'>tanto</span> <span class='ocrx_word' id='word_1_1375' title='bbox 1769 2005 1833 2026; x_wconf 78' lang='lat' dir='ltr'>ante</span> <span class='ocrx_word' id='word_1_1376' title='bbox 1849 1997 1877 2025; x_wconf 89' lang='lat' dir='ltr'>in</span> <span class='ocrx_word' id='word_1_1377' title='bbox 1895 1996 1994 2034; x_wconf 82' lang='lat' dir='ltr'>populi</span> <span class='ocrx_word' id='word_1_1378' title='bbox 2013 1995 2132 2024; x_wconf 84' lang='lat' dir='ltr'>Romani</span> <span class='ocrx_word' id='word_1_1379' title='bbox 2146 1997 2283 2026; x_wconf 83' lang='lat' dir='ltr'>ditionem</span> <span class='ocrx_word' id='word_1_1380' title='bbox 2296 1999 2409 2026; x_wconf 70' lang='lat' dir='ltr'>redacta</span> 
     </span>
     <span class='ocr_line' id='line_1_154' title="bbox 1282 2033 2410 2072; baseline -0.001 -7"><span class='ocrx_word' id='word_1_1381' title='bbox 1282 2036 1375 2066; x_wconf 82' lang='lat' dir='ltr'>fuisset</span> <span class='ocrx_word' id='word_1_1382' title='bbox 1385 2034 1505 2065; x_wconf 85' lang='lat' dir='ltr'>Thracia</span> <span class='ocrx_word' id='word_1_1383' title='bbox 1514 2058 1522 2070; x_wconf 88' lang='lat'>,</span> <span class='ocrx_word' id='word_1_1384' title='bbox 1540 2034 1836 2072; x_wconf 81' lang='lat' dir='ltr'>existimatlegendum</span> <span class='ocrx_word' id='word_1_1385' title='bbox 1847 2034 1997 2063; x_wconf 86' lang='lat' dir='ltr'>Turnebus</span> <span class='ocrx_word' id='word_1_1386' title='bbox 2009 2033 2118 2062; x_wconf 82' lang='lat' dir='ltr'>Advers.</span> <span class='ocrx_word' id='word_1_1387' title='bbox 2130 2044 2175 2068; x_wconf 88' lang='lat'>24.</span> <span class='ocrx_word' id='word_1_1388' title='bbox 2189 2039 2230 2069; x_wconf 88' lang='lat'>36.</span> <span class='ocrx_word' id='word_1_1389' title='bbox 2252 2035 2410 2064; x_wconf 85' lang='lat' dir='ltr'>Tracheam</span> 
     </span>
     <span class='ocr_line' id='line_1_155' title="bbox 1282 2071 2408 2111; baseline -0.001 -8"><span class='ocrx_word' id='word_1_1390' title='bbox 1282 2074 1428 2103; x_wconf 84' lang='lat' dir='ltr'>Ciliciam:</span> <span class='ocrx_word' id='word_1_1391' title='bbox 1451 2084 1511 2110; x_wconf 73' lang='lat' dir='ltr'>quae</span> <span class='ocrx_word' id='word_1_1392' title='bbox 1521 2073 1656 2102; x_wconf 87' lang='lat' dir='ltr'>sententia</span> <span class='ocrx_word' id='word_1_1393' title='bbox 1667 2082 1730 2102; x_wconf 81' lang='lat' dir='ltr'>vera</span> <span class='ocrx_word' id='word_1_1394' title='bbox 1740 2073 1785 2103; x_wconf 90' lang='lat' dir='ltr'>est.</span> <span class='ocrx_word' id='word_1_1395' title='bbox 1828 2072 1889 2101; x_wconf 87' lang='lat' dir='ltr'>Fuit</span> <span class='ocrx_word' id='word_1_1396' title='bbox 1907 2072 1983 2101; x_wconf 89' lang='lat' dir='ltr'>enim</span> <span class='ocrx_word' id='word_1_1397' title='bbox 2002 2071 2099 2101; x_wconf 89' lang='lat' dir='ltr'>Cilicia</span> <span class='ocrx_word' id='word_1_1398' title='bbox 2112 2071 2180 2100; x_wconf 88' lang='lat' dir='ltr'>olim</span> <span class='ocrx_word' id='word_1_1399' title='bbox 2200 2073 2408 2111; x_wconf 75' lang='lat' dir='ltr'>opulenriffima</span> 
     </span>
     <span class='ocr_line' id='line_1_156' title="bbox 1282 2109 2410 2150; baseline -0.003 -8"><span class='ocrx_word' id='word_1_1400' title='bbox 1282 2111 1441 2149; x_wconf 85' lang='lat' dir='ltr'>Pop.Rom.</span> <span class='ocrx_word' id='word_1_1401' title='bbox 1459 2111 1621 2150; x_wconf 84' lang='lat' dir='ltr'>provincia,</span> <span class='ocrx_word' id='word_1_1402' title='bbox 1644 2110 1816 2141; x_wconf 80' lang='lat' dir='ltr'>&amp;Cicerone</span> <span class='ocrx_word' id='word_1_1403' title='bbox 1826 2109 1990 2140; x_wconf 77' lang='lat' dir='ltr'>Proconsule</span> <span class='ocrx_word' id='word_1_1404' title='bbox 2001 2109 2199 2140; x_wconf 87' lang='lat' dir='ltr'>memorabilis.</span> <span class='ocrx_word' id='word_1_1405' title='bbox 2239 2111 2295 2140; x_wconf 84' lang='lat' dir='ltr'>Sed</span> <span class='ocrx_word' id='word_1_1406' title='bbox 2322 2111 2351 2140; x_wconf 94' lang='lat' dir='ltr'>V.</span> <span class='ocrx_word' id='word_1_1407' title='bbox 2373 2111 2410 2140; x_wconf 84' lang='lat' dir='ltr'>ad</span> 
     </span>
     <span class='ocr_line' id='line_1_157' title="bbox 1282 2148 1733 2180; baseline -0.004 0"><span class='ocrx_word' id='word_1_1408' title='bbox 1282 2150 1359 2180; x_wconf 89' lang='lat' dir='ltr'>Suet.</span> <span class='ocrx_word' id='word_1_1409' title='bbox 1371 2150 1501 2179; x_wconf 85' lang='lat' dir='ltr'>Torrent.</span> <span class='ocrx_word' id='word_1_1410' title='bbox 1513 2151 1538 2179; x_wconf 84' lang='lat'>&amp;</span> <span class='ocrx_word' id='word_1_1411' title='bbox 1548 2148 1661 2178; x_wconf 87' lang='lat' dir='ltr'>Casaub.</span> <span class='ocrx_word' id='word_1_1412' title='bbox 1674 2155 1733 2178; x_wconf 91' lang='lat' dir='ltr'>not.</span> 
     </span>
    </p>

    <p class='ocr_par' dir='ltr' id='par_1_96' title="bbox 1282 2184 2410 2264">
     <span class='ocr_line' id='line_1_158' title="bbox 1282 2184 2410 2223; baseline -0.001 -6"><span class='ocrx_word' id='word_1_1413' title='bbox 1282 2188 1381 2218; x_wconf 88' lang='lat' dir='ltr'>Cilicia</span> <span class='ocrx_word' id='word_1_1414' title='bbox 1390 2210 1398 2217; x_wconf 92' lang='lat'>.</span> <span class='ocrx_word' id='word_1_1415' title='bbox 1420 2188 1506 2217; x_wconf 91' lang='lat' dir='ltr'>hodie</span> <span class='ocrx_word' id='word_1_1416' title='bbox 1518 2194 1632 2216; x_wconf 84' lang='lat' dir='ltr'>vocatur</span> <span class='ocrx_word' id='word_1_1417' title='bbox 1644 2188 1799 2214; x_wconf 74' lang='lat' dir='ltr'>Caramania</span> <span class='ocrx_word' id='word_1_1418' title='bbox 1811 2207 1820 2223; x_wconf 91' lang='lat'>,</span> <span class='ocrx_word' id='word_1_1419' title='bbox 1841 2196 1856 2216; x_wconf 88' lang='lat' dir='ltr'>a</span> <span class='ocrx_word' id='word_1_1420' title='bbox 1869 2185 2024 2216; x_wconf 84' lang='lat' dir='ltr'>Caramano</span> <span class='ocrx_word' id='word_1_1421' title='bbox 2033 2184 2190 2215; x_wconf 86' lang='lat' dir='ltr'>Turcarum</span> <span class='ocrx_word' id='word_1_1422' title='bbox 2207 2185 2280 2215; x_wconf 79' lang='lat' dir='ltr'>duce</span> <span class='ocrx_word' id='word_1_1423' title='bbox 2293 2186 2410 2216; x_wconf 84' lang='lat' dir='ltr'>bellico·-</span> 
     </span>
     <span class='ocr_line' id='line_1_159' title="bbox 1303 2225 1682 2264; baseline -0.008 -9"><span class='ocrx_word' id='word_1_1424' title='bbox 1303 2226 1332 2255; x_wconf 93' lang='lat' dir='ltr'>so</span> <span class='ocrx_word' id='word_1_1425' title='bbox 1342 2248 1350 2261; x_wconf 87' lang='lat'>,</span> <span class='ocrx_word' id='word_1_1426' title='bbox 1373 2225 1418 2264; x_wconf 88' lang='lat' dir='ltr'>qui</span> <span class='ocrx_word' id='word_1_1427' title='bbox 1433 2236 1493 2255; x_wconf 90' lang='lat' dir='ltr'>eam</span> <span class='ocrx_word' id='word_1_1428' title='bbox 1506 2225 1553 2254; x_wconf 79' lang='lat' dir='ltr'>libi</span> <span class='ocrx_word' id='word_1_1429' title='bbox 1568 2225 1682 2261; x_wconf 80' lang='lat' dir='ltr'>subegit.</span> 
     </span>
    </p>

    <p class='ocr_par' dir='ltr' id='par_1_97' title="bbox 1244 2260 2406 2332">
     <span class='ocr_line' id='line_1_160' title="bbox 1244 2260 2406 2299; baseline -0.003 -4"><span class='ocrx_word' id='word_1_1430' title='bbox 1244 2264 1379 2299; x_wconf 65' lang='lat' dir='ltr'>Cicix,</span> <span class='ocrx_word' id='word_1_1431' title='bbox 1400 2264 1461 2294; x_wconf 72' lang='lat' dir='ltr'>icis.</span> <span class='ocrx_word' id='word_1_1432' title='bbox 1484 2263 1543 2299; x_wconf 80' lang='lat' dir='ltr'>Adj.</span> <span class='ocrx_word' id='word_1_1433' title='bbox 1564 2262 1683 2299; x_wconf 68' lang='grc' dir='ltr'>[Κίλιξ]</span> <span class='ocrx_word' id='word_1_1434' title='bbox 1704 2261 1808 2292; x_wconf 89' lang='lat' dir='ltr'>dicitur</span> <span class='ocrx_word' id='word_1_1435' title='bbox 1824 2262 1919 2292; x_wconf 86' lang='lat' dir='ltr'>Homo</span> <span class='ocrx_word' id='word_1_1436' title='bbox 1930 2261 1977 2299; x_wconf 90' lang='lat' dir='ltr'>qui</span> <span class='ocrx_word' id='word_1_1437' title='bbox 1994 2271 2011 2291; x_wconf 90' lang='lat' dir='ltr'>e</span> <span class='ocrx_word' id='word_1_1438' title='bbox 2022 2260 2120 2292; x_wconf 84' lang='lat' dir='ltr'>Cilicia</span> <span class='ocrx_word' id='word_1_1439' title='bbox 2136 2262 2175 2291; x_wconf 86' lang='lat' dir='ltr'>est</span> <span class='ocrx_word' id='word_1_1440' title='bbox 2192 2268 2277 2292; x_wconf 85' lang='lat' dir='ltr'>ortus.</span> <span class='ocrx_word' id='word_1_1441' title='bbox 2303 2261 2406 2292; x_wconf 75' lang='lat' dir='ltr'>Lucan.</span> 
     </span>
     <span class='ocr_line' id='line_1_161' title="bbox 1286 2306 1387 2332; baseline -0.01 0"><span class='ocrx_word' id='word_1_1442' title='bbox 1286 2312 1310 2332; x_wconf 88' lang='lat'>1.</span> <span class='ocrx_word' id='word_1_1443' title='bbox 1361 2306 1387 2331; x_wconf 89' lang='grc'>6.</span> 
     </span>
    </p>

    <p class='ocr_par' dir='ltr' id='par_1_98' title="bbox 1326 2311 2043 2376">
     <span class='ocr_line' id='line_1_162' title="bbox 1326 2311 2043 2376; baseline -0.001 -8"><span class='ocrx_word' id='word_1_1444' title='bbox 1326 2311 1354 2339; x_wconf 70' lang='lat'>33</span> <span class='ocrx_word' id='word_1_1445' title='bbox 1374 2339 1435 2369; x_wconf 85' lang='lat' dir='ltr'>Post</span> <span class='ocrx_word' id='word_1_1446' title='bbox 1448 2337 1584 2368; x_wconf 83' lang='lat' dir='ltr'>Cilicasne</span> <span class='ocrx_word' id='word_1_1447' title='bbox 1594 2348 1678 2376; x_wconf 82' lang='lat' dir='ltr'>vagos</span> <span class='ocrx_word' id='word_1_1448' title='bbox 1689 2360 1697 2373; x_wconf 93' lang='lat'>,</span> <span class='ocrx_word' id='word_1_1449' title='bbox 1719 2339 1771 2368; x_wconf 86' lang='lat' dir='ltr'>&amp;c.</span> <span class='ocrx_word' id='word_1_1450' title='bbox 1866 2337 1954 2367; x_wconf 88' lang='lat' dir='ltr'>accus.</span> <span class='ocrx_word' id='word_1_1451' title='bbox 1971 2336 2043 2375; x_wconf 85' lang='lat' dir='ltr'>plur.</span> 
     </span>
    </p>

    <p class='ocr_par' dir='ltr' id='par_1_99' title="bbox 1282 2373 2410 2488">
     <span class='ocr_line' id='line_1_163' title="bbox 1282 2373 2409 2413; baseline -0.003 -6"><span class='ocrx_word' id='word_1_1452' title='bbox 1282 2377 1387 2407; x_wconf 84' lang='lat' dir='ltr'>Cilices</span> <span class='ocrx_word' id='word_1_1453' title='bbox 1399 2400 1407 2413; x_wconf 87' lang='lat'>,</span> <span class='ocrx_word' id='word_1_1454' title='bbox 1429 2378 1524 2406; x_wconf 87' lang='lat' dir='ltr'>Piratae</span> <span class='ocrx_word' id='word_1_1455' title='bbox 1536 2377 1649 2406; x_wconf 83' lang='lat' dir='ltr'>fuerunt</span> <span class='ocrx_word' id='word_1_1456' title='bbox 1661 2399 1668 2411; x_wconf 85' lang='lat'><strong>‚</strong></span> <span class='ocrx_word' id='word_1_1457' title='bbox 1690 2385 1759 2413; x_wconf 87' lang='lat' dir='ltr'>quos</span> <span class='ocrx_word' id='word_1_1458' title='bbox 1772 2375 1823 2405; x_wconf 88' lang='lat' dir='ltr'>Cn·</span> <span class='ocrx_word' id='word_1_1459' title='bbox 1838 2373 1986 2413; x_wconf 89' lang='lat' dir='ltr'>Pompeius</span> <span class='ocrx_word' id='word_1_1460' title='bbox 1998 2377 2086 2404; x_wconf 66' lang='lat' dir='ltr'>victos</span> <span class='ocrx_word' id='word_1_1461' title='bbox 2098 2375 2126 2404; x_wconf 90' lang='lat' dir='ltr'>in</span> <span class='ocrx_word' id='word_1_1462' title='bbox 2143 2374 2319 2404; x_wconf 86' lang='lat' dir='ltr'>deditionem</span> <span class='ocrx_word' id='word_1_1463' title='bbox 2332 2384 2409 2405; x_wconf 63' lang='lat' dir='ltr'>acce&gt;</span> 
     </span>
     <span class='ocr_line' id='line_1_164' title="bbox 1301 2409 2410 2454; baseline -0.001 -9"><span class='ocrx_word' id='word_1_1464' title='bbox 1301 2417 1365 2454; x_wconf 85' lang='lat' dir='ltr'>pit,</span> <span class='ocrx_word' id='word_1_1465' title='bbox 1387 2417 1412 2445; x_wconf 72' lang='grc' dir='ltr'>ἃ</span> <span class='ocrx_word' id='word_1_1466' title='bbox 1422 2425 1521 2445; x_wconf 86' lang='lat' dir='ltr'>eorum</span> <span class='ocrx_word' id='word_1_1467' title='bbox 1532 2416 1623 2452; x_wconf 79' lang='lat' dir='ltr'>postea</span> <span class='ocrx_word' id='word_1_1468' title='bbox 1634 2414 1709 2443; x_wconf 86' lang='lat' dir='ltr'>fideli</span> <span class='ocrx_word' id='word_1_1469' title='bbox 1721 2423 1806 2451; x_wconf 88' lang='lat' dir='ltr'>opera</span> <span class='ocrx_word' id='word_1_1470' title='bbox 1817 2413 1878 2443; x_wconf 89' lang='lat' dir='ltr'>usus</span> <span class='ocrx_word' id='word_1_1471' title='bbox 1897 2414 1935 2443; x_wconf 89' lang='lat' dir='ltr'>est</span> <span class='ocrx_word' id='word_1_1472' title='bbox 1944 2415 1975 2443; x_wconf 90' lang='lat' dir='ltr'>in</span> <span class='ocrx_word' id='word_1_1473' title='bbox 1988 2413 2069 2443; x_wconf 87' lang='lat' dir='ltr'>bellis</span> <span class='ocrx_word' id='word_1_1474' title='bbox 2083 2409 2137 2443; x_wconf 78' lang='lat' dir='ltr'>suis</span> <span class='ocrx_word' id='word_1_1475' title='bbox 2157 2413 2300 2443; x_wconf 79' lang='lat' dir='ltr'>navalibus</span> <span class='ocrx_word' id='word_1_1476' title='bbox 2315 2415 2410 2444; x_wconf 82' lang='lat' dir='ltr'>advet-</span> 
     </span>
     <span class='ocr_line' id='line_1_165' title="bbox 1305 2452 1816 2488; baseline -0.006 -4"><span class='ocrx_word' id='word_1_1477' title='bbox 1305 2454 1349 2484; x_wconf 88' lang='lat' dir='ltr'>sus</span> <span class='ocrx_word' id='word_1_1478' title='bbox 1369 2453 1512 2483; x_wconf 83' lang='lat' dir='ltr'>Caesarem.</span> <span class='ocrx_word' id='word_1_1479' title='bbox 1537 2452 1698 2482; x_wconf 82' lang='lat' dir='ltr'>Lucan.lib.</span> <span class='ocrx_word' id='word_1_1480' title='bbox 1715 2461 1739 2488; x_wconf 89' lang='grc'>3.</span> <span class='ocrx_word' id='word_1_1481' title='bbox 1752 2457 1816 2485; x_wconf 82' lang='lat'>228·</span> 
     </span>
    </p>

    <p class='ocr_par' dir='ltr' id='par_1_100' title="bbox 1376 2489 1980 2528">
     <span class='ocr_line' id='line_1_166' title="bbox 1376 2489 1980 2528; baseline -0.003 -8"><span class='ocrx_word' id='word_1_1482' title='bbox 1376 2492 1462 2528; x_wconf 85' lang='lat' dir='ltr'>quue</span> <span class='ocrx_word' id='word_1_1483' title='bbox 1469 2490 1545 2520; x_wconf 79' lang='lat' dir='ltr'>Cilix</span> <span class='ocrx_word' id='word_1_1484' title='bbox 1555 2491 1633 2526; x_wconf 86' lang='lat' dir='ltr'>juxta</span> <span class='ocrx_word' id='word_1_1485' title='bbox 1641 2491 1698 2526; x_wconf 90' lang='lat' dir='ltr'>jam</span> <span class='ocrx_word' id='word_1_1486' title='bbox 1712 2499 1769 2519; x_wconf 94' lang='lat' dir='ltr'>non</span> <span class='ocrx_word' id='word_1_1487' title='bbox 1779 2491 1868 2527; x_wconf 86' lang='lat' dir='ltr'>pirata</span> <span class='ocrx_word' id='word_1_1488' title='bbox 1879 2489 1980 2518; x_wconf 82' lang='lat' dir='ltr'>carina.</span> 
     </span>
    </p>

    <p class='ocr_par' dir='ltr' id='par_1_101' title="bbox 1282 2526 2411 2681">
     <span class='ocr_line' id='line_1_167' title="bbox 1282 2526 2408 2566; baseline 0 -7"><span class='ocrx_word' id='word_1_1489' title='bbox 1282 2528 1388 2559; x_wconf 86' lang='lat' dir='ltr'>Cilices</span> <span class='ocrx_word' id='word_1_1490' title='bbox 1408 2530 1443 2558; x_wconf 92' lang='lat' dir='ltr'>de</span> <span class='ocrx_word' id='word_1_1491' title='bbox 1461 2529 1563 2558; x_wconf 80' lang='lat' dir='ltr'>Piratis.</span> <span class='ocrx_word' id='word_1_1492' title='bbox 1585 2529 1651 2557; x_wconf 92' lang='lat' dir='ltr'>vide</span> <span class='ocrx_word' id='word_1_1493' title='bbox 1669 2529 1826 2566; x_wconf 84' lang='lat' dir='ltr'>Appianum</span> <span class='ocrx_word' id='word_1_1494' title='bbox 1841 2528 1871 2556; x_wconf 89' lang='lat' dir='ltr'>in</span> <span class='ocrx_word' id='word_1_1495' title='bbox 1891 2526 2018 2556; x_wconf 85' lang='lat' dir='ltr'>Mithrid.</span> <span class='ocrx_word' id='word_1_1496' title='bbox 2039 2535 2102 2561; x_wconf 73' lang='lat'>150.</span> <span class='ocrx_word' id='word_1_1497' title='bbox 2132 2526 2208 2556; x_wconf 87' lang='lat' dir='ltr'>circa</span> <span class='ocrx_word' id='word_1_1498' title='bbox 2225 2527 2408 2565; x_wconf 81' lang='lat' dir='ltr'>principium.</span> 
     </span>
     <span class='ocr_line' id='line_1_168' title="bbox 1302 2564 2411 2605; baseline -0.002 -8"><span class='ocrx_word' id='word_1_1499' title='bbox 1302 2568 1339 2597; x_wconf 90' lang='lat' dir='ltr'>H.</span> <span class='ocrx_word' id='word_1_1500' title='bbox 1351 2568 1389 2597; x_wconf 91' lang='lat' dir='ltr'>St.</span> <span class='ocrx_word' id='word_1_1501' title='bbox 1430 2567 1472 2597; x_wconf 90' lang='lat' dir='ltr'>lbi</span> <span class='ocrx_word' id='word_1_1502' title='bbox 1483 2576 1586 2604; x_wconf 87' lang='lat' dir='ltr'>nempe</span> <span class='ocrx_word' id='word_1_1503' title='bbox 1600 2566 1684 2595; x_wconf 84' lang='lat' dir='ltr'>docet</span> <span class='ocrx_word' id='word_1_1504' title='bbox 1696 2568 1766 2605; x_wconf 85' lang='lat' dir='ltr'>App.</span> <span class='ocrx_word' id='word_1_1505' title='bbox 1779 2565 1925 2594; x_wconf 90' lang='lat' dir='ltr'>communi</span> <span class='ocrx_word' id='word_1_1506' title='bbox 1934 2565 2050 2594; x_wconf 89' lang='lat' dir='ltr'>nomine</span> <span class='ocrx_word' id='word_1_1507' title='bbox 2061 2564 2162 2594; x_wconf 86' lang='lat' dir='ltr'>Cilices</span> <span class='ocrx_word' id='word_1_1508' title='bbox 2172 2566 2317 2602; x_wconf 83' lang='lat' dir='ltr'>praedones</span> <span class='ocrx_word' id='word_1_1509' title='bbox 2330 2567 2411 2595; x_wconf 86' lang='lat' dir='ltr'>mari-</span> 
     </span>
     <span class='ocr_line' id='line_1_169' title="bbox 1300 2601 2411 2642; baseline -0.001 -8"><span class='ocrx_word' id='word_1_1510' title='bbox 1300 2607 1386 2635; x_wconf 83' lang='lat' dir='ltr'>timos</span> <span class='ocrx_word' id='word_1_1511' title='bbox 1396 2611 1510 2634; x_wconf 85' lang='lat' dir='ltr'>vocatos</span> <span class='ocrx_word' id='word_1_1512' title='bbox 1521 2603 1599 2633; x_wconf 78' lang='lat' dir='ltr'>fuisse</span> <span class='ocrx_word' id='word_1_1513' title='bbox 1610 2626 1618 2639; x_wconf 94' lang='lat'>,</span> <span class='ocrx_word' id='word_1_1514' title='bbox 1639 2605 1703 2641; x_wconf 88' lang='lat' dir='ltr'>quia</span> <span class='ocrx_word' id='word_1_1515' title='bbox 1717 2604 1865 2633; x_wconf 75' lang='lat' dir='ltr'>h&#39;ominum</span> <span class='ocrx_word' id='word_1_1516' title='bbox 1878 2602 1907 2631; x_wconf 86' lang='lat' dir='ltr'>id</span> <span class='ocrx_word' id='word_1_1517' title='bbox 1927 2612 2014 2639; x_wconf 86' lang='lat' dir='ltr'>genus</span> <span class='ocrx_word' id='word_1_1518' title='bbox 2025 2612 2062 2632; x_wconf 82' lang='lat' dir='ltr'>ex</span> <span class='ocrx_word' id='word_1_1519' title='bbox 2081 2601 2205 2632; x_wconf 83' lang='lat' dir='ltr'>Trachea</span> <span class='ocrx_word' id='word_1_1520' title='bbox 2222 2603 2322 2633; x_wconf 85' lang='lat' dir='ltr'>Cili-cia</span> <span class='ocrx_word' id='word_1_1521' title='bbox 2335 2605 2411 2642; x_wconf 87' lang='lat' dir='ltr'>prin-</span> 
     </span>
     <span class='ocr_line' id='line_1_170' title="bbox 1302 2642 1864 2681; baseline -0.005 -8"><span class='ocrx_word' id='word_1_1522' title='bbox 1302 2644 1379 2681; x_wconf 89' lang='lat' dir='ltr'>cipio</span> <span class='ocrx_word' id='word_1_1523' title='bbox 1394 2643 1552 2680; x_wconf 56' lang='lat' dir='ltr'>profestum</span> <span class='ocrx_word' id='word_1_1524' title='bbox 1565 2642 1662 2671; x_wconf 81' lang='lat' dir='ltr'>fuerat.</span> <span class='ocrx_word' id='word_1_1525' title='bbox 1862 2644 1864 2647; x_wconf 83' lang='grc'>’</span> 
     </span>
    </p>

    <p class='ocr_par' dir='ltr' id='par_1_102' title="bbox 1281 2675 2409 2794">
     <span class='ocr_line' id='line_1_171' title="bbox 1281 2675 2409 2716; baseline -0.004 -5"><span class='ocrx_word' id='word_1_1526' title='bbox 1281 2682 1385 2711; x_wconf 87' lang='lat' dir='ltr'>Cilices</span> <span class='ocrx_word' id='word_1_1527' title='bbox 1397 2680 1553 2710; x_wconf 84' lang='lat' dir='ltr'>habuerunt</span> <span class='ocrx_word' id='word_1_1528' title='bbox 1563 2679 1624 2709; x_wconf 90' lang='lat' dir='ltr'>suos</span> <span class='ocrx_word' id='word_1_1529' title='bbox 1635 2678 1782 2716; x_wconf 82' lang='lat' dir='ltr'>aruspices.</span> <span class='ocrx_word' id='word_1_1530' title='bbox 1822 2676 1913 2708; x_wconf 87' lang='lat' dir='ltr'>Tacit.</span> <span class='ocrx_word' id='word_1_1531' title='bbox 1928 2685 1955 2708; x_wconf 91' lang='lat'>2.</span> <span class='ocrx_word' id='word_1_1532' title='bbox 1975 2677 2044 2707; x_wconf 86' lang='lat' dir='ltr'>Hist.</span> <span class='ocrx_word' id='word_1_1533' title='bbox 2058 2687 2083 2714; x_wconf 91' lang='grc'>3.</span> <span class='ocrx_word' id='word_1_1534' title='bbox 2106 2675 2189 2708; x_wconf 86' lang='lat' dir='ltr'>Fama</span> <span class='ocrx_word' id='word_1_1535' title='bbox 2205 2680 2345 2708; x_wconf 90' lang='lat' dir='ltr'>recentior</span> <span class='ocrx_word' id='word_1_1536' title='bbox 2356 2686 2409 2708; x_wconf 82' lang='lat' dir='ltr'>tra-</span> 
     </span>
     <span class='ocr_line' id='line_1_172' title="bbox 1302 2715 2407 2755; baseline -0.001 -7"><span class='ocrx_word' id='word_1_1537' title='bbox 1302 2720 1344 2748; x_wconf 88' lang='lat' dir='ltr'>dit</span> <span class='ocrx_word' id='word_1_1538' title='bbox 1354 2718 1497 2748; x_wconf 87' lang='lat' dir='ltr'>scientiam</span> <span class='ocrx_word' id='word_1_1539' title='bbox 1507 2724 1650 2754; x_wconf 89' lang='lat' dir='ltr'>artemque</span> <span class='ocrx_word' id='word_1_1540' title='bbox 1659 2717 1817 2755; x_wconf 81' lang='lat' dir='ltr'>aruspicum</span> <span class='ocrx_word' id='word_1_1541' title='bbox 1825 2717 1944 2747; x_wconf 80' lang='lat' dir='ltr'>accitam</span> <span class='ocrx_word' id='word_1_1542' title='bbox 1955 2717 1982 2747; x_wconf 73' lang='lat' dir='ltr'>Sc</span> <span class='ocrx_word' id='word_1_1543' title='bbox 1994 2715 2112 2746; x_wconf 82' lang='lat' dir='ltr'>Cilicem</span> <span class='ocrx_word' id='word_1_1544' title='bbox 2124 2715 2407 2754; x_wconf 82' lang='lat' dir='ltr'>Thamyramintulis-</span> 
     </span>
     <span class='ocr_line' id='line_1_173' title="bbox 1302 2755 1677 2794; baseline -0.005 -8"><span class='ocrx_word' id='word_1_1545' title='bbox 1302 2757 1338 2787; x_wconf 87' lang='lat' dir='ltr'>se.</span> <span class='ocrx_word' id='word_1_1546' title='bbox 1370 2757 1400 2786; x_wconf 92' lang='lat' dir='ltr'>V.</span> <span class='ocrx_word' id='word_1_1547' title='bbox 1422 2756 1506 2785; x_wconf 82' lang='lat' dir='ltr'>Voffii</span> <span class='ocrx_word' id='word_1_1548' title='bbox 1520 2755 1677 2794; x_wconf 87' lang='lat' dir='ltr'>Etymolog.</span> 
     </span>
    </p>

    <p class='ocr_par' dir='ltr' id='par_1_103' title="bbox 1282 2793 1800 2827">
     <span class='ocr_line' id='line_1_174' title="bbox 1282 2793 1800 2827; baseline -0.006 -2"><span class='ocrx_word' id='word_1_1549' title='bbox 1282 2795 1389 2825; x_wconf 83' lang='lat' dir='ltr'>Crocus</span> <span class='ocrx_word' id='word_1_1550' title='bbox 1401 2794 1482 2824; x_wconf 78' lang='lat' dir='ltr'>Cilix.</span> <span class='ocrx_word' id='word_1_1551' title='bbox 1517 2793 1624 2823; x_wconf 84' lang='lat' dir='ltr'>Lucret.</span> <span class='ocrx_word' id='word_1_1552' title='bbox 1635 2793 1683 2822; x_wconf 89' lang='lat' dir='ltr'>lib.</span> <span class='ocrx_word' id='word_1_1553' title='bbox 1693 2801 1719 2822; x_wconf 94' lang='lat'>2.</span> <span class='ocrx_word' id='word_1_1554' title='bbox 1734 2796 1800 2827; x_wconf 84' lang='lat'>416.</span> 
     </span>
    </p>

    <p class='ocr_par' dir='ltr' id='par_1_104' title="bbox 1375 2829 2056 2869">
     <span class='ocr_line' id='line_1_175' title="bbox 1375 2829 2056 2869; baseline -0.004 -7"><span class='ocrx_word' id='word_1_1555' title='bbox 1375 2833 1408 2863; x_wconf 87' lang='lat' dir='ltr'>Et</span> <span class='ocrx_word' id='word_1_1556' title='bbox 1417 2842 1502 2869; x_wconf 90' lang='lat' dir='ltr'>quum</span> <span class='ocrx_word' id='word_1_1557' title='bbox 1510 2830 1590 2861; x_wconf 83' lang='lat' dir='ltr'>scena</span> <span class='ocrx_word' id='word_1_1558' title='bbox 1600 2840 1683 2861; x_wconf 84' lang='lat' dir='ltr'>croco</span> <span class='ocrx_word' id='word_1_1559' title='bbox 1690 2830 1772 2861; x_wconf 81' lang='lat' dir='ltr'>Cilici</span> <span class='ocrx_word' id='word_1_1560' title='bbox 1782 2829 1889 2869; x_wconf 69' lang='lat' dir='ltr'>perfusa</span> <span class='ocrx_word' id='word_1_1561' title='bbox 1899 2839 1997 2860; x_wconf 87' lang='lat' dir='ltr'>recens</span> <span class='ocrx_word' id='word_1_1562' title='bbox 2007 2829 2056 2860; x_wconf 81' lang='lat' dir='ltr'>est.</span> 
     </span>
    </p>

    <p class='ocr_par' dir='ltr' id='par_1_105' title="bbox 1282 2868 1970 2905">
     <span class='ocr_line' id='line_1_176' title="bbox 1282 2868 1970 2905; baseline -0.003 -5"><span class='ocrx_word' id='word_1_1563' title='bbox 1282 2869 1377 2901; x_wconf 81' lang='lat' dir='ltr'>Flores</span> <span class='ocrx_word' id='word_1_1564' title='bbox 1395 2870 1532 2905; x_wconf 89' lang='lat' dir='ltr'>Cilicum,</span> <span class='ocrx_word' id='word_1_1565' title='bbox 1554 2869 1644 2899; x_wconf 91' lang='lat' dir='ltr'>Croci.</span> <span class='ocrx_word' id='word_1_1566' title='bbox 1667 2869 1734 2899; x_wconf 89' lang='lat' dir='ltr'>Stat.</span> <span class='ocrx_word' id='word_1_1567' title='bbox 1746 2878 1772 2899; x_wconf 94' lang='lat'>2.</span> <span class='ocrx_word' id='word_1_1568' title='bbox 1787 2868 1854 2899; x_wconf 90' lang='lat' dir='ltr'>Silv.</span> <span class='ocrx_word' id='word_1_1569' title='bbox 1871 2879 1893 2898; x_wconf 91' lang='grc'>1.</span> <span class='ocrx_word' id='word_1_1570' title='bbox 1909 2871 1970 2898; x_wconf 87' lang='grc'><strong>160.</strong></span> 
     </span>
    </p>

    <p class='ocr_par' dir='ltr' id='par_1_106' title="bbox 1282 2905 2405 2983">
     <span class='ocr_line' id='line_1_177' title="bbox 1282 2905 2405 2944; baseline -0.003 -5"><span class='ocrx_word' id='word_1_1571' title='bbox 1282 2909 1384 2940; x_wconf 78' lang='lat' dir='ltr'>Messes</span> <span class='ocrx_word' id='word_1_1572' title='bbox 1394 2909 1523 2938; x_wconf 89' lang='lat' dir='ltr'>Cilicum.</span> <span class='ocrx_word' id='word_1_1573' title='bbox 1565 2908 1632 2937; x_wconf 88' lang='lat' dir='ltr'>Stat.</span> <span class='ocrx_word' id='word_1_1574' title='bbox 1646 2907 1747 2944; x_wconf 83' lang='lat' dir='ltr'>3.Silv.</span> <span class='ocrx_word' id='word_1_1575' title='bbox 1762 2916 1787 2944; x_wconf 87' lang='grc'>3.</span> <span class='ocrx_word' id='word_1_1576' title='bbox 1800 2916 1843 2944; x_wconf 78' lang='lat'>34.</span> <span class='ocrx_word' id='word_1_1577' title='bbox 1865 2905 2000 2943; x_wconf 80' lang='lat' dir='ltr'>intelligit</span> <span class='ocrx_word' id='word_1_1578' title='bbox 2014 2905 2110 2944; x_wconf 84' lang='lat' dir='ltr'>Spicas</span> <span class='ocrx_word' id='word_1_1579' title='bbox 2120 2905 2200 2935; x_wconf 78' lang='lat' dir='ltr'>nardi</span> <span class='ocrx_word' id='word_1_1580' title='bbox 2213 2926 2222 2942; x_wconf 76' lang='grc'><strong>,</strong></span> <span class='ocrx_word' id='word_1_1581' title='bbox 2243 2913 2405 2943; x_wconf 80' lang='lat' dir='ltr'>amomum,</span> 
     </span>
     <span class='ocr_line' id='line_1_178' title="bbox 1302 2945 1637 2983; baseline -0.003 -7"><span class='ocrx_word' id='word_1_1582' title='bbox 1302 2947 1366 2976; x_wconf 90' lang='lat' dir='ltr'>thus</span> <span class='ocrx_word' id='word_1_1583' title='bbox 1378 2949 1403 2977; x_wconf 84' lang='lat'>&amp;</span> <span class='ocrx_word' id='word_1_1584' title='bbox 1413 2947 1467 2975; x_wconf 93' lang='lat' dir='ltr'>hoc</span> <span class='ocrx_word' id='word_1_1585' title='bbox 1479 2955 1565 2983; x_wconf 85' lang='lat' dir='ltr'>genus</span> <span class='ocrx_word' id='word_1_1586' title='bbox 1576 2945 1637 2975; x_wconf 86' lang='lat' dir='ltr'>alia.</span> 
     </span>
    </p>

    <p class='ocr_par' dir='ltr' id='par_1_107' title="bbox 1243 2980 2405 3059">
     <span class='ocr_line' id='line_1_179' title="bbox 1243 2980 2405 3020; baseline -0.003 -5"><span class='ocrx_word' id='word_1_1587' title='bbox 1243 2982 1268 3015; x_wconf 86' lang='lat' dir='ltr'>C</span> <span class='ocrx_word' id='word_1_1588' title='bbox 1279 2996 1311 3014; x_wconf 86' lang='grc'>11.</span> <span class='ocrx_word' id='word_1_1589' title='bbox 1321 2996 1329 3013; x_wconf 91' lang='grc'>1</span> <span class='ocrx_word' id='word_1_1590' title='bbox 1342 2994 1359 3014; x_wconf 89' lang='lat' dir='ltr'>c</span> <span class='ocrx_word' id='word_1_1591' title='bbox 1368 2994 1378 3013; x_wconf 89' lang='lat'>1</span> <span class='ocrx_word' id='word_1_1592' title='bbox 1389 2995 1403 3014; x_wconf 74' lang='grc'>11</span> <span class='ocrx_word' id='word_1_1593' title='bbox 1412 2994 1432 3013; x_wconf 82' lang='grc' dir='ltr'><strong>Ν</strong></span> <span class='ocrx_word' id='word_1_1594' title='bbox 1442 2994 1454 3013; x_wconf 91' lang='lat' dir='ltr'>s</span> <span class='ocrx_word' id='word_1_1595' title='bbox 1463 2995 1471 3012; x_wconf 91' lang='lat'>1</span> <span class='ocrx_word' id='word_1_1596' title='bbox 1481 2994 1493 3012; x_wconf 92' lang='lat' dir='ltr'>s</span> <span class='ocrx_word' id='word_1_1597' title='bbox 1502 3005 1510 3020; x_wconf 91' lang='lat'>,</span> <span class='ocrx_word' id='word_1_1598' title='bbox 1532 2993 1555 3013; x_wconf 88' lang='lat' dir='ltr'>e.</span> <span class='ocrx_word' id='word_1_1599' title='bbox 1577 2982 1777 3019; x_wconf 61' lang='lat' dir='ltr'>[Kiamn‘m&amp;›]</span> <span class='ocrx_word' id='word_1_1600' title='bbox 1798 2982 1858 3011; x_wconf 89' lang='lat' dir='ltr'>Cic.</span> <span class='ocrx_word' id='word_1_1601' title='bbox 1870 2991 1894 3011; x_wconf 88' lang='lat'>1.</span> <span class='ocrx_word' id='word_1_1602' title='bbox 1907 2981 1944 3018; x_wconf 86' lang='lat' dir='ltr'>Q.</span> <span class='ocrx_word' id='word_1_1603' title='bbox 1953 2981 2014 3011; x_wconf 85' lang='lat' dir='ltr'>frat.</span> <span class='ocrx_word' id='word_1_1604' title='bbox 2027 2990 2053 3010; x_wconf 87' lang='lat'>2.</span> <span class='ocrx_word' id='word_1_1605' title='bbox 2074 2981 2148 3010; x_wconf 89' lang='lat' dir='ltr'>Nam</span> <span class='ocrx_word' id='word_1_1606' title='bbox 2157 2980 2174 3009; x_wconf 86' lang='lat' dir='ltr'>fi</span> <span class='ocrx_word' id='word_1_1607' title='bbox 2185 2988 2212 3010; x_wconf 90' lang='lat' dir='ltr'>te</span> <span class='ocrx_word' id='word_1_1608' title='bbox 2224 2981 2405 3012; x_wconf 79' lang='lat' dir='ltr'>interioribus</span> 
     </span>
     <span class='ocr_line' id='line_1_180' title="bbox 1282 3018 2296 3059; baseline -0.004 -7"><span class='ocrx_word' id='word_1_1609' title='bbox 1282 3023 1382 3052; x_wconf 70' lang='lat' dir='ltr'>vicinis</span> <span class='ocrx_word' id='word_1_1610' title='bbox 1391 3023 1445 3052; x_wconf 90' lang='lat' dir='ltr'>tuis</span> <span class='ocrx_word' id='word_1_1611' title='bbox 1457 3021 1596 3051; x_wconf 83' lang='lat' dir='ltr'>Ciliciensi</span> <span class='ocrx_word' id='word_1_1612' title='bbox 1607 3042 1615 3055; x_wconf 92' lang='lat'>,</span> <span class='ocrx_word' id='word_1_1613' title='bbox 1637 3023 1663 3051; x_wconf 83' lang='lat'>&amp;</span> <span class='ocrx_word' id='word_1_1614' title='bbox 1677 3021 1791 3059; x_wconf 83' lang='lat' dir='ltr'>Syriaco</span> <span class='ocrx_word' id='word_1_1615' title='bbox 1802 3021 1951 3057; x_wconf 85' lang='lat' dir='ltr'>anteponis</span> <span class='ocrx_word' id='word_1_1616' title='bbox 1962 3041 1970 3054; x_wconf 86' lang='lat'>,</span> <span class='ocrx_word' id='word_1_1617' title='bbox 1989 3018 2071 3048; x_wconf 87' lang='lat' dir='ltr'>valde</span> <span class='ocrx_word' id='word_1_1618' title='bbox 2077 3028 2208 3055; x_wconf 83' lang='lat' dir='ltr'>magnum</span> <span class='ocrx_word' id='word_1_1619' title='bbox 2221 3019 2296 3048; x_wconf 80' lang='lat' dir='ltr'>facis.</span> 
     </span>
    </p>

    <p class='ocr_par' dir='ltr' id='par_1_108' title="bbox 1243 3056 2403 3096">
     <span class='ocr_line' id='line_1_181' title="bbox 1243 3056 2403 3096; baseline -0.003 -5"><span class='ocrx_word' id='word_1_1620' title='bbox 1243 3061 1268 3091; x_wconf 88' lang='lat' dir='ltr'>C</span> <span class='ocrx_word' id='word_1_1621' title='bbox 1277 3072 1286 3090; x_wconf 89' lang='grc'>1</span> <span class='ocrx_word' id='word_1_1622' title='bbox 1295 3072 1312 3090; x_wconf 80' lang='lat' dir='ltr'>L</span> <span class='ocrx_word' id='word_1_1623' title='bbox 1321 3071 1330 3089; x_wconf 84' lang='grc'>1</span> <span class='ocrx_word' id='word_1_1624' title='bbox 1339 3071 1351 3090; x_wconf 90' lang='lat' dir='ltr'>s</span> <span class='ocrx_word' id='word_1_1625' title='bbox 1361 3070 1373 3090; x_wconf 93' lang='lat' dir='ltr'>s</span> <span class='ocrx_word' id='word_1_1626' title='bbox 1383 3068 1423 3089; x_wconf 88' lang='lat' dir='ltr'>us</span> <span class='ocrx_word' id='word_1_1627' title='bbox 1433 3082 1441 3095; x_wconf 97' lang='lat'>,</span> <span class='ocrx_word' id='word_1_1628' title='bbox 1464 3060 1524 3095; x_wconf 79' lang='lat' dir='ltr'>Adj.</span> <span class='ocrx_word' id='word_1_1629' title='bbox 1545 3062 1563 3096; x_wconf 85' lang='lat'>[</span> <span class='ocrx_word' id='word_1_1630' title='bbox 1573 3058 1719 3093; x_wconf 56' lang='lat' dir='ltr'>KiMoe&amp;]</span> <span class='ocrx_word' id='word_1_1631' title='bbox 1741 3066 1784 3093; x_wconf 83' lang='lat' dir='ltr'>ut,</span> <span class='ocrx_word' id='word_1_1632' title='bbox 1806 3058 1893 3087; x_wconf 77' lang='lat' dir='ltr'>Terra</span> <span class='ocrx_word' id='word_1_1633' title='bbox 1904 3056 2005 3092; x_wconf 75' lang='lat' dir='ltr'>Cilissa,</span> <span class='ocrx_word' id='word_1_1634' title='bbox 2017 3057 2124 3086; x_wconf 71' lang='lat' dir='ltr'>Cilicia.</span> <span class='ocrx_word' id='word_1_1635' title='bbox 2134 3056 2403 3093; x_wconf 50' lang='lat' dir='ltr'>Ovffla&#39;nlbinfioo.</span> 
     </span>
    </p>

    <p class='ocr_par' dir='ltr' id='par_1_109' title="bbox 1374 3095 1982 3134">
     <span class='ocr_line' id='line_1_182' title="bbox 1374 3095 1982 3134; baseline -0.005 -7"><span class='ocrx_word' id='word_1_1636' title='bbox 1374 3098 1489 3134; x_wconf 83' lang='lat' dir='ltr'>Quotve</span> <span class='ocrx_word' id='word_1_1637' title='bbox 1503 3097 1573 3127; x_wconf 84' lang='lat' dir='ltr'>ferat</span> <span class='ocrx_word' id='word_1_1638' title='bbox 1588 3098 1680 3127; x_wconf 85' lang='lat' dir='ltr'>dicam</span> <span class='ocrx_word' id='word_1_1639' title='bbox 1692 3103 1763 3127; x_wconf 88' lang='lat' dir='ltr'>terra</span> <span class='ocrx_word' id='word_1_1640' title='bbox 1771 3095 1866 3126; x_wconf 84' lang='lat' dir='ltr'>Cilissa</span> <span class='ocrx_word' id='word_1_1641' title='bbox 1876 3104 1982 3125; x_wconf 83' lang='lat' dir='ltr'>crocos.</span> 
     </span>
    </p>

    <p class='ocr_par' dir='ltr' id='par_1_110' title="bbox 1283 3135 2111 3174">
     <span class='ocr_line' id='line_1_183' title="bbox 1283 3135 2111 3174; baseline -0.005 -8"><span class='ocrx_word' id='word_1_1642' title='bbox 1283 3136 1365 3174; x_wconf 89' lang='lat' dir='ltr'>Spica</span> <span class='ocrx_word' id='word_1_1643' title='bbox 1377 3135 1479 3165; x_wconf 84' lang='lat' dir='ltr'>Ciliffa.</span> <span class='ocrx_word' id='word_1_1644' title='bbox 1521 3135 1553 3165; x_wconf 91' lang='lat' dir='ltr'>ln</span> <span class='ocrx_word' id='word_1_1645' title='bbox 1572 3145 1584 3164; x_wconf 89' lang='lat' dir='ltr'>s</span> <span class='ocrx_word' id='word_1_1646' title='bbox 1593 3145 1606 3164; x_wconf 68' lang='grc' dir='ltr'><strong>Ρ</strong></span> <span class='ocrx_word' id='word_1_1647' title='bbox 1617 3144 1652 3164; x_wconf 81' lang='lat' dir='ltr'>rc</span> <span class='ocrx_word' id='word_1_1648' title='bbox 1662 3145 1691 3164; x_wconf 76' lang='grc' dir='ltr'>Α.</span> <span class='ocrx_word' id='word_1_1649' title='bbox 2109 3164 2111 3166; x_wconf 69' lang='grc'><strong>,</strong></span> 
     </span>
    </p>

    <p class='ocr_par' dir='ltr' id='par_1_111' title="bbox 1243 3166 2406 3241">
     <span class='ocr_line' id='line_1_184' title="bbox 1243 3166 2406 3208; baseline -0.006 -5"><span class='ocrx_word' id='word_1_1650' title='bbox 1243 3174 1284 3205; x_wconf 83' lang='lat' dir='ltr'>Cr</span> <span class='ocrx_word' id='word_1_1651' title='bbox 1295 3184 1311 3203; x_wconf 78' lang='grc'>1.</span> <span class='ocrx_word' id='word_1_1652' title='bbox 1322 3185 1331 3203; x_wconf 91' lang='grc'>1</span> <span class='ocrx_word' id='word_1_1653' title='bbox 1342 3184 1359 3203; x_wconf 83' lang='grc'>0</span> <span class='ocrx_word' id='word_1_1654' title='bbox 1369 3185 1378 3202; x_wconf 91' lang='grc'>1</span> <span class='ocrx_word' id='word_1_1655' title='bbox 1387 3184 1398 3203; x_wconf 88' lang='lat' dir='ltr'>s</span> <span class='ocrx_word' id='word_1_1656' title='bbox 1407 3185 1428 3202; x_wconf 86' lang='lat' dir='ltr'>M</span> <span class='ocrx_word' id='word_1_1657' title='bbox 1439 3184 1458 3202; x_wconf 85' lang='lat' dir='ltr'>u</span> <span class='ocrx_word' id='word_1_1658' title='bbox 1467 3183 1478 3202; x_wconf 90' lang='lat' dir='ltr'>s</span> <span class='ocrx_word' id='word_1_1659' title='bbox 1488 3196 1496 3208; x_wconf 92' lang='lat'>,</span> <span class='ocrx_word' id='word_1_1660' title='bbox 1517 3174 1534 3203; x_wconf 91' lang='lat' dir='ltr'>i.</span> <span class='ocrx_word' id='word_1_1661' title='bbox 1557 3183 1594 3202; x_wconf 87' lang='lat' dir='ltr'>m.</span> <span class='ocrx_word' id='word_1_1662' title='bbox 1618 3169 1778 3203; x_wconf 82' lang='lat' dir='ltr'>idiotismus</span> <span class='ocrx_word' id='word_1_1663' title='bbox 1788 3171 1917 3201; x_wconf 88' lang='lat' dir='ltr'>Cilicum.</span> <span class='ocrx_word' id='word_1_1664' title='bbox 1957 3166 1989 3199; x_wconf 90' lang='lat' dir='ltr'>V.</span> <span class='ocrx_word' id='word_1_1665' title='bbox 2011 3166 2099 3199; x_wconf 87' lang='lat' dir='ltr'>Balth.</span> <span class='ocrx_word' id='word_1_1666' title='bbox 2110 3166 2245 3206; x_wconf 81' lang='lat' dir='ltr'>Stolberg.</span> <span class='ocrx_word' id='word_1_1667' title='bbox 2268 3168 2406 3200; x_wconf 79' lang='lat' dir='ltr'>Exercita-</span> 
     </span>
     <span class='ocr_line' id='line_1_185' title="bbox 1284 3210 1819 3241; baseline -0.006 0"><span class='ocrx_word' id='word_1_1668' title='bbox 1284 3213 1393 3241; x_wconf 90' lang='lat' dir='ltr'>tionem</span> <span class='ocrx_word' id='word_1_1669' title='bbox 1403 3212 1438 3241; x_wconf 90' lang='lat' dir='ltr'>de</span> <span class='ocrx_word' id='word_1_1670' title='bbox 1447 3211 1594 3241; x_wconf 88' lang='lat' dir='ltr'>Cilicismis</span> <span class='ocrx_word' id='word_1_1671' title='bbox 1606 3213 1631 3241; x_wconf 85' lang='lat'>&amp;</span> <span class='ocrx_word' id='word_1_1672' title='bbox 1640 3210 1819 3240; x_wconf 84' lang='lat' dir='ltr'>Soloecismis.</span> 
     </span>
    </p>

    <p class='ocr_par' dir='ltr' id='par_1_112' title="bbox 1243 3243 2405 3667">
     <span class='ocr_line' id='line_1_186' title="bbox 1243 3243 2404 3285; baseline -0.003 -6"><span class='ocrx_word' id='word_1_1673' title='bbox 1243 3249 1312 3280; x_wconf 64' lang='grc'>011</span> <span class='ocrx_word' id='word_1_1674' title='bbox 1324 3259 1452 3285; x_wconf 65' lang='grc'><strong>1011111,</strong></span> <span class='ocrx_word' id='word_1_1675' title='bbox 1473 3250 1492 3279; x_wconf 89' lang='lat' dir='ltr'>i.</span> <span class='ocrx_word' id='word_1_1676' title='bbox 1514 3259 1541 3278; x_wconf 91' lang='lat' dir='ltr'>n.</span> <span class='ocrx_word' id='word_1_1677' title='bbox 1566 3249 1714 3285; x_wconf 70' lang='lat' dir='ltr'>[mmm]</span> <span class='ocrx_word' id='word_1_1678' title='bbox 1736 3248 1838 3282; x_wconf 82' lang='lat' dir='ltr'>Vestis,</span> <span class='ocrx_word' id='word_1_1679' title='bbox 1859 3255 1918 3283; x_wconf 82' lang='lat' dir='ltr'>quae</span> <span class='ocrx_word' id='word_1_1680' title='bbox 1933 3254 1969 3274; x_wconf 87' lang='lat' dir='ltr'>ex</span> <span class='ocrx_word' id='word_1_1681' title='bbox 1986 3245 2126 3274; x_wconf 81' lang='lat' dir='ltr'>hircorum</span> <span class='ocrx_word' id='word_1_1682' title='bbox 2138 3265 2147 3278; x_wconf 72' lang='lat'>,</span> <span class='ocrx_word' id='word_1_1683' title='bbox 2168 3243 2214 3273; x_wconf 87' lang='lat' dir='ltr'>seu</span> <span class='ocrx_word' id='word_1_1684' title='bbox 2232 3245 2404 3282; x_wconf 79' lang='lat' dir='ltr'>capellarum</span> 
     </span>
     <span class='ocr_line' id='line_1_187' title="bbox 1282 3283 2404 3325; baseline -0.003 -9"><span class='ocrx_word' id='word_1_1685' title='bbox 1282 3288 1348 3325; x_wconf 87' lang='lat' dir='ltr'>pilis</span> <span class='ocrx_word' id='word_1_1686' title='bbox 1360 3287 1391 3316; x_wconf 83' lang='lat' dir='ltr'>fit</span> <span class='ocrx_word' id='word_1_1687' title='bbox 1401 3309 1409 3322; x_wconf 86' lang='lat'>,</span> <span class='ocrx_word' id='word_1_1688' title='bbox 1431 3287 1477 3317; x_wconf 90' lang='lat' dir='ltr'>vel</span> <span class='ocrx_word' id='word_1_1689' title='bbox 1485 3288 1568 3316; x_wconf 89' lang='lat' dir='ltr'>etiam</span> <span class='ocrx_word' id='word_1_1690' title='bbox 1579 3297 1630 3325; x_wconf 86' lang='lat' dir='ltr'>pro</span> <span class='ocrx_word' id='word_1_1691' title='bbox 1641 3286 1765 3316; x_wconf 80' lang='lat' dir='ltr'>Textura</span> <span class='ocrx_word' id='word_1_1692' title='bbox 1773 3285 1829 3322; x_wconf 84' lang='lat' dir='ltr'>ipsa</span> <span class='ocrx_word' id='word_1_1693' title='bbox 1841 3284 1992 3321; x_wconf 81' lang='lat' dir='ltr'>accipitur:</span> <span class='ocrx_word' id='word_1_1694' title='bbox 2015 3283 2051 3311; x_wconf 82' lang='lat' dir='ltr'>sic</span> <span class='ocrx_word' id='word_1_1695' title='bbox 2062 3283 2152 3316; x_wconf 60' lang='lat' dir='ltr'>dicia,</span> <span class='ocrx_word' id='word_1_1696' title='bbox 2173 3284 2246 3319; x_wconf 81' lang='lat' dir='ltr'>quod</span> <span class='ocrx_word' id='word_1_1697' title='bbox 2264 3284 2325 3312; x_wconf 87' lang='lat' dir='ltr'>usus</span> <span class='ocrx_word' id='word_1_1698' title='bbox 2342 3285 2404 3317; x_wconf 75' lang='lat' dir='ltr'>eius</span> 
     </span>
     <span class='ocr_line' id='line_1_188' title="bbox 1280 3320 2405 3358; baseline -0.004 -3"><span class='ocrx_word' id='word_1_1699' title='bbox 1280 3327 1311 3355; x_wconf 86' lang='lat' dir='ltr'>in</span> <span class='ocrx_word' id='word_1_1700' title='bbox 1322 3325 1421 3355; x_wconf 83' lang='lat' dir='ltr'>Cilicia</span> <span class='ocrx_word' id='word_1_1701' title='bbox 1432 3333 1506 3355; x_wconf 85' lang='lat' dir='ltr'>ortus</span> <span class='ocrx_word' id='word_1_1702' title='bbox 1515 3325 1554 3354; x_wconf 82' lang='lat' dir='ltr'>sit.</span> <span class='ocrx_word' id='word_1_1703' title='bbox 1595 3321 1678 3353; x_wconf 85' lang='lat' dir='ltr'>Varro</span> <span class='ocrx_word' id='word_1_1704' title='bbox 1687 3333 1711 3353; x_wconf 88' lang='lat'>2.</span> <span class='ocrx_word' id='word_1_1705' title='bbox 1724 3324 1759 3352; x_wconf 89' lang='lat' dir='ltr'>de</span> <span class='ocrx_word' id='word_1_1706' title='bbox 1769 3323 1801 3352; x_wconf 93' lang='lat' dir='ltr'>R.</span> <span class='ocrx_word' id='word_1_1707' title='bbox 1812 3322 1845 3352; x_wconf 82' lang='lat' dir='ltr'>R.</span> <span class='ocrx_word' id='word_1_1708' title='bbox 1855 3331 1915 3357; x_wconf 84' lang='lat' dir='ltr'>cap.</span> <span class='ocrx_word' id='word_1_1709' title='bbox 1927 3331 1937 3349; x_wconf 83' lang='lat'>1</span> <span class='ocrx_word' id='word_1_1710' title='bbox 1948 3331 1968 3349; x_wconf 89' lang='lat'>1.</span> <span class='ocrx_word' id='word_1_1711' title='bbox 1990 3320 2159 3349; x_wconf 84' lang='lat' dir='ltr'>Tondentur</span> <span class='ocrx_word' id='word_1_1712' title='bbox 2169 3341 2177 3354; x_wconf 85' lang='lat'>,</span> <span class='ocrx_word' id='word_1_1713' title='bbox 2199 3321 2275 3358; x_wconf 84' lang='lat' dir='ltr'>quod</span> <span class='ocrx_word' id='word_1_1714' title='bbox 2296 3323 2405 3358; x_wconf 74' lang='lat' dir='ltr'>magnis</span> 
     </span>
     <span class='ocr_line' id='line_1_189' title="bbox 1281 3358 2404 3400; baseline -0.004 -8"><span class='ocrx_word' id='word_1_1715' title='bbox 1281 3363 1356 3393; x_wconf 89' lang='lat' dir='ltr'>villis</span> <span class='ocrx_word' id='word_1_1716' title='bbox 1367 3363 1429 3392; x_wconf 91' lang='lat' dir='ltr'>sunt</span> <span class='ocrx_word' id='word_1_1717' title='bbox 1440 3364 1470 3393; x_wconf 92' lang='lat' dir='ltr'>in</span> <span class='ocrx_word' id='word_1_1718' title='bbox 1479 3372 1578 3400; x_wconf 81' lang='lat' dir='ltr'>magna</span> <span class='ocrx_word' id='word_1_1719' title='bbox 1588 3369 1665 3400; x_wconf 85' lang='lat' dir='ltr'>parte</span> <span class='ocrx_word' id='word_1_1720' title='bbox 1676 3361 1796 3398; x_wconf 74' lang='lat' dir='ltr'>Phrygiae</span> <span class='ocrx_word' id='word_1_1721' title='bbox 1808 3382 1816 3395; x_wconf 94' lang='lat'>‚</span> <span class='ocrx_word' id='word_1_1722' title='bbox 1838 3361 1915 3388; x_wconf 88' lang='lat' dir='ltr'>unde</span> <span class='ocrx_word' id='word_1_1723' title='bbox 1930 3358 2020 3387; x_wconf 81' lang='lat' dir='ltr'>cilicia</span> <span class='ocrx_word' id='word_1_1724' title='bbox 2031 3380 2038 3391; x_wconf 83' lang='grc'><strong>,</strong></span> <span class='ocrx_word' id='word_1_1725' title='bbox 2059 3360 2084 3386; x_wconf 63' lang='grc' dir='ltr'><strong>ἃ</strong></span> <span class='ocrx_word' id='word_1_1726' title='bbox 2105 3364 2198 3386; x_wconf 83' lang='lat' dir='ltr'>cetera</span> <span class='ocrx_word' id='word_1_1727' title='bbox 2217 3359 2277 3394; x_wconf 70' lang='lat' dir='ltr'>ejus</span> <span class='ocrx_word' id='word_1_1728' title='bbox 2295 3359 2404 3395; x_wconf 70' lang='lat' dir='ltr'>generis</span> 
     </span>
     <span class='ocr_line' id='line_1_190' title="bbox 1279 3393 2404 3437; baseline -0.004 -6"><span class='ocrx_word' id='word_1_1729' title='bbox 1279 3402 1344 3431; x_wconf 87' lang='lat' dir='ltr'>ferri</span> <span class='ocrx_word' id='word_1_1730' title='bbox 1355 3401 1453 3431; x_wconf 88' lang='lat' dir='ltr'>solent.</span> <span class='ocrx_word' id='word_1_1731' title='bbox 1492 3401 1546 3430; x_wconf 88' lang='lat' dir='ltr'>Sed</span> <span class='ocrx_word' id='word_1_1732' title='bbox 1557 3400 1631 3436; x_wconf 86' lang='lat' dir='ltr'>quod</span> <span class='ocrx_word' id='word_1_1733' title='bbox 1641 3400 1761 3437; x_wconf 89' lang='lat' dir='ltr'>primum</span> <span class='ocrx_word' id='word_1_1734' title='bbox 1773 3407 1805 3427; x_wconf 87' lang='grc'>03</span> <span class='ocrx_word' id='word_1_1735' title='bbox 1813 3395 1924 3426; x_wconf 78' lang='lat' dir='ltr'>tonsura</span> <span class='ocrx_word' id='word_1_1736' title='bbox 1936 3398 1963 3425; x_wconf 88' lang='lat' dir='ltr'>in</span> <span class='ocrx_word' id='word_1_1737' title='bbox 1980 3397 2077 3425; x_wconf 78' lang='lat' dir='ltr'>Cilicia</span> <span class='ocrx_word' id='word_1_1738' title='bbox 2089 3396 2117 3423; x_wconf 85' lang='lat' dir='ltr'>lit</span> <span class='ocrx_word' id='word_1_1739' title='bbox 2135 3393 2256 3425; x_wconf 81' lang='lat' dir='ltr'>instituta</span> <span class='ocrx_word' id='word_1_1740' title='bbox 2268 3419 2275 3429; x_wconf 78' lang='lat'>,</span> <span class='ocrx_word' id='word_1_1741' title='bbox 2297 3407 2404 3427; x_wconf 88' lang='lat' dir='ltr'>nomen</span> 
     </span>
     <span class='ocr_line' id='line_1_191' title="bbox 1281 3434 2405 3476; baseline -0.007 -7"><span class='ocrx_word' id='word_1_1742' title='bbox 1281 3440 1311 3469; x_wconf 89' lang='lat' dir='ltr'>id</span> <span class='ocrx_word' id='word_1_1743' title='bbox 1323 3438 1556 3474; x_wconf 84' lang='lat' dir='ltr'>Cilicasadjecisse</span> <span class='ocrx_word' id='word_1_1744' title='bbox 1573 3438 1680 3466; x_wconf 85' lang='lat' dir='ltr'>dicunt.</span> <span class='ocrx_word' id='word_1_1745' title='bbox 1719 3436 1778 3465; x_wconf 83' lang='lat' dir='ltr'>Cic.</span> <span class='ocrx_word' id='word_1_1746' title='bbox 1793 3444 1818 3471; x_wconf 90' lang='lat'>3.</span> <span class='ocrx_word' id='word_1_1747' title='bbox 1840 3434 1912 3463; x_wconf 85' lang='lat' dir='ltr'>Verr.</span> <span class='ocrx_word' id='word_1_1748' title='bbox 1923 3445 1967 3469; x_wconf 66' lang='lat'>95.</span> <span class='ocrx_word' id='word_1_1749' title='bbox 1991 3434 2086 3476; x_wconf 81' lang='lat' dir='ltr'>Quum</span> <span class='ocrx_word' id='word_1_1750' title='bbox 2103 3434 2150 3462; x_wconf 80' lang='lat' dir='ltr'>iste</span> <span class='ocrx_word' id='word_1_1751' title='bbox 2169 3434 2330 3464; x_wconf 70' lang='lat' dir='ltr'>civitatibus</span> <span class='ocrx_word' id='word_1_1752' title='bbox 2347 3435 2405 3465; x_wconf 76' lang='lat' dir='ltr'>sru-</span> 
     </span>
     <span class='ocr_line' id='line_1_192' title="bbox 1281 3470 2404 3512; baseline -0.004 -5"><span class='ocrx_word' id='word_1_1753' title='bbox 1281 3483 1424 3512; x_wconf 82' lang='lat' dir='ltr'>mentum,</span> <span class='ocrx_word' id='word_1_1754' title='bbox 1446 3477 1540 3510; x_wconf 75' lang='lat' dir='ltr'>coria,</span> <span class='ocrx_word' id='word_1_1755' title='bbox 1562 3475 1670 3509; x_wconf 85' lang='lat' dir='ltr'>cilicia,</span> <span class='ocrx_word' id='word_1_1756' title='bbox 1691 3474 1784 3503; x_wconf 88' lang='lat' dir='ltr'>saccos</span> <span class='ocrx_word' id='word_1_1757' title='bbox 1801 3473 1958 3509; x_wconf 89' lang='lat' dir='ltr'>imperaret.</span> <span class='ocrx_word' id='word_1_1758' title='bbox 1991 3473 2037 3500; x_wconf 83' lang='lat' dir='ltr'>ubi</span> <span class='ocrx_word' id='word_1_1759' title='bbox 2053 3470 2202 3505; x_wconf 78' lang='lat' dir='ltr'>Asconius,</span> <span class='ocrx_word' id='word_1_1760' title='bbox 2224 3472 2339 3507; x_wconf 79' lang='lat' dir='ltr'>Cilicia,</span> <span class='ocrx_word' id='word_1_1761' title='bbox 2361 3474 2404 3502; x_wconf 90' lang='lat' dir='ltr'>in-</span> 
     </span>
     <span class='ocr_line' id='line_1_193' title="bbox 1282 3509 2405 3552; baseline -0.004 -8"><span class='ocrx_word' id='word_1_1762' title='bbox 1282 3516 1362 3552; x_wconf 83' lang='lat' dir='ltr'>quit,</span> <span class='ocrx_word' id='word_1_1763' title='bbox 1383 3521 1460 3544; x_wconf 83' lang='lat' dir='ltr'>texta</span> <span class='ocrx_word' id='word_1_1764' title='bbox 1469 3515 1504 3544; x_wconf 90' lang='lat' dir='ltr'>de</span> <span class='ocrx_word' id='word_1_1765' title='bbox 1519 3513 1582 3550; x_wconf 85' lang='lat' dir='ltr'>pilis</span> <span class='ocrx_word' id='word_1_1766' title='bbox 1593 3535 1601 3546; x_wconf 88' lang='lat'>,</span> <span class='ocrx_word' id='word_1_1767' title='bbox 1622 3513 1651 3541; x_wconf 89' lang='lat' dir='ltr'>in</span> <span class='ocrx_word' id='word_1_1768' title='bbox 1660 3512 1808 3541; x_wconf 84' lang='lat' dir='ltr'>castrorum</span> <span class='ocrx_word' id='word_1_1769' title='bbox 1818 3510 1896 3539; x_wconf 86' lang='lat' dir='ltr'>usum</span> <span class='ocrx_word' id='word_1_1770' title='bbox 1907 3514 1990 3545; x_wconf 78' lang='lat' dir='ltr'>atque</span> <span class='ocrx_word' id='word_1_1771' title='bbox 2000 3516 2153 3538; x_wconf 80' lang='lat' dir='ltr'>nautarum.</span> <span class='ocrx_word' id='word_1_1772' title='bbox 2193 3510 2267 3539; x_wconf 82' lang='lat' dir='ltr'>Hinc</span> <span class='ocrx_word' id='word_1_1773' title='bbox 2282 3509 2347 3539; x_wconf 88' lang='lat' dir='ltr'>Vela</span> <span class='ocrx_word' id='word_1_1774' title='bbox 2366 3512 2405 3540; x_wconf 86' lang='lat' dir='ltr'>ci-</span> 
     </span>
     <span class='ocr_line' id='line_1_194' title="bbox 1281 3546 2404 3588; baseline -0.004 -6"><span class='ocrx_word' id='word_1_1775' title='bbox 1281 3553 1346 3582; x_wconf 89' lang='lat' dir='ltr'>licia</span> <span class='ocrx_word' id='word_1_1776' title='bbox 1361 3553 1491 3582; x_wconf 88' lang='lat' dir='ltr'>dicuntur</span> <span class='ocrx_word' id='word_1_1777' title='bbox 1502 3551 1621 3588; x_wconf 87' lang='lat' dir='ltr'>Ulpiano</span> <span class='ocrx_word' id='word_1_1778' title='bbox 1662 3549 1732 3585; x_wconf 85' lang='lat' dir='ltr'>Quae</span> <span class='ocrx_word' id='word_1_1779' title='bbox 1748 3549 1812 3577; x_wconf 89' lang='lat' dir='ltr'>ideo</span> <span class='ocrx_word' id='word_1_1780' title='bbox 1820 3555 1950 3585; x_wconf 88' lang='lat' dir='ltr'>parantur</span> <span class='ocrx_word' id='word_1_1781' title='bbox 1960 3569 1966 3581; x_wconf 90' lang='lat'>,</span> <span class='ocrx_word' id='word_1_1782' title='bbox 1987 3556 2023 3575; x_wconf 89' lang='lat' dir='ltr'>ne</span> <span class='ocrx_word' id='word_1_1783' title='bbox 2034 3546 2149 3576; x_wconf 80' lang='lat' dir='ltr'>aedificia</span> <span class='ocrx_word' id='word_1_1784' title='bbox 2159 3556 2242 3576; x_wconf 87' lang='lat' dir='ltr'>vento</span> <span class='ocrx_word' id='word_1_1785' title='bbox 2255 3548 2298 3576; x_wconf 88' lang='lat' dir='ltr'>vel</span> <span class='ocrx_word' id='word_1_1786' title='bbox 2309 3548 2404 3585; x_wconf 85' lang='lat' dir='ltr'>pluvia</span> 
     </span>
     <span class='ocr_line' id='line_1_195' title="bbox 1281 3572 2402 3625; baseline -0.003 -6"><span class='ocrx_word' id='word_1_1787' title='bbox 1281 3591 1418 3620; x_wconf 84' lang='lat' dir='ltr'>laborent.</span> <span class='ocrx_word' id='word_1_1788' title='bbox 1439 3589 1456 3619; x_wconf 91' lang='lat' dir='ltr'>l.</span> <span class='ocrx_word' id='word_1_1789' title='bbox 1472 3599 1512 3618; x_wconf 89' lang='lat'>12.</span> <span class='ocrx_word' id='word_1_1790' title='bbox 1526 3590 1547 3625; x_wconf 59' lang='grc' dir='ltr'>ξ.</span> <span class='ocrx_word' id='word_1_1791' title='bbox 1564 3597 1604 3616; x_wconf 84' lang='lat'>12.</span> <span class='ocrx_word' id='word_1_1792' title='bbox 1631 3572 1663 3616; x_wconf 78' lang='lat' dir='ltr'>l).</span> <span class='ocrx_word' id='word_1_1793' title='bbox 1678 3587 1712 3615; x_wconf 84' lang='lat' dir='ltr'>de</span> <span class='ocrx_word' id='word_1_1794' title='bbox 1724 3586 1798 3615; x_wconf 87' lang='lat' dir='ltr'>instr.</span> <span class='ocrx_word' id='word_1_1795' title='bbox 1810 3586 1854 3615; x_wconf 90' lang='lat' dir='ltr'>vel</span> <span class='ocrx_word' id='word_1_1796' title='bbox 1866 3586 1988 3614; x_wconf 69' lang='lat' dir='ltr'>instrum.</span> <span class='ocrx_word' id='word_1_1797' title='bbox 2007 3584 2060 3614; x_wconf 76' lang='lat' dir='ltr'>&amp;L</span> <span class='ocrx_word' id='word_1_1798' title='bbox 2078 3592 2120 3621; x_wconf 80' lang='lat'>17.</span> <span class='ocrx_word' id='word_1_1799' title='bbox 2134 3585 2191 3622; x_wconf 88' lang='lat'>§.2.</span> <span class='ocrx_word' id='word_1_1800' title='bbox 2204 3585 2236 3615; x_wconf 78' lang='lat' dir='ltr'>D.</span> <span class='ocrx_word' id='word_1_1801' title='bbox 2249 3586 2285 3615; x_wconf 90' lang='lat' dir='ltr'>de</span> <span class='ocrx_word' id='word_1_1802' title='bbox 2299 3587 2402 3616; x_wconf 73' lang='lat' dir='ltr'>action.</span> 
     </span>
     <span class='ocr_line' id='line_1_196' title="bbox 1281 3625 2361 3667; baseline -0.013 -8"><span class='ocrx_word' id='word_1_1803' title='bbox 1281 3635 1369 3667; x_wconf 84' lang='lat' dir='ltr'>empt.</span> <span class='ocrx_word' id='word_1_1804' title='bbox 1391 3625 1841 3660; x_wconf 80' lang='lat' dir='ltr'>Serviusinillud3.Georg.311.</span> <span class='ocrx_word' id='word_1_1805' title='bbox 2358 3655 2361 3657; x_wconf 35' lang='grc'>-</span> 
     </span>
    </p>

    <p class='ocr_par' dir='ltr' id='par_1_113' title="bbox 1376 3661 2070 3697">
     <span class='ocr_line' id='line_1_197' title="bbox 1376 3661 2070 3697; baseline -0.009 -2"><span class='ocrx_word' id='word_1_1806' title='bbox 1376 3666 1438 3695; x_wconf 86' lang='lat' dir='ltr'>Nec</span> <span class='ocrx_word' id='word_1_1807' title='bbox 1450 3665 1542 3693; x_wconf 87' lang='lat' dir='ltr'>minus</span> <span class='ocrx_word' id='word_1_1808' title='bbox 1555 3664 1659 3691; x_wconf 86' lang='lat' dir='ltr'>interea</span> <span class='ocrx_word' id='word_1_1809' title='bbox 1667 3661 1764 3690; x_wconf 85' lang='lat' dir='ltr'>barbas</span> <span class='ocrx_word' id='word_1_1810' title='bbox 1775 3682 1783 3694; x_wconf 84' lang='lat'>,</span> <span class='ocrx_word' id='word_1_1811' title='bbox 1805 3661 1960 3697; x_wconf 86' lang='lat' dir='ltr'>incanaque</span> <span class='ocrx_word' id='word_1_1812' title='bbox 1972 3664 2070 3689; x_wconf 81' lang='lat' dir='ltr'>menta</span> 
     </span>
    </p>

    <p class='ocr_par' dir='ltr' id='par_1_114' title="bbox 1377 3697 2073 3740">
     <span class='ocr_line' id='line_1_198' title="bbox 1377 3697 2073 3740; baseline -0.01 -8"><span class='ocrx_word' id='word_1_1813' title='bbox 1377 3701 1641 3740; x_wconf 81' lang='lat' dir='ltr'>Cinyphiitondent</span> <span class='ocrx_word' id='word_1_1814' title='bbox 1654 3699 1722 3728; x_wconf 86' lang='lat' dir='ltr'>hirci</span> <span class='ocrx_word' id='word_1_1815' title='bbox 1733 3720 1741 3733; x_wconf 94' lang='lat'>,</span> <span class='ocrx_word' id='word_1_1816' title='bbox 1764 3697 1884 3735; x_wconf 86' lang='lat' dir='ltr'>setasque</span> <span class='ocrx_word' id='word_1_1817' title='bbox 1896 3705 2041 3727; x_wconf 81' lang='lat' dir='ltr'>comantes</span> <span class='ocrx_word' id='word_1_1818' title='bbox 2070 3731 2073 3733; x_wconf 24' lang='grc' dir='ltr'>ι</span> 
     </span>
    </p>

    <p class='ocr_par' dir='ltr' id='par_1_115' title="bbox 1285 3731 2406 3849">
     <span class='ocr_line' id='line_1_199' title="bbox 1375 3731 2406 3772; baseline -0.008 -2"><span class='ocrx_word' id='word_1_1819' title='bbox 1375 3740 1459 3770; x_wconf 90' lang='lat' dir='ltr'>Usum</span> <span class='ocrx_word' id='word_1_1820' title='bbox 1474 3740 1503 3768; x_wconf 89' lang='lat' dir='ltr'>in</span> <span class='ocrx_word' id='word_1_1821' title='bbox 1514 3739 1661 3767; x_wconf 77' lang='lat' dir='ltr'>castrorum</span> <span class='ocrx_word' id='word_1_1822' title='bbox 1674 3758 1681 3770; x_wconf 75' lang='lat'>.</span> <span class='ocrx_word' id='word_1_1823' title='bbox 1703 3738 1728 3766; x_wconf 86' lang='lat'>&amp;</span> <span class='ocrx_word' id='word_1_1824' title='bbox 1738 3735 1842 3765; x_wconf 89' lang='lat' dir='ltr'>miseris</span> <span class='ocrx_word' id='word_1_1825' title='bbox 1851 3736 1990 3765; x_wconf 82' lang='lat' dir='ltr'>velamina</span> <span class='ocrx_word' id='word_1_1826' title='bbox 2002 3735 2101 3765; x_wconf 83' lang='lat' dir='ltr'>nautis.</span> <span class='ocrx_word' id='word_1_1827' title='bbox 2195 3731 2228 3766; x_wconf 80' lang='lat' dir='ltr'>l&#39;n</span> <span class='ocrx_word' id='word_1_1828' title='bbox 2245 3734 2322 3766; x_wconf 87' lang='lat' dir='ltr'>usum</span> <span class='ocrx_word' id='word_1_1829' title='bbox 2335 3758 2343 3772; x_wconf 89' lang='lat'>‚</span> <span class='ocrx_word' id='word_1_1830' title='bbox 2364 3735 2406 3766; x_wconf 81' lang='lat' dir='ltr'>in.</span> 
     </span>
     <span class='ocr_line' id='line_1_200' title="bbox 1285 3769 2406 3817; baseline -0.004 -9"><span class='ocrx_word' id='word_1_1831' title='bbox 1285 3778 1346 3817; x_wconf 62' lang='lat' dir='ltr'>quit</span> <span class='ocrx_word' id='word_1_1832' title='bbox 1357 3801 1365 3813; x_wconf 91' lang='lat'>,</span> <span class='ocrx_word' id='word_1_1833' title='bbox 1386 3778 1533 3807; x_wconf 87' lang='lat' dir='ltr'>castrorum</span> <span class='ocrx_word' id='word_1_1834' title='bbox 1545 3776 1610 3804; x_wconf 89' lang='lat' dir='ltr'>ideo</span> <span class='ocrx_word' id='word_1_1835' title='bbox 1619 3775 1708 3809; x_wconf 79' lang='lat' dir='ltr'>dixit,</span> <span class='ocrx_word' id='word_1_1836' title='bbox 1730 3776 1755 3803; x_wconf 67' lang='lat' dir='ltr'>Sc</span> <span class='ocrx_word' id='word_1_1837' title='bbox 1767 3775 1829 3810; x_wconf 86' lang='lat' dir='ltr'>quia</span> <span class='ocrx_word' id='word_1_1838' title='bbox 1839 3774 1873 3802; x_wconf 91' lang='lat' dir='ltr'>de</span> <span class='ocrx_word' id='word_1_1839' title='bbox 1887 3774 1986 3803; x_wconf 81' lang='lat' dir='ltr'>ciliciis</span> <span class='ocrx_word' id='word_1_1840' title='bbox 1995 3773 2139 3811; x_wconf 83' lang='lat' dir='ltr'>poliuntur</span> <span class='ocrx_word' id='word_1_1841' title='bbox 2148 3769 2252 3809; x_wconf 77' lang='lat' dir='ltr'>loricae,</span> <span class='ocrx_word' id='word_1_1842' title='bbox 2273 3777 2299 3805; x_wconf 84' lang='lat'>&amp;</span> <span class='ocrx_word' id='word_1_1843' title='bbox 2311 3781 2406 3812; x_wconf 85' lang='lat' dir='ltr'>tegun-</span> 
     </span>
     <span class='ocr_line' id='line_1_201' title="bbox 1286 3809 2211 3849; baseline -0.006 -3"><span class='ocrx_word' id='word_1_1844' title='bbox 1286 3823 1329 3846; x_wconf 91' lang='lat' dir='ltr'>tur</span> <span class='ocrx_word' id='word_1_1845' title='bbox 1339 3815 1462 3845; x_wconf 87' lang='lat' dir='ltr'>tabulata</span> <span class='ocrx_word' id='word_1_1846' title='bbox 1472 3814 1588 3843; x_wconf 85' lang='lat' dir='ltr'>turrium</span> <span class='ocrx_word' id='word_1_1847' title='bbox 1598 3835 1606 3847; x_wconf 95' lang='lat'>,</span> <span class='ocrx_word' id='word_1_1848' title='bbox 1627 3822 1663 3841; x_wconf 85' lang='lat' dir='ltr'>ne</span> <span class='ocrx_word' id='word_1_1849' title='bbox 1684 3812 1762 3847; x_wconf 72' lang='lat' dir='ltr'>jac&#39;tis</span> <span class='ocrx_word' id='word_1_1850' title='bbox 1773 3811 1880 3841; x_wconf 87' lang='lat' dir='ltr'>facibus</span> <span class='ocrx_word' id='word_1_1851' title='bbox 1891 3812 1961 3848; x_wconf 83' lang='lat' dir='ltr'>ignis</span> <span class='ocrx_word' id='word_1_1852' title='bbox 1970 3810 2053 3849; x_wconf 87' lang='lat' dir='ltr'>possit</span> <span class='ocrx_word' id='word_1_1853' title='bbox 2062 3809 2211 3841; x_wconf 75' lang='lat' dir='ltr'>adhaerere.</span> 
     </span>
    </p>

    <p class='ocr_par' dir='ltr' id='par_1_116' title="bbox 1247 3848 2408 3925">
     <span class='ocr_line' id='line_1_202' title="bbox 1247 3848 2408 3887; baseline -0.004 -4"><span class='ocrx_word' id='word_1_1854' title='bbox 1247 3852 1482 3886; x_wconf 62' lang='lat' dir='ltr'>Carcinus,</span> <span class='ocrx_word' id='word_1_1855' title='bbox 1505 3861 1520 3879; x_wconf 89' lang='lat' dir='ltr'>a</span> <span class='ocrx_word' id='word_1_1856' title='bbox 1532 3873 1540 3885; x_wconf 84' lang='lat'>,</span> <span class='ocrx_word' id='word_1_1857' title='bbox 1562 3858 1618 3879; x_wconf 88' lang='lat' dir='ltr'>um.</span> <span class='ocrx_word' id='word_1_1858' title='bbox 1643 3850 1702 3885; x_wconf 80' lang='lat' dir='ltr'>Adj.</span> <span class='ocrx_word' id='word_1_1859' title='bbox 1723 3848 1884 3885; x_wconf 60' lang='grc' dir='ltr'>[κιλικινὶς]</span> <span class='ocrx_word' id='word_1_1860' title='bbox 1905 3858 1954 3886; x_wconf 82' lang='lat' dir='ltr'>ut,</span> <span class='ocrx_word' id='word_1_1861' title='bbox 1978 3848 2063 3879; x_wconf 88' lang='lat' dir='ltr'>Vestis</span> <span class='ocrx_word' id='word_1_1862' title='bbox 2077 3849 2187 3879; x_wconf 81' lang='lat' dir='ltr'>cilicina</span> <span class='ocrx_word' id='word_1_1863' title='bbox 2200 3871 2207 3885; x_wconf 89' lang='lat'><strong>‚</strong></span> <span class='ocrx_word' id='word_1_1864' title='bbox 2229 3850 2299 3887; x_wconf 76' lang='lat' dir='ltr'>Quae</span> <span class='ocrx_word' id='word_1_1865' title='bbox 2318 3858 2353 3879; x_wconf 80' lang='lat' dir='ltr'>ex</span> <span class='ocrx_word' id='word_1_1866' title='bbox 2370 3849 2408 3878; x_wconf 89' lang='lat' dir='ltr'>ci-</span> 
     </span>
     <span class='ocr_line' id='line_1_203' title="bbox 1286 3887 1888 3925; baseline -0.005 -5"><span class='ocrx_word' id='word_1_1867' title='bbox 1286 3892 1351 3921; x_wconf 89' lang='lat' dir='ltr'>licio</span> <span class='ocrx_word' id='word_1_1868' title='bbox 1363 3891 1401 3920; x_wconf 88' lang='lat' dir='ltr'>est</span> <span class='ocrx_word' id='word_1_1869' title='bbox 1411 3912 1419 3925; x_wconf 89' lang='lat'>,</span> <span class='ocrx_word' id='word_1_1870' title='bbox 1440 3889 1484 3919; x_wconf 86' lang='lat' dir='ltr'>vel</span> <span class='ocrx_word' id='word_1_1871' title='bbox 1494 3889 1534 3918; x_wconf 91' lang='lat' dir='ltr'>illi</span> <span class='ocrx_word' id='word_1_1872' title='bbox 1547 3888 1648 3917; x_wconf 77' lang='lat' dir='ltr'>similis.</span> <span class='ocrx_word' id='word_1_1873' title='bbox 1671 3887 1759 3916; x_wconf 90' lang='lat' dir='ltr'>Solin.</span> <span class='ocrx_word' id='word_1_1874' title='bbox 1771 3897 1831 3925; x_wconf 89' lang='lat' dir='ltr'>cap.</span> <span class='ocrx_word' id='word_1_1875' title='bbox 1844 3896 1888 3922; x_wconf 83' lang='grc'>33.</span> 
     </span>
    </p>
   </div>
   <div class='ocr_carea' id='block_1_13' title="bbox 1249 3923 2410 3994">
    <p class='ocr_par' dir='ltr' id='par_1_117' title="bbox 1249 3923 2410 3994">
     <span class='ocr_line' id='line_1_204' title="bbox 1249 3923 2407 3994; baseline -0.005 -35"><span class='ocrx_word' id='word_1_1876' title='bbox 1249 3930 1272 3960; x_wconf 90' lang='lat' dir='ltr'>C</span> <span class='ocrx_word' id='word_1_1877' title='bbox 1282 3940 1316 3959; x_wconf 69' lang='grc'>11.</span> <span class='ocrx_word' id='word_1_1878' title='bbox 1327 3939 1336 3958; x_wconf 91' lang='grc'>1</span> <span class='ocrx_word' id='word_1_1879' title='bbox 1347 3937 1364 3957; x_wconf 82' lang='lat' dir='ltr'>e</span> <span class='ocrx_word' id='word_1_1880' title='bbox 1376 3938 1384 3957; x_wconf 89' lang='lat'>1</span> <span class='ocrx_word' id='word_1_1881' title='bbox 1394 3938 1414 3956; x_wconf 74' lang='lat' dir='ltr'>A</span> <span class='ocrx_word' id='word_1_1882' title='bbox 1425 3937 1441 3956; x_wconf 77' lang='lat' dir='ltr'>R</span> <span class='ocrx_word' id='word_1_1883' title='bbox 1452 3938 1461 3956; x_wconf 86' lang='lat'>1</span> <span class='ocrx_word' id='word_1_1884' title='bbox 1470 3937 1487 3956; x_wconf 83' lang='lat' dir='ltr'>u</span> <span class='ocrx_word' id='word_1_1885' title='bbox 1499 3936 1511 3956; x_wconf 80' lang='lat' dir='ltr'>s</span> <span class='ocrx_word' id='word_1_1886' title='bbox 1521 3947 1529 3961; x_wconf 84' lang='lat'>,</span> <span class='ocrx_word' id='word_1_1887' title='bbox 1549 3926 1568 3955; x_wconf 92' lang='lat' dir='ltr'>i.</span> <span class='ocrx_word' id='word_1_1888' title='bbox 1589 3935 1626 3955; x_wconf 88' lang='lat' dir='ltr'>m.</span> <span class='ocrx_word' id='word_1_1889' title='bbox 1651 3925 1708 3962; x_wconf 82' lang='lat' dir='ltr'>Qui</span> <span class='ocrx_word' id='word_1_1890' title='bbox 1718 3924 1811 3955; x_wconf 82' lang='lat' dir='ltr'>cilicia</span> <span class='ocrx_word' id='word_1_1891' title='bbox 1822 3925 1888 3994; x_wconf 58' lang='lat' dir='ltr'>fa÷ir</span> <span class='ocrx_word' id='word_1_1892' title='bbox 1898 3930 1946 3992; x_wconf 65' lang='lat' dir='ltr'>itaut</span> <span class='ocrx_word' id='word_1_1893' title='bbox 1957 3926 2062 3956; x_wconf 81' lang='lat' dir='ltr'>vendit.</span> <span class='ocrx_word' id='word_1_1894' title='bbox 2085 3925 2193 3956; x_wconf 84' lang='lat' dir='ltr'>Gruter.</span> <span class='ocrx_word' id='word_1_1895' title='bbox 2207 3923 2407 3992; x_wconf 52' lang='grc' dir='ltr'><strong>111ῑοήέἓέῥὲ</strong></span> 
     </span>
     <span class='ocr_line' id='line_1_205' title="bbox 1881 3972 2410 3993; baseline -0.013 0"><span class='ocrx_word' id='word_1_1896' title='bbox 1881 3972 1892 3993; x_wconf 94' lang='lat' dir='ltr'>t</span> <span class='ocrx_word' id='word_1_1897' title='bbox 2399 3979 2410 3986; x_wconf 88' lang='lat'>.</span> 
     </span>
    </p>
   </div>
   <div class='ocr_carea' id='block_1_14' title="bbox 1659 1389 2402 1428">
    <p class='ocr_par' dir='ltr' id='par_1_118' title="bbox 1659 1389 2402 1428">
     <span class='ocr_line' id='line_1_206' title="bbox 1659 1389 2402 1428; baseline 0.008 -11"><span class='ocrx_word' id='word_1_1898' title='bbox 1659 1390 1788 1418; x_wconf 68' lang='grc' dir='ltr'><strong><em>κιλιζάνπς</em></strong></span> <span class='ocrx_word' id='word_1_1899' title='bbox 1807 1389 1951 1428; x_wconf 69' lang='lat' dir='ltr'>Hesych]</span> <span class='ocrx_word' id='word_1_1900' title='bbox 1974 1389 2069 1419; x_wconf 85' lang='lat' dir='ltr'>Mensa</span> <span class='ocrx_word' id='word_1_1901' title='bbox 2082 1389 2238 1419; x_wconf 84' lang='lat' dir='ltr'>rotundain</span> <span class='ocrx_word' id='word_1_1902' title='bbox 2246 1391 2344 1421; x_wconf 89' lang='lat' dir='ltr'>castris.</span> <span class='ocrx_word' id='word_1_1903' title='bbox 2364 1392 2402 1423; x_wconf 83' lang='lat' dir='ltr'>al.</span> 
     </span>
    </p>
   </div>
  </div>
 </body>
</html>
