2600 4177
475 86 504 121 C
593 82 626 120 U
715 83 742 118 L

110 164 212 197 culeus
223 164 305 198 etiam
317 175 380 197 cum
392 166 496 196 utribus
508 166 640 202 jungitur,
661 165 733 194 inter
742 161 803 193 vasa
814 160 951 195 militaria,
965 160 1128 198 trajiciendo
1138 160 1224 189 amni.

135 198 282 242 Nepos'm.
296 211 322 238 8.
336 215 360 239 7.
402 205 471 234 Sunt
484 205 529 240 qui
542 203 660 232 scribant
671 201 783 231 Culleus
796 223 802 233 .
827 200 931 237 duplici
955 212 980 228 r.

112 242 226 271 Cullcus
235 243 318 272 etiam
329 241 455 271 scribitur
466 242 495 269 in
507 240 596 269 Pacati
609 249 708 276 paneg.
724 243 782 272 138.
799 248 866 266 meze
877 238 935 265 ‹ed-t
967 237 1033 266 Non
1043 236 1135 266 culleo
1148 232 1228 263 insui.

132 280 168 308 H.
181 281 219 309 St.
241 280 271 308 V.
292 289 351 316 cap.
364 290 408 313 44.
420 289 460 316 pr.
482 277 605 313 Eamque
619 276 796 313 scriptionem
807 275 882 303 doen
893 274 1051 310 praeferunt.

77 313 229 345 CULEUM
242 339 249 350 ,
272 317 315 345 vel
340 316 362 345 C
375 324 494 344 uLLau
506 325 545 349 M,
567 314 584 342 i.
607 324 634 343 n.
657 314 766 342 Nonius
780 322 814 342 ex
827 313 947 341 Varrone
957 312 992 341 de
1008 312 1040 341 R.
1052 311 1085 341 R.
1099 309 1147 339 lib.
1164 318 1188 338 1.
1202 317 1229 338 2.

115 361 141 388 7.
164 353 195 383 ln
208 354 310 391 singula
322 354 433 390 jugera..
456 352 528 380 dena
538 351 617 380 culea
629 350 773 380 viniiiunt.

76 389 197 420 CqurX
208 401 280 425 ars,
301 400 325 419 e.
347 390 407 423 Adj.
428 389 597 425 [κκλεωᾶος]
618 396 667 422 ut,
689 388 804 417 Culeare
827 386 952 421 dolium,
983 385 1069 422 Quod
1090 384 1167 421 capit
1186 392 1232 412 cu-

114 426 198 457 leum.
221 429 289 457 Cato
301 437 360 464 cap.
376 436 386 454 1
396 436 436 456 12.
459 426 511 455 Ubi
521 426 641 455 hauseris
648 427 683 455 de
694 427 780 460 mari,
803 426 830 453 in
843 424 951 453 culeare
962 423 1070 453 dolium
1080 421 1233 450 infundite.

116 464 231 494 Culeare
245 465 352 494 labrum
364 486 371 498 ,
393 463 466 500 apud
475 464 610 492 Catonem
622 486 629 497 ,
652 463 722 492 vinis
732 462 926 492 admetiendis.
945 470 1005 498 cap.
1021 470 1081 495 154.

79 498 129 530 Cu
143 513 159 530 L
169 513 177 530 1
188 513 204 531 o
215 513 231 531 L
241 511 260 530 A
271 523 279 536 ‚
300 504 388 530 orum.
412 512 440 530 n.
463 502 501 538 pl.
524 501 585 530 sunt
595 501 720 530 Cortices
731 509 835 529 nucum
848 498 980 528 viridium
993 520 1002 534 ‚
1023 507 1038 527 a
1058 495 1236 526 similitudine

117 539 258 568 culeorum
269 561 277 573 ‚
297 538 397 575 quibus
407 538 500 568 oleum
518 546 564 568 aut
579 540 675 567 viuum
691 538 858 567 continetur.
882 536 981 565 Festus.

81 575 220 610 cutax,
239 577 299 605 Teis.
322 586 358 605 m.
381 575 520 612 [κάιωψ]
542 576 663 612 generali
679 575 795 604 nomine
812 574 915 603 dicitur
939 572 1113 602 Vermiculus
1144 569 1238 600 omnis

116 613 212 643 alatus.
234 612 265 642 V.
287 612 356 643 Plin.
371 614 419 643 lib.
436 622 446 642 r
456 624 477 642 1.
490 623 550 651 cap.
564 623 590 643 2.
612 613 698 642 Plaut.
710 612 790 641 Curc.
802 622 828 646 4.
842 621 867 640 2.
886 620 928 647 14.

210 650 246 680 Ut
257 651 357 681 muscae
369 673 377 687 ‚
397 651 516 685 culices,
536 651 676 688 pedesque
688 672 697 684 ,
718 649 884 687 pulicesque.
988 646 1097 676 Culices
1108 667 1116 680 ‚
1149 644 1239 681 inquit

116 686 243 718 Perottus
254 710 262 723 ‚
283 689 410 718 acescens
422 690 517 718 vinum
529 689 633 725 gignit:
656 697 725 724 quos
736 686 890 716 Aristoteles
902 685 1007 714 culices
1015 684 1134 713 vinarios
1145 687 1237 711 vocat.

117 724 255 755 Columel.
273 726 320 756 lib.
336 736 377 756 ιι.
394 736 455 764 cap.
471 735 495 760 3.
519 727 575 762 Qui
585 726 675 755 aestate
687 724 734 753 ista
749 723 836 758 seret,
857 728 953 752 caveat
962 732 997 752 ne
1010 727 1124 760 propter
1137 720 1241 750 siccita-

118 769 161 793 tes
175 764 257 793 culex
269 765 361 793 adhuc
373 770 467 793 tenera
477 763 543 793 folia
556 763 732 801 prorepentia
741 761 893 790 consumat.

118 800 209 831 Culex
221 823 229 837 ,
251 802 465 831 Minutislimurn
477 802 515 831 est
527 801 660 830 insec'tum
673 809 718 837 gre
739 799 805 828 atim
816 799 840 828 Sc
851 797 997 826 confertim
1008 796 1106 826 volans
1116 794 1173 824 sole
1183 794 1241 823 fere

139 838 253 868 adverso
264 862 272 873 ,
294 841 320 869 &
331 849 392 869 aere
402 837 498 868 sereno
511 861 519 873 ‚
541 838 711 876 potiffimum
735 846 802 874 uper
813 845 896 872 aquas
913 857 920 870 ‚
942 835 988 864 sed
998 836 1024 864 &
1035 833 1111 863 alibi.
1133 832 1243 862 mordet

141 877 240 906 acriter
252 876 300 906 suo
311 876 431 906 stimulo.
473 878 513 906 Un
525 875 611 912 cousin.
653 874 759 904 Picardi
772 895 780 909 ‚
802 873 957 902 moucheron.

120 912 191 944 Mali
203 914 315 944 culices.
337 914 403 944 Hor.
419 924 441 943 r.
455 915 542 944 Serm.
556 924 579 949 5.
595 923 638 948 ¹4·

122 951 212 981 Culex
226 974 233 987 ,
255 951 368 989 figurate
377 962 427 989 pro
438 953 564 981 Amatore
576 973 584 985 .
606 950 682 986 quod
698 959 761 979 cum
773 948 819 978 sua
828 946 1005 986 promuscide
1020 944 1204 975 formosorum
1218 944 1245 974 &

142 990 324 1019 formosarum
335 997 430 1019 cutem
440 989 544 1018 culices
554 988 732 1026 pertundam,
754 987 780 1016 ἃ
791 992 921 1023 tanquam
932 984 1052 1021 quodam
1063 983 1177 1020 siphone
1187 982 1246 1012 san-

142 1028 256 1094 gcuisnem
267 1027 398 1064 eliciant,
419 1036 452 1058 ac
466 1036 559 1057 amore
569 1025 692 1064 quodam
703 1034 800 1055 eorum
812 1025 886 1062 capti
898 1022 951 1053 effe
971 1023 1126 1052 videantur.
1156 1020 1244 1051 Plaut.

168 1074 183 1094 a
197 1087 203 1094 .
216 1074 242 1094 2.
257 1073 281 1101 3.
294 1073 339 1094 22.

473 1117 510 1124 —
519 1102 573 1132 eho
583 1107 612 1130 tu

181 1175 199 1205 b
219 1138 309 1169 Nihili
322 1149 391 1170 cana
400 1138 483 1170 culex
494 1149 501 1170 ε
523 1140 569 1170 vix
577 1145 675 1168 teneor
685 1158 693 1173 ,
713 1136 778 1175 quin
788 1146 847 1174 quae
858 1136 960 1166 decent
971 1141 1000 1165 te
1012 1135 1113 1165 dicam.

143 1185 179 1205 ne
202 1187 241 1206 us.

87 1210 112 1242 C
121 1222 140 1242 u
150 1216 186 1243 Li
195 1223 212 1243 c
221 1216 311 1245 ὔιυε
321 1237 330 1250 ,
352 1215 369 1244 i.
392 1225 429 1245 m.
452 1214 550 1244 dimin.
574 1213 658 1243 Gloff.
676 1211 772 1250 Cyrill.
794 1211 938 1241 Culiculus
949 1232 958 1245 ‚
978 1210 1104 1239 κωνώπων.

88 1250 113 1280 C
122 1261 139 1280 υ
149 1262 165 1280 L
176 1262 209 1282 rc
217 1264 226 1281 1
234 1263 254 1282 A
264 1263 279 1281 a
289 1264 298 1281 r
308 1263 326 1282 u
336 1263 348 1282 s
357 1274 365 1287 ‚
381 1252 552 1289 [Koma-Smer]
575 1250 672 1288 Apollo
687 1251 776 1280 dictus
788 1271 796 1284 ,
818 1252 843 1279 δι
859 1250 913 1278 hoc
926 1249 1042 1278 nomine
1054 1248 1084 1276 in
1094 1246 1183 1277 Attica
1192 1244 1251 1275 cul-

126 1297 170 1356 {ubs
181 1291 228 1326 est,
247 1291 323 1328 quod
334 1291 445 1320 infestos
454 1289 556 1320 culices
565 1298 603 1326 ex¹
611 1290 681 1326 agris
691 1287 873 1326 propulsaret,
894 1293 926 1316 ut
935 1286 1030 1316 scribit
1041 1286 1119 1315 Alex.
1128 1285 1162 1314 ab
1173 1284 1250 1314 Alex.

140 1337 146 1355 ι
170 1350 176 1357 .
191 1338 214 1357 1.
227 1338 258 1358 ca
282 1351 288 1357 .
307 1339 317 1357 1
343 1350 349 1357 .

89 1363 225 1396 Cqucr
236 1388 244 1402 ‚
260 1338 358 1396 iamin.
380 1374 418 1395 m.
439 1364 521 1395 Istriae
531 1364 648 1403 populi,
669 1363 782 1393 Venetis
790 1362 911 1398 finitimi,
935 1367 965 1392 ut
976 1361 1068 1392 scribit
1079 1359 1148 1390 Plin.
1162 1359 1211 1390 lib.
1226 1366 1252 1396 3.

128 1411 160 1433 ca
184 1426 190 1433 .
205 1414 248 1439 19.

91 1413 271 1471 CuLprGNA
282 1463 290 1476 ‚
312 1450 343 1471 ae.
365 1440 384 1471 f.
407 1439 560 1477 [κυλίκιον]
580 1438 634 1470 Vas
650 1439 801 1478 potorium.
842 1437 929 1468 Cato.
958 1435 1106 1475 Culignam
1123 1437 1153 1465 in
1174 1435 1253 1465 foeno

131 1478 228 1509 Graeco
240 1479 339 1517 ponito
351 1500 360 1513 ‚
381 1486 412 1508 ut
423 1477 495 1508 bene
511 1478 594 1508 oleat.
616 1478 686 1507 Haec
694 1477 794 1506 Festus.
835 1476 904 1505 Cato
915 1485 975 1513 cap.
991 1484 1053 1511 132.
1071 1484 1112 1513 pr.
1133 1473 1196 1509 Jovi
1208 1473 1256 1502 da-

129 1515 185 1553 pali
198 1517 340 1554 culignam
349 1516 408 1545 vini
420 1522 553 1552 quantum
565 1517 606 1545 vis
616 1515 770 1553 pollucem.

92 1552 140 1583 Cir
150 1565 165 1582 L
173 1558 185 1583 i
193 1564 213 1583 N
221 1564 252 1589 A,
262 1564 292 1583 ae.
305 1554 324 1583 f.
337 1553 500 1590 [κᾳγειεῐίσν
511 1554 525 1589 ]
538 1553 626 1582 Locus
635 1553 664 1582 in
675 1561 731 1590 quo
742 1551 944 1581 comburuntur
956 1550 1045 1587 epulae
1057 1550 1082 1578 in
1094 1550 1202 1582 funere,
1213 1548 1258 1577 in-

98 1603 102 1607 >
127 1592 258 1628 quitFest.
265 1592 346 1621 Varro
357 1592 393 1621 de
403 1589 1016 1629 vitaPop.Rom.lib.1.apudNon.1.273.Qua
1025 1587 1073 1616 fini
1084 1588 1115 1616 sit
1126 1588 1217 1616 antica
1227 1587 1255 1615 &

127 1629 243 1666 postica.
256 1631 285 1659 in
301 1630 405 1668 postica
417 1636 494 1668 parte
503 1636 560 1659 erat
570 1628 681 1658 culina:
702 1627 777 1657 dicta
786 1627 820 1657 ab
833 1636 877 1662 eo,
887 1626 963 1664 quod
974 1626 1013 1655 ibi
1023 1625 1153 1654 colebant
1162 1625 1256 1662 ignem

127 1667 347 1706 locupletiorum
363 1668 473 1698 domus.
496 1677 579 1705 quam
597 1666 702 1696 fuerint
719 1665 850 1702 angustiis
866 1663 1039 1702 paupertinis
1056 1664 1177 1697 coactae,
1198 1661 1257 1699 ipsa

128 1707 245 1735 nomina
256 1706 407 1735 declarant.
430 1705 487 1736 Cic.
504 1716 547 1741 ις.
563 1705 637 1735 Fam.
656 1709 699 1738 18-
721 1703 775 1732 Ubi
786 1703 886 1741 igitur,
907 1702 1034 1738 inquies,
1055 1699 1253 1739 philosophia?

129 1748 181 1773 tua
191 1744 306 1781 quidem
316 1743 345 1773 in
359 1743 468 1773 culina:
493 1753 554 1772 mea
563 1742 678 1772 molesta
690 1741 736 1770 est.

129 1781 233 1812 Culina
242 1782 315 1812 dieta
326 1781 365 1811 est
375 1781 448 1818 quasi
460 1780 558 1810 Colina
569 1802 577 1815 ,
598 1780 662 1816 quia
675 1779 714 1808 ibi
726 1779 797 1809 lares
805 1777 934 1807 colantur
942 1798 950 1811 ‚
972 1776 1017 1806 vel
1029 1775 1104 1814 quod
1123 1775 1257 1805 carbones

148 1819 244 1849 culiat.
285 1819 497 1849 Commentator
507 1818 615 1848 Horatii
624 1827 690 1847 cum
699 1816 820 1854 Cruquio
830 1815 946 1846 excusus
959 1819 1021 1850 362.
1046 1814 1081 1843 H.
1094 1814 1131 1843 St.
1154 1814 1190 1842 ad
1199 1813 1256 1843 Sat.

154 1866 179 1887 1.
192 1861 217 1887 6.
233 1864 276 1893 38.
300 1857 358 1895 Ego
371 1858 457 1894 magis
467 1855 746 1886 animadvertendum
757 1861 836 1892 puto,
854 1853 1001 1883 Horatium
1015 1851 1054 1881 ibi
1067 1851 1196 1881 Culinam
1205 1860 1258 1889 pro

153 1895 243 1926 Coena
255 1895 374 1934 posuiffe
387 1917 396 1930 ,
418 1903 448 1924 ut
457 1895 534 1924 idem
545 1900 679 1923 annotat:

214 1934 332 1963 Murena
342 1932 484 1971 praebente
495 1932 611 1961 domum
624 1954 631 1967 ‚
651 1930 789 1968 Capitone
799 1928 930 1960 culinam.
1019 1926 1065 1958 Sic

131 1972 264 2004 studiosa
275 1972 377 2001 culinae
392 1972 533 2007 juventus.
555 1969 623 1999 Hor.
637 1978 663 1998 2.
675 1969 763 1999 Serm.
779 1977 804 2003 ς.
821 1972 865 2001 80.
887 1967 922 1996 de
933 1964 1086 2004 Penelopes
1098 1964 1201 2004 procis.

134 2011 158 2041 A
170 2020 269 2047 magna
280 2019 338 2039 non
347 2010 514 2047 degenerare
527 2008 630 2038 culina.
652 2006 751 2043 Juven.
768 2015 810 2041 14.
824 2006 878 2035 Sat.
895 2015 937 2039 ¹4·

133 2048 255 2083 culina,
276 2047 401 2083 Latrina,
422 2045 547 2076 secessus.
568 2045 661 2075 lfidor.
677 2042 762 2074 Gloss'.
784 2043 815 2073 V.
838 2043 922 2072 etiam
940 2041 1022 2071 Varro
1040 2041 1077 2072 de
1091 2040 1121 2071 L.
1132 2040 1162 2071 L.
1173 2048 1256 2077 425.

155 2088 182 2116 &
193 2086 300 2116 Petron.
313 2095 374 2123 cap.
387 2095 413 2115 2.
436 2086 462 2115 ἃ
474 2084 512 2114 ibi
525 2083 636 2113 Erhard.
650 2084 676 2112 ἃ
690 2081 784 2112 Heins.
794 2083 820 2111 &
830 2081 920 2110 Burm.

98 2121 123 2152 C
133 2135 150 2153 u
162 2135 178 2153 L
187 2135 197 2153 1
209 2134 230 2153 N
240 2134 260 2153 A
270 2134 287 2153 r.
297 2134 306 2153 1
316 2133 335 2153 u
346 2133 368 2158 s,
388 2124 406 2152 i.
429 2132 466 2152 rn.
487 2121 648 2152 Scribonius
662 2120 763 2159 Largus
772 2129 866 2158 comp.
884 2127 946 2156 130.
967 2116 1110 2146 'seruntur
1119 2125 1156 2146 ex
1164 2115 1261 2146 cinere

138 2162 241 2198 lixiva,
262 2171 315 2199 qua
325 2161 452 2191 culinarii
464 2166 587 2190 utuntur.

99 2199 124 2230 C
136 2211 153 2230 υ
164 2211 181 2229 L
191 2211 200 2228 i
211 2210 232 2229 N
242 2210 266 2228 ω
275 2221 283 2234 ‚
302 2209 388 2229 arum.
411 2199 429 2228 f.
452 2198 525 2227 Loca
538 2197 664 2235 quaedam
678 2194 791 2233 publica
802 2195 831 2224 in
841 2192 1005 2223 suburbanis
1015 2191 1182 2221 dicebantur
1192 2212 1200 2226 ‚
1221 2190 1262 2221 in-

138 2248 226 2276 opum
234 2238 368 2267 destinata
375 2237 519 2266 funeribus
529 2245 536 2265 :
547 2242 578 2264 ut
586 2235 624 2264 ait
635 2236 760 2272 Aggenus
771 2231 921 2271 p.60.Goes.
928 2232 962 2260 de
974 2230 1110 2259 limitibus
1121 2239 1261 2267 agrorum.

100 2275 153 2306 Cu
164 2285 246 2311 er,
266 2276 327 2305 icis.
349 2274 443 2304 Herba
457 2274 512 2309 est,
535 2283 588 2310 qua
602 2273 666 2302 trita
678 2272 772 2300 lemen
790 2278 1005 2299 cucumer-orum
1023 2275 1193 2297 maceratum
1212 2266 1264 2296 seri

142 2315 257 2350 jubent,
279 2319 309 2342 ut
319 2313 377 2342 sine
387 2312 492 2341 semine
507 2311 660 2340 nascantur.
682 2310 785 2338 Auctor
799 2308 867 2338 Plin.
880 2306 928 2336 lib.
943 2314 985 2341 19.
998 2315 1059 2343 cap.
1078 2316 1103 2338 ς.
1119 2338 1121 2342 .

104 2351 129 2382 C
140 2363 158 2381 u
169 2363 185 2381 L
195 2363 211 2381 r.
220 2362 239 2381 u
256 2373 265 2387 ,
286 2350 428 2381 Numidiae
439 2350 576 2387 oppidum
586 2370 595 2384 ‚
616 2348 695 2383 cujus
711 2346 841 2376 meminit
853 2345 920 2374 Plin.
933 2344 982 2373 lib.
999 2354 1022 2378 ς.
1037 2353 1097 2380 cap.
1109 2351 1132 2378 3.

103 2390 128 2420 C
139 2400 157 2425 u
168 2401 185 2419 L
194 2401 216 2419 Μ
226 2393 239 2418 1}
251 2398 271 2419 N
282 2411 291 2425 ‚
313 2389 378 2417 inis.
400 2398 428 2417 n.
451 2388 576 2423 selgae&³
592 2385 718 2422 ἕξεισμαι]
738 2384 824 2420 Quod
833 2382 933 2411 culmis
945 2383 1065 2418 tegitur:
1085 2381 1149 2417 quia
1159 2385 1266 2410 veteres

142 2427 260 2495 κάἒίειίε
270 2426 372 2457 culmis
381 2425 579 2464 contegebant,
601 2424 631 2453 id
646 2423 685 2453 est
694 2421 781 2461 paleis
789 2420 933 2455 meilonis,
949 2420 1041 2456 inquit
1050 2419 1169 2449 Servius.
1191 2417 1264 2456 Virg.

143 2476 169 2497 1.
210 2475 226 2495 c
240 2488 246 2494 .
259 2469 305 2500 69.

1178 1132 1251 1163 Tur-

236 2502 365 2541 Pauperis
376 2501 502 2539 &tuguri
513 2499 675 2538 congestum
683 2497 793 2537 caespite
802 2495 928 2527 culmen.

144 2541 237 2572 Altum
246 2540 366 2570 culmen.
387 2540 459 2577 Virg.
472 2549 498 2569 2.
508 2539 569 2570 ffin.
583 2548 648 2574 4¹0-

144 2578 281 2610 Candida.
303 2579 425 2616 Propert.
439 2577 489 2607 lib.
505 2587 528 2612 3.
543 2579 586 2606 16.
599 2584 623 2612 3.

144 2617 235 2647 Clara.
257 2616 345 2646 Valer.
359 2627 382 2652 5.
397 2618 497 2653 Argon.
511 2617 575 2649 646.

145 2655 226 2686 Fulta
235 2654 367 2684 culmina.
390 2652 508 2683 martial.
518 2652 565 2682 lib.
581 2660 624 2681 12.
635 2658 680 2688 73.

145 2693 280 2724 Pastorale
292 2714 300 2728 ‚
319 2691 476 2729 Tugurium
491 2690 538 2720 seu
551 2689 681 2723 Tectum.
703 2685 801 2717 Claud.
813 2685 849 2715 de
863 2684 930 2715 Bell.
943 2684 1005 2716 Get.
1018 2692 1081 2723 355.

145 2731 309 2762 Nudactum
321 2731 404 2760 tecto.
445 2728 476 2758 V.
499 2738 520 2757 N
530 2736 549 2757 u
558 2737 577 2757 r)
589 2737 606 2756 υ
615 2737 637 2756 s.

147 2770 262 2800 Summa
275 2768 405 2798 villarum
415 2766 546 2796 culmina.
568 2765 640 2802 Virg.
656 2775 679 2793 ι.
692 2762 751 2793 Ecl.
766 2767 811 2797 83.

241 2806 337 2842 Etiam
351 2805 456 2836 summa
465 2802 564 2842 procul
573 2802 700 2833 villarum
709 2800 832 2830 culmina
843 2799 961 2829 fumant.
1013 2817 1017 2821 ι

148 2843 238 2875 Τεέῒᾶ
254 2844 401 2873 domorum
413 2842 536 2872 culmina
547 2839 720 2870 convellunt.
743 2838 817 2875 Virg.
831 2847 857 2867 2.
870 2838 931 2868 AEn.
945 2839 1010 2873 446.

113 2914 116 2919 ,
149 2883 270 2913 Admota
290 2882 416 2912 aethereis
434 2879 559 2911 culmina
570 2878 696 2913 sedibus,
716 2876 830 2906 AEdium
843 2875 972 2906 subilmia
982 2873 1097 2912 fastigia.
1119 2871 1184 2903 sen.
1199 2870 1272 2911 Hip-

149 2919 350 3002 Iii'gils'diilmen
360 2956 435 2993 Jovis
446 2978 454 2991 ‚
473 2955 591 2999 fulmine
602 2953 697 2984 ictum.
718 2951 777 2982 Liv.
788 2960 831 2987 27.
844 2961 871 2987 4.

151 2997 307 3027 Hominum
320 3017 328 3028 .
349 3005 381 3025 ac
390 2995 519 3024 deorum.
543 2993 614 3030 Virg.
626 3003 651 3027 4.
661 2991 723 3021 AEn.
734 2994 799 3026 671.

153 3034 272 3065 Culmen
284 3056 292 3069 ‚
313 3033 464 3063 Summitas
476 3031 592 3066 alicujus
608 3031 655 3059 rei.
694 3028 766 3057 Plin.
779 3027 828 3056 lib.
841 3037 866 3063 9.
880 3036 941 3064 cap.
956 3034 1000 3062 35.
1022 3024 1195 3063 Principium
1205 3031 1273 3062 ergo

174 3072 343 3108 culmenque
353 3071 477 3100 omnium
490 3075 580 3098 rerum
591 3067 674 3105 pretii
682 3066 834 3103 margaritae
847 3071 953 3094 tenent.

152 3110 195 3141 Re
214 3110 257 3139 ale
272 3110 402 3144 culmen,
422 3107 507 3145 Regia
518 3106 650 3139 maiestas.
670 3104 770 3134 Claud.
782 3103 819 3132 de
829 3102 897 3133 sext.
915 3100 997 3131 Cons-
1013 3100 1120 3131 Honor.
1133 3102 1179 3136 64.

153 3120 300 3178 ngmum
310 3147 387 3183 Jovis
401 3145 524 3176 culmen.
546 3144 594 3174 Sil.
606 3143 656 3173 lib.
669 3151 693 3178 3.
707 3151 769 3177 310.
1042 3176 1048 3182 .
1109 3175 1115 3181 .
1199 3174 1206 3181 δ

152 3185 342 3216 Perveniread
354 3184 477 3213 culmen.
516 3182 586 3212 Plin.
602 3181 650 3211 lib.
662 3190 704 3216 ις.
716 3189 778 3217 cap.
794 3188 837 3215 ις.
858 3177 921 3207 Pars
941 3176 1002 3207 haec
1023 3181 1086 3206 vrtae
1106 3173 1276 3213 jampridem

174 3224 303 3261 pervenit
313 3223 349 3251 ad
360 3221 482 3251 culmen.

155 3261 274 3291 Culmen
286 3260 423 3294 hominis,
445 3259 544 3295 Caput.
584 3256 641 3286 Liv.
655 3264 678 3285 1.
691 3263 733 3292 34.
745 3254 780 3284 ad
793 3253 842 3283 sm.
864 3252 945 3283 Circa
955 3252 1094 3282 summum
1104 3249 1279 3281 culmenho-

175 3299 260 3334 minis
270 3298 420 3336 auspicium
431 3295 534 3326 secisse.

155 3337 276 3368 Culmen
287 3358 295 3371 ‚
314 3346 364 3374 pro
376 3334 478 3364 Culmo
491 3334 544 3363 {ive
554 3330 662 3370 stipula.
684 3330 768 3360 Ovid.
779 3340 804 3365 4.
816 3328 883 3359 Fast.
895 3337 958 3365 734.

114 3383 125 3387 ·
237 3374 332 3404 Tertia
345 3382 407 3408 res,
429 3372 504 3401 durae
515 3371 627 3403 culmen
637 3370 720 3398 inane
729 3369 808 3398 fabae.
887 3366 916 3395 h.
935 3375 960 3395 e.
981 3364 1062 3395 Fabae
1082 3363 1210 3400 culmus,
1231 3361 1278 3401 qui

178 3413 274 3451 suapte
285 3420 381 3441 natura
391 3410 482 3439 inanis
493 3409 531 3439 est
542 3410 567 3438 Sc
579 3416 691 3437 vacuus.

123 3450 146 3480 C
155 3461 174 3479 u
184 3462 200 3480 L
209 3462 232 3481 M
241 3462 251 3479 1
262 3460 282 3479 N
292 3461 301 3478 ι
313 3459 331 3478 u
341 3458 353 3478 s
364 3470 372 3483 ‚
392 3458 408 3478 a
417 3469 426 3483 ,
447 3457 504 3477 um.
526 3447 587 3482 Adj.
610 3452 640 3475 ut
649 3467 657 3479 ‚
679 3443 750 3474 Olea
762 3441 905 3471 culminia.
927 3439 1064 3471 Columel.
1079 3450 1102 3473 ς.
1115 3445 1140 3473 8.
1153 3448 1178 3475 3.

161 3488 249 3519 Bacca
259 3487 403 3517 culminia.
424 3485 502 3516 Idem
516 3494 558 3514 12.
571 3493 614 3519 52·
651 3482 741 3519 [Non
750 3480 860 3509 videtur
876 3490 892 3509 a
902 3478 1031 3508 Culmine
1040 3479 1155 3507 dunum
1163 3485 1277 3506 nomen.

125 3526 147 3556 C
158 3535 176 3554 υ
187 3537 204 3554 L
214 3537 234 3555 Μ
243 3529 254 3555 ἰ
262 3536 281 3555 Ν
290 3536 308 3555 o
316 3547 324 3561 ,
344 3527 398 3554 ‘a‘re-
419 3522 536 3553 Culmen
545 3523 636 3551 facere
645 3542 654 3554 ,
676 3518 814 3549 attollere.
855 3517 938 3547 Mart.
951 3515 1064 3553 Capella
1076 3515 1125 3545 lib.
1135 3525 1160 3551 9.
1173 3524 1201 3552 p.
1215 3523 1277 3550 309.

163 3563 234 3600 Quae
244 3563 366 3592 senatum
378 3561 484 3591 lumina
499 3560 588 3590 Deum
599 3558 723 3587 verendo
734 3555 894 3585 culminatis
903 3554 1016 3584 vertice.

127 3601 150 3632 C
162 3610 179 3628 u
192 3608 308 3636 Lixus,
329 3602 347 3630 i.
370 3610 407 3629 m.
428 3598 571 3635 [νιφλαίμη.
594 3593 708 3629 efflet&
734 3593 886 3630 κόλακες]
903 3592 951 3629 qui
975 3593 1000 3622 &
1015 3590 1172 3620 Comus
1186 3610 1196 3623 ‚
1215 3588 1281 3618 Fru-

163 3640 252 3706 genti
262 3639 384 3668 calamus
397 3648 412 3668 a
430 3636 523 3666 radice
533 3634 618 3672 usque
633 3634 669 3663 ad
678 3632 803 3671 spicam:
824 3631 915 3660 difftus
929 3629 1005 3667 quod
1025 3628 1141 3658 colatur.
1163 3626 1234 3664 Virg.
1255 3635 1280 3656 1.

191 3686 237 3706 eor
259 3699 265 3706 .
281 3686 341 3705 nr.

239 3686 256 3714 g
355 3727 391 3733 ——
401 3722 437 3741 ne
448 3710 568 3748 gravidis
586 3706 754 3746 procumbat
767 3706 878 3737 culmus
895 3705 989 3735 aristis.
1083 3701 1139 3732 Ubi
1152 3702 1281 3738 Servius;

164 3751 281 3781 Culmus
290 3772 298 3786 ,
319 3750 432 3787 junctio
443 3750 587 3787 spicarum.
629 3745 735 3775 ibidem
748 3767 755 3777 .
769 3753 830 3780 321.

357 3803 393 3808 -
403 3787 582 3821 culmumque
601 3784 690 3813 levem
700 3804 709 3816 ‚
730 3781 894 3819 stipulasque
914 3780 1050 3810 volantes.
1150 3777 1205 3806 Ubi
1224 3777 1285 3806 Ser.

165 3827 229 3892 viusl
238 3836 246 3861 ·,
269 3825 383 3855 Culmus
391 3826 491 3855 dicitur
507 3823 563 3862 ipse
578 3822 722 3852 Calamus:
743 3819 859 3858 Stipulae
877 3828 962 3854 vero,
983 3816 1060 3847 Folia
1079 3825 1139 3853 quae
1158 3814 1285 3845 ambiunt

184 3875 220 3894 (Συ
233 3873 319 3892 Uli-lm.

167 3901 288 3969 Cerzalis
299 3900 416 3969 enipius.
437 3899 510 3939 Virg.
521 3907 547 3930 ὲ.
566 3897 664 3935 Georg.
680 3904 740 3933 5¹7-

254 3948 270 3968 0
279 3949 304 3968 L.
358 3960 366 3970 .

1719 70 1727 87 ³
1733 73 1761 106 C
1860 70 1891 106 U
1989 69 2015 105 L

1322 154 1497 192 Crepitantes
1506 153 1591 184 culmi
1604 153 1704 184 mess-..m
1728 153 1775 182 Sil.
1787 152 1831 181 lib.
1849 160 1889 186 ι3.
1901 150 1964 186 672.

1321 193 1446 229 Fragilis.
1471 192 1543 228 virg.
1561 201 1583 220 r.
1603 192 1703 226 Georg.
1717 195 1762 226 76.
1784 190 1818 219 al.
1842 188 1978 217 Calamus.

1323 230 1488 259 Genieulato
1504 230 1597 259 culmo
1610 231 1699 258 erecta
1711 228 1805 258 herba.
1827 226 1886 256 Cic.
1899 225 1936 255 de
1947 224 2056 255 Seuen.
2077 231 2120 259 51-

1323 266 1411 296 Levis.
1435 267 1503 303 Virg.
1522 277 1544 296 ι.
1561 267 1735 302 Georg.321.

1323 304 1469 333 Pallentes.
1491 305 1558 333 Stat.
1577 313 1601 338 3.
1614 305 1679 333 Silv.
1695 313 1718 339 3.
1735 309 1796 337 ¹²8-

1276 348 1282 350 ’
1324 341 1514 377 Surgentesin
1526 343 1653 379 segetem.
1677 341 1780 371 Lucan.
1797 339 1844 369 lib.
1859 342 1886 370 6.
1903 345 1965 368 110.

1325 377 1519 415 Romuleoque
1531 388 1627 409 recens
1635 380 1766 408 horrebat
1780 378 1853 414 regia
1865 376 1968 406 culmo.
1991 373 2064 410 Virg.
2074 377 2101 405 8-
2115 371 2177 402 ffin.
2190 373 2254 406 654.
2277 371 2386 402 Curiam
2399 372 2452 403 Ca-

1346 416 1447 445 labram
1464 417 1548 451 dicit,
1570 427 1650 453 quam
1664 417 1799 446 Romulus
1808 422 1914 444 texerat
1923 412 2030 442 culmis.
2052 410 2173 440 Servius.

1327 452 1475 520 Cglnjlicege
1486 453 1589 492 spicam
1602 464 1617 484 e
1632 454 1725 483 culmo
1737 474 1745 487 ‚
1765 455 1783 483 i.
1799 463 1823 483 e.
1847 452 1886 482 Ex
1900 452 2040 481 senenute
2057 447 2182 484 iudicare
2199 446 2235 476 dc
2254 446 2376 482 juventa.
2416 448 2447 479 V.

1371 501 1397 519 ,n
1413 501 1438 520 ra
1461 514 1467 520 .

1291 525 1313 556 C
1322 537 1341 556 υ
1350 538 1393 557 Lm
1402 533 1419 558 ὅ
1430 539 1442 558 s
1452 539 1469 558 u
1479 539 1491 559 s
1507 550 1516 565 ,
1536 538 1552 557 a
1562 550 1570 564 ‚
1592 538 1648 558 um.
1673 529 1733 593 Iildj.
1755 527 1853 558 Sidon.
1864 526 1956 556 Carm.
1969 533 1995 560 9.
2011 532 2056 560 7².

1577 582 1613 586 —
1624 576 1679 594 ma(
1692 575 1737 595 ere

1409 603 1554 633 Culmosos
1565 604 1648 632 viridi
1660 613 1757 632 cruore
1771 602 1877 632 fratres.

1291 638 1342 668 Cu
1353 650 1419 670 LPA
1431 663 1438 675 ‚
1461 652 1491 670 az.
1517 642 1535 670 s.
1557 640 1647 677 [αἰτίαι
1660 663 1668 675 ,
1686 639 1819 674 mmm]
1839 638 1878 668 est
1893 639 1969 674 ejus,
1991 634 2225 673 inquitnonatus
2240 655 2248 669 ‚
2268 634 2316 672 qui
2337 633 2456 664 insciens

1330 676 1451 716 aliquem
1464 678 1539 708 laelit.
1564 678 1647 708 Plaut.
1661 678 1742 716 Epid.
1759 688 1782 712 ς.
1797 687 1820 706 2.
1838 681 1882 710 64.

1425 716 1497 745 Mihi
1517 722 1548 744 ut
1562 715 1686 752 ignoscas
1697 738 1705 750 ,
1727 715 1744 744 si
1757 715 1822 752 quid
1836 712 1999 751 imprudens
2010 711 2093 749 culpa
2103 711 2216 748 peccavi
2229 720 2300 740 mea.

1332 752 1390 782 Off.
1402 760 1446 787 89.
1469 753 1512 783 Ne
1520 754 1608 787 maior
1620 763 1705 790 poena
1717 763 1799 790 quam
1810 752 1891 787 culpa
1903 750 1933 779 sit
1944 750 2107 779 cavendum.

1332 790 1440 828 Culpa,
1462 800 1523 820 mea
1535 813 1542 825 ,
1565 797 1611 819 tua
1626 813 1634 825 ‚
1655 792 1731 825 ejus,
1746 792 1797 820 &e
1821 789 1970 818 Ablativus.
1994 787 2078 816 Plaut.
2093 785 2156 815 cist.
2174 797 2194 814 ι.
2211 795 2233 814 ι.
2246 790 2291 822 78.

1425 829 1479 858 Sed
1491 838 1554 858 mea
1561 837 1613 865 ego
1623 828 1705 865 culpa
1717 829 1742 858 ἃ
1752 827 1866 857 stultitia
1875 826 1955 863 pejus
1965 824 2061 854 misera
2072 833 2206 853 maceror.
2304 822 2362 852 Cic.
2377 832 2400 853 1.
2418 824 2457 862 Q,

1351 865 1412 894 frat.
1433 876 1454 896 r.
1478 867 1625 896 Contracta
1638 866 1759 903 ipsorum
1772 865 1854 902 culpa
1864 862 2051 892 molestissime
2064 862 2135 891 ferre
2143 861 2272 891 homines
2286 860 2401 891 debent.

1334 903 1446 933 Accidit
1456 904 1538 941 culpa
1547 913 1653 933 eorum.
1679 904 1737 932 Cic.
1752 913 1777 931 2.
1790 903 1826 939 Q.
1842 901 1903 931 frat.
1918 910 1958 930 η.

1335 941 1427 970 Nemo
1441 963 1449 976 ,
1471 942 1523 971 nisi
1532 941 1578 970 sua
1587 941 1668 978 culpa
1683 962 1690 974 ,
1712 941 1760 969 diu
1769 940 1855 969 dolet.
1878 938 1998 975 Quintil.
2012 938 2040 966 in
2055 946 2173 974 prooem.
2187 936 2235 965 lib.
2251 938 2276 965 6.

1335 979 1530 1014 Iniustioneris
1542 979 1662 1017 impositi
1672 985 1718 1008 tua
1732 978 1813 1015 culpa
1826 977 1856 1006 sit
1868 998 1876 1010 ,
1896 986 1958 1006 mea
1970 976 2085 1014 recepti.
2110 975 2168 1005 Cic.
2182 976 2212 1004 in
2222 973 2300 1003 Orat.
2314 983 2358 1011 35.

1336 1016 1477 1046 Abstinere
1488 1017 1578 1055 culpa.
1603 1016 1689 1046 Plaut.
1704 1016 1781 1046 Men.
1796 1026 1820 1050 ς.
1833 1019 1857 1044 6.
1869 1024 1914 1043 20.
2165 1030 2168 1034 ·

1338 1053 1434 1084 Abesse
1445 1064 1459 1083 a
1471 1055 1553 1093 culpa
1565 1055 1672 1084 facinus
1680 1054 1753 1084 scitis
1763 1063 1842 1087 mea..
1855 1052 1943 1082 ovid.
1958 1062 1980 1081 1.
1992 1047 2073 1080 Trist.
2088 1059 2114 1079 2.
2129 1054 2175 1085 98.

1340 1091 1436 1122 Abesse
1453 1092 1574 1130 culpam.
1597 1092 1653 1121 Cic.
1672 1102 1712 1122 12.
1728 1092 1802 1121 Fam.

1339 1129 1492 1159 Abhorrere
1502 1140 1516 1159 a
1530 1130 1613 1167 culpa
1624 1153 1632 1166 ‚
1653 1131 1669 1160 i.
1684 1140 1708 1159 e.
1731 1130 1880 1159 Remotum
1890 1125 1944 1156 effe
1953 1136 1969 1156 a
1978 1125 2070 1163 culpa.
2094 1125 2153 1155 Cic.
2168 1134 2194 1155 2.
2205 1125 2240 1155 de
2252 1124 2361 1155 Invent.

1340 1167 1474 1197 Accusare
1484 1167 1527 1197 cul
1552 1177 1605 1196 am.
1628 1167 1687 1198 Cic.
1704 1178 1755 1205 pro
1768 1166 1858 1196 Plane.
1871 1176 1897 1202 9.

1341 1206 1483 1236 Amittere.
1527 1178 1558 1234 V.
1580 1216 1599 1235 A
1613 1217 1633 1234 M
1643 1217 1652 1234 ι
1663 1215 1709 1234 ΤΤ
1721 1215 1747 1234 o.

1342 1244 1495 1277 Amovere,
1518 1242 1583 1279 (vel
1594 1250 1624 1272 ut
1633 1247 1720 1273 Acron
1733 1243 1821 1277 legit)
1842 1241 1988 1270 Emovete.
2010 1237 2078 1269 Hor.
2094 1247 2120 1275 4.
2137 1237 2228 1269 Carm.
2249 1246 2292 1271 ις.
2311 1247 2354 1267 ιι.

1343 1282 1461 1317 Arguere
1471 1281 1590 1317 aliquem
1604 1281 1702 1318 culpae.
1725 1281 1783 1310 Liv.
1795 1279 1843 1309 lib.
1860 1289 1884 1313 5.

1343 1318 1484 1355 Affignare
1500 1319 1628 1349 fortunae.
1671 1319 1700 1348 V.
1725 1328 1743 1347 A
1753 1327 1785 1348 ss
1796 1329 1805 1346 1
1816 1327 1834 1346 c
1846 1326 1864 1345 N
1877 1325 1903 1346 o.

1345 1356 1499 1386 Attribuere
1509 1357 1602 1386 alicui.
1626 1356 1685 1387 Cic.
1698 1366 1724 1390 7.
1740 1356 1815 1385 Verr.
1828 1363 1889 1390 133.

1345 1395 1475 1424 Avertere
1487 1396 1514 1423 in
1526 1394 1655 1431 aliquem.
1695 1393 1725 1423 V.
1749 1404 1765 1423 A
1777 1403 1795 1422 v
1804 1403 1817 1421 r.
1826 1403 1841 1421 R
1852 1402 1870 1421 τ
1881 1401 1907 1420 o.

1345 1434 1451 1469 Augere
1461 1442 1525 1462 cum
1536 1432 1740 1469 indignatione.
1761 1431 1821 1461 Cic.
1834 1439 1860 1460 2.
1871 1430 1906 1459 de
1916 1428 2024 1459 invent.
2039 1436 2082 1466 53.

1344 1470 1455 1500 Carere.
1477 1470 1536 1499 Cic.
1550 1474 1576 1500 6.
1587 1470 1664 1500 Fam.
1680 1480 1703 1500 1.

1346 1508 1442 1538 Castus
1452 1518 1467 1537 a
1477 1508 1570 1545 culpa.
1611 1509 1641 1538 ln
1663 1518 1680 1537 c
1689 1518 1709 1537 A
1719 1517 1732 1538 s
1741 1516 1762 1536 ‘r
1771 1516 1790 1536 υ
1799 1515 1821 1536 s.

1346 1546 1454 1576 Celare.
1476 1546 1560 1576 Ovid.
1571 1554 1597 1575 2.
1608 1546 1676 1576 Met.
1691 1556 1734 1581 37.

1348 1583 1458 1613 Ceffant
1473 1585 1587 1622 pectora
1597 1584 1688 1622 culpa.
1710 1582 1759 1613 Sil.
1771 1581 1820 1611 lib.
1836 1588 1878 1616 13.
1896 1584 1959 1616 518.

1348 1622 1503 1659 Coarguere
1513 1621 1624 1659 culpam
1637 1622 1803 1659 aliquorum.
1829 1619 1889 1648 Cic.
1906 1629 1931 1653 9.
1947 1619 1999 1647 att.
2010 1627 2037 1653 4.

1345 1660 1520 1690 Commereri
1538 1660 1659 1697 culpam.
1700 1659 1786 1688 Plaut.
1802 1657 1882 1694 capt.
1903 1666 1929 1685 2.
1945 1665 1970 1691 3.
1983 1665 2029 1691 43.
2058 1653 2078 1684 i.
2090 1663 2115 1683 e.
2149 1651 2321 1683 contraxisse
2343 1653 2473 1692 culpam⁷

1365 1698 1487 1734 ideoque
1502 1698 1709 1735 castigationem
1718 1694 1772 1726 sive
1783 1703 1898 1733 poenam
1910 1693 2105 1723 commeritum
2119 1691 2186 1721 esse.

1348 1734 1603 1773 Commiffacuipa.
1628 1736 1686 1765 Cic.
1701 1738 1744 1765 16.
1762 1733 1837 1763 Fam.
1852 1741 1894 1761 η.
1919 1731 1947 1760 V.
1969 1732 1998 1759 in
2023 1740 2098 1760 com
2109 1740 2130 1758 M
2141 1740 2150 1758 r
2161 1739 2244 1759 ττο.

1350 1773 1533 1840 Οὲηιρεΐεετε
1570 1773 1642 1803 ferro
1673 1772 1785 1811 culpam
1804 1792 1813 1807 ‚
1852 1767 1986 1799 Resecare
2028 1774 2138 1807 partem
2170 1768 2310 1797 nocivam.
2352 1766 2425 1806 Virg.
2449 1775 2474 1803 3.

1395 1821 1468 1848 eorg.
1482 1815 1546 1846 468.

1350 1848 1485 1878 Conferre
1496 1849 1525 1878 in
1537 1848 1664 1879 alterum.
1685 1848 1750 1878 Ter.
1760 1846 1831 1877 Eun.
1845 1854 1870 1874 a.
1886 1853 1911 1881 3.
1922 1847 1968 1879 96.

1350 1887 1500 1923 Ὸοτῄῐοεῐε
1513 1887 1541 1916 in
1556 1887 1689 1924 aliquem.
1729 1884 1759 1915 V.
1784 1894 1826 1914 co
1836 1892 1855 1912 N
1865 1892 1875 1917 J
1885 1893 1893 1910 1
1905 1892 1923 1910 c
1934 1893 1943 1910 r
1952 1892 1980 1912 o.

1353 1923 1521 1954 Consertem
1531 1924 1586 1954 esse
1594 1924 1696 1962 culpae.
1718 1922 1802 1952 Ovid.
1818 1930 1841 1961 3:
1855 1920 1922 1950 Fast.
1932 1929 1996 1955 492.

1353 1962 1551 1992 Contaminare
1560 1962 1586 1992 se
1598 1962 1691 2000 culpa.
1715 1961 1772 1990 Cic.
1789 1960 1825 1989 ad
1836 1958 1957 1989 Herenn.
1971 1967 1998 1987 2.
2012 1966 2059 1993 24.

1353 2000 1524 2030 Contrahere
1541 1999 1647 2038 aliquid
1658 1999 1739 2037 eulpa
1749 1998 1804 2027 sua.
1826 1997 1860 2026 ln
1879 2005 1897 2024 c
1906 2005 1923 2024 o
1932 2005 1953 2024 N
1961 2005 1981 2024 ’r
1990 2005 2006 2024 R
2015 2005 2035 2024 A
2043 2004 2063 2024 Η
2075 2004 2102 2025 o.

1352 2037 1524 2068 Convertere
1533 2038 1673 2068 fortunam
1683 2036 1843 2076 inculpam.
1865 2033 1982 2072 Cic-pro
1991 2033 2086 2063 Rabir.
2099 2031 2167 2063 Post.
2184 2040 2212 2063 Ι.

1352 2076 1491 2106 Damnare
1498 2077 1535 2106 ob
1544 2076 1656 2115 eulpam
1669 2075 1799 2110 aliquem.
1823 2071 1882 2102 Cic.
1898 2081 1921 2101 r.
1937 2071 1973 2101 de
1986 2071 2062 2101 Orat.
2076 2079 2140 2108 233.

1353 2113 1495 2152 Deprensa
1506 2114 1598 2152 culpa.
1620 2110 1812 2150 Semilippol.
1828 2120 1852 2145 ς.

1352 2152 1483 2182 Derivare
1492 2153 1602 2189 culpam
1612 2152 1642 2180 in
1657 2150 1692 2181 ali
1714 2159 1787 2180 uem.
1809 2148 1869 2178 Cic.
1879 2157 1905 2182 4.
1920 2145 1995 2176 Verr.
2008 2156 2054 2182 49.

1354 2189 1506 2220 Dimovere
1523 2190 1557 2219 ab
1567 2190 1670 2226 aliquo.
1693 2161 1751 2218 gie.
1759 2197 1786 2217 2.
1800 2186 1835 2215 de
1846 2185 1957 2215 invent.
1968 2189 2013 2217 28.

1353 2227 1426 2258 Dare
1433 2228 1504 2257 vitio
1516 2227 1643 2264 &cnlpae
1656 2226 1739 2256 alicui
1751 2224 1886 2254 summam
1896 2222 2018 2251 laudem.
2040 2220 2099 2252 Cic.
2110 2230 2161 2260 pro
2174 2219 2256 2252 Rosc.
2274 2221 2364 2253 Amet.
2379 2226 2426 2259 48.

1358 2265 1433 2295 Dare
1445 2267 1556 2295 veniam
1567 2267 1665 2303 culpae.
1688 2263 1771 2293 Ovid.
1791 2271 1817 2298 7.
1837 2260 1917 2300 Epist.
1930 2269 1992 2294 ¹05-

1355 2302 1485 2340 Effugere
1498 2312 1613 2340 poenam
1627 2302 1716 2339 culpae
1727 2310 1784 2329 non
1796 2298 1881 2335 posse.
1904 2297 1961 2326 Cic.
1980 2299 2023 2326 16.
2035 2295 2111 2327 Fam.
2129 2299 2173 2327 26.

1357 2341 1488 2371 Eximere
1498 2350 1532 2370 ex
1544 2340 1626 2378 culpa
1636 2340 1767 2375 aliquem.
1791 2336 1848 2366 Cic.
1860 2345 1884 2364 2.
1899 2334 1934 2363 de
1949 2334 2057 2364 invent.
2069 2344 2116 2371 24·

1358 2376 1505 2409 Exsolvere
1515 2378 1637 2415 aliquem
1649 2377 1740 2413 culpa.
1762 2373 1852 2404 Tacit.
1866 2384 1891 2408 4.
1902 2370 1972 2402 Hist.
1990 2377 2017 2406 8.

1360 2417 1479 2454 Fingere
1489 2416 1610 2454 culpam.
1634 2415 1717 2445 Ovid.
1729 2423 1755 2444 2.
1768 2414 1861 2452 Amor.
1873 2420 1915 2446 19.
1930 2419 1972 2446 13.

1360 2455 1472 2485 Haerere
1485 2454 1596 2492 culpam
1608 2454 1637 2482 in
1651 2453 1753 2489 aliquo.
1775 2450 1839 2480 Ter.
1853 2448 1921 2478 nec.
1937 2457 1964 2477 2.
1978 2457 2002 2478 r.
2015 2455 2059 2484 32.
2082 2460 2085 2462 “

1359 2493 1457 2531 Ignara
1467 2492 1566 2529 culpae.
1588 2492 1657 2521 Stat.
1669 2502 1695 2526 4.
1708 2489 1773 2519 Silv.
1783 2492 1809 2517 6.
1821 2497 1866 2522 9¹-

1360 2530 1508 2568 Impellere
1518 2530 1547 2559 in
1559 2529 1670 2567 culpam
1680 2528 1810 2565 aliquem.
1832 2522 1923 2554 Catul.
1937 2533 1980 2558 ις.
1994 2533 2038 2560 15.
2056 2522 2091 2552 ad
2108 2522 2259 2553 Aurelium.

1360 2568 1522 2606 Impingere
1536 2569 1565 2597 in
1576 2567 1706 2604 aliquem.
1746 2564 1777 2593 V.
1799 2574 1809 2592 1
1821 2574 1840 2591 M
1849 2572 1862 2590 Ρ
1871 2573 1880 2590 1
1889 2571 1909 2590 N
1919 2571 1937 2590 G
1946 2571 1973 2591 0.

1360 2606 1510 2644 imponere
1521 2606 1636 2635 nomina
1646 2604 1745 2641 culpae.
1767 2601 1851 2631 Ovid.
1864 2610 1890 2636 7.
1903 2599 1972 2629 Met.
1989 2602 2035 2634 69.

1361 2644 1501 2682 Inclinare
1513 2643 1634 2681 culpam.
1673 2641 1703 2671 V.
1729 2651 1738 2669 1
1749 2650 1769 2670 N
1781 2649 1823 2668 eL
1832 2649 1839 2666 r
1849 2647 1868 2667 N
1878 2648 1905 2667 o.

1362 2680 1468 2712 Inscius
1479 2682 1580 2719 culpae.
1601 2680 1674 2717 Virg.
1691 2678 1808 2709 12.AEn.
1821 2680 1886 2711 ⁶48·

1361 2718 1519 2751 Intervenit
1529 2718 1622 2757 culpa.
1646 2716 1758 2755 Ulpian.
1777 2715 1796 2745 l.
1821 2713 1839 2744 si
1851 2717 2072 2752 procuratorem.
2090 2713 2117 2750 '§.
2139 2711 2248 2743 ultimo.
2275 2711 2310 2743 D.
2331 2713 2425 2744 mand.
2444 2714 2489 2744 vel

1382 2765 1488 2788 contra.

1362 2796 1493 2827 Invenire
1501 2795 1621 2832 aliquem
1629 2794 1660 2823 in
1673 2792 1764 2830 cul-pa.
1786 2790 1818 2820 V.
1842 2801 1851 2819 1
1862 2799 1882 2819 Ν
1902 2790 1928 2818 &
1944 2798 1980 2817 rN
1989 2797 2007 2817 v
2019 2799 2032 2817 a
2042 2797 2062 2817 N
2072 2796 2116 2818 ιο..

1364 2834 1492 2864 Liberare
1504 2833 1585 2871 culpa
1598 2830 1728 2869 aliquem.
1750 2829 1808 2858 Cic.
1826 2837 1868 2864 13.
1884 2829 1936 2857 Att.
1949 2835 1994 2856 22.

1364 2872 1492 2902 Liberare
1503 2871 1624 2909 aliquem
1635 2869 1680 2899 cul
1703 2878 1732 2898 ae.
1756 2867 1815 2897 Liv.
1833 2876 1880 2902 41.

1364 2910 1452 2940 Luere
1463 2909 1584 2947 culpam.
1608 2908 1654 2938 Sil.
1666 2880 1714 2936 lili).
1732 2915 1773 2942 13.
1787 2910 1858 2943 3231.>
1959 2941 1964 2947 Ι

1364 2947 1501 2978 Occuluit
1514 2947 1624 2985 culpam
1636 2951 1792 2984 parentum.
1814 2941 1882 2972 Stat.
1896 2950 1920 2978 3.
1938 2940 2004 2971 Sr'lv.
2018 2948 2042 2977 3.
2054 2948 2100 2976 45.

1366 2986 1442 3016 Piare
1453 2985 1574 3023 culpam.
1598 2984 1672 3021 Virg.
1684 2993 1709 3012 2.
1725 2982 1786 3014 ffin.
1799 2990 1861 3016 140.
2107 3013 2113 3021 ο

1366 3024 1471 3054 Ponere
1479 3029 1555 3052 extra
1565 3031 1679 3052 omnem
1688 3020 1801 3057 culpam
1816 3017 1983 3053 causamque
1997 3015 2058 3044 sese.
2078 3013 2139 3043 Cre.
2157 3021 2183 3043 2.
2204 3013 2239 3042 de
2250 3013 2373 3045 Univers.
2389 3023 2433 3052 39.

1368 3062 1472 3092 Ponere
1481 3062 1510 3090 in
1519 3060 1601 3098 culpa
1611 3061 1637 3090 ἃ
1647 3054 1926 3095 suspicionealiquos.
1948 3054 2005 3083 Cic.
2017 3062 2067 3090 pro
2082 3051 2191 3081 Cluent.
2206 3061 2266 3087 ¹27-

1367 3100 1493 3130 Praestare
1502 3098 1645 3136 culpam.-.
1665 3096 1723 3127 Cic.
1735 3099 1761 3124 6.
1773 3094 1848 3124 Fam.
1868 3103 1890 3122 r.
1913 3093 2004 3121 Simus
2014 3091 2096 3127 igitur
2112 3099 2143 3118 ea
2159 3098 2262 3124 mente,
2281 3099 2364 3127 quarn
2377 3092 2446 3120 ratio
2466 3093 2493 3122 Sc

1386 3138 1486 3177 veritas
1499 3136 1648 3174 praescribit
1660 3157 1667 3169 ‚
1689 3140 1720 3163 ut
1730 3131 1801 3162 nihil
1815 3131 1910 3162 invita
1925 3129 2006 3158 nobis
2018 3128 2202 3166 praestandum
2212 3150 2220 3163 ‚
2241 3135 2339 3166 praeter
2358 3128 2471 3167 culpam
2481 3152 2491 3166 ‚

1388 3183 1528 3213 putemus.
1572 3174 1600 3203 V.
1623 3180 1776 3202 PRAESTO.
1866 3206 1872 3211 .

1370 3212 1563 3244 Praetexitlioc
1573 3211 1688 3240 nomine
1696 3209 1818 3246 culpam.
1840 3206 1914 3243 Virg.
1929 3216 1954 3239 4·
1969 3204 2030 3234 AEn.
2045 3212 2106 3240 ¹72·

1370 3251 1518 3290 Properare
1528 3250 1650 3287 culpam.
1673 3247 1759 3277 Ovid.
1775 3254 1801 3274 2.
1817 3244 1898 3282 Epist.
1909 3243 2003 3272 Sabin.
2014 3251 2059 3277 9ς.

1466 3288 1505 3318 Ah
1516 3297 1565 3318 cuz·
1577 3287 1668 3316 nescio
1679 3294 1759 3321 quam
1767 3281 1978 3321 properavimus
1987 3301 1995 3315 ,
2016 3277 2064 3309 hei
2076 3278 2143 3308 mihi
2156 3279 2163 3307 ἲ
2185 3277 2305 3317 culpam.

1371 3326 1516 3357 Reciditur
1526 3323 1762 3362 culpasupplicio.
1784 3320 1852 3350 Hor.
1868 3329 1894 3349 2.
1913 3318 2058 3353 Carm.24.
2072 3327 2115 3353 34.

1372 3365 1524 3395 Redimere
1537 3365 1660 3401 culpam.
1682 3360 1743 3389 Cic.
1757 3367 1800 3388 10.
1816 3357 1891 3386 Fam.
1901 3361 1931 3389 ¹8.

1371 3400 1520 3433 Removeri
1534 3401 1650 3438 aculpa.
1689 3398 1747 3427 Cic.
1758 3406 1808 3435 pro
1818 3396 1983 3431 Nluren.73.
2004 3392 2069 3422 Non
2082 3393 2108 3422 &
2127 3390 2174 3421 illa
2193 3391 2239 3431 pie
2258 3391 2343 3428 fecit.
2364 3393 2391 3424 Sc
2411 3393 2459 3424 ’nic
2480 3404 2495 3424 3

1393 3441 1476 3477 culpa
1482 3446 1605 3468 remotus
1616 3438 1662 3467 est.

1374 3477 1487 3509 Residet
1499 3475 1579 3514 culpa
1591 3477 1619 3505 in
1629 3474 1731 3511 aliquo.
1754 3471 1812 3502 CiC.
1826 3473 1868 3500 16.
1880 3470 1955 3499 Fam.
1972 3479 1997 3503 ς.

1373 3515 1471 3546 Subire
1483 3514 1603 3551 culpam.
1626 3513 1724 3541 Claud.
1739 3520 1762 3539 1.
1773 3510 1802 3538 in
1815 3508 1926 3545 Eutrop.
1943 3515 2007 3543 477.

1375 3551 1563 3584 Succumbere
1573 3551 1671 3587 culpae.
1693 3549 1766 3585 Virg.
1779 3558 1806 3582 4.
1821 3547 1880 3577 IEn.
1898 3555 1938 3580 ¹9·

1470 3589 1542 3619 Huic
1552 3590 1599 3618 uni
1608 3586 1696 3617 forsan
1711 3586 1789 3624 potui
1800 3583 1979 3613 succumbere
1991 3579 2090 3618 culpae.

1378 3629 1557 3658 Summittere
1569 3626 1594 3655 se
1606 3625 1703 3663 culpae.
1729 3622 1813 3652 Ovid.
1831 3634 1856 3654 4.
1872 3621 1952 3658 Epist.
1970 3629 2029 3653 15¹·

1378 3665 1522 3703 Suscipere
1536 3663 1657 3701 culpam.
1698 3661 1755 3691 Cic.
1769 3669 1819 3698 pro
1829 3658 1938 3688 Cluent.
1955 3665 2015 3692 153.
2039 3655 2074 3685 Ut
2084 3653 2190 3692 aliquid
2208 3656 2296 3694 culpae
2316 3656 2450 3695 suscipere
2471 3655 2498 3685 se

1398 3709 1529 3741 putarent
1537 3700 1698 3731 recusando.
2013 3722 2022 3725 „

1380 3742 1457 3771 Sum.
1480 3748 1510 3768 ut
1523 3761 1531 3775 ‚
1552 3739 1583 3768 In
1592 3738 1674 3773 culpa
1685 3735 1746 3766 esse.
1787 3734 1845 3763 Cic.
1857 3733 1892 3762 de
1906 3731 2013 3761 Amicit.
2025 3736 2069 3766 78.
2103 3729 2136 3759 Et
2146 3731 2290 3761 hichonos
2302 3733 2386 3761 veteri
2407 3731 2501 3759 amici-

1399 3777 1616 3808 tiaetribuendes
1624 3776 1671 3807 est.
1692 3780 1722 3802 ut
1733 3774 1755 3802 is
1766 3773 1794 3800 in
1809 3771 1893 3808 culpa
1903 3770 1933 3799 sit
1944 3769 2091 3807 quisaciat‚
2103 3777 2162 3798 non
2173 3771 2219 3806 qui
2229 3771 2346 3808 patiatur
2363 3768 2500 3803 injuriam.

1382 3816 1464 3846 Extra
1473 3815 1584 3852 culpam
1598 3812 1659 3842 effe.
1683 3812 1742 3840 Cic.
1757 3819 1782 3838 Ὗ.
1803 3810 1875 3838 Verr.
1891 3817 1950 3841 1³2-

1384 3853 1475 3891 Culpa
1484 3852 1544 3881 haec
1557 3861 1571 3881 a
1583 3860 1628 3879 me
1641 3849 1738 3887 procul
1749 3848 1795 3876 est.
1817 3847 1881 3876 Ter.
1896 3844 1972 3874 Adel.
1987 3853 2010 3878 3.
2023 3853 2048 3873 2.
2063 3854 2108 3879 49,

1423 3891 1571 3926 Postremo,
1584 3887 1694 3925 quando
1707 3895 1758 3924 ego
1769 3884 1878 3915 conscia
1887 3882 1953 3951 Pi'ni
1963 3881 2032 3915 sum.
2046 3891 2059 3910 a
2068 3891 2114 3911 me
2128 3881 2240 3919 culpam
2253 3880 2305 3911 effe
2315 3880 2386 3909 hanc
2397 3878 2503 3946 prognl.

1907 3941 1913 3950 .
1923 3930 1937 3950 z
1947 3929 1964 3949 z
1979 3929 1995 3949 z
2016 3929 2034 3950 2
2471 3926 2507 3945 on

2355 709 2414 740 Cic.
2430 719 2455 740 1.
