2600 4177
447 210 472 244 A
569 208 591 244 S
689 208 709 245 S

66 299 140 325 tanta
152 295 180 323 in
193 293 279 322 literis
290 291 441 320 authoritas
455 312 461 325 ,
484 296 513 319 ut
525 289 607 318 fidem
623 291 681 326 ejus
691 290 766 328 sequi
781 292 932 322 debeamus
944 316 951 325 .
973 291 1045 330 quasi
1068 291 1164 322 idonei

66 332 200 369 sponliiris
213 329 328 364 alicujus
345 328 442 360 verbi.
465 329 554 364 inquit
571 328 637 357 ssiid.
659 329 685 357 in
704 329 784 359 l'and.
802 341 828 368 p.
853 337 910 362 r5t‘1.
925 333 969 361 ed,
984 331 1070 368 Episc.
1091 330 1163 360 Gell.

67 369 115 400 lib.
137 380 174 399 io.
194 379 217 397 c.
232 373 256 401 8.
300 367 336 394 lte
351 376 416 402 ergo
432 376 523 396 nunc.
550 368 575 395 ἃ*
590 367 701 403 quando
720 368 790 396 (oi-tc
803 370 853 397 erit
868 370 956 397 otium
969 392 975 403 ,
997 369 1110 405 querire
1129 377 1165 396 an

68 407 225 445 quadrigam
237 407 261 434 ἃ·
275 413 370 432 arenas
383 403 493 432 duxerit
503 413 518 431 e
532 404 647 432 coliorte
660 404 705 433 illa
720 406 876 442 antiquiore
889 430 895 438 ,
913 407 953 435 vel
967 416 1107 435 rii-*norum
1120 405 1168 434 ali-

69 446 127 482 quis
139 467 146 474 .
167 444 209 472 vel
223 450 367 479 poetarum
378 464 385 473 .
407 441 435 470 id
447 441 484 470 cll
495 440 619 471 clallicus
630 463 638 477 ,
659 442 834 480 assiduusque
844 444 942 481 aliquis
952 444 1068 482 scriptor
1077 466 1086 479 ‚
1108 453 1165 472 non

67 482 238 521 proletarius.
277 478 402 508 Budaeus.

51 521 168 556 Compar
188 518 263 555 apud
278 517 348 545 Varr.
361 527 384 545 2.
397 516 432 545 de
446 516 478 545 R.
489 516 521 545 R.
538 525 597 553 cap.
612 527 636 550 9.
677 516 805 546 Villatico
824 528 889 548 vero
910 520 983 556 gregi
1005 520 1032 548 in
1048 519 1168 548 fundum

71 557 129 587 satis
140 556 192 585 ell'e
203 557 272 584 duos
285 577 292 588 .
315 555 377 583 &iil
387 564 490 583 marem
506 555 531 583 St
543 554 686 583 foemimm
700 577 707 588 .
732 556 767 583 ita
778 557 853 584 enim
870 557 929 586 sunt
940 557 1110 586 aiiiduiooes.

51 594 280 633 Supei·l.Sueton.
300 595 358 629 *lug
376 602 435 629 cap.
447 602 489 628 7¹·
509 591 574 620 Vasa
585 602 666 621 aurea
677 592 844 622 alliduillimi
856 594 915 623 usus
924 593 1167 624 conflavitoninia.

16 634 261 664 insinuit-ss.
283 631 342 658 atis.
366 630 383 657 f.
406 631 548 665 [ἐπιωιυ]
574 630 729 667 Diligentia.
760 630 817 660 Cic.
834 643 853 660 1.
878 633 959 662 Acad.
1001 633 1094 670 Quam
1109 641 1170 669 par-

50 672 98 700 tim
111 669 316 698 exercitationis
328 667 482 696 alliduitate
494 690 502 702 ,
525 669 624 706 partim
636 669 741 697 rarione
751 668 916 698 formabant.

51 707 193 739 Alliduitas
206 708 231 736 ἃ
251 706 401 742 diligentia.
444 705 536 734 Cic.2.
558 707 601 734 Art
626 716 666 740 1ς.
690 706 828 736 Terentiae
840 714 965 746 pergrata
975 708 1014 738 est
1031 707 1169 737 affiduitas

42 745 48 748 '
68 746 148 774 tua&
159 744 303 777 diligentia
313 746 339 772 in
352 744 535 773 controverlia
548 744 698 774 Wliiliiiana.

50 782 195 814 Asl'iduitas
210 781 346 810 belloi-um
377 781 434 811 Cic.
449 791 472 810 2.
492 780 548 810 Off.
563 792 606 818 74.

49 820 222 852 Alsiduitates
235 821 261 849 ὁὶ
278 819 386 856 vigilite.
410 819 468 848 Cic.
487 830 508 848 i.
526 820 561 848 de
579 819 636 848 Fin.

50 858 192 890 Affiduitas
202 857 344 886 orationis.
386 856 445 886 Cic.
463 860 503 886 i6.
523 860 572 886 titt.
588 869 609 889 ς.
635 857 758 893 Quintus
772 864 960 888 commutatus
976 858 1014 887 est
1028 864 1102 888 totus
1113 880 1121 894 .,
1144 857 1171 888 ὰ

70 896 175 933 scriptis
191 898 259 924 uicis
278 895 460 932 quibusdam,
482 896 507 925 ἃ
519 895 672 924 assiduitate
692 897 825 925 orationis
844 898 869 926 S:
884 898 1029 935 praeceptis
1043 919 1051 932 ‚
1073 904 1103 926 ut
1123 895 1172 925 tali

69 934 161 964 animo
176 933 203 962 in
221 933 319 969 Remp.
339 932 412 970 quali
432 942 482 961 nos
494 933 640 968 volumus,
661 933 768 963 futurus
780 934 817 963 sit.

0 990 1 994 =
51 971 193 1004 Affiduitas
205 972 374 1008 quotidiana.
416 971 473 1000 Cic.
488 981 509 1000 2.
527 972 562 1000 de
571 971 631 1000 Nat.
645 971 728 1000 Deor.
740 982 783 1007 99.
824 971 981 1001 Affiduitate
1000 971 1171 1010 quotidiana,

31 1030 35 1035 «
70 1012 96 1040 ἅ
106 1008 307 1039 consuetudine
318 1008 463 1038 oculorum
477 1008 629 1038 assuescunt
639 1009 724 1038 animi
737 1031 745 1043 ,
767 1019 857 1046 neque
870 1011 1039 1039 admirantur
1052 1033 1059 1046 ‚
1081 1019 1172 1046 neque

0 1059 1 1066 .
15 1067 22 1074 .
69 1048 211 1085 requirunt
221 1049 340 1075 rationes
351 1056 444 1075 earum
456 1057 546 1076 rerum
557 1057 621 1084 quas
634 1046 740 1085 semper
752 1047 859 1076 vident.

52 1087 164 1118 Summa
184 1084 338 1114 alliduitate
352 1085 515 1121 quotidiana
532 1085 652 1121 aliquem
672 1087 793 1114 tractare.
836 1086 893 1115 Cic.
912 1096 933 1115 i.
946 1087 981 1122 Q.
993 1086 1052 1115 frat.
1079 1086 1175 1122 Quan-

71 1130 130 1153 tum
144 1123 288 1152 Hortensio
304 1122 476 1152 credendum
496 1122 526 1152 lit
544 1122 652 1152 nescio:
676 1132 721 1152 me
743 1122 846 1152 sumnia
863 1123 1035 1153 finniiitione
1049 1124 1150 1152 amoris
1163 1144 1173 1158 ‚

70 1161 229 1206 summaque
240 1160 393 1211 ⁸assiduitate
406 1162 570 1198 quotidiana
585 1160 785 1190 {celeratissime
804 1161 1056 1199 iiilitliolillinieque
1076 1162 1172 1191 [131513.-

70 1209 117 1228 vit.

52 1237 219 1305 Affiduwixtatis
229 1238 255 1266 Sc
265 1245 411 1275 operarum
419 1237 517 1266 harum
525 1237 750 1274 quotidianarum
762 1242 843 1275 putat
854 1236 908 1267 effe
918 1237 1106 1268 Consulatum.
1114 1236 1173 1267 Cic.

72 1285 140 1315 proi
168 1285 243 1305 uren.
265 1285 305 1303 ii.

1659 211 1684 248 A
1776 213 1801 248 s
1892 214 1913 248 s
2308 231 2379 265 277

1259 291 1365 334 Assilire
1376 293 1411 322 ad
1425 293 1537 330 aliquod
1551 303 1637 330 genus
1647 295 1788 325 orationis.
1812 295 1869 325 Cic.
1881 305 1905 324 2.
1920 295 1955 324 de
1970 295 2047 325 Orat.
2062 306 2124 330 213.
2163 298 2190 328 N
2246 310 2335 337 neque
2345 302 2382 330 as-

1279 330 1424 371 siliendum
1437 332 1522 360 statim
1536 333 1573 360 est
1584 333 1618 360 ad
1630 332 1699 361 illud
1709 342 1795 370 genus
1804 334 1946 362 orationis:
1969 334 2042 362 abest
2056 336 2132 364 enim
2141 343 2210 365 totu:
2243 348 2257 366 a
2274 338 2358 367 caui).

1262 367 1382 410 Allilire‚
1409 369 1511 397 dicitur
1529 370 1564 397 de
1586 371 1706 399 maribus
1722 370 1825 402 brutis,
1846 381 1931 407 quum
1951 371 2079 401 foeminas
2094 373 2199 403 ineunt.
2244 376 2381 405 Coluinel.

1280 404 1332 448 lib.⁸
1344 409 1369 434 6.
1383 415 1444 442 cap.
1457 415 1498 442 37.
1541 407 1610 435 Nam
1623 408 1669 435 iiiii
1680 409 1753 445 prius
1767 418 1799 437 ea
1817 418 1920 437 marem
1931 411 2082 446 cognovit,
2104 411 2267 441 allilicntein
2287 415 2385 441 admis-

1284 443 1383 478 larium
1397 443 1518 471 calcibus
1536 445 1688 478 proturbat.

1226 479 1249 508 A
1260 488 1270 508 s
1304 490 1312 507 1
1325 490 1340 507 L
1351 490 1360 507 1
1372 489 1410 507 nu
1423 489 1449 514 s,
1470 480 1576 522 Panic..
1589 491 1617 510 ur
1632 504 1640 516 ‚
1665 482 1813 512 Allilientia
1831 492 1948 520 aequora.
1972 483 2056 514 Ovid.
2079 494 2102 514 ι.
2118 484 2198 515 Trist.
2210 497 2234 522 9.
2251 496 2276 523 7.
2312 487 2346 516 Et
2363 492 2388 517 6.

1267 517 1335 545 i'llet.
1353 521 1412 545 105.
1529 519 1650 547 Alliliens
1668 531 1746 556 aqua.

1227 555 1290 583 Ass
1302 564 1318 582 υ
1331 564 1371 582 ιτ
1382 564 1437 588 υς,
1460 557 1498 583 [is.
1521 564 1556 583 m.
1580 554 1760 592 [mmmm]
1782 557 1839 595 lpse
1852 558 1986 587 affiliendi
2007 560 2091 589 actus.
2115 559 2188 599 Virg.
2205 572 2229 597 5.
2248 562 2388 598 lEn.442.

1345 591 1429 620 Nunc
1441 592 1490 620 hos
1501 614 1509 625 ,
1529 602 1604 621 nunc
1616 594 1678 623 illos
1687 596 1776 624 aditus
1787 617 1794 629 7
1816 606 1984 633 omnemque
1998 605 2118 634 pererrat

1348 628 1411 657 Arte
1426 628 1518 657 locum
1529 651 1536 663 ‚
1560 632 1585 658 ἃ
1597 633 1676 659 variis
1686 632 1826 662 ailiiltibus
1840 634 1931 663 irritus
1947 643 2036 672 urget.

1231 667 1251 697 A
1262 676 1273 695 s
1283 676 1294 696 s
1305 676 1322 695 υ
1332 677 1349 694 1.
1358 675 1377 694 'r
1386 676 1403 694 0
1415 688 1422 701 ,
1444 661 1654 711 [firmabimus-j]
1675 673 1728 711 ‘Tu-e.
1753 670 1898 707 Frequent.
1922 673 1992 701 Cum
2003 673 2109 709 inipetu
2119 674 2239 710 aggredi.
2261 673 2330 704 Plin.
2343 675 2391 705 lib.

1269 711 1294 737 8.
1306 714 1366 741 cap.
1379 714 1424 739 40.
1467 703 1784 748 Mox‘ingruitailultans
1795 730 1803 743 ,
1825 715 1976 746 contraque
1990 710 2112 740 belluam
2125 721 2262 750 exurgens
2273 735 2281 748 ,
2298 715 2351 743 ἃς.

1270 741 1402 771 ΑίῘῑιῙωῑε
1411 750 1475 770 cum
1488 742 1591 771 dativo.
1613 744 1659 772 Sil.
1675 744 1721 772 lib.
1735 754 1760 780 7.
1771 755 1834 779 401.

1348 779 1413 814 Jain
1426 788 1522 808 cernes
1534 778 1668 817 Libycum
1685 782 1750 810 huic
1762 782 1833 811 vallo
1843 783 1967 813 ass'ultare
1977 784 2099 816 leonem.

1270 815 1342 846 Cum
1354 816 1517 847 accusativo,
1540 816 1606 846 Stat.
1623 828 1664 846 11.
1681 818 1768 848 Theb.
1785 829 1847 852 24⁴-

1352 854 1549 890 Portarumque
1560 865 1651 885 moras
1663 856 1746 885 frenis
1759 856 1865 886 assultat
1879 860 1904 888 St
1919 859 2008 889 hastis.
2046 861 2128 891 Conf.
2152 872 2171 891 A
2181 871 2230 892 ssi
2243 873 2310 894 mo.

1234 894 1256 922 A
1267 902 1299 921 ss
1310 901 1453 926 amm,
1478 892 1543 921 adv.
1569 887 1792 929 [emmelcuffiffl]
1815 896 1972 926 iiiiiiiendo.
1999 898 2065 927 nin.
2081 900 2176 929 lib.1t.
2191 909 2253 938 cap.
2268 911 2312 937 24.
2329 901 2398 932 Pha-

1271 930 1363 973 langia
1377 940 1412 959 ex
1427 930 1654 973 hishappellantur*
1665 954 1673 965 .
1698 941 1814 968 quorum
1832 934 1907 962 noxii
1920 935 2023 965 morsus
2034 958 2041 971 ‚
2065 946 2166 975 corpus
2181 948 2329 976 exiguum,
2351 950 2398 970 va·

1273 979 1362 1001 rium,
1384 975 1590 1004 acuminatum,
1613 968 1967 1007 allultiniingredientium.

1234 1006 1255 1036 A
1266 1015 1278 1035 s
1288 1016 1351 1050 siu
1362 1008 1413 1049 {133
1425 1015 1436 1034 s
1447 1027 1455 1040 ‚
1477 1016 1499 1035 e.
1525 1005 1722 1042 [wenc-lueto]
1744 1017 1778 1036 ex
1794 1008 1833 1036 Ad
1844 1010 1869 1037 St
1881 1009 1982 1037 Similis
1993 1032 2000 1043 ,
2021 1010 2130 1040 Prorsus
2141 1012 2183 1041 vel
2194 1013 2352 1044 Admodum
2366 1014 2397 1043 si-

1272 1043 1354 1073 milis.
1378 1044 1464 1072 Cic.2.
1478 1043 1585 1087 deNat.
1603 1044 1683 1074 Deor.
1698 1049 1757 1080 136.
1802 1046 1832 1074 ln
1848 1046 2028 1083 pulmonibus
2036 1057 2127 1078 autem
2141 1051 2209 1079 inest
2221 1051 2313 1081 raritas
2323 1062 2399 1089 quae-

1273 1082 1337 1110 dam
1348 1103 1356 1116 ‚
1379 1083 1404 1111 ὃς
1416 1081 1537 1110 alsimilis
1555 1081 1676 1120 spongiis
1690 1083 1840 1112 mollitudo
1861 1085 1894 1112 ad
1908 1085 2091 1115 hauriendum
2107 1087 2235 1125 spiritum
2254 1090 2399 1127 aptissima..

1273 1120 1358 1148 (ivid.
1372 1129 1397 1148 2.
1417 1119 1452 1148 de
1472 1118 1550 1148 Pont.
1566 1129 1591 1149 2.
1605 1126 1647 1155 ὃς.
1685 1120 1961 1152 Fratribusaffimilis.

1273 1157 1481 1199 Assimilemque
1492 1157 1529 1186 sui
1541 1157 1623 1195 longa
1636 1157 1892 1188 assuetudinesecit.
1916 1161 2000 1189 Ovid.
2015 1170 2036 1189 i.
2049 1161 2127 1191 Trist.
2143 1173 2219 1200 <.27.

1274 1195 1396 1225 Assimile
1405 1195 1545 1232 eleganter
1554 1196 1770 1233 consequentem
1780 1197 1863 1226 habet
1882 1198 2045 1232 particulam
2067 1201 2157 1236 Quali.
2178 1201 2262 1230 Plaut.
2274 1201 2357 1232 Truc.
2371 1212 2398 1235 2.

1294 1242 1389 1277 7312.
1418 1233 1490 1276 Nam
1499 1233 1553 1262 hoc
1566 1233 1681 1263 assimile
1692 1235 1730 1264 est
1739 1235 1810 1272 quasi
1822 1236 1857 1265 de
1870 1235 1957 1265 fluvio
1972 1237 2019 1274 qui
2035 1247 2133 1275 aquam
2146 1238 2250 1268 derivat
2263 1240 2319 1269 sibi.

1275 1271 1404 1300 Assimilis
1417 1277 1495 1300 ratio.
1521 1271 1629 1301 Lucret.
1641 1272 1687 1302 lib.
1703 1282 1728 1302 2.
1742 1282 1806 1310 49²·
2278 1285 2280 1289 ’

53 1313 216 1346 Assiduitas.
237 1323 288 1350 pro
302 1312 366 1350 Jugi
384 1311 476 1341 officio
498 1313 652 1342 comitandi
674 1312 795 1350 aliquem
813 1312 928 1342 honoris
946 1315 972 1344 &
987 1313 1071 1342 officii
1086 1311 1174 1342 causa.

73 1352 130 1381 Cic.
146 1362 196 1388 pro
206 1350 284 1380 Rosc.
297 1352 386 1380 Amer.
430 1351 465 1379 Ut
478 1360 527 1383 vos
542 1351 675 1380 facillime
697 1351 811 1389 potestis
823 1361 857 1381 ex
873 1352 926 1381 liae
945 1351 1099 1381 affiduitate
1116 1351 1176 1387 ejus

69 1389 113 1419 vel
124 1389 299 1419 solicitudine
310 1390 335 1418 Sc
348 1387 471 1417 molestia
482 1389 614 1424 judicare.

54 1428 224 1465 Quotidiana
234 1427 387 1456 amicorum
400 1426 538 1456 assiduitas
548 1429 574 1456 «St
583 1427 746 1464 frequentia.
772 1425 831 1456 Cic.
843 1427 879 1456 de
888 1427 967 1456 Petit.
982 1426 1063 1457 Cous.
1078 1435 1102 1463 3.

53 1466 150 1533 Neque
160 1466 303 1495 assiduitas
315 1464 390 1493 aliud
400 1466 437 1494 est
447 1475 529 1502 quarn
540 1465 703 1502 frequentia
713 1465 788 1501 apud
804 1466 880 1494 Suet.
900 1466 965 1502 Aug.
979 1475 1024 1502 43.
1065 1464 1177 1502 Spec'ta-

34 1529 37 1532 .
72 1514 105 1534 cu
119 1514 199 1533 orum
209 1505 234 1533 ἃ
248 1502 403 1532 alliduitate
415 1504 441 1532 δι
452 1503 581 1532 varietate
593 1504 619 1532 Sc
629 1503 835 1540 magnificentia
845 1513 942 1532 omnes
952 1502 1102 1533 antecessit.

53 1541 197 1572 Affiduitas
208 1541 448 1575 dicituriiioruin,
471 1541 518 1578 qui
531 1541 656 1578 quotidie
666 1548 846 1578 comparent,
870 1542 896 1571 3(
913 1541 949 1570 ob
965 1541 1062 1571 oculos
1072 1539 1178 1570 versan-

47 1580 124 1612 (tur.
147 1580 269 1610 Gronov.
284 1579 319 1607 de
331 1580 390 1608 Pec.
407 1579 464 1608 Vct.
479 1591 504 1614 4.
515 1589 541 1615 9.
557 1578 605 1607 ubi
617 1578 743 1616 pluribus
751 1579 872 1608 adstruit.
897 1589 922 1616 q.
938 1579 965 1608 V.

19 1619 195 1653 ιεειουε,
218 1618 284 1647 Adv.
307 1612 521 1653 [daig->imma5,
543 1612 573 1652 2³¹
590 1613 595 1623 ³
615 1614 708 1652 τέλη]
728 1616 852 1654 Jugiter,
882 1618 1023 1646 continue.
1056 1615 1114 1645 cic.
1135 1624 1176 1644 12.

1236 1308 1257 1338 A
1268 1318 1279 1338 s
1290 1319 1318 1338 si
1328 1320 1348 1337 Μ
1358 1320 1367 1338 1
1379 1320 1394 1338 L
1404 1310 1441 1338 ῑτ
1452 1319 1465 1337 iz
1475 1319 1489 1337 11
1501 1331 1508 1344 ,
1532 1309 1727 1346 [ωπμείως]
1752 1311 1816 1340 Adv.
1837 1311 1977 1342 Similiter.
2018 1311 2105 1342 Plaut.
2118 1313 2200 1344 Bach.
2210 1324 2238 1350 4.
2250 1325 2275 1351 9.
2291 1324 2335 1353 27.
2357 1315 2404 1346 Af-

1276 1346 1397 1376 fiiniliter
1410 1346 1478 1376 mihi
1489 1347 1573 1376 hodie
1584 1348 1693 1386 obtigit.

1204 1394 1213 1399 ·’
1237 1385 1259 1415 Λ
1270 1395 1281 1414 s
1290 1395 1302 1414 s
1312 1396 1320 1413 1
1329 1396 1349 1414 Μ
1359 1389 1370 1414 i
1379 1397 1394 1413 1.
1403 1395 1420 1414 o
1430 1407 1438 1420 ,
1456 1386 1484 1428 ·[
1494 1388 1659 1420 σφυμιιιόσμοα
1668 1408 1676 1423 ‚
1707 1387 1832 1424 ἀπεικάζω
1841 1406 1849 1418 »
1871 1387 1971 1423 ὅμεῆω»
1992 1383 2104 1424 ὅυωῖζω]
2127 1392 2181 1418 εἶτε.
2223 1389 2399 1429 Comparare.

1277 1422 1360 1452 Ovid.
1379 1433 1401 1452 1.
1414 1423 1493 1452 Trist.
1509 1435 1532 1458 ς.
1551 1429 1595 1457 ²8·

1357 1461 1479 1490 Grandia
1498 1461 1514 1490 si
1535 1462 1626 1499 parvis
1643 1461 1788 1492 affimilare
1804 1462 1879 1492 licet.

1277 1508 1460 1536 componere.

1277 1536 1318 1566 Os
1331 1547 1445 1575 porcum
1458 1537 1594 1567 assimilat.
1616 1537 1713 1567 Claud.
1725 1539 1761 1567 de
1771 1537 1896 1572 Histrice‚
1907 1542 1932 1568 6.
1947 1539 1966 1568 i.
1979 1549 2002 1568 e.
2015 1538 2112 1577 Figura
2121 1541 2176 1570 oris
2186 1551 2302 1578 porcum
2311 1542 2402 1573 refert.

1277 1574 1426 1604 Assimilata
1437 1575 1504 1604 folio
1515 1586 1631 1612 querno.
1665 1576 1730 1605 Plin.
1746 1576 1794 1605 lib.
1810 1586 1833 1612 3.
1851 1586 1911 1613 cap.
1928 1587 1952 1612 5.
1996 1577 2037 1606 Est
2046 1588 2110 1615 ergo
2119 1578 2186 1607 folio
2195 1581 2316 1609 maxime
2326 1591 2407 1617 quer-

1296 1623 1334 1642 no
1347 1611 1489 1643 assimilata
1499 1635 1507 1649 ,
1528 1613 1618 1643 multo
1629 1615 1795 1652 proceritate
1806 1614 1926 1652 amplior
1936 1624 2017 1652 quam
2029 1615 2185 1646 latitudine.
2225 1617 2267 1647 De
2278 1618 2356 1648 ltalia
2365 1619 2407 1648 lo.

1938 1462 1957 1492 i.
1978 1473 2002 1493 6.
2043 1463 2228 1502 Comparare,
2257 1467 2403 1504 conferre,

15 1661 28 1671 ³
54 1658 106 1687 Att.
149 1656 246 1693 Neque
258 1655 334 1684 enim
344 1655 392 1684 ista
401 1655 489 1691 major
496 1655 580 1685 admo
615 1656 654 1684 tio
663 1677 672 1691 ,
689 1665 771 1692 quam
783 1654 884 1692 quibus
894 1653 996 1685 assidue
1007 1654 1141 1685 conficior
1151 1654 1179 1683 &
1296 1653 1398 1687 quitur.

55 1695 115 1724 >dies
129 1696 155 1725 ἃ
170 1695 273 1723 mentes.
1278 1689 1430 1719 Affimiiare
1440 1689 1548 1719 colores
1561 1711 1569 1726 ,
1590 1688 1730 1719 Similium
1742 1689 1869 1720 colorum
1880 1689 1960 1720 effici.
1983 1690 2068 1721 Ovid.
2086 1702 2128 1728 15.
2143 1691 2214 1722 Met.
2226 1702 2268 1723 12.
2287 1694 2323 1723 de
2335 1694 2406 1725 Cha.

55 1732 181 1763 Ass‘idue.
205 1742 253 1770 pro
265 1730 380 1768 Saepius.
402 1730 515 1774 Virg32.
527 1730 584 1760 Ecl.
601 1741 626 1765 4.
668 1729 923 1760 Affidueveniebat.
946 1731 1064 1760 Servius.
1302 1726 1459 1757 maeleonte.

1241 1765 1262 1795 A
1272 1775 1304 1794 ss
1314 1776 1322 1793 1
1332 1776 1352 1794 Μ
1362 1777 1370 1794 1
1381 1777 1396 1794 ι,
1406 1776 1424 1795 A
1435 1775 1453 1794 N
1466 1776 1483 1794 D
1494 1775 1533 1795 us
1548 1787 1556 1801 ,
1582 1763 1676 1794 Partic.
1698 1762 1952 1802 [kmiwffm-c'pssst&]
1974 1767 2032 1797 Cic.
2048 1777 2068 1796 1.
2086 1767 2121 1797 de
2133 1767 2242 1798 Invent.
2257 1779 2302 1804 42.
2325 1771 2407 1800 Simi-
2431 1765 2435 1769 Α

1279 1803 1305 1832 16
1315 1811 1411 1846 autem
1422 1813 1456 1833 ex
1467 1804 1559 1842 specie
1571 1803 1773 1841 comparabili,
1794 1804 1982 1842 comparabile
1992 1812 2084 1835 autem
2095 1815 2131 1835 ex
2142 1807 2313 1838 conferenda
2328 1831 2336 1845 ‚
2360 1815 2409 1840 aut

1279 1842 1451 1871 allimilanda
1463 1849 1558 1871 natura
1568 1842 1714 1877 judicatur.

1241 1879 1264 1908 A
1274 1889 1285 1909 s
1294 1890 1306 1909 s
1315 1891 1325 1908 1
1336 1891 1356 1908 Μ
1367 1891 1374 1908 1
1385 1891 1401 1908 L
1412 1890 1426 1908 A
1437 1889 1457 1908 N
1468 1890 1486 1908 ‘r
1495 1890 1508 1908 a
1518 1890 1533 1908 a
1542 1902 1551 1915 ⁷
1575 1879 1637 1908 Adv.
1665 1879 1757 1916 Nigid.
1772 1880 1847 1916 apud
1861 1879 1987 1910 Nonium
2007 1891 2030 1910 r.
2052 1891 2112 1915 190.

1243 1919 1264 1947 A
1274 1928 1285 1947 s
1295 1928 1305 1946 s
1318 1929 1326 1946 i
1337 1929 1357 1946 Μ
1367 1920 1384 1946 ῠ
1396 1929 1410 1946 L
1420 1928 1437 1946 o
1448 1939 1455 1953 ‚
1474 1918 1661 1954 [ὐπκεκένομαα
1670 1939 1678 1952 ,
1696 1918 1891 1953 wemrwiouaa]
1908 1922 1962 1948 are.
1979 1918 2139 1948 Allimulare
2151 1920 2269 1950 dicimur
2279 1944 2286 1953 ,
2309 1922 2407 1959 Quum

1279 1956 1354 1993 quod
1366 1956 1470 1985 nonest
1484 1979 1490 1989 .
1507 1955 1645 1993 fingimus.
1667 1955 1732 1985 Ter.
1747 1956 1814 1985 And.
1830 1966 1851 1985 i.
1867 1966 1888 1984 ι.
1905 1967 1965 1992 141.
2006 1957 2090 1986 Nunc
2110 1964 2188 1987 tuum
2209 1960 2246 1988 est
2265 1960 2405 1996 officium,

1279 1994 1328 2023 has
1338 1994 1409 2022 bene
1422 2000 1451 2023 ut
1462 1994 1599 2023 alliniules
1608 1994 1727 2032 nuptias.
1750 1994 1810 2024 Cic.
1828 2007 1850 2030 3.
1867 1994 1925 2024 Off.
1934 2005 1980 2032 97.
2021 1995 2125 2033 Ulyffes
2134 1995 2223 2025 furere
2232 1997 2405 2035 assimulavit,

54 1769 235 1801 Affiduissime
245 1776 339 1799 autem
349 1779 458 1798 mecum
471 1770 523 1798 luit
534 1769 606 1798 Dion
621 1769 689 1798 sius.
713 1769 769 1798 Cic.
783 1769 817 1798 de
829 1769 899 1798 Clar.
913 1770 988 1798 Orat.
1004 1778 1014 1802 ζ
1026 1772 1067 1798 16.

55 1806 386 1877 Ιὲἰὸηῧῐέ1εὸἒῗῖἓῗ611α
402 1806 498 1837 Romae
513 1808 588 1846 apud
602 1779 679 1837 Crut.
695 1817 722 1845 p.
737 1818 800 1843 950.
817 1817 845 1837 n.
857 1813 882 1841 8.
923 1807 1024 1836 HANG
1044 1805 1100 1836 SIC
1121 1803 1181 1835 AD-

0 1879 2 1908 ἶ
18 1884 131 1917 Assio
142 1895 158 1913 υ
169 1895 186 1913 o
197 1906 204 1919 ‚
228 1878 457 1920 [ακαωεπιώςως]
478 1883 556 1914 Idem
570 1883 644 1921 quod
661 1883 778 1912 Assidue.
795 1882 882 1912 Plaut.
896 1882 956 1911 Mil.
973 1891 995 1911 1.
1017 1892 1039 1911 1.
1052 1880 1180 1915 <0.Dum

53 1921 138 1990 {alem
147 1923 230 1952 facies
239 1921 347 1960 qualem
357 1922 448 1951 adhuc
462 1944 471 1958 ‚
492 1921 597 1952 allitluo
608 1922 667 1952 edis
678 1944 685 1957 ‚
708 1920 927 1951 communicabo
939 1928 966 1950 te
978 1920 1086 1958 semper
1103 1928 1181 1949 men-

0 1986 1 1989 ,
67 1971 81 1990 a
100 1970 170 1990 mea.

0 1999 6 2045 Ι
20 1999 81 2030 Ass
91 2009 127 2028 11)
137 2009 154 2028 u
165 2009 198 2033 o,
220 2001 274 2027 are.
292 1997 373 2034 Vulg.
388 1997 441 2027 Int.
454 1997 512 2027 S.S.

3 2038 79 2082 ‘Ass
91 2047 99 2065 1
109 2046 127 2065 G
137 2047 155 2065 N
166 2040 182 2065 o
193 2059 201 2070 ,
224 2033 377 2071 [001971'601
387 2056 393 2065 .
418 2035 550 2072 ωἳεεπὲ-ημι
561 2058 569 2071 ,
587 2029 728 2071 algisssw]
747 2038 801 2064 are.
826 2034 897 2064 Dare
912 2036 937 2064 &
949 2033 1118 2063 distribuere.
1137 2038 1180 2068 ut,

58 2074 193 2112 Affignare
204 2083 290 2111 agros.
327 2073 382 2102 Liv.
396 2084 420 2102 2.
439 2074 496 2102 Cic.
508 2084 532 2103 2.
553 2074 669 2111 Philipp.
681 2083 728 2109 43.
770 2073 831 2102 Duo
847 2073 1071 2109 milliaiugerum
1089 2072 1182 2109 campi

56 2111 185 2143 Leontini
196 2112 280 2141 Sexto
292 2111 392 2141 Clodio
405 2111 509 2141 rhetori
524 2112 657 2149 assignasti
667 2134 675 2146 ,
698 2113 723 2141 ἃ
738 2111 851 2148 quidem
864 2111 1006 2140 immunia.
1068 2136 1071 2145 „

57 2150 192 2188 Affignare
205 2151 401 2183 instrumento,
415 2151 429 2178 14
440 2160 463 2178 6.
481 2150 651 2187 Subsignaie.
674 2150 757 2179 Scaev.
772 2150 800 2178 in
813 2149 830 2178 l.
845 2159 889 2178 20.
912 2149 944 2178 D.
963 2149 998 2177 de
1011 2147 1086 2177 auth.
1096 2153 1180 2177 tutor.

55 2189 140 2227 Agros
150 2188 280 2226 allignare
293 2211 299 2221 ,
322 2198 371 2225 pro
384 2188 673 2218 Coloniisdeducere.
696 2188 762 2217 Hor.
777 2198 800 2216 z.
820 2187 898 2225 Epist.
916 2198 937 2216 1.
954 2192 979 2221 8.

148 2242 185 2247 »-
199 2226 291 2264 aspera
305 2225 376 2256 bella
472 2226 655 2264 Coinpoiiunt
666 2248 673 2260 ,
697 2235 775 2263 agros
784 2225 926 2262 assignant.
972 2223 1134 2261 Porphyrio.

57 2264 193 2302 Affignare
201 2264 310 2293 colonis
321 2273 407 2301 agros.
431 2263 489 2294 Cic.
505 2275 526 2299 3.
542 2272 637 2294 cor-tra
647 2263 720 2293 Rull.
738 2273 777 2292 12.
808 2264 949 2301 Scriptum
958 2263 996 2291 est
1005 2262 1080 2291 enim
1091 2284 1098 2295 ,
1121 2271 1182 2298 quae

75 2303 106 2332 in
115 2303 267 2340 municipia
279 2325 286 2337 ‚
309 2312 430 2339 quasque
444 2303 472 2331 in
484 2303 607 2331 colonias
620 2302 772 2330 Decemviri
786 2301 872 2330 velint
884 2324 891 2335 .
913 2301 1055 2330 deducant
1064 2299 1182 2329 colonos

57 2340 590 2421 Affinis-¹.2.‘³61¹{f‘fssff'ffllltss'30‘
602 2341 754 2413 1ξὲΞῖᾙὲ
760 2339 813 2406 ¹2⁰5ss
817 2339 1012 2415 Si-Sffissfft'agms
1021 2374 1182 2413 legionibus

78 2417 202 2454 allignari
215 2423 283 2453 puto
294 2423 431 2454 oportere.
473 2417 502 2446 V.
528 2426 594 2445 mox
607 2416 732 2453 Allignati
748 2416 812 2453 agri.

57 2453 131 2522 ,11ὲὲ111
141 2464 174 2484 ex
183 2465 246 2492 agro
258 2462 305 2484 tuo
316 2461 423 2484 tantum
433 2454 549 2493 assignes
559 2477 567 2490 ,
586 2461 721 2492 quantum
732 2464 797 2483 meo
809 2462 927 2491 corpore
939 2452 1073 2490 occupari
1080 2450 1179 2489 potest.

88 2493 135 2522 ¹'ic.
152 2502 174 2528 3-
192 2495 242 2522 iitt.
260 2503 269 2521 1
294 2516 299 2522 .

39 2530 176 2561 'Ordines
193 2503 333 2565 aiiigniire.
357 2530 414 2560 Cic.
436 2531 465 2560 in
483 2529 569 2559 Pison.
593 2535 637 2564 88.
661 2530 762 2567 Quid‘.>
785 2528 963 2559 Centuriatus
976 2528 1070 2567 palam
1084 2527 1182 2557 vendi-

78 2575 120 2598 tos
131 2570 144 2598 ἶ)
166 2570 232 2605 quid
242 2569 254 2597 Ῥ
276 2579 324 2606 per
334 2576 415 2598 tuum
425 2568 561 2597 servulum
574 2569 686 2597 ordines
697 2568 865 2605 affignatos?

59 2607 186 2644 Affignati
200 2617 213 2636 a
225 2614 340 2643 praetore
352 2607 532 2644 apparitores.
555 2606 603 2635 Cic
628 2617 650 2641 ς.
668 2606 742 2635 Verr.
756 2612 799 2635 61.

58 2645 162 2675 Natura
172 2645 266 2674 avibus
278 2644 379 2674 coelum
397 2645 545 2682 allignavit.
570 2644 635 2673 l’lin.
650 2644 694 2673 lib.
709 2655 748 2672 io.
770 2654 833 2682 cap.
848 2653 890 2679 50.

60 2683 195 2720 Affignare
204 2683 309 2720 aliquid
319 2682 365 2712 suo
377 2682 448 2712 loco.
469 2682 605 2712 Columel.
622 2683 670 2711 lib.
685 2691 796 2720 12.C}1p.
812 2692 837 2711 2.
877 2680 952 2710 Nam
965 2681 991 2711 Sc
1004 2679 1183 2718 unumquod-

78 2731 130 2759 que
146 2721 251 2750 facilius
263 2721 449 2750 consideratur
460 2743 466 2755 ,
488 2731 574 2755 quum
585 2720 622 2749 est
635 2720 797 2758 assignatum
809 2719 856 2749 suo
873 2718 945 2749 loco.

60 2753 151 2789 Bonos
162 2760 277 2795 juvenes
287 2760 374 2788 famae.
400 2759 465 2787 l’lin.
477 2759 557 2796 Epist.
572 2769 614 2792 23.
627 2758 673 2787 lib.
686 2762 711 2787 6.

24 2831 27 2834 ⁶
60 2797 148 2827 Alicui
161 2798 351 2834 dignationem
363 2797 506 2835 principis.
530 2797 619 2826 Tacit.
645 2797 680 2826 (16
700 2797 791 2825 Germ.
813 2805 855 2832 13.
892 2794 1007 2832 Insignis
1029 2794 1160 2823 nobilitas
1173 2815 1182 2829 ‚

78 2842 229 2903 aufftmagna
241 2843 350 2874 patrum
360 2836 457 2864 merita
470 2857 478 2869 ,
501 2835 635 2873 principis
654 2835 850 2873 dignationem
863 2833 948 2862 etiam
960 2831 1183 2862 adolescentibus

45 2888 48 2892 ⁴
78 2883 93 2902 a
116 2880 218 2911 ignant.

23 2927 33 2939 ι,
61 2908 174 2942 Morbos
185 2911 266 2940 certis
276 2911 406 2949 pai-tibus.
428 2909 557 2940 Celslib.
570 2920 592 2944 ³-
614 2920 675 2947 cap.
691 2915 733 2944 18.

11 2960 15 2967 ¹
61 2949 225 2987 Allignatum
237 2960 250 2978 a
264 2951 317 2978 deo
329 2959 429 2979 muniis
440 2949 594 2978 humanum
606 2949 746 2986 defugere.
769 2947 827 2977 Cic.
838 2947 867 2976 in
876 2947 972 2976 Somn.
984 2945 1058 2984 Scip.
1071 2954 1099 2984 7.

43 2988 197 3024 'Allignzire
207 2987 337 3017 libertum
349 2995 393 3019 tut
403 2988 440 3016 ait
454 2987 636 3019 Modestinus,
648 2987 665 3016 l.
679 2986 818 3024 ailignare.
836 2995 894 3021 ¹07·
908 2985 939 3014 D.
961 2984 1004 3013 De
1016 2985 1050 3013 de
1063 2983 1138 3014 verb.
1153 2983 1184 3012 si-

70 3026 144 3063 .gnif.
160 3026 172 3062 )
194 3026 256 3055 Hoc
265 3026 303 3054 est
313 3026 419 3058 testari.
441 3026 519 3058 cuius
527 3035 560 3054 ex
572 3024 665 3054 liberis
677 3025 808 3053 libertum
818 3033 881 3051 eum
897 3022 950 3051 esse
964 3022 1058 3051 voluit.

50 3063 211 3101 ‚Affignare.
235 3065 372 3102 lniputare
382 3085 389 3099 ,
410 3063 558 3092 attribuere
569 3062 690 3100 culpam.
709 3062 768 3091 Cic.
781 3073 803 3091 1.
814 3061 849 3098 Q
861 3061 950 3096 stat.4.
966 3061 1070 3089 Amabo
1080 3064 1125 3094 te,
1142 3058 1183 3088 mi

82 3102 178 3137 frater,
199 3112 235 3131 ne
247 3103 322 3139 quod
331 3111 386 3130 uno
397 3111 461 3130 meo
473 3102 528 3130 fato
540 3123 548 3136 ⁷
571 3102 596 3130 St
609 3108 638 3129 tu
654 3102 680 3130 S<
692 3110 790 3129 onmes
805 3101 859 3128 mei
872 3098 1008 3127 corruistis
1019 3119 1026 3131 ‚
1050 3096 1183 3134 improbi-

29 3170 36 3171 .
80 3141 166 3170 tati&
181 3139 276 3168 sceleri
293 3149 356 3169 meo
375 3140 468 3178 potius
481 3158 488 3169 ,
518 3149 599 3177 quam
622 3138 840 3176 imprudentiae,
875 3135 1124 3172 misericordiaeque
1145 3133 1184 3163 as-

80 3177 174 3215 signes.
209 3178 254 3207 Sic
268 3177 401 3215 Assignare
413 3178 533 3211 civitati.
556 3177 637 3206 unius
649 3175 808 3206 amentiam.
833 3175 888 3204 Liv.
905 3179 930 3204 6.
945 3173 1012 3203 ssell.
1025 3173 1137 3202 Maced.

60 3214 300 3245 InfinitatemdeO.
324 3215 392 3245 Plin.
402 3215 448 3244 lib.
463 3225 488 3243 2.
502 3225 563 3253 cap.
578 3225 600 3244 i.

63 3253 179 3292 Culpam
188 3254 312 3283 fortunae.
334 3253 392 3283 Cic.
404 3262 429 3289 7.
446 3252 519 3282 Verr.
556 3253 601 3282 Sic
611 3252 686 3289 apud
698 3251 767 3282 Plin.
777 3251 826 3280 lib.
840 3260 865 3280 2.
876 3259 937 3288 cap.
948 3259 974 3287 7.
998 3248 1128 3286 Astroque
1136 3247 1184 3278 suo

50 3314 52 3319 ,
81 3299 196 3324 eventus
210 3291 341 3329 affiguat,
364 3293 390 3321 &
402 3290 532 3320 nascendi
545 3290 660 3327 legibus.

62 3329 210 3367 Affignatas
229 3339 288 3362 res.
311 3328 419 3358 Annulo
438 3332 553 3366 {ignatas
572 3330 700 3365 accipere
719 3325 878 3365 possumus,
897 3325 930 3368 ’in
949 3324 967 3368 l..
985 3334 1007 3353 1.
1031 3324 1052 3362 §.
1072 3324 1121 3353 ult.
1150 3323 1184 3354 D.

79 3367 159 3434 Naultl.
170 3377 251 3406 caup.
266 3367 459 3404 [Vetilimilius
469 3374 565 3397 tamen
576 3367 713 3396 Custodiae
724 3373 814 3394 nauta:
825 3370 993 3392 nominatim
1004 3362 1186 3392 demandatas

81 3413 137 3434 inte
161 3416 168 3434 ι
190 3416 205 3435 ι.

62 3416 192 3481 Affignatgi
205 3444 262 3481 agri
273 3442 460 3477 vocabantur,

82 3481 254 3518 lignabantur
265 3503 273 3516 ‚
296 3482 461 3510 &intereos
474 3480 604 3510 centuriis
620 3480 687 3509 actis
698 3477 904 3508 dividebantur.
926 3477 944 3506 l.
963 3487 1005 3513 ις.
1023 3477 1043 3515 §.
1059 3486 1082 3505 1.
1097 3476 1130 3507 D.
1150 3476 1186 3505 de

81 3519 120 3548 rei
132 3520 240 3549 vendic.
281 3519 313 3548 V.
335 3518 413 3563 supra
427 3520 511 3556 Agros
526 3516 667 3556 assignare.
857 3552 862 3558 ⁸
950 3552 956 3557 θ

29 3555 89 3586 Ass
101 3567 108 3584 1
120 3567 167 3586 GN
179 3567 198 3586 A
212 3567 272 3586 rio
286 3579 294 3591 ‚
325 3560 395 3586 sinis.
426 3556 445 3586 f.
478 3552 705 3592 [παπ-κώπη]
733 3552 891 3584 Attributio.
925 3551 982 3581 Cic.
1004 3559 1044 3586 13.
1068 3550 1142 3594 fam.
1157 3561 1185 3586 9.

65 3594 160 3631 Quum
169 3595 254 3624 Caesar
266 3594 390 3632 Syllanas
402 3593 580 3624 venditiones
601 3595 627 3623 ἃ
645 3592 840 3630 assignationes
858 3596 928 3619 ratas
947 3589 1002 3619 eise
1019 3589 1088 3618 velit
1100 3611 1108 3624 ‚
1131 3599 1186 3627 quo

62 3632 195 3662 firmiores
204 3633 392 3662 existimentur
408 3632 470 3662 suae.
509 3632 570 3668 Sic,
591 3630 741 3669 Affignatio
755 3638 883 3667 agrorum
901 3628 976 3666 apud
990 3627 1132 3663 eundern,
1152 3638 1180 3664 4.

10 3671 12 3675 ’
64 3669 181 3709 Philipp.
204 3671 236 3700 Et
245 3671 280 3700 de
296 3670 366 3707 Lege
381 3672 470 3708 Agrar-

29 3707 288 3743 AssiGNArOR,
311 3709 374 3738 oris.
397 3718 435 3738 m.
459 3707 569 3746 Ulpian.
940 3741 946 3747 ³

30 3746 176 3776 Assttio
186 3768 194 3781 ‚
215 3747 243 3775 ui
259 3748 284 3776 ἃ
296 3747 335 3776 ivi
347 3768 354 3779 ,
371 3746 462 3775 ultum
472 3768 480 3782 ‚
502 3740 676 3782 [immolblai]
691 3746 741 3773 Tre.
757 3752 793 3773 ex
805 3741 846 3772 Ad
858 3740 966 3771 &Salio
980 3740 1185 3779 compositum;

63 3783 194 3821 significat
204 3784 243 3813 Ad
253 3784 358 3821 aliquid
370 3784 447 3814 salire
458 3806 466 3819 ‚
478 3783 600 3821 aggredi.
624 3782 691 3812 Plin.
704 3782 750 3811 lib.
761 3791 786 3817 9.
812 3790 873 3818 cap.
886 3789 932 3821 42.
967 3778 1126 3809 Eminentia
1137 3779 1186 3808 sub

63 3822 150 3851 oculis
170 3822 313 3852 cornicula
329 3822 439 3852 turbato
458 3821 528 3851 limo
539 3821 640 3856 exerit,
661 3819 821 3850 affultantes
836 3816 982 3854 pisciculos
1001 3818 1185 3856 pertrahens,

65 3859 154 3889 donec
163 3867 219 3888 tam
231 3870 315 3898 prope
327 3860 478 3894 accedant,
500 3866 531 3888 ut
539 3858 644 3888 assiliat.
668 3858 753 3887 Ovid.
771 3866 812 3885 ii.
825 3856 896 3885 Met.
913 3858 977 3891 526.

143 3898 239 3934 Quum
249 3897 318 3936 saepe
328 3898 395 3927 alsili
407 3906 437 3926 ut
448 3896 567 3927 defensa:
575 3895 716 3926 moenibus
730 3894 813 3924 urbis.

65 3934 168 3964 Assilire
180 3936 208 3963 in
217 3935 327 3965 ferrum.
348 3935 395 3965 Sil.
413 3936 461 3964 lib.
483 3945 524 3964 10.
540 3943 564 3970 3.

146 3972 230 4002 iiffilit
239 3974 266 4001 in
277 3973 378 4003 ferrum
389 3975 414 4002 Sc
427 3983 476 4011 per
486 3972 601 4002 vulnera
609 3971 717 4009 colligit
731 3968 848 4000 hostem.

67 4009 169 4040 Affilire
183 4020 197 4039 a
208 4019 295 4048 terg0.
321 4011 368 4041 Sil.
385 4011 432 4041 lib.
445 4021 469 4048 7.
480 4020 544 4047 70¹-

30 4073 35 4077 .
67 4046 192 4079 Affiiiunt
201 4048 294 4080 frenis.
314 4049 362 4080 Sil.
377 4049 425 4080 lib.
440 4060 467 4086 4.
484 4058 545 4086 315.

1280 2042 1316 2061 ne
1345 2042 1381 2060 uo
1394 2039 1454 2061 iret.

1279 2042 1457 2105 Alliinulare,
1480 2069 1563 2107 quasi.
1605 2069 1670 2100 Ter.
1692 2069 1762 2100 Eun.
1783 2065 1851 2107 3.'2.
1870 2075 1897 2105 8.
1928 2070 2033 2106 Adibo,
2050 2077 2133 2109 atque
2153 2071 2315 2102 assimulabo
2335 2074 2410 2111 quali

1299 2118 1376 2136 nunc
1387 2118 1494 2137 exeam.

1280 2146 1442 2176 Ailimulare
1460 2146 1598 2183 aliquem,
1619 2146 1657 2174 est
1668 2145 1702 2175 Se
1720 2145 1836 2175 similem
1854 2145 1938 2175 alicui
1952 2146 2080 2176 reddere.
2101 2146 2187 2178 Ovid.
2203 2157 2246 2184 14.
2258 2148 2328 2180 Met.
2342 2152 2407 2180 661.

1298 2184 1335 2213 de
1351 2185 1520 2217 Vertunino,

1399 2222 1449 2252 1116
1465 2223 1549 2251 etiam
1562 2222 1635 2259 pifta
1654 2220 1799 2251 redimitus
1814 2228 1942 2260 tempora
1962 2223 2043 2251 mitra

1399 2260 1527 2290 Innitens
1543 2259 1642 2288 baculo
1656 2282 1663 2294 ,
1685 2260 1780 2297 politis
1792 2270 1842 2298 per
1853 2268 1978 2298 tempora
1988 2261 2065 2290 canis

1400 2298 1571 2328 Allimulavit
1583 2307 1676 2326 anum.

1281 2335 1458 2372 Affimuhre,
1481 2347 1530 2374 pro
1545 2335 1746 2365 Adumbrare&
1756 2334 1957 2374 repraesentare.
1981 2335 2103 2373 Quintil.
2120 2336 2170 2366 lib.
2183 2346 2208 2374 7.
2223 2345 2284 2376 cap.
2297 2346 2339 2368 11.
2367 2336 2410 2368 Pi-

1299 2376 1359 2403 etot
1367 2382 1480 2411 accepta
1490 2374 1571 2404 semel
1584 2374 1709 2402 imitandi
1722 2375 1839 2408 ratione,
1848 2374 1928 2403 facile
1941 2374 2109 2404 affimulabit
2119 2375 2251 2413 quicquid
2262 2378 2407 2415 acceperit.

1280 2412 1409 2449 Aliquem
1422 2413 1514 2442 alicui.
1537 2412 1628 2442 Tacit.
1642 2413 1670 2441 in
1683 2412 1743 2441 Vita
1758 2413 1844 2449 Agric.
1867 2422 1908 2441 io.

1281 2450 1385 2480 Literas
1401 2473 1408 2485 .
1431 2461 1484 2489 pro
1500 2450 1657 2480 ildulterare
1668 2451 1692 2479 ἃ
1706 2450 1884 2488 confingere.
1905 2450 1982 2487 apud
1992 2450 2081 2480 Tacit.
2098 2455 2139 2481 i6.
2155 2451 2224 2480 Ann.
2240 2460 2281 2488 17.

1281 2488 1434 2555 Alffibmulari
1444 2511 1452 2525 ‚
1474 2489 1540 2527 pass.
1553 2487 1699 2518 Ten-Eun.
1713 2497 1736 2525 3.
1752 2499 1776 2524 5.

1311 2537 1325 2556 a
1347 2537 1384 2556 ar.

1243 2565 1306 2595 Ass
1317 2576 1324 2593 1
1336 2576 1355 2593 Μ
1366 2575 1410 2594 UL
1422 2573 1486 2594 ATi
1498 2574 1515 2593 o
1528 2586 1536 2599 ‚
1558 2563 1629 2593 finis.
1651 2563 1670 2592 f.
1694 2562 1898 2600 [ww-niem]
1920 2564 1989 2593 Plin.
2005 2564 2053 2594 lib.
2078 2575 2120 2594 11.
2144 2575 2204 2603 cap.
2222 2576 2267 2602 49.
2308 2564 2411 2594 Contra

1281 2602 1430 2632 mulierum
1444 2603 1540 2641 paucis
1551 2601 1709 2639 prodigiosa
1721 2601 1896 2632 affimulatio.
1920 2603 1999 2632 Auth.
2019 2603 2054 2632 ad
2068 2603 2190 2634 Herenn.
2205 2615 2231 2640 4.
2271 2602 2411 2633 Affimula-

1281 2642 1321 2670 tio
1334 2641 1378 2670 sua
1392 2640 1491 2679 sponte
1504 2641 1538 2669 ad
1546 2640 1671 2675 animum
1682 2640 1816 2669 auditoris
1827 2640 1851 2669 se
1862 2640 2067 2671 accommodat.

1245 2680 1263 2709 A
1277 2687 1564 2709 ssiuuLATiTw
1577 2688 1605 2710 s.
1628 2677 1699 2707 Cod.
1718 2677 1857 2708 Theodos.

1244 2719 1265 2747 A
1275 2728 1286 2747 s
1297 2728 1308 2746 s
1319 2728 1326 2745 i
1336 2727 1357 2746 Μ
1369 2727 1387 2746 υ
1398 2728 1414 2745 L
1424 2727 1441 2745 A
1451 2726 1471 2745 T
1482 2727 1500 2745 u
1510 2726 1522 2745 s
1532 2738 1540 2751 ,
1566 2716 1660 2744 Partic.
1683 2717 1904 2752 [πῆσπικθεὶς]
1926 2716 1983 2746 Cic.
1995 2727 2045 2754 pro
2059 2715 2129 2746 Coel.
2146 2727 2187 2752 ¹4·
2228 2716 2301 2746 Tum
2322 2716 2408 2747 etiam

1281 2755 1477 2823 pitiltoskfortes
1488 2755 1560 2784 viros
1576 2756 1601 2784 ἃ
1614 2754 1703 2783 bonos
1716 2775 1724 2790 ‚
1745 2753 1837 2791 specie
1857 2755 1975 2792 quadam
1994 2756 2102 2785 virtutis
2115 2754 2274 2786 assimulatae
2286 2754 2407 2785 tenebat.

1290 2804 1308 2822 1.
1331 2803 1354 2823 e.
1388 2793 1468 2822 'ieta

1281 2831 1463 2861 familiaritas
1471 2829 1630 2859 assimulata.
1659 2829 1716 2859 Cic.
1737 2839 1787 2867 pro
1799 2829 1909 2860 Cluent.
1924 2833 1967 2866 3⁶-

1280 2869 1378 2899 Lirerae
1390 2868 1557 2898 affiniulatae.
1600 2868 1658 2898 Cic.
1673 2880 1697 2902 4·
1719 2868 1791 2897 Verr.
1807 2873 1865 2903 ¹89·
1887 2867 2009 2898 Tabulas
2022 2868 2051 2897 in
2066 2868 2127 2898 foro
2138 2867 2242 2897 summa
2259 2867 2409 2898 hominum

1300 2908 1457 2945 frequentia
1467 2905 1592 2936 exscribo
1607 2916 1613 2935 :
1635 2904 1803 2935 adhibentur
1812 2907 1840 2934 in
1848 2906 2032 2935 exscribendo
2043 2907 2078 2935 de
2088 2912 2229 2936 conventu
2247 2906 2294 2934 viri
2307 2906 2408 2942 p'rima-

1300 2946 1352 2975 rii:
1376 2945 1474 2980 literae,
1487 2944 1631 2982 lituraeque
1642 2953 1740 2973 omnes
1751 2944 1910 2974 assimulatae
1923 2966 1931 2980 ‚
1954 2944 2104 2983 expreffae,
2125 2944 2160 2973 de
2168 2943 2267 2972 tabulis
2283 2944 2312 2971 in
2321 2942 2409 2973 libros

1302 2984 1511 3013 transferuntur.

1281 3020 1440 3051 Affimulata
1452 3020 1574 3050 externis
1584 3019 1731 3050 miraculis.
1771 3019 1862 3050 Tacit.
1878 3030 1919 3049 11.
1938 3020 2006 3049 Arin.
2019 3030 2060 3049 11.
2081 3018 2166 3048 Favor
2182 3018 2270 3055 plebis
2281 3018 2408 3049 acriorin

1299 3059 1457 3089 Domitium
1471 3081 1479 3093 ,
1497 3058 1561 3088 loco
1577 3058 1698 3096 praesagii
1712 3065 1843 3096 acceptus
1859 3057 1898 3087 est
1912 3067 1918 3087 :
1941 3058 2157 3096 vulgabaturque
2168 3055 2271 3084 affuiffe
2283 3056 2407 3087 infantiae

1300 3097 1360 3164 ejus
1370 3097 1505 3127 dracones
1513 3096 1673 3127 ‘immodum
1683 3096 1828 3126 custodum
1841 3118 1850 3131 ,
1870 3095 1994 3126 fabulosa
2013 3097 2040 3125 δι
2053 3094 2174 3124 externis
2191 3093 2330 3124 miraculis
2347 3094 2408 3124 affi-

1300 3145 1348 3164 mu
1362 3143 1412 3164 ata.

1244 3174 1265 3204 A
1274 3183 1285 3203 s
1294 3183 1323 3202 si
1337 3184 1351 3201 a
1361 3184 1380 3202 A
1390 3183 1408 3202 τ
1419 3183 1436 3202 u
1448 3184 1468 3202 Μ
1477 3195 1484 3207 ,
1506 3172 1581 3210 apud
1592 3172 1720 3210 antiquos
1729 3170 1873 3201 dicebatur
1883 3171 1977 3200 Genus
1987 3169 2128 3205 quoddam
2144 3169 2269 3206 potionis
2285 3178 2321 3198 ex
2339 3170 2406 3199 vino

1283 3213 1309 3279 i}
1329 3211 1460 3249 sanguine
1475 3217 1659 3249 temperatum
1672 3233 1679 3246 ‚
1702 3210 1778 3248 quod
1794 3209 1884 3238 Latini
1898 3208 1979 3247 prisci
2001 3207 2066 3237 Affir
2083 3207 2246 3244 sanguinem
2265 3214 2405 3238 vocarent.

1307 3250 1387 3281 estus

1244 3289 1365 3323 Assm,
1388 3288 1422 3323 is,
1443 3297 1493 3325 pro
1510 3286 1597 3316 Libra.
1619 3287 1895 3316 AssrPoNnium.
1936 3282 1967 3311 V.
1990 3292 2041 3312 As.

1244 3327 1264 3354 A
1274 3336 1285 3355 s
1295 3335 1345 3354 sis
1355 3347 1364 3361 .
1386 3326 1417 3355 is.
1441 3335 1477 3354 m.
1499 3325 1615 3361 [mih]
1637 3324 1714 3354 ldern
1729 3323 1804 3360 quod
1821 3321 1899 3352 Affer.
1940 3320 1970 3349 V.
1995 3331 2012 3349 A
2023 3330 2034 3349 s
2044 3329 2055 3350 s
2065 3329 2115 3349 aa.

1244 3363 1306 3392 Ass
1318 3366 1389 3392 urA
1401 3386 1408 3398 ,
1425 3373 1455 3392 ae.
1473 3363 1492 3392 f.
1512 3358 1714 3399 [exalbatos]
1736 3361 1833 3389 dimin.
1846 3359 1929 3388 l'laut.
1949 3357 2035 3387 Mero.
2053 3367 2110 3387 1.2.
2122 3367 2167 3386 20.
2192 3357 2224 3387 At
2235 3357 2319 3387 etiam
2333 3358 2406 3388 cesso

1281 3402 1387 3430 foribus
1395 3402 1484 3431 Facere
1494 3401 1535 3430 his
1547 3399 1642 3429 assulas
1652 3400 1665 3427 ²?
1687 3399 1778 3428 Festus
1788 3420 1794 3432 ,
1820 3395 1913 3426 iiffiilae
1921 3417 1928 3429 ,
1952 3396 2020 3432 Quae
2032 3395 2094 3424 sunt
2106 3395 2247 3425 securi-bus
2256 3395 2381 3426 excufl‘ae.

1244 3439 1304 3470 Ass
1318 3451 1332 3468 υ
1345 3443 1460 3470 ΗῙΉΜ
1472 3461 1479 3472 ‚
1499 3439 1565 3468 Λᾶν,
1589 3433 1676 3474 [mamx
1694 3434 1867 3469 σκυθαλμὲε]
1897 3433 2077 3467 minutatim.
2099 3435 2125 3463 &
2143 3435 2172 3463 in
2189 3433 2294 3463 assulas.
2317 3434 2406 3464 Plaut.

1282 3478 1361 3515 Capt.
1374 3488 1400 3513 4.
1413 3487 1437 3507 2.
1453 3487 1494 3512 52.
1520 3477 1675 3512 Priusquam
1686 3473 1820 3511 pultando
1834 3494 1842 3506 ,
1865 3471 1908 3501 vel
1919 3471 2054 3500 aiiiilatim
2068 3471 2172 3500 foribus
2180 3472 2295 3501 exitium
2307 3471 2403 3503 affero.

1245 3515 1334 3545 Assu
1368 3519 1405 3545 ὃς
1417 3525 1430 3543 Ε
1443 3537 1450 3549 ,
1475 3515 1541 3543 Adv.
1571 3503 1812 3549 [σκιιᾶὶωμωέὶῖε]
1833 3509 1909 3538 Idem
1922 3509 2060 3546 fignificat.
2086 3509 2153 3538 Plin.
2165 3509 2212 3538 lib.
2229 3519 2269 3539 12.
2286 3520 2346 3548 cap.
2358 3520 2404 3541 22.

1281 3553 1329 3582 Cal
1358 3564 1410 3582 nus
1422 3552 1522 3581 melior
1533 3574 1540 3584 .
1563 3552 1606 3587 qui
1619 3546 1730 3577 ..ii'iilose
1741 3548 1832 3585 potius
1844 3569 1851 3579 .
1875 3557 1954 3583 quam
1963 3548 2077 3585 raphani
2087 3548 2173 3577 modo
2187 3548 2328 3585 frangitur.
2345 3548 2362 3576 i.
2375 3558 2401 3578 e.

1280 3591 1313 3621 In
1327 3591 1543 3627 longitudinem.
1585 3588 1671 3623 Quod
1692 3586 1726 3614 lic
1746 3584 1870 3622 explicat
1887 3585 2037 3614 Cornarius
2053 3594 2089 3614 ex
2104 3584 2177 3614 Pauli
2190 3585 2324 3622 AEginetae
2341 3586 2405 3616 loco

1281 3639 1343 3666 cap,
1364 3635 1407 3664 89-
1430 3628 1478 3657 lib,
1498 3639 1521 3663 ς.
1550 3626 1583 3654 ab
1601 3635 1636 3653 eo
1657 3624 1730 3652 hunc
1748 3623 1776 3651 in
1789 3622 1904 3651 modum
1922 3622 2016 3652 verso:
2039 3623 2210 3652 Differentiae
2225 3624 2405 3653 t'racturarum

1281 3667 1373 3705 plures
1388 3667 1457 3695 sunt.
1502 3665 1556 3693 Alia
1568 3663 1641 3691 enim
1653 3660 1766 3698 raphani
1778 3661 1864 3689 modo
1875 3661 1946 3689 facta
1956 3661 2072 3693 dicitur.
2094 3661 2147 3691 alia
2158 3661 2273 3690 assulose
2282 3683 2290 3696 .
2311 3661 2363 3690 alia
2376 3663 2407 3691 in

1281 3714 1405 3741 unguem
1418 3727 1424 3735 .
1447 3703 1498 3732 alia
1512 3701 1631 3739 polentae
1645 3699 1729 3727 modo
1743 3720 1750 3732 ‚
1771 3697 1823 3740 alia
1841 3708 1890 3735 per
1908 3699 2119 3728 defractionem.
2162 3699 2195 3728 Et
2214 3699 2327 3736 raphani
2348 3700 2408 3737 qui-

1281 3743 1346 3771 dem
1359 3742 1443 3770 modo
1456 3741 1524 3769 facia
1537 3761 1544 3771 .
1566 3737 1602 3766 est
1611 3736 1727 3765 fractura
1739 3735 1803 3764 ollis
1815 3735 1967 3765 secundum
1978 3737 2121 3774 obliquam
2132 3736 2247 3774 figuram
2260 3747 2308 3774 per
2319 3737 2407 3766 crassi.

1280 3780 1407 3810 tudinem
1429 3784 1435 3809 (
1450 3787 1510 3814 quat
1522 3778 1547 3805 ἃ
1558 3775 1712 3803 cucumeris
1724 3775 1811 3802 modo
1822 3796 1830 3809 ,
1852 3776 1877 3803 ἅ
1890 3773 1977 3803 caulis
1990 3776 2075 3803 modo
2093 3775 2162 3804 facta
2182 3775 2343 3812 quibusdam
2366 3776 2408 3804 di-

1280 3820 1353 3847 citur
1365 3838 1372 3851 ,
1393 3825 1427 3844 ex
1439 3812 1617 3844 similitudine
1629 3812 1775 3840 fractorum
1790 3819 1971 3841 cucumerum
1982 3823 2014 3841 ac
2025 3812 2253 3847 cauliculorum.)
2287 3812 2408 3842 Assulose

1279 3865 1345 3885 vero
1359 3876 1366 3889 ,
1388 3854 1425 3882 est
1436 3853 1552 3881 fractura
1562 3849 1624 3879 offis
1638 3851 1666 3878 in
1677 3849 1893 3886 longitudinem.
1932 3850 1966 3880 'ln
1981 3854 2102 3885 unguem
2113 3859 2205 3879 autem
2217 3873 2224 3882 ,
2242 3850 2280 3879 est
2290 3851 2406 3880 fractura

1281 3893 1372 3928 aliqua
1384 3891 1495 3928 quidem
1507 3896 1583 3926 parte
1595 3890 1685 3922 ret-ta,
1706 3888 1783 3923 juxta
1793 3887 1879 3917 finem
1898 3897 1963 3917 vero
1976 3888 2078 3918 lunaris
2099 3898 2179 3924 gquae
2199 3886 2256 3925 ipsa
2270 3890 2294 3917 ἃ
2309 3889 2408 3918 calami

1280 3930 1367 3959 modo
1378 3929 1448 3957 faeta
1455 3927 1581 3957 dicitur.)
1623 3925 1742 3955 Polentae
1754 3935 1818 3954 vero
1832 3925 1919 3954 modo
1929 3948 1937 3960 ,
1959 3926 1996 3954 est
2006 3926 2122 3956 frat‘tura
2132 3925 2194 3954 offis
2207 3927 2233 3953 in
2248 3925 2346 3954 multas
2358 3927 2409 3954 mi-

1278 3974 1361 3998 nutas
1370 3973 1459 4003 partes
1481 3970 1489 3999 (
1504 3975 1562 4001 quae
1573 3964 1685 3993 &nucis
1702 3964 1787 3991 modo
1801 3963 1870 3992 faeta
1892 3963 2019 3992 dicisum
2061 3963 2199 3993 Desractio
2213 3972 2277 3991 vero
2299 3970 2346 3991 aut
2361 3964 2411 3992 ab-

1278 4004 1390 4038 scissio,⁴
1405 4004 1443 4032 est
1455 4002 1556 4033 ablatio
1565 4002 1652 4040 partis
1663 4001 1727 4031 offis
1734 4001 1888 4030 secundum
1902 4001 2106 4031 dil-fractionem
2121 4000 2276 4039 superficiei
2289 4021 2296 4034 ⁷
2320 4008 2351 4029 ut
2363 4001 2412 4030 ab·

1278 4042 1369 4073 latum
1384 4041 1463 4072 delit-

1679 4076 1752 4107 Mm
1781 4086 1794 4115 3

1817 2488 1891 2518 Tum
1902 2488 1950 2526 pol
1960 2499 2011 2527 ego
2032 2489 2054 2518 is
2068 2488 2151 2518 effem
2166 2499 2230 2518 vere
2247 2490 2293 2527 qui
2304 2488 2413 2521 affimu.

482 3442 539 3478 Qui
548 3451 583 3470 ei:
595 3441 718 3471 hostibus
728 3440 802 3477 capti
810 3439 945 3469 veteranis
958 3448 1010 3477 pro
1021 3438 1137 3475 praemio
1149 3436 1187 3466 as-

2239 4076 2408 4112 Assxsro,
