2600 4177
427 116 450 156 B
546 117 562 156 1
660 123 680 158 S

60 196 214 241 sipili-ando
233 202 361 243 ducunt:
385 199 431 232 alii
444 203 603 240 Vepenem,
625 203 763 234 &Penem
774 200 934 244 intelligunt
942 217 1066 245 parvum.
1103 204 1177 245 [Pro

63 242 134 271 Nata
144 263 152 275 ,
173 241 323 277 legendum
339 241 421 270 Natta
432 241 549 270 videtur.

27 272 47 308 B
59 288 163 307 11³L13X
176 301 184 313 ,
205 280 264 307 icis.
289 277 372 307 Gloff.
385 278 429 307 Gr.
443 278 499 307 Lat.
520 277 612 306 ἓιετυκῦς
625 300 633 314 ,
654 278 749 316 biplex
765 300 772 315 ‚
793 281 906 318 duplex.

26 309 88 348 Bru
99 319 115 344 ἒ
125 325 183 344 Mis
196 338 204 349 ,
228 316 259 344 is.
289 316 306 344 f.
339 314 460 351 [dissent]
482 316 565 345 Navis
582 326 641 352 quae
652 316 725 345 binis
735 319 863 354 utrinque
875 329 1015 348 remorum
1031 320 1176 349 ordinibus

61 354 155 390 agitu'r.
173 353 229 382 Cic.
247 360 271 389 7.
287 352 360 382 Verr.
378 360 419 388 50.
443 353 485 382 Ne
498 353 556 418 ᾖξε
567 353 678 385 biremis
688 354 874 386 ascriberetur.
896 356 968 394 Virg.
987 367 1013 386 z.
1035 357 1096 387 AEn.
1112 363 1173 393 185.

370 406 445 411 ——
461 393 511 419 Ant
534 398 564 419 ea
576 391 592 419 si
607 401 659 428 qua

63 459 66 462 ⁴
138 426 274 463 Jat‘latum
281 433 365 457 vento
375 428 466 456 videat
476 450 484 461 ,
508 428 691 466 Phrygiasque
699 428 824 459 biremes.

60 464 145 494 Leves
157 465 283 495 biremes.
324 465 380 494 Liv.
396 475 439 500 ²4·
454 476 499 500 40.
517 476 556 503 pr.
579 465 745 495 Nuntiaiites
758 467 915 505 Philippum
929 469 1050 506 primum
1064 467 1175 506 Apollo-

81 502 156 530 niam
180 502 313 532 tentasse:
336 502 443 538 levibus
464 503 614 532 biremibus
637 513 715 533 cxx.
737 505 851 534 flumine
869 506 980 535 adverso
1002 507 1173 536 subvectum.

78 536 163 568 Leves
172 538 290 569 biremes
301 550 335 569 ex
351 542 367 569 A
392 540 475 577 piano
496 541 603 578 Bayl'ius
620 551 665 570 eas
683 542 877 578 interpretatur
888 566 895 577 ,
914 554 972 580 quae
985 546 1009 573 Sc
1022 544 1175 573 Liburnieae

80 576 219 606 dicuntur.
261 578 319 607 Nos
329 588 364 607 vii
379 587 412 614 go
423 579 526 605 Galeras
539 588 678 608 vocamus.
709 580 782 608 cons.
803 580 867 609 Lex.
891 581 978 610 Pitisc.
1017 581 1175 617 [meliores

80 613 149 644 Livii
162 615 243 644 codd.
260 615 394 644 exhibent
407 615 514 644 Lembis
533 616 684 645 biremibus
695 638 703 651 ‚
723 618 858 653 adviec'rive
870 619 956 656 posita
972 627 1040 648 voce
1054 630 1061 653 3
1097 619 1175 654 Quiri

80 653 106 681 δι
116 659 249 689 perpetuo
261 660 358 682 vocem
371 651 456 682 Navis
468 654 495 681 in
508 653 621 683 Biremis
632 654 770 684 subaudiri
779 656 889 693 pridem
900 664 1068 687 monuerunt
1080 657 1175 688 Grani-

63 690 183 725 *matics
222 689 252 720 V.
277 691 367 720 Sanet.
383 691 535 727 Minerv.4.
546 702 572 727 4.

61 727 124 757 Fert
135 737 179 756 me
191 727 310 757 biremis.
331 728 402 757 Hor.
418 737 440 763 3.
456 728 545 758 Carm.
559 736 603 762 29.
617 732 662 759 62.

61 765 142 794 Parva
152 765 271 794 biremis.
292 765 393 795 Lucan.
409 765 570 802 lib.*10.56.

26 835 28 838 .
62 803 190 840 Remigio
200 802 319 832 biremes
331 810 432 841 aptare.
456 803 527 840 Virg.
540 809 566 838 8.
580 804 640 834 AEn.
652 813 697 841 79.

27 836 65 871 Bt
75 850 90 868 a
101 849 144 868 OT
155 850 172 868 u
182 848 201 868 M
212 862 219 875 ‚
242 840 287 869 seu
305 841 366 870 311³
376 851 392 870 o
401 851 420 869 T
432 851 451 870 A
462 864 470 876 ,
492 842 585 871 Genus
596 842 715 872 vehiculi
727 852 741 872 a
754 839 862 873 duabus
876 845 941 874 rotis
950 845 1171 875 denominatum.

60 877 91 907 V.
114 877 259 908 Panciroll.
279 879 369 908 Notit.
392 879 473 916 Dign.
498 879 570 918 Imp.
593 879 642 909 Or.
667 890 727 918 cap.
743 884 768 910 6.
792 882 819 910 δι
835 882 948 912 Guther.
965 883 1001 913 de
1015 883 1072 913 Off.
1091 883 1173 913 Dom.

63 917 101 945 Au
122 938 127 944 .
144 918 166 951 3.
187 924 196 944 1
223 937 228 945 .
333 935 336 939 ι
448 949 449 952 ¹

24 925 237 985 ΒιεΑὲοειυςΜ
250 976 258 990 ,
279 950 297 983 i.
323 964 352 984 n.
374 954 507 984 Geminus
527 954 627 985 saccus.
667 954 775 984 Petron.
793 966 852 994 cap.
867 966 910 993 31.
933 958 963 987 In
983 957 1175 996 promulsidari

59 990 156 1021 asellus
165 998 222 1021 erat
231 992 392 1022 Corinthius
402 1002 464 1021 cum
481 992 599 1022 bisaccio
616 991 726 1030 positus.
767 993 794 1023 h.
812 1003 836 1023 e.
867 995 917 1024 Vas
933 996 1079 1026 Corinthio
1102 1006 1173 1031 atre,

28 1044 30 1047 v
60 1029 134 1065 quod
145 1030 275 1067 utrinque
285 1030 489 1068 receptaculum
504 1031 586 1060 instar
604 1030 673 1060 sacci
692 1030 788 1060 habuit
799 1053 807 1065 ‚
830 1042 884 1069 quo
900 1033 1066 1064 ferculorum
1081 1034 1174 1063 lances

60 1066 87 1097 ἃ
100 1066 257 1104 paropsides
268 1068 296 1096 in
308 1067 400 1097 mensa
408 1067 592 1106 ponebantur.
634 1067 663 1097 V.
688 1068 797 1098 Reines.
809 1070 838 1099 in
850 1070 952 1108 fragm.
968 1072 1081 1110 Tragur.
1093 1082 1170 1110 psai

62 1105 134 1134 conf.
152 1104 232 1142 supra
253 1115 273 1134 A
284 1115 301 1134 v
310 1115 324 1134 a
334 1116 350 1134 R
359 1115 379 1134 T
389 1116 417 1135 A.

26 1137 85 1174 Bis
94 1152 106 1171 a
116 1153 132 1170 L
140 1153 172 1171 ω
184 1153 203 1171 u
211 1154 231 1172 M
242 1164 250 1179 ,
273 1139 419 1179 [dimaon]
440 1142 512 1173 Selia
522 1143 551 1172 in
563 1153 616 1179 qua
625 1143 681 1173 duo
691 1149 800 1174 tantum
812 1144 907 1175 sedere
918 1146 1037 1184 possunt.
1062 1147 1134 1177 Varr.
1145 1157 1174 1184 4·

0 1191 2 1196 ⁷
30 1188 33 1192 ·
62 1180 96 1209 de
107 1179 136 1209 L.
149 1179 177 1209 L.
192 1186 235 1215 28.
258 1180 332 1210 conf.
347 1181 454 1210 Reines.
467 1182 502 1210 ad
513 1181 620 1211 Petron.
634 1192 661 1219 p.
679 1191 740 1216 114.
820 1218 822 1220 v

24 1216 45 1249 B
55 1228 64 1246 1
74 1226 86 1247 s
95 1227 108 1246 a
118 1226 174 1247 Lm
185 1225 203 1247 Α
214 1228 230 1247 a
239 1229 248 1247 1
257 1228 297 1254 us
308 1240 316 1254 ‚
337 1219 356 1248 i.
378 1229 414 1249 m.
437 1219 494 1256 Qui
505 1217 610 1249 bisellia
620 1219 787 1249 fabricabat:
809 1221 844 1250 de
856 1231 911 1258 quo
926 1224 951 1251 ἃ
963 1222 1077 1252 Biselliis
1091 1223 1174 1253 etiam

61 1255 122 1294 ipsis
136 1256 209 1285 conf.
223 1257 341 1285 omnino
358 1256 422 1286 Lex.
434 1256 522 1286 Pitisc.
545 1259 571 1286 δι
583 1258 639 1286 Val.
652 1258 880 1288 Chimentellium
893 1261 927 1289 de
939 1261 1051 1290 Honore
1062 1260 1173 1291 Bisellii.

25 1292 63 1325 Bi
72 1303 133 1323 saT
142 1303 175 1328 A,
199 1294 283 1324 Porca
294 1295 415 1324 dicitur:
437 1305 451 1324 a
462 1296 542 1330 cujus
553 1296 659 1324 cervice
672 1295 734 1324 setae
750 1296 874 1326 bifariam
885 1298 1049 1327 dividuntur
1059 1321 1067 1334 ,
1089 1308 1175 1336 quum

59 1331 114 1367 jam
125 1330 179 1361 esse
192 1332 293 1370 incipit
303 1333 390 1366 maior
409 1333 509 1369 (aetate
522 1333 534 1368 )
554 1332 599 1362 sex
610 1333 751 1363 mensium.
779 1334 879 1365 Festus.
921 1335 950 1366 V.
973 1334 1061 1366 Pitisc.
1073 1337 1102 1366 in
1111 1338 1175 1368 Porz

25 1400 29 1404 .
61 1372 101 1399 ca.
140 1369 324 1400 scribendum
336 1369 432 1400 Bisi'eta
443 1393 451 1405 ,
472 1370 549 1399 litera
560 1372 699 1408 geminata
710 1393 718 1404 ,
740 1372 857 1402 videtur.

0 1433 5 1437 .
23 1405 171 1438 Bissrsm
184 1430 192 1441 ,
214 1418 236 1437 ae
247 1430 254 1443 ,
275 1418 298 1437 a.
322 1408 419 1437 Auson.
434 1409 463 1437 in
478 1409 626 1446 Monosyll.
639 1409 726 1446 Edyll.
741 1420 800 1439 112.

139 1445 257 1475 Biffenas
268 1452 358 1484 partes
368 1447 428 1484 quis
437 1447 563 1476 continet
572 1448 721 1485 aequipares
730 1448 743 1477 ‘?
765 1450 808 1478 As.

0 1486 6 1514 ὲ
35 1513 38 1517 ,
60 1482 146 1512 them.
161 1489 203 1514 1².
218 1493 282 1513 202.
423 1516 426 1519 .

0 1518 123 1550 'Bissn
134 1530 290 1551 x'rtnms
301 1544 310 1558 ,
332 1531 356 1551 e.
379 1521 438 1558 Adj.
460 1528 509 1557 ut,
532 1521 596 1552 Olla
608 1522 777 1553 biffextialis.
804 1522 927 1555 Marcell.
943 1525 1045 1563 Empir.
1063 1536 1174 1564 capnt.

0 1557 178 1595 yssissizxr
188 1570 196 1588 i
206 1571 222 1588 L
233 1566 270 1595 is,
281 1569 307 1595 e.
328 1565 368 1595 ut,
382 1560 474 1589 Annus
486 1559 636 1590 bissextilis.
660 1560 689 1589 V.
705 1562 792 1590 Pitisc.
811 1559 875 1591 Lex.
896 1565 921 1592 Sc
934 1573 999 1593 niox
1014 1574 1105 1593 BISSEX
1114 1574 1171 1595 rus.

0 1606 8 1635 si
24 1595 46 1626 B
56 1605 150 1625 isssx
161 1607 180 1626 T
190 1607 239 1626 um
249 1619 257 1633 ,
279 1598 296 1627 i.
315 1605 342 1627 n.
368 1598 502 1628 Ammian.
520 1601 564 1628 26.
578 1607 604 1628 2.
626 1598 776 1629 Biisextum
788 1601 875 1630 vitans
885 1601 1024 1631 Februarii
1034 1610 1100 1632 tunc
1113 1603 1175 1632 illu-²

0 1645 6 1666 ν
60 1632 179 1665 cescens.
202 1635 276 1666 cons.
293 1634 381 1665 vales.
396 1635 430 1664 ad
446 1636 499 1666 loc.
542 1669 545 1671 .
746 1652 752 1654 r

0 1674 9 1702 Ξ.
21 1670 45 1709 ,Β
53 1682 62 1700 ι
70 1681 100 1701 ss
110 1682 122 1701 s
132 1682 149 1701 x
160 1682 179 1701 T
188 1683 206 1702 υ
216 1683 228 1703 s
243 1673 296 1703 five
311 1673 331 1703 Β
341 1684 350 1702 i
360 1683 372 1703 s
382 1683 396 1702 Β
405 1683 422 1702 x
431 1683 451 1703 T
460 1684 477 1703 o
486 1684 516 1709 s,
539 1670 734 1710 [ἓμξολω-μές]
765 1674 902 1712 Alciatus,
925 1676 1054 1706 Habuere
1065 1684 1173 1709 veteres

6 1718 8 1722 ·
21 1712 24 1714 ’
58 1709 177 1740 Romani
186 1711 340 1741 institutum
349 1721 364 1740 a
374 1711 495 1741 Romulo
510 1721 614 1741 annum
625 1722 643 1741 x
657 1712 801 1748 mensium,
814 1715 927 1750 quierat
938 1716 1046 1745 dierum
1059 1726 1171 1752 ccciiii,

7 1760 10 1769 v
58 1748 267 1787 incipiebatque
279 1750 379 1779 Martio
394 1749 503 1782 mense.
525 1760 584 1787 quae
598 1751 665 1779 ratio
675 1760 759 1787 quum
773 1761 862 1789 neque
873 1753 944 1781 Solis
956 1776 963 1787 ,
986 1763 1076 1790 neque
1090 1755 1172 1784 Lunae

57 1786 146 1816 cursui
159 1788 340 1822 conveniret,
360 1788 452 1816 Numa
471 1788 542 1817 duos
558 1787 664 1817 menses
686 1788 811 1825 addidit,
832 1790 994 1825 januarium
1013 1792 1038 1821 ἃ
1058 1791 1173 1822 Februa-

57 1824 146 1854 rium‘:
169 1832 252 1862 atque
266 1826 304 1855 ita
318 1825 377 1855 dies
394 1825 545 1861 distribuit,
567 1833 597 1854 ut
615 1827 732 1855 omnino
754 1836 875 1856 ccccv
898 1827 993 1858 essent.
1034 1830 1089 1859 Sed
1108 1831 1173 1867 quia

0 1861 9 1892 '.
58 1861 118 1892 haec
140 1872 249 1900 quoque
268 1864 426 1893 constitutio
444 1873 501 1892 non
520 1863 688 1900 quadrabat,
709 1865 859 1906 necessario
884 1865 1053 1896 Intercalaris
1072 1868 1172 1898 mensis

0 1926 3 1938 ,
57 1901 222 1931 constitutus
235 1902 272 1937 est
283 1923 291 1936 ,
313 1902 342 1930 id
360 1902 398 1930 est
412 1901 509 1931 meniis
525 1902 732 1939 interposititius
743 1925 750 1937 ‚
771 1903 901 1940 arbidtu
919 1905 1102 1942 pontificum,
1124 1907 1172 1944 qui

0 1948 5 1967 ,·
55 1937 169 1968 'alternis
180 1939 260 1969 annis
275 1948 350 1969 nunc
363 1945 446 1968 xxii
462 1939 540 1975 dies,
565 1949 642 1969 nunc
659 1949 761 1969 xxxii
780 1941 988 1972 intercalabant.
1029 1940 1054 1972 Is
1072 1944 1171 1974 meniis

8 1976 10 1980 ’
56 1976 201 2006 addititius
217 1984 295 2013 erat,
324 1979 348 2007 ἃ
362 1975 448 2015 psope
461 1977 545 2007 finem
558 1977 695 2007 Februarii
707 2000 715 2013 ,
736 1979 798 2015 quia
819 1980 840 2008 is
860 1979 973 2010 ultimus
990 1982 1055 2010 anni
1074 1981 1172 2012 insere-

0 2023 8 2043 i·
56 2013 144 2043 batur.
183 2015 238 2044 Sed
254 2014 446 2052 huncquoque
459 2015 575 2044 modum
589 2015 676 2044 cursui
688 2015 759 2045 Solis
778 2027 835 2046 non
848 2019 999 2048 convenire
1013 2041 1021 2054 ,
1040 2028 1125 2055 quum
1138 2020 1170 2050 C.

55 2049 111 2120 ἐυῐ.
125 2052 211 2090 Caesar
223 2052 455 2082 animadvertisset
465 2075 472 2087 ,
493 2053 662 2091 decemrdies
671 2054 781 2084 addidit
792 2076 800 2090 ‚
822 2055 1081 2093 intercalariumque
1095 2068 1172 2087 merl·-

69 2099 113 2119 em
123 2089 237 2120 sustulit.
277 2091 449 2128 thuoniam
459 2090 531 2121 Solis
550 2091 642 2121 cursus
661 2101 769 2121 annuus
789 2094 970 2129 quadrantem
991 2104 1119 2132 quoque,
1142 2097 1172 2125 id

56 2127 95 2157 est
105 2127 150 2157 sex
162 2129 259 2164 horas,
281 2135 417 2167 occupat,
439 2128 550 2166 singulis
561 2129 716 2167 quibusque
734 2131 924 2167 quadrienniis
943 2133 1019 2167 diem
1038 2133 1171 2170 inseruit,

56 2165 102 2210 Hui
115 2165 247 2196 biffextus
255 2167 365 2196 dicitur.
405 2166 584 2197 intercalatur
597 2168 671 2197 enin-i
685 2189 692 2202 ,
713 2168 743 2197 id
757 2169 795 2198 est
805 2176 904 2198 vocato
924 2171 1030 2207 populo
1044 2171 1171 2202 inseritur

0 2221 1 2229 i
56 2213 79 2232 ιε
90 2203 148 2233 dies
160 2204 220 2242 post
231 2214 295 2234 eum
306 2205 353 2242 qui
365 2204 454 2234 sextus
465 2205 649 2234 Calendarum
660 2205 753 2235 Martii
765 2207 818 2236 est:
841 2209 867 2237 ἂ
885 2208 941 2237 duo
958 2208 1021 2238 loco
1034 2210 1114 2239 unius
1124 2210 1172 2240 ha<-

0 2252 6 2269 ε
56 2239 163 2271 bentur.
187 2240 326 2272 Hactenus
337 2243 465 2272 Alciatus.
506 2242 599 2273 Celsus
610 2244 638 2272 in
654 2242 672 2273 l.
688 2249 731 2278 98-
747 2244 779 2274 D.
794 2245 830 2274 de
839 2245 916 2274 Verb.
929 2247 971 2283 lig.
1015 2247 1109 2283 Quum
1120 2248 1175 2277 bis.

0 2293 3 2302 v
55 2278 145 2309 sextus
159 2280 188 2309 in
199 2279 396 2315 Calendisest,
418 2280 489 2310 nihil
505 2281 588 2310 refert
603 2303 610 2316 ,
632 2281 724 2319 priore
739 2292 773 2311 an
786 2283 935 2320 posteriore
951 2285 997 2313 die
1015 2285 1074 2321 quis
1092 2293 1172 2315 natus

0 2320 5 2326 ⁴
55 2316 104 2347 fit:
131 2319 156 2347 ἃ
174 2318 307 2356 deinceps
323 2318 399 2347 sexto
411 2317 548 2348 Calendas
567 2319 626 2354 ejus
640 2320 738 2349 natalis
751 2321 810 2349 dies
827 2320 872 2350 est.
913 2321 985 2351 Nam
1004 2323 1033 2351 id
1053 2322 1172 2354 biduum

54 2359 105 2393 pro
119 2360 176 2385 uno
191 2356 237 2385 die
257 2354 372 2385 habetur
387 2379 395 2392 ,
416 2356 463 2385 sed
474 2357 607 2395 posterior
623 2358 683 2386 dies
694 2358 870 2387 intercalatur
882 2380 891 2394 ‚
911 2368 969 2389 non
980 2362 1078 2398 (prior.
1105 2362 1172 2391 ldeo

75 2398 111 2422 [ιο
120 2403 192 2423 anno
203 2393 394 2423 intercalatum
412 2404 470 2424 non
486 2395 542 2430 est,
563 2394 639 2424 sexto
658 2396 794 2426 Calendas
816 2400 912 2427 natus:
935 2405 1020 2436 quum
1039 2399 1173 2429 bissextus

0 2452 4 2459 .
80 2430 185 2460 alendis
197 2432 235 2461 est
246 2454 253 2465 ,
275 2432 395 2469 priorem
406 2430 480 2461 diem
495 2432 615 2462 natalem
627 2433 718 2463 habet.

0 2474 10 2496 tv
55 2467 188 2499 niffextus
197 2469 317 2504 dicitur,
339 2471 415 2507 quod
432 2470 549 2500 bissexto
563 2470 699 2502 Calendas
719 2472 853 2503 dicamus.
877 2472 978 2504 Perott.
1014 2474 1072 2512 Qui
1093 2475 1171 2513 plura

72 2507 139 2536 velit
148 2504 229 2537 adeat
242 2507 379 2537 Pitiscum.

5 2556 7 2560 ’
47 2553 201 2581 ιεοΜυΜ,
225 2545 270 2575 vel
285 2545 403 2575 DrsoM
414 2556 480 2582 um,
502 2546 519 2575 i.
540 2556 567 2576 n.
590 2544 735 2583 [ammi]
765 2547 949 2584 Sepulchrum
972 2550 1089 2580 duorum
1111 2561 1171 2581 cor-

2 2582 9 2602 ‘·
54 2590 161 2620 porum.
185 2583 275 2621 Aring.
291 2580 371 2612 Rom.
387 2582 505 2613 Subterr.
525 2588 603 2614 i.26.
628 2585 649 2623 §.
662 2591 707 2615 21.
723 2584 830 2615 Reines.
850 2581 977 2626 Insciipt.
1000 2588 1118 2619 sest20.
1143 2592 1170 2620 δέ

6 2624 11 2648 “.
57 2620 162 2650 Gruter.
175 2621 280 2659 passim.
305 2621 348 2651 Du
358 2620 456 2661 Fresne
467 2620 550 2651 Glois.
1137 2656 1148 2667 ⁴

49 2667 225 2695 murcos,
248 2659 307 2695 Adj.
331 2656 482 2726 [figmata]
503 2659 588 2697 Quod
601 2658 676 2689 sulco
696 2659 812 2691 divisum
827 2662 883 2697 est,
912 2669 943 2693 ut
961 2663 1086 2700 Ungula,
1108 2672 1169 2703 qiiae

0 2707 4 2722 2
53 2699 110 2725 riori
121 2696 222 2732 solida,
244 2695 292 2726 sed
304 2696 350 2727 scii
365 2697 435 2726 aest.
477 2697 544 2727 Plin.
562 2697 609 2726 lib.
625 2708 666 2726 10.
681 2707 741 2736 cap.
757 2709 779 2728 1.
803 2699 918 2736 Ungulae
928 2702 961 2730 iis
972 2703 1090 2738 cervinis
1099 2704 1168 2732 simi-

51 2733 107 2769 les,
128 2734 226 2771 quibus
241 2735 384 2770 dimicant,
404 2734 530 2769 bisulcae,
550 2734 825 2773 comprehendendis
837 2737 977 2776 lapidibus
994 2740 1084 2771 utiles.
1124 2741 1168 2772 De

52 2771 289 2802 ¹struthiocamelis.
311 2773 388 2802 Idem
400 2772 447 2801 lib.
460 2774 522 2802 eod.
537 2783 597 2811 cap.
611 2778 655 2809 73.

0 2811 2 2813 ’
51 2803 154 2840 Bisulca
163 2811 269 2846 cauda,
290 2810 373 2840 Scissa
383 2811 411 2839 in
427 2811 495 2840 duas
505 2816 606 2849 partes.
630 2811 699 2841 Plin.
713 2812 761 2848 lib.
774 2822 799 2846 9.
815 2823 875 2851 cap.
892 2823 936 2850 29.

52 2845 155 2886 Lingua
165 2847 279 2878 Bisulca.
302 2848 385 2878 Ovid.
398 2859 422 2884 9.
437 2849 505 2878 Met.
518 2853 561 2884 ⁶5·
587 2846 628 2878 De
640 2850 762 2879 Acheloo
772 2851 800 2879 in
812 2861 930 2889 anguem
943 2858 1057 2884 mutato.

9 2893 12 2898 ’
51 2883 172 2916 Bisulcus
183 2892 241 2924 pes.
281 2886 365 2916 Ovid.
378 2896 403 2924 7.
420 2886 489 2917 Met.
503 2896 564 2924 113.
586 2886 628 2916 De
637 2889 720 2917 tauris
730 2889 776 2926 qui
786 2889 874 2920 vellus
892 2900 1005 2922 aureum
1024 2902 1090 2929 cum
1106 2893 1166 2924 dra.

5 2944 10 2954 1
69 2926 141 2953 ‘cone
155 2923 356 2954 custodiebant.

4 2960 8 2963 ⁴
53 2953 151 2991 Bisulci
162 2962 261 2992 surculi
272 2962 409 2992 arborum.
433 2961 571 2991 Columel.
586 2962 622 2992 de
634 2963 756 2992 Arborib.
775 2973 836 3002 cap.
847 2968 892 2995 26.

7 3036 9 3038 ³
46 3008 342 3036 isoncimncrm,
360 3010 390 3029 ae.
413 3009 437 3037 c.
459 2999 531 3028 Bilin
553 3000 595 3029 uis
606 3023 613 3035 ,
645 3008 788 3032 veterator.
818 3002 904 3033 Plaut.
926 2998 1002 3034 Poen.
1025 3015 1048 3041 ς.
1070 3016 1097 3036 2.
1118 3012 1163 3044 ¹74.

10 3056 11 3059 =
53 3035 245 3075 Bisulcilingua
255 3059 262 3071 ,
285 3038 356 3074 quasi
368 3036 529 3076 proserpens
557 3034 630 3067 estia.

2 3084 15 3095 ’π’
47 3084 181 3104 ιευιτο
191 3086 207 3104 a
219 3097 227 3111 ‚
250 3076 312 3105 oris.
334 3086 371 3104 m.
394 3073 592 3112 [Δισ-ἓκδᾶκΘε]
612 3076 688 3106 Mars
698 3098 707 3112 ,
728 3076 765 3107 ita
778 3077 885 3113 dictus,
905 3088 920 3108 a
934 3079 980 3109 Bis
992 3079 1162 3119 ulciscendo,

12 3124 13 3130 ¹
49 3113 95 3142 'cui
106 3112 160 3142 hoc
169 3113 283 3143 nomine
291 3113 426 3152 templum
439 3113 609 3143 consecravit
620 3114 762 3152 Augustus.
802 3114 892 3145 Primo
906 3117 982 3154 quod
998 3118 1109 3154 adjutus
1129 3121 1162 3150 ab

0 3151 10 3171 f
51 3150 110 3188 ipso
121 3150 209 3180 fuerat
218 3160 303 3188 quum
314 3148 338 3187 J.
355 3151 488 3181 Caesarem
500 3161 514 3180 a
525 3153 676 3187 conjuratis
688 3153 864 3183 interfectum
878 3155 1062 3185 ulcisceretur.
1080 3158 1164 3186 Dein-

0 3202 5 3215 z
51 3188 87 3218 de
96 3187 169 3226 quod
181 3189 254 3225 signa
264 3188 387 3218 Romana
399 3199 414 3223 a
422 3184 525 3218 Parthis
535 3195 629 3227 erepta
642 3212 650 3225 ,
670 3191 759 3220 vietor
768 3191 890 3227 ejusdem
903 3192 1039 3224 beneficio
1049 3195 1164 3231 recepis-

0 3245 4 3253 .
49 3224 89 3257 stt
101 3248 110 3261 ,
130 3227 269 3263 Crassique
279 3234 374 3257 manes
387 3227 461 3256 ultus
478 3221 553 3258 esset.
593 3227 673 3258 Hanc
688 3227 828 3258 historiam
843 3239 950 3260 enarrat
961 3231 1044 3261 Ovid.
1057 3243 1080 3268 ς.
1094 3233 1161 3264 Fast.

54 3274 114 3302 395.
136 3266 162 3294 &
174 3264 202 3294 in
213 3264 263 3294 hos
272 3264 362 3294 versus
375 3265 487 3301 desinit,
782 3300 785 3303 ⁸

125 3301 188 3332 Rite
199 3298 253 3331 deo
261 3302 452 3340 templumque
462 3302 557 3333 datum
568 3324 576 3338 ,
597 3310 759 3342 nomenque
769 3303 904 3341 Bisultor,

67 3372 70 3376 ,
181 3339 316 3370 Emeritus
325 3341 382 3370 voti
393 3340 487 3370 debita
496 3341 575 3370 solvit
587 3341 684 3377 honor.
766 3342 819 3372 Sed
832 3342 926 3373 Heins.
949 3353 984 3374 ex
996 3343 1057 3375 Mss'.
1071 3345 1160 3377 edidit

0 3385 20 3403 ih
49 3371 213 3415 Nomenque
222 3378 264 3408 bis
273 3378 333 3407 ulto
343 3398 350 3409 ‚
371 3378 524 3408 Etmeritus
535 3380 586 3408 &ct
610 3378 640 3409 V.
664 3379 757 3410 Heins.
769 3379 894 3410 &Bam
905 3387 964 3411 not.

0 3423 19 3443 [i
44 3420 216 3451 nina-ax,
236 3417 297 3446 icis.
318 3417 384 3446 Stat.
400 3415 603 3451 1.Theb.628.

19 3448 23 3459 “
362 3453 522 3491 summaque
529 3454 670 3485 biverticis
678 3453 774 3485 umbra

474 3493 548 3522 conf.
557 3492 652 3523 Sidon]
664 3504 688 3528 9.
707 3493 788 3531 Epist.
804 3500 845 3529 15.
857 3493 886 3522 in
896 3493 998 3524 Metro.

894 1446 965 1480 adde
976 1448 1106 1480 Prudent.
1124 1450 1175 1481 Ca÷

136 3489 252 3521 Parnaffi
263 3491 393 3521 relidens.

0 3533 19 3554 ε,
45 3531 167 3564 xviiia,
197 3529 228 3558 V.
250 3529 329 3559 infra.
345 3529 363 3559 s.
378 3528 396 3559 l.

0 3571 14 3598 ι)
41 3568 164 3602 riuum,
184 3567 202 3596 i.
223 3576 251 3596 n.
275 3565 451 3602 [ἅμφοὸᾢι]
472 3567 557 3604 Quod
571 3567 703 3598 duasvias
713 3568 805 3598 habet.
826 3568 901 3607 virg.
913 3579 938 3604 9.
952 3569 1090 3606 AEn.2'18.

72 3624 76 3629 .
224 3615 225 3618 ¹
283 3605 376 3641 locum
388 3605 491 3634 insidiis
504 3605 698 3643 conspeximus
713 3607 779 3644 ipsi:

17 3647 19 3653 '
165 3638 221 3678 Qui
229 3649 306 3680 patet
314 3642 343 3671 ‘in
354 3643 427 3671 bivio
437 3647 521 3680 portae
530 3665 538 3677 ,
556 3653 616 3680 qua-2
626 3645 750 3680 proxima
763 3649 860 3681 ponto.

2 3685 15 3702 ν
41 3681 156 3714 rv'iu‘s,
177 3680 237 3715 Adi.
260 3677 434 3716 [ἅμφοὸςῷυ]
454 3687 503 3716 ut,
524 3679 605 3710 Biviae
616 3682 717 3712 fauces.
741 3682 812 3719 Virg.
831 3692 873 3711 11.
888 3678 949 3712 AEn.
966 3686 1028 3718 516.
1099 3716 1101 3719 ,

3 3758 21 3769 w
47 3752 65 3783 d
123 3715 158 3746 Ut
173 3717 258 3748 bivias
268 3722 374 3748 armato
383 3718 506 3748 obsidam
519 3718 606 3749 milite
618 3720 720 3750 fauces.
805 3720 823 3749 i.
837 3729 860 3749 e.
893 3719 963 3757 Quae
979 3722 1015 3750 ad
1031 3721 1088 3751 duo
1096 3721 1158 3753 loc-a

0 3771 19 3817 i„
45 3761 277 3830 Bisiiistagrorum
286 3793 377 3823 cultus
387 3816 396 3830 ,
417 3795 600 3838 per'metaph.
622 3788 707 3823 Varro
723 3800 746 3838 ir.
761 3794 796 3824 de
808 3794 839 3824 R.
852 3794 885 3838 R.
898 3804 960 3833 cap.
975 3786 1024 3840 18.v

2 3833 18 3887 ‚¹
39 3831 365 3898 ¹3121¹sein⁸³3313531¹iihu¹1¹=¹i
380 3832 1065 3907 fiffissff*2⁶ssicriiiit⁰i›iissn'iibgincsassbfga’siissiiss
1082 3835 1156 3904 SEZ‘

0 3911 3 3926 2
47 3898 153 3941 pharius
174 3905 287 3935 Bisaltiae
302 3904 377 3936 urbis
398 3891 553 3947 &regionis
564 3893 741 3939 Macedoniae
750 3893 888 3939 nieriiinit]
918 3894 991 3947 virg.
1005 3919 1029 3947 3.
1052 3894 1158 3949 Cieorg..

47 3946 114 3978 461.
133 3943 168 3972 de
177 3943 279 3973 morbis
291 3944 402 3982 ovium,

20 3982 22 3987 ’
95 3979 118 4010 V
125 3989 143 4011 0
153 3991 179 4012 Li
201 3979 221 4012 [a

1349 208 1454 239 Prosuit
1468 212 1593 242 incensos
1606 213 1682 242 aestus
1693 218 1815 243 avertere
1828 225 1835 249 3
1858 217 1883 244 Ge
1895 216 1967 245 inter

1350 247 1407 276 lma
1419 249 1499 278 ferire
1510 251 1589 287 pedis
1602 250 1743 280 salientem
1754 251 1884 287 sanguine
1896 259 2013 284 venam':

1348 284 1453 314 Bifiiltae
1462 297 1516 323 quo
1527 297 1602 316 more
1612 288 1715 323 solent,
1737 298 1853 326 acerque
1864 290 2002 327 Gelonus,

1350 322 1445 364 Quum
1460 324 1528 361 sugit
1540 325 1565 353 in
1580 326 1751 363 Rhodopen,
1774 334 1855 364 :itque
1871 329 1897 355 in
1911 328 2015 357 deserta
2031 330 2180 366 Getarum,

1349 359 1383 388 ht
1399 360 1441 389 lac
1457 370 1619 392 concretum
1629 374 1691 393 cum
1702 364 1832 399 sanguine
1844 369 1920 402 potat
1933 367 2044 403 equino.
2125 369 2176 398 Ubi
2193 370 2322 407 Servius,
2343 370 2389 404 Bi-

1269 395 1450 443 saltaepopuli
1462 399 1645 435 Scytharum,
1667 403 1713 438 qui
1732 402 1884 438 fugientes.
1902 414 2034 440 equorum
2051 404 2182 441 sanguine
2194 408 2386 441 alunturlvt‘te

1269 436 1407 499 BemPstO‘
1424 472 1429 477 Δ
1448 435 1502 464 Sed
1515 436 1590 465 haud
1602 438 1686 467 dubie
1697 447 1775 469 errat.
1815 440 1918 469 Bisaltae
1935 442 2009 470 enim
2030 442 2093 472 satis
2106 452 2232 474 accurate
2243 447 2270 475 in
2284 448 2387 479 [Emilii

1290 470 1343 499 auli
1362 478 1486 501 oratione
1505 483 1519 502 a
1543 475 1579 503 ud
1603 475 1657 504 Liv.
1670 488 1715 512 45.
1730 486 1774 513 ²9-
1801 478 1993 508 describuntur
2006 502 2013 515 ,
2035 481 2111 510 'unde
2128 491 2175 511 eos
2195 493 2252 513 non
2271 484 2353 523 longe
2372 497 2389 516 a

1269 484 1543 551 Strymone-abluisti?
1556 521 1677 549 apparet.

1268 544 1377 574 Dicitur
1386 553 1468 575 etiam
1480 548 1584 578 Bisalta.
1609 550 1694 579 Valer.
1706 555 1731 581 ὗ.
1751 551 1847 587 Arnon.
1859 564 1904 589 49.
1928 554 2052 584 Proxima
2064 555 2168 585 liisaltae
2180 560 2263 596 regio.
2315 561 2386 598 [Sy.

1286 583 1431 625 necfloche
1450 585 1488 613 eli
1507 587 1643 622 oratoria,
1666 596 1713 622 ut,
1736 589 1876 620 Romanus
1894 592 1994 628 proelio
2014 594 2108 623 victor.
2137 594 2252 633 Bisalta,
2273 608 2325 635 pro
2342 599 2387 628 ui.

1288 619 1359 648 saltis
1369 621 1484 657 populo.
1527 623 1604 665 Quin
1616 627 1737 661 potest&
1748 628 1941 658 Nominativus
1953 630 1988 667 pl.
2005 631 2067 660 else.

1232 655 1252 686 Β
1263 668 1270 685 ι
1283 667 1294 686 s
1306 667 1325 685 A
1336 667 1425 686 LTic
1436 669 1452 687 A
1478 659 1564 702 Regio
1575 683 1582 695 ,
1605 661 1774 699 [nimmia]
1807 666 1862 695 Liv.
1878 678 1922 702 45.
1941 677 1984 701 29-
2009 670 2077 697 Ann.
2109 669 2197 700 Trans
2209 672 2386 710 Strymonem

1268 700 1361 737 nutem
1373 704 1510 732 vergentia
1532 699 1568 726 ad
1586 700 1712 729 occasum
1723 719 1732 737 5
1754 702 1907 733 Bisalticam
1922 714 2035 735 omnem
2054 715 2117 736 curn
2132 708 2282 747 lleraclea,
2303 717 2387 749 quam

1269 732 1394 761 Sinticen
1404 733 1553 770 appellant.

1230 767 1418 804 BisALTis,
1440 771 1503 799 idis.
1527 772 1545 801 f.
1568 777 1615 802 aut
1629 773 1648 802 Β
1660 777 1689 803 1‘s
1700 784 1820 811 ALPis,
1842 778 2012 817 (utrumque
2027 782 2101 811 enim
2115 783 2251 821 invenio)
2273 788 2387 822 [Βισαλ-

1271 805 1326 842 τὶς]
1348 816 1450 850 nomen
1461 809 1499 838 est
1511 809 1609 838 Puella·
1621 812 1762 845 cuiusdam
1777 835 1784 847 ,
1806 824 1887 851 quam
1899 817 2046 849 Neptunus
2058 829 2086 848 in
2105 822 2221 852 arietem
2239 825 2387 857 conversus

1269 846 1446 882 eompressit,
1468 849 1580 876 audiere
1594 848 1679 878 Ovid.
1694 852 1720 878 6.
1739 850 1806 880 Met.
1824 862 1884 889 ¹17·
1943 850 1951 855 ’

1503 900 1578 905 ———
1587 892 1617 914 tii
1630 886 1700 915 visus
1709 886 1830 925 Enipeus

1360 920 1456 958 Gignis
1474 922 1602 957 Aloidas,
1624 924 1693 952 aries
1714 925 1841 956 Bisaltida
1862 925 1941 957 fallis.
2024 932 2097 961 cons.
2120 933 2221 971 Hygin.
2241 935 2383 973 Fab.188.

1269 956 1414 987 Boccatius
1427 957 1475 989 lib.
1491 970 1500 988 1
1510 970 1532 989 1.
1546 970 1606 998 cap.
1623 970 1633 989 1
1643 970 1665 990 1.
1687 961 1734 990 ubi
1752 963 1786 991 de
1799 963 1875 993 Iarba
1889 975 1951 1003 rege
1963 966 2084 1003 loquitur
2097 992 2104 1004 ‚
2124 979 2220 1002 natum
2238 974 2315 1004 illum
2328 978 2366 1006 ait

1270 995 1338 1038 teste
1351 996 1432 1025 Paulo
1442 997 1569 1027 Perusino
1579 1020 1587 1032 ,
1609 1008 1643 1027 ex
1658 998 1713 1027 filia
1727 999 1839 1038 Bisalpis
1851 1004 1921 1040 regis
1932 1025 1940 1037 ,
1962 1015 2043 1041 quam
2056 1007 2163 1043 Jupiter
2178 1011 2206 1039 in
2221 1012 2309 1042 forma
2320 996 2387 1044 arie,-

1270 1039 1308 1076 tis
1317 1034 1468 1064 vitiaverat.
1499 1036 1527 1064 Si
1546 1035 1628 1071 hujus
1641 1036 1722 1073 igitur
1733 1037 1866 1068 sententia
1882 1041 2010 1071 stabimus
2022 1066 2029 1077 ‚
2051 1044 2161 1083 Bilzilpis
2173 1058 2228 1077 non
2243 1053 2387 1088 proprium

1271 1078 1322 1099 erit
1340 1072 1455 1109 puellae,
1477 1071 1522 1102 sed
1540 1075 1772 1112 patronymicum.
1829 1078 1964 1113 [Rectius
1982 1080 2101 1117 bisaltis,
2133 1085 2152 1114 i.
2171 1095 2194 1115 e.
2218 1087 2309 1118 Bisalti
2329 1090 2386 1120 filia

1270 1108 1464 1146 Theophane,
1490 1118 1646 1148 patronym.
1687 1112 1718 1140 V.
1737 1113 1828 1143 Burm.
1841 1115 1875 1144 ad
1891 1116 1974 1145 Ovid.

1232 1143 1252 1175 B
1262 1156 1270 1174 1
1280 1155 1291 1175 s
1302 1156 1320 1190 3².
1329 1156 1376 1175 NT
1386 1157 1405 1176 ia
1415 1157 1429 1175 ri
1439 1169 1447 1182 ,
1469 1158 1507 1177 es.
1530 1147 1653 1184 [κιπένῖη
1664 1149 1827 1188 Stephano]
1848 1153 1992 1191 Oppidum
2008 1156 2045 1184 est
2059 1156 2182 1189 Thraciae
2193 1183 2199 1195 ,
2221 1162 2330 1193 colonia
2339 1165 2386 1195 Sa.

1268 1193 1389 1226 miorum
1400 1207 1408 1219 ,
1429 1195 1486 1214 non
1496 1187 1620 1224 procula
1633 1187 1744 1217 Melane
1755 1189 1841 1218 fluvio
1853 1212 1861 1226 ‚
1882 1201 1972 1229 eoque
1983 1195 2089 1231 oppido
2100 1198 2143 1225 cui
2159 1198 2254 1235 ιωωιξὲν
2272 1203 2366 1236 τεῖχςῷ.

1269 1231 1287 1250 i.
1300 1232 1323 1251 e.
1345 1222 1455 1259 Longus
1467 1234 1560 1254 murus
1575 1247 1582 1259 ,
1604 1235 1707 1254 nomen
1720 1227 1759 1255 est
1771 1249 1778 1261 ,
1799 1228 1866 1257 teste
1878 1228 1945 1259 l'lin.
1958 1230 2004 1260 lib.
2017 1244 2043 1266 4.
2062 1242 2121 1270 cap.
2141 1244 2181 1263 η.
2375 1225 2385 1239 ⁷

1232 1256 1252 1288 Β
1262 1269 1291 1302 ¹.⁸
1300 1270 1319 1288 A
1328 1270 1371 1289 ac
1380 1271 1425 1304 is,
1447 1258 1603 1298 [nimgyic]
1625 1263 1772 1301 Oppidum
1784 1265 1923 1304 Hispaniae
1933 1289 1941 1304 ,
1962 1269 1991 1297 in
2004 1271 2089 1300 tractu
2104 1272 2296 1305 Tarraconensi
2308 1299 2316 1313 ,
2338 1287 2386 1308 cu-

1271 1307 1312 1330 ius
1323 1299 1451 1328 meminit
1461 1299 1576 1329 Ptolem.
1595 1300 1646 1334 lib.
1656 1310 1680 1338 7.
1698 1311 1758 1339 cap.
1771 1306 1796 1333 6.

1231 1334 1631 1372 Bisssttiuir,BisaTA‚
1672 1339 1701 1368 V.
1724 1350 1785 1369 1318.
1853 1374 1855 1376 ¹
1904 1374 1906 1376 ,
2021 1376 2023 1378 ,

1230 1369 1251 1402 Β
1262 1384 1269 1401 1
1280 1383 1388 1416 {UNG
1402 1385 1418 1403 υ
1430 1386 1447 1403 Α
1458 1398 1465 1409 ,
1489 1375 1726 1412 [mm'ymm-&Q
1747 1378 1803 1414 (sic
1814 1379 1890 1409 'enim
1903 1380 2027 1411 Hetrusei
2040 1390 2142 1415 vocant
2156 1408 2162 1419 .
2186 1382 2231 1417 alii
2251 1398 2315 1418 vero
2335 1390 2387 1421 130.

1267 1412 1418 1448 nisaciam)
1441 1411 1532 1443 Herba
1541 1414 1579 1443 est
1590 1414 1656 1443 folia
1666 1415 1771 1445 habens
1781 1416 1850 1446 rusci
1862 1420 1951 1448 tenuis
1961 1420 2045 1457 figura
2057 1444 2064 1456 ,
2083 1425 2108 1452 Sc
2119 1423 2253 1461 spinosam
2265 1437 2374 1458 comam

1268 1450 1294 1478 ἃ
1312 1450 1340 1478 in
1360 1450 1467 1480 summo
1483 1461 1535 1480 ceu
1545 1451 1652 1489 linguas
1669 1462 1684 1481 e
1700 1453 1773 1483 foliis
1793 1461 1936 1487 exeuntes.
1976 1458 2102 1489 Nascitur
2118 1462 2335 1499 frequentilsima
2356 1452 2386 1497 iri

1267 1485 1382 1524 Ligtiriae
1394 1489 1514 1526 Alpibus.
1556 1489 1586 1519 V.
1613 1491 1755 1521 Matthiol.
1770 1493 1804 1522 ad
1821 1491 1908 1523 Diosc.
1928 1495 1974 1525 lib.
1986 1507 2011 1532 4.
2030 1507 2089 1536 cap.
2106 1509 2165 1534 ¹27-

1229 1523 1288 1554 Brs
1298 1535 1314 1554 0
1325 1535 1345 1554 N
1355 1548 1363 1560 ,
1384 1528 1474 1569 ontis,
1497 1529 1523 1557 δι
1537 1529 1619 1572 &nis3
1630 1538 1666 1557 m.
1690 1530 1806 1565 [βίων]
1826 1530 1934 1561 Animal
1949 1534 1985 1562 est
1997 1544 2011 1562 e
2028 1534 2111 1565 boum
2125 1537 2283 1569 silvestrium
2302 1551 2386 1577 gene-

1266 1573 1310 1597 re,
1332 1573 1405 1592 cervi
1417 1567 1501 1599 neura
1515 1587 1523 1599 ,
1544 1566 1637 1595 media
1647 1566 1737 1596 fronte
1747 1568 1818 1597 inter
1827 1579 1906 1599 aures
1919 1580 2005 1601 unum
2014 1582 2101 1603 cornu
2113 1575 2217 1606 habens
2234 1580 2385 1616 excelsius,

1265 1602 1409 1638 magisque
1420 1603 1557 1632 directum
1568 1604 1618 1638 iis,
1641 1614 1700 1641 quae
1711 1613 1775 1634 nota
1786 1606 1848 1635 sunt
1861 1630 1868 1642 ,
1890 1610 2032 1639 coi-nibus.
2074 1612 2112 1641 Ab
2129 1615 2187 1646 eius
2206 1614 2313 1646 summo
2324 1640 2331 1651 ,
2355 1619 2386 1648 si-

1267 1646 1315 1668 cut
1327 1639 1424 1676 palmae
1437 1663 1444 1676 ,
1467 1641 1534 1670 rami
1545 1651 1627 1678 quam
1638 1642 1693 1672 late
1703 1643 1911 1674 diffunduntur.
1952 1647 2055 1677 Eadem
2075 1650 2112 1679 est
2130 1651 2270 1689 foeminae,
2293 1657 2386 1686 maris..

1266 1686 1322 1714 que
1333 1683 1428 1707 natura
1438 1700 1445 1714 ,
1463 1679 1571 1714 utrique
1581 1678 1643 1708 sunt
1653 1679 1740 1714 iubae,
1759 1682 1857 1711 eadem
1870 1684 1979 1721 utrique
1989 1686 2026 1715 est
2037 1686 2124 1717 forma
2134 1711 2141 1724 ‚
2163 1692 2385 1731 magnitudoque

1266 1721 1413 1745 cornuum.
1453 1715 1519 1746 Haec
1531 1716 1631 1746 Perott.
1645 1727 1679 1746 ex
1693 1718 1756 1747 Caes.
1773 1723 1797 1747 6.
1813 1720 1838 1748 23.
1851 1722 1882 1750 G.
1895 1727 1938 1752 26.
1962 1723 2080 1754 Martial.
2094 1726 2142 1756 lib.
2160 1737 2182 1757 i.
2203 1739 2263 1764 105.

1347 1753 1456 1791 Turpes
1468 1753 1558 1784 esseda
1571 1755 1645 1792 quod
1657 1756 1769 1785 trahunt
1780 1756 1909 1789 bisontes.
1995 1761 2023 1790 V.
2046 1762 2116 1792 Plin.
2131 1765 2177 1794 lib.
2190 1771 2215 1799 8.
2229 1776 2289 1805 cap.
2307 1779 2347 1804 ¹5-

1268 1786 1359 1857 VilliOss
1373 1791 1501 1821 bilontes.
1529 1792 1592 1822 Seri.
1605 1793 1722 1832 Hippol.
1737 1805 1760 1824 1.
1772 1799 1817 1832 64.
1838 1797 1957 1828 martial.
1970 1797 2018 1829 lib.
2030 1800 2156 1839 Spectac.
2169 1813 2215 1841 23.
2237 1805 2273 1835 de
2285 1806 2388 1846 Carpo-

1330 1839 1378 1857 Ol‘s)
1391 1851 1398 1863 ,
1546 1862 1547 1865 Ἴ

1287 1839 1306 1867 P
1348 1862 1397 1896 iile
1406 1866 1472 1897 tulit
1482 1869 1608 1905 geminos
1620 1868 1693 1899 facili
1704 1870 1810 1901 cervice
1821 1871 1956 1907 juvencos
1964 1896 1973 1910 ,

1383 1905 1425 1934 llli
1439 1906 1602 1936 cellitatrox
1613 1907 1730 1937 bubalus
1740 1930 1748 1943 ,
1769 1915 1852 1946 atque
1861 1909 1946 1940 bison.

1267 1936 1373 1985 Dehoc
1382 1943 1493 1972 animali
1505 1966 1512 1978 ,
1534 1944 1565 1973 V.
1587 1945 1690 1980 Spanh.
1707 1946 1741 1975 de
1753 1946 1818 1977 usu,
1838 1949 1889 1978 &c.
1911 1949 2026 1980 Numm.
2041 1949 2107 1982 Diff.
2118 1961 2144 1990 24.
2165 1960 2264 1993 p.'209.
2279 1957 2316 1996 sq.
2340 1959 2388 1989 So..

1286 1979 1333 2009 lin.
1348 1990 1407 2019 cap.
1428 1991 1472 2010 20.
1486 1983 1510 2011 ἃ
1524 1981 1590 2012 Lex.
1604 1983 1688 2012 Pitisc.

1229 2013 1249 2046 Β
1262 2027 1290 2046 is
1303 2027 1316 2046 P
1327 2028 1339 2046 a
1349 2029 1365 2047 L
1375 2030 1391 2047 L
1404 2029 1452 2051 io,
1474 2020 1544 2049 (inis.
1567 2021 1773 2057 [πλύτξοπῶυ]
1793 2022 1872 2052 Idem
1881 2024 1919 2053 est
1930 2025 1976 2062 qui
1990 2025 2164 2065 versipellis:
2186 2031 2204 2060 i.
2229 2040 2254 2062 e.
2277 2032 2389 2066 Vetera-

1267 2061 1328 2090 tor,
1349 2056 1474 2100 planus.¹
1499 2057 1623 2087 Marcell.
1637 2059 1654 2088 l.
1668 2069 1712 2095 72.
1729 2060 1750 2097 §.
1762 2070 1787 2094 4.
1801 2060 1881 2103 Due
1891 2062 1979 2101 Sojut.
2015 2065 2090 2095 Num
2109 2077 2174 2103 ergo
2191 2070 2238 2098 etsi
2251 2071 2390 2109 bispellio.

1267 2103 1348 2129 nem,
1377 2103 1424 2123 aut
1440 2095 1505 2124 alias
1518 2100 1627 2133 turpem
1641 2097 1749 2126 dederit
1769 2098 1930 2135 hominem',
1956 2100 2030 2131 idem
2046 2103 2097 2133 sit‘?
2119 2106 2228 2144 Ulpian.
2254 2108 2272 2138 l.
2286 2118 2328 2145 31.
2353 2112 2387 2141 D.

1270 2131 1305 2160 de
1317 2132 1447 2173 eviftion.
1489 2134 1515 2162 Si
1526 2135 1564 2163 ita
1575 2136 1634 2172 quis
1648 2135 1931 2174 stipulantispondeat
1943 2160 1951 2173 ,
1972 2139 2066 2170 sanum
2074 2142 2129 2172 effe
2141 2166 2149 2179 ,
2170 2145 2258 2175 furem
2278 2157 2335 2177 non
2351 2148 2390 2179 ef-

1269 2169 1294 2197 se
1308 2191 1316 2203 ,
1335 2169 1530 2207 bispellionem
1546 2182 1603 2200 non
1626 2172 1695 2206 effe,
1718 2175 1769 2203 Sto.
1793 2175 1899 2205 inutilis
1918 2176 2057 2214 stipulatio
2083 2181 2246 2217 quibusdam
2267 2186 2385 2217 videtur.

1266 2206 1320 2240 Ubi
1335 2213 1428 2237 tamen.
1443 2208 1639 2246 Vispellioriem
1658 2220 1750 2240 errore
1769 2212 1798 2240 in
1822 2212 1986 2249 Florentinis
2003 2215 2079 2247 libris
2096 2220 2258 2259 pervulgato
2278 2223 2387 2262 legitur.

1265 2244 1337 2274 Item
1349 2248 1374 2275 G:
1384 2247 1458 2283 apud
1470 2247 1595 2277 Maecian.
1610 2248 1662 2277 inl.
1676 2258 1700 2282 7.
1715 2249 1747 2279 D.
1762 2250 1796 2278 ad
1806 2250 1897 2280 Senat.
1908 2251 1940 2282 C.
1958 2253 2079 2284 Trebell.
2109 2257 2186 2294 Quid
2197 2261 2272 2289 enim
2289 2262 2305 2290 fi
2319 2272 2391 2293 mor.

1266 2282 1303 2312 bo
1322 2284 1472 2321 applicitus
1494 2284 1663 2315 Alexandriae
1681 2287 1765 2322 jufl'us
1777 2288 1932 2325 fuitadire,
1953 2291 1996 2320 vel
2008 2301 2112 2324 nornen
2130 2296 2299 2334 vispellionis
2310 2300 2391 2330 testa-

1265 2322 1334 2350 toris
1345 2321 1413 2351 ferre
1427 2323 1440 2350 ἶ)
1460 2322 1634 2360 Bispellionis
1646 2325 1722 2354 enim
1732 2325 1884 2363 legendum
1894 2329 2042 2367 utrobique
2052 2332 2213 2365 censemus:
2232 2343 2286 2374 q‘uo
2301 2339 2390 2368 nomia

1266 2369 1302 2388 ne
1313 2360 1456 2389 hominem
1466 2361 1582 2390 duarum
1592 2362 1709 2400 pellium
1722 2363 1865 2401 significari
1875 2367 1987 2396 constat.
2029 2366 2095 2403 Eius
2113 2378 2206 2402 autem
2226 2376 2392 2413 appellatio-

1266 2398 1310 2425 nis
1321 2398 1397 2434 origo
1409 2399 1438 2427 in
1449 2399 1586 2428 Arcadum
1596 2400 1688 2429 fabula
1701 2402 1786 2439 polita
1801 2402 1839 2431 est
1849 2425 1856 2438 ‚
1879 2413 1960 2440 quam
1973 2405 2170 2442 Plin.l.8.c.22.
2186 2414 2311 2450 exponit,
2327 2415 2392 2444 Cer-

1266 2441 1310 2464 tos
1333 2435 1459 2466 homines
1470 2438 1596 2474 stagnum
1607 2440 1748 2474 quoddam
1761 2441 1930 2471 transmissos
1941 2443 1968 2471 in
1981 2443 2063 2481 lupos
2073 2447 2244 2485 tranfigurari
2253 2473 2261 2486 ‚
2288 2453 2315 2481 ἃ
2331 2453 2391 2490 post

1265 2476 1355 2502 'annos
1366 2484 1467 2504 novem
1483 2476 1512 2503 in
1529 2485 1562 2504 eo
1582 2476 1676 2506 habitu
1690 2477 1833 2507 confectos
1844 2500 1851 2513 ‚
1874 2479 1950 2509 idem
1967 2480 2091 2519 stagnum
2104 2493 2275 2523 remeantes,
2301 2491 2390 2527 pristi-

1266 2519 1335 2539 num
1348 2511 1472 2542 habitum
1483 2514 1608 2551 recipere
1618 2536 1626 2549 ,
1648 2515 1723 2544 unde
1744 2515 1905 2553 Versipelles
1921 2519 1987 2549 dieti
1999 2542 2006 2554 ,
2029 2522 2054 2549 &
2064 2523 2125 2559 post
2135 2534 2161 2559 9.
2173 2531 2268 2556 annor.
2280 2527 2388 2560 senium

1268 2550 1386 2579 eandem
1408 2552 1533 2588 recipere
1554 2551 1664 2582 vestem.
1705 2553 1745 2582 Ad
1754 2553 1826 2584 hanc
1836 2554 1959 2586 fabulam
1971 2556 2127 2591 allu'lit'fine
2139 2562 2226 2593 dubio
2244 2563 2346 2597 Persius
2359 2578 2385 2604 ς.

1266 2586 1323 2617 Sat.
1337 2597 1397 2622 υς.
1416 2587 1458 2617 his
1471 2589 1604 2625 versibus,

1346 2625 1394 2654 Sin
1407 2628 1437 2654 tu
1448 2636 1534 2662 quum
1545 2627 1628 2657 fueris
1638 2628 1734 2657 nostrae
1745 2629 1828 2666 paulo
1843 2636 1907 2660 ante
1923 2631 2018 2663 farinae

1346 2662 1509 2693 Peliiculam
1520 2672 1642 2695 veterem
1653 2668 1754 2696 retines
1765 2689 1772 2702 ‚
1796 2669 1821 2697 ἃ
1832 2667 1923 2698 fronte
1933 2671 2039 2708 politus
2045 2688 2058 2709 -·,

1346 2701 1466 2737 Astutam
1476 2703 1577 2740 vapido
1585 2703 1671 2733 servas
1679 2703 1847 2742 subpectore
1858 2706 1971 2745 vulpem
1982 2731 1990 2745 ‚

1267 2775 1273 2781 .
1295 2775 1302 2781 ⁷
1349 2739 1420 2775 Quae
1437 2739 1551 2770 dederas
1570 2740 1648 2779 supra
1666 2750 1763 2780 repeto
1776 2765 1784 2778 ,
1804 2743 1957 2782 funemque
1973 2747 2087 2779 reduco.
2188 2746 2386 2792 'Bi'spellionem

1264 2780 1347 2812 igitur
1356 2776 1462 2806 servum
1477 2778 1599 2808 eundem
1614 2779 1669 2809 dici
1686 2785 1755 2818 puto
1768 2803 1776 2816 ,
1800 2782 1847 2818 qui
1859 2784 1886 2812 δι
1905 2783 2077 2824 Versipelli33
2100 2788 2118 2817 i.
2138 2797 2163 2818 e.
2186 2790 2361 2823 Perfidiosum
2374 2815 2383 2831 ,

1264 2813 1410 2881 gallacen}9
1432 2815 1647 2848 fraudulentum.
1684 2818 1738 2848 Alii
1748 2826 1844 2849 tamen
1856 2821 1935 2851 aliter
1944 2822 2059 2861 legunt,
2082 2827 2157 2863 quod
2174 2828 2330 2861 doctiorum
2340 2834 2384 2868 ju.

1286 2860 1340 2880 icio
1352 2862 1380 2882 re
1393 2861 1488 2890 inquo.
1574 2887 1576 2892 y

1224 2885 1514 2926 BlsPssLLroNE's,
1539 2892 1585 2922 'vel
1606 2892 1884 2938 BisPuLpONEs‚
1912 2898 1996 2928 etiam
2014 2900 2145 2932 dicuntur
2162 2902 2333 2942 Vespillones
2352 2908 2383 2938 in

1266 2927 1325 2956 Vet,
1347 2927 1609 2973 ΟΙοίῖυνεκςοὲιίξπῶιι
1619 2953 1627 2967 ‚
1656 2941 1753 2963 ³&qu
1765 2943 1772 2968 3
1802 2933 1889 2964 Item:
1909 2933 2031 2974 Hispello
2043 2960 2050 2973 .,
2084 2944 2242 2977 νεκροφόςζῷυ,
2270 2953 2285 2973 a
2309 2945 2385 2976 binig

1264 2974 1367 3003 nempe
1379 2966 1472 3004 palliis
1484 2989 1491 3001 ,
1513 2967 1571 2998 1cil.
1609 2970 1666 2999 uod
1685 2969 1814 3007 lugubres
1824 2972 1911 3002 vestes
1923 2973 1976 3004 suis
1993 2975 2246 3013 superinducerent.
2286 2982 2314 3012 V.
2335 2983 2379 3014 Fr.

1264 3003 1328 3038 Jun.
1342 3005 1377 3032 ad
1388 3004 1505 3035 Tertull.
1517 3006 1552 3035 de
1562 2979 1647 3036 Pailio
1657 3029 1665 3043 ,
1680 3017 1741 3046 cap..
1754 3019 1780 3045 4.
1792 3019 1820 3047 p.
1834 3019 1878 3046 ις·
1903 3013 1929 3041 8<
1941 3012 1958 3042 s.
1970 3012 1988 3042 l.
2012 3023 2027 3043 v
2038 3022 2094 3044 ase
2107 3026 2141 3044 ιι,
2150 3027 2165 3045 r.
2174 3027 2200 3046 o.

1260 3046 1453 3079 is‘saitTus,
1483 3043 1513 3073 V.
1535 3054 1598 3074 BIS.
1642 3077 1644 3081 ¹

1226 3075 1247 3106 Β
1257 3088 1266 3106 1
1277 3088 1289 3107 s
1297 3088 1316 3107 T
1325 3088 1341 3107 ο
1350 3088 1371 3107 N
1382 3101 1389 3114 ,
1411 3081 1481 3110 onis.
1505 3081 1615 3118 [Εἶπον]
1637 3081 1732 3113 Martis
1741 3085 1766 3114 8<
1775 3084 1943 3120 Callirrhoes
1955 3087 1992 3117 fili
1996 3096 2026 3118 us
2040 3111 2048 3123 ‚
2070 3090 2115 3127 qui
2133 3086 2281 3124 Bistoniam
2292 3095 2381 3128 Tlira÷

1262 3117 1314 3145 ciae
1324 3116 1422 3147 urbem
1431 3119 1577 3149 condidit:
1599 3121 1675 3150 unde
1687 3132 1784 3152 omnes
1795 3123 1916 3154 Thraces
1927 3147 1934 3159 ,
1957 3122 2091 3157 Bistonios
2102 3128 2197 3159 dixere
2203 3140 2295 3168 poerae
2307 3145 2314 3171 ;
2337 3135 2381 3174 ip=

1262 3153 1373 3191 samque
1387 3156 1535 3186 Thraciam
1546 3180 1554 3192 ,
1575 3157 1740 3195 Bistoniam,
1761 3168 1807 3189 aut
1817 3168 1916 3191 terram
1929 3163 2052 3194 Bistonis.

1223 3189 1425 3228 Brsroms,
1449 3195 1512 3225 fdis,
1534 3195 1553 3225 f,
1584 3197 1701 3232 [siwia
1731 3198 1850 3235 Stepli.]
1879 3199 1983 3230 Civitas
2002 3203 2027 3232 ἃ
2048 3202 2171 3239 stagnum
2190 3205 2219 3234 in
2240 3206 2357 3240 Thracia

1261 3229 1375 3296 ssbiderae
1390 3231 1452 3261 urbi
1469 3234 1659 3272 propinquum
1673 3257 1682 3271 ,
1705 3245 1720 3265 a
1737 3235 1847 3266 Biltone
1868 3238 1920 3274 (ut
1941 3239 2047 3269 dietum
2061 3241 2119 3278 est)
2137 3243 2294 3277 conditum.
2327 3229 2378 3282 Vei

1307 3278 1322 3301 ι.
1345 3277 1374 3298 ut

1261 3305 1378 3349 Bistonis
1385 3291 1443 3337 bra.
1467 3308 1550 3338 Ovid.
1565 3313 1606 3339 16.
1619 3307 1701 3353 Epist.
1717 3318 1779 3348 3421..

1260 3343 1377 3377 Bistonis
1386 3351 1464 3376 terra.
1488 3346 1572 3377 Ovid.
1585 3358 1610 3376 2.
1621 3349 1656 3377 de
1665 3349 1741 3379 Pont.
1755 3360 1794 3385 ¹9·
1805 3360 1848 3385 54.
2055 3383 2057 3386 Α

1259 3379 1378 3412 Bistonis
1388 3384 1456 3413 item
1464 3385 1567 3421 gentile
1578 3386 1596 3414 f.
1609 3387 1682 3423 apud
1694 3387 1758 3416 Hor.
1771 3397 1796 3417 2.
1823 3387 1913 3416 Carni.
1925 3396 1967 3423 19.
1979 3391 2024 3419 '20.
2055 3385 2180 3423 Bacchus
2196 3389 2299 3428 dicitur
2315 3393 2373 3429 No-

1279 3419 1316 3449 do
1325 3429 1453 3451 coercere
1466 3423 1556 3452 crines
1568 3423 1739 3453 Bistonidum
1750 3447 1757 3459 ,
1779 3425 1796 3453 i.
1810 3434 1834 3453 e.
1855 3424 2007 3456 Mulierum
2016 3426 2221 3463 Thracicarum.

1221 3455 1259 3488 Bi
1269 3466 1280 3486 s
1289 3467 1308 3485 T
1318 3460 1335 3487 ὅ
1344 3468 1365 3487 N
1375 3469 1388 3487 ε
1398 3469 1410 3488 s
1424 3481 1431 3495 ,
1453 3469 1510 3489 um.
1533 3461 1646 3496 [Βέςωες]
1666 3461 1764 3500 Populi
1773 3462 1871 3491 suntin
1879 3462 1996 3494 Thracia
2007 3466 2072 3496 teste
2084 3467 2151 3498 Plin.
2164 3469 2242 3508 lib.4.
2258 3483 2319 3512 cap,
2328 3485 2371 3507 ιι,

1260 3495 1317 3525 Val.
1332 3496 1422 3526 flacc.
1436 3507 1458 3527 1.
1473 3499 1572 3535 Argon.
1588 3505 1649 3534 72⁶.

1338 3534 1460 3564 Bistonas
1471 3536 1506 3564 ad
1516 3536 1629 3569 meritos
1640 3546 1724 3573 quum
1735 3545 1838 3566 cornua
1847 3536 1914 3567 sae'va
1924 3537 1950 3568 T
1951 3538 1968 3567 h
1982 3549 2077 3571 'oneus

1257 3602 1260 3606 ,
1334 3572 1433 3602 Torsit.
1515 3572 1583 3602 Ideo
1594 3574 1649 3602 hoc
1662 3574 1731 3603 dicit
1748 3574 1887 3610 Valerius,
1911 3586 1966 3613 quo
2004 3578 2093 3616 Lycur
2112 3592 2143 3612 us
2163 3578 2304 3616 Thracum
2323 3598 2373 3619 rex

1254 3607 1385 3639 Liberum
1398 3616 1598 3646 contemnens,
1619 3612 1689 3640 vites
1706 3618 1917 3650 amputaturus,
1937 3615 1986 3644 libi
1998 3626 2076 3647 crura
2103 3621 2199 3658 ecuit,
2220 3632 2251 3653 ut
2264 3626 2302 3655 ait
2311 3627 2373 3657 Sei-⁴

1256 3648 1317 3678 'vius
1327 3649 1356 3677 in
1366 3648 1437 3677 illud
1448 3659 1473 3683 4.
1487 3647 1549 3677 AEn.
1565 3659 1606 3682 14.

1492 3686 1547 3714 acri
1559 3685 1698 3722 quondam
1709 3691 1820 3722 regnata
1836 3686 1961 3727 Lycurgo
1973 3712 1981 3726 ,
2002 3692 2053 3725 sce,

1232 3754 1233 3757 Ἴ
1255 3721 1353 3752 Ultimi
1365 3723 1501 3756 Bistones,
1523 3723 1540 3752 i.
1553 3733 1576 3752 e.
1599 3723 1695 3753 Ultimi
1708 3724 1948 3764 Thraciae'populi.
1970 3729 2131 3763 Sen.Her'e.
2145 3730 2273 3768 O'Eth.‘v—.

1218 3758 1377 3790 Bisrom
1391 3768 1430 3788 us
1442 3782 1449 3793 ‚
1473 3760 1531 3795 Adi.
1552 3758 1706 3796 [Ecqssvtha]
1731 3761 1832 3792 Thrax.
1857 3763 1939 3795 Ovid.
1956 3775 1996 3803 1³-
2010 3768 2079 3800 Met.
2096 3779 2178 3810 1430.

1334 3797 1378 3829 Est
1388 3798 1433 3826 ubi
1445 3797 1529 3837 Troja
1537 3797 1589 3826 fuit
1599 3820 1606 3832 ,
1627 3798 1749 3836 Phrygiae
1755 3803 1928 3833 contermina
1936 3804 2035 3843 tellus,

1334 3835 1460 3864 Bistoniis
1470 3835 1591 3864 habitata
1602 3836 1674 3865 viris.
1900 3871 1902 3873 .

1255 3870 1339 3902 Nives
1351 3872 1483 3901 Bistoniae.
1507 3872 1573 3901 Stat.
1590 3883 1631 3902 11.
1647 3873 1737 3903 Theb.
1752 3884 1813 3911 194.
1835 3879 1909 3908 conf.
1931 3879 1996 3910 Sen.
2010 3877 2094 3914 Herc.
2106 3882 2159 3915 sut.
2173 3890 2236 3918 226.

1216 3909 1280 3940 Bis
1290 3919 1310 3938 T
1319 3919 1361 3938 oa
1372 3919 1391 3937 T
1402 3920 1419 3938 A
1432 3931 1440 3943 ,
1463 3907 1553 3939 Herba
1563 3910 1600 3939 est
1611 3912 1723 3941 rumicis
1738 3912 1813 3943 foliis
1822 3935 1830 3950 ‚
1852 3913 1966 3947 laevibus
1976 3940 1984 3953 ,
2005 3919 2123 3957 superne
2141 3924 2361 3957 tabescentibus

1255 3949 1282 3980 ἀ
1301 3956 1317 3978 a
1334 3953 1406 3977 terra
1424 3948 1615 3984 quadantenus
1633 3950 1757 4019 eaeffis.X
1773 3951 1909 3985 Radicem
1926 3964 1991 3987 vero
2008 3958 2092 3989 habet
2109 3962 2238 3999 crassam,
2260 3951 2369 4000 serpen:

1766 3998 1786 4019 Χ
1805 3999 1823 4021 2·
2332 4005 2370 4032 tis

2320 146 2388 192 347

2287 3748 2299 3768 ι
2304 3746 2369 3776 042.
