2604 4222
151 1070 158 1093 i

597 26 623 60 A

216 106 338 135 Servare.
359 106 442 136 Ovid.
456 118 481 142 4.
493 107 562 137 Met.
575 116 640 144 270.
884 135 887 136 .

217 145 323 173 Servire
340 146 425 173 amori
442 145 558 174 aliorum
575 145 790 182 flagitiosissime.
815 145 874 174 Cic.
889 155 914 175 2.
934 146 1014 174 Catil.
1026 152 1051 179 8.

217 182 329 211 Solvere
345 192 452 211 amores
470 182 613 217 canthus,
635 190 682 211 aut
694 184 795 212 herbis.
812 183 917 213 Tibull.
935 184 983 213 lib.
999 194 1021 212 1.
1038 192 1064 212 2.
1074 186 1117 212 62.

218 220 363 257 Spernere.
394 221 459 249 Hor.
475 231 497 249 1.
521 221 610 249 carm.
627 231 652 253 o.
668 225 710 249 16.

218 257 335 295 Spirare.
366 258 432 288 Hor.
445 269 469 292 4.
486 268 525 294 ¹3-
545 268 585 292 19.

219 295 377 324 Sublevure.
401 296 458 324 Cic.
474 308 502 330 4.
525 295 605 324 Tusc.
619 304 663 332 73.

220 333 387 362 Submittere
396 335 503 362 animos
516 333 611 361 amori.
635 332 705 369 Virg.
715 343 740 367 4.
757 332 819 362 AEn.
831 343 895 369 414.

220 370 373 400 Succensus
384 381 486 400 amore.
509 371 590 400 Ovid.
609 380 649 403 ις.
668 370 736 399 silet.
756 374 816 406 167.

219 408 361 446 Suscipere
372 418 502 437 amorem.
535 407 592 437 Cic.
610 417 650 436 ιο.
663 407 737 436 Fam.
751 417 774 436 1.

220 446 313 475 Tenet
323 456 368 475 me
378 456 462 475 amor.
484 447 550 474 Stat.
575 456 599 481 ς.
615 445 705 474 Theb.
717 455 762 481 70.

220 483 336 513 Tentari
347 494 447 512 amore.
475 483 558 512 Owid.
575 493 596 511 1.
610 483 700 511 Amor.
711 492 736 511 2.
753 493 777 518 5.

220 521 325 550 Testari
338 531 468 550 amorem.
500 521 571 557 virg.
588 529 611 555 3.
627 520 689 549 ffin.
700 526 766 557 487.

220 559 356 596 Torquerl
371 568 472 587 amore.
496 558 561 587 Hor.
581 568 603 586 1.
619 557 701 594 Epist.
716 568 741 587 2.
768 566 810 594 37.

221 596 321 626 Torret
336 607 380 625 me
392 606 478 625 umor.
502 596 569 625 Hor.
589 605 611 630 3.
627 597 716 625 Carm.
735 606 775 632 19.
788 601 832 630 28.

220 634 387 670 Transgrcdi
398 643 512 662 amores.
531 633 597 662 Stnt.
614 643 635 661 1.
652 634 724 670 Sylv.
735 643 760 662 2.
774 644 818 669 90.

220 672 380 701 Translutos
390 671 447 700 alio'
455 681 569 700 amores.
594 671 656 700 Hor.
670 672 757 709 Epod.
771 683 793 707 5.
809 680 854 708 23.

220 709 307 738 Vacat
320 716 395 738 metu
405 718 490 738 amor.
513 709 597 739 Ovid.
614 719 637 738 1.
649 710 742 739 Amor.
756 714 782 738 6.
801 715 845 738 60.

219 747 302 776 Vinci
313 747 462 775 didicimus
472 747 544 776 seros
555 756 657 776 amore.
680 748 743 776 Sen.
757 745 872 785 Hippol.
882 756 907 778 2.

220 785 314 813 Vincit
324 786 418 813 omnia
429 794 513 814 amor.
537 785 610 822 Virg.
628 795 669 814 10.
683 785 740 815 Ecl.
756 790 801 821 69.

220 823 313 851 Vitare
323 832 454 851 amorem.
478 822 585 852 Lucret.
596 823 643 852 lib.
654 834 680 859 4.
693 826 774 853 1066.

220 858 332 889 Vitiare.
355 861 420 889 Stat.
436 861 542 901 5.Sy1v.
561 871 582 890 1.
602 870 644 898 57.

220 898 281 927 Urit
290 908 375 927 amor.
400 898 469 935 Virg.
483 909 508 928 2.
525 898 583 928 Ecl.
595 904 639 933 68.

218 936 272 965 Usa
285 936 425 965 amoribus
442 938 594 966 dementer.
616 937 701 967 Ovid.
712 947 738 973 4.
748 935 892 972 Metuo.

184 976 205 1005 A
213 986 234 1004 M
243 984 260 1003 o
270 984 285 1002 ιι
295 984 314 1002 A
322 985 337 1002 a
346 984 364 1002 u
373 983 394 1002 N
405 984 422 1002 ι)
433 984 452 1002 u
461 984 473 1003 s
482 997 490 1009 ,
512 975 582 1004 Geli.
594 974 641 1004 lib.
658 986 667 1004 1
677 986 699 1004 1.
713 985 772 1013 cap.
788 986 813 1010 9.
835 972 965 1003 Laberius
977 971 1123 1002 mulierem
1133 978 1274 1002 amantem
1284 981 1345 1003 ver-

220 1013 256 1041 bo
269 1012 422 1041 intuitatius
433 1012 497 1041 ficto
508 1013 732 1042 Amorabundam
748 1013 828 1041 dixit.

219 1050 313 1080 Utitur
322 1050 472 1079 Beroaldus
480 1051 509 1080 in
516 1051 597 1089 Epist.
610 1051 722 1089 praefixa
736 1051 844 1079 Comm.
864 1050 894 1077 in
904 1049 1018 1078 Sueton.
1039 1048 1094 1078 Sed
1102 1054 1172 1086 puto
1186 1057 1243 1077 non
1253 1048 1343 1077 aliun-

238 1089 274 1117 de
285 1098 368 1124 quam
378 1088 445 1117 hinc
455 1088 576 1126 sumpiit.
608 1090 655 1119 Sic
665 1088 711 1117 ille
730 1088 845 1117 Insonus
857 1087 961 1116 dicitin
969 1087 1109 1125 principio
1120 1086 1228 1115 Comm.
1244 1086 1274 1114 in
1291 1087 1339 1116 vit.

238 1126 273 1155 T.
288 1125 365 1163 Vesp.
378 1126 587 1165 Suetonii,puto
595 1137 630 1156 ex
641 1126 766 1164 Apuleio.
788 1126 833 1155 Sic
840 1125 937 1163 panim
947 1125 1059 1161 antiqua
1068 1123 1249 1153 consectatur.
1263 1124 1339 1153 H.St.

181 1165 203 1194 A
211 1175 232 1193 M
243 1168 260 1193 ὃ
271 1174 285 1192 Ρ,
294 1166 307 1192 ἵ
315 1175 326 1192 Ρ
339 1174 352 1192 Ε
360 1174 414 1199 R,a,
424 1174 480 1193 um.
496 1167 625 1194 Amorem
634 1164 795 1193 concilians.
808 1162 1338 1200 Veu.Fortun.Epithal.Sigib.Reg.6.2.

181 1204 231 1232 AM
241 1212 258 1231 o
267 1212 284 1230 R
294 1212 303 1230 1
314 1212 326 1230 Ρ
335 1204 369 1231 fc
380 1212 398 1230 υ
407 1211 419 1230 s
429 1224 436 1237 ‚
457 1212 472 1231 a
485 1224 492 1238 ‚
510 1213 567 1232 um.
588 1203 674 1232 Idem.
698 1201 790 1231 Herba
799 1200 949 1230 amorifica.
973 1200 1055 1238 Ap‘ul.
1067 1200 1102 1229 de
1112 1200 1196 1229 Herb.
1208 1209 1337 1238 cap.123.

181 1242 334 1269 AMORGE
348 1261 357 1274 ,
397 1239 428 1269 V.
452 1250 616 1269 AMuucA.

180 1279 231 1307 AM
240 1287 257 1306 o
267 1287 307 1306 Ro
318 1287 332 1305 E
341 1287 353 1306 s
363 1299 371 1310 ,
393 1278 405 1313 [
421 1274 533 1313 Ᾱμέξγησ
548 1278 563 1312 ]
584 1279 636 1307 fuit
645 1287 680 1307 eir
696 1278 773 1307 Darii
784 1276 904 1306 ducibus
919 1286 991 1306 unus
1001 1298 1009 1310 ,
1029 1275 1101 1313 quia
1112 1273 1227 1304 Caribus
1237 1274 1343 1305 insidiis

218 1316 425 1344 circumventus
440 1337 449 1350 ,
469 1325 524 1345 una
536 1326 600 1345 cum
614 1316 723 1345 Daurise
734 1338 742 1352 ,
761 1317 787 1345 Sc
797 1315 933 1344 Sisamace
945 1337 953 1350 ,
976 1316 1002 1344 ἃ
1014 1313 1104 1351 Myrse
1117 1312 1201 1351 Gygis
1210 1313 1278 1349 filio,
1288 1314 1342 1344 fuit

218 1353 408 1382 obtruncatus.
430 1353 534 1382 Herod.
549 1354 596 1383 lin
612 1365 635 1388 ς.

180 1391 258 1458 Asbo
268 1402 284 1420 R
294 1401 312 1420 o
322 1402 330 1419 1
342 1401 385 1457 ult
395 1413 403 1426 ,
423 1392 438 1427 [
453 1388 567 1427 apaogy'vn
581 1392 595 1427 ]
616 1391 709 1421 Herba
716 1391 762 1421 est.
775 1400 836 1428 quae
846 1391 957 1420 notiore
968 1389 1084 1418 nomine
1093 1387 1215 1419 Helxine
1227 1389 1339 1419 dicitur.

247 1429 343 1458 ioscor.
368 1429 403 1457 ib.
438 1451 444 1457 .
460 1439 469 1448 ’
495 1453 501 1458 ,

178 1468 232 1497 AM
242 1477 283 1495 01<
295 1477 351 1496 crs
361 1489 369 1501 ,
391 1441 442 1496 diii.
460 1437 596 1503 ’[7ἀμ9ξφές
612 1467 625 1501 ]
645 1466 707 1497 Lini
717 1466 821 1505 species
839 1466 997 1495 tenuissima
1007 1487 1014 1499 ,
1034 1464 1110 1503 bysso
1119 1475 1177 1494 uon
1192 1465 1339 1495 dissimilis.

217 1505 292 1535 Hinc
302 1506 449 1542 Amorgina
458 1505 619 1534 vestimenta
630 1527 638 1538 ,
655 1515 705 1542 pro
715 1505 840 1542 pretiosis
852 1506 877 1534 Sc
886 1503 1039 1541 splendidis
1048 1525 1055 1537 ‚
1072 1503 1222 1540 multaeque
1234 1504 1341 1541 imperi·-

216 1542 268 1572 sae:
291 1553 407 1580 quorum
416 1543 543 1571 meminit
554 1550 649 1572 contra
658 1543 840 1572 Timarchum
855 1542 1006 1575 AEschines,
1018 1542 1044 1570 ἃ
1054 1541 1151 1570 Athen.
1163 1541 1211 1570 lib.
1225 1545 1250 1570 6.
1273 1542 1339 1571 Non

216 1588 311 1610 autem
325 1581 388 1610 satis
400 1581 504 1610 constat
514 1588 605 1610 utrum
615 1590 647 1610 ea
656 1590 711 1610 vox
723 1580 775 1609 lini
785 1580 907 1618 speciem
915 1602 923 1616 ,
944 1590 981 1609 an
990 1579 1130 1614 colorem,
1146 1589 1181 1608 an
1191 1589 1340 1617 utrumque

216 1619 359 1655 iignificet.
398 1619 428 1648 V.
450 1619 551 1648 Ferrar.
573 1620 608 1648 de
622 1619 663 1648 Re
672 1618 742 1648 Vest.
756 1629 798 1648 11.
811 1629 836 1654 4.
852 1628 876 1654 3.

179 1656 200 1686 A
210 1667 281 1724 >fga
291 1667 309 1685 c
319 1667 334 1685 o
345 1667 356 1686 s
370 1679 377 1692 ,
406 1658 421 1693 [
438 1654 547 1694 Α’,ιωςῃὲς
562 1657 577 1692 ]
599 1656 689 1686 Insula
699 1666 754 1686 una
762 1666 797 1686 ex
812 1655 991 1694 Sporadibus.
1020 1655 1109 1685 Strab.
1118 1654 1168 1684 lib.
1180 1665 1221 1685 10.
1235 1657 1261 1686 ἃ
1270 1654 1342 1686 Plins

230 1705 237 1723 i
262 1719 266 1723 .
301 1718 307 1724 .
320 1705 351 1724 ca
374 1718 380 1724 .
397 1705 439 1725 12.

179 1733 202 1763 A
212 1744 233 1762 M
242 1743 259 1762 o
268 1707 309 1761 ἐκ
319 1743 340 1762 H
349 1706 372 1761 E
381 1744 390 1761 1
402 1755 410 1768 ,
432 1733 448 1769 [
461 1733 584 1768 Ampe..
600 1733 615 1768 ]
638 1732 736 1771 Populi
752 1733 820 1762 diffl
829 1731 892 1762 sunt
903 1731 937 1761 ab
951 1733 1036 1762 Amor
1043 1730 1201 1761 velHemor
1212 1738 1290 1770 patre
1301 1731 1342 1762 Si-

218 1771 300 1800 chem
311 1793 318 1806 ,
340 1771 384 1801 vel
397 1771 430 1800 ab
440 1771 595 1800 Amorrhaeo
611 1771 670 1800 filio
682 1771 823 1801 Chanaan.

179 1809 333 1838 AMOTUS
345 1831 352 1844 ,
393 1808 422 1838 V.
440 1809 510 1838 infra
531 1810 559 1837 in
578 1819 741 1839 AMoon.

180 1847 232 1876 AM
241 1850 258 1876 ὁ
268 1856 284 1876 v
295 1857 333 1875 eo
342 1869 350 1881 ,
371 1847 425 1881 ovi,
445 1851 533 1882 otum,
551 1848 565 1883 [
580 1848 703 1875 ίιπωιινέω,
714 1845 846 1881 &magia-1,
858 1846 982 1881 οἰπτκμύνω
995 1845 1009 1880 ]
1031 1847 1086 1874 ete.
1110 1845 1148 1874 est
1158 1844 1201 1875 De
1210 1845 1274 1875 loco
1282 1855 1342 1875 mo-

216 1894 290 1914 vere.
312 1884 376 1914 Ter.
391 1884 508 1922 Adelph.
520 1896 546 1920 4.
559 1895 584 1914 2.
600 1895 641 1921 14.
655 1886 817 1923 Age,tamen
827 1894 879 1921 ego
890 1883 965 1912 hunc
975 1883 1120 1912 amovebo.
1137 1884 1191 1912 Ubi
1204 1883 1339 1919 Donatus,

214 1922 329 1960 Proprie
338 1929 481 1951 amovetur
494 1922 587 1952 saxum
596 1924 631 1952 de
640 1922 801 1952 Ioco.Cic.1.
815 1920 1117 1958 Att.9.fflnebulonem
1125 1921 1294 1958 illum,s1quo
1303 1922 1341 1950 fa*

216 1962 264 1997 fio
270 1968 398 1999 potes,ex
408 1961 463 1990 istis
474 1960 542 1990 locis
548 1970 654 1990 amove.
667 1961 698 1991 In
708 1962 810 1990 eodem
818 1960 971 1998 significatu
981 1958 1082 1996 legitur
1090 1960 1175 1989 etiam
1185 1960 1338 1989 Removeo.

215 2000 353 2029 Amovere
364 2000 389 2028 Sc
399 1999 562 2034 Admovere,
574 2000 719 2028 contraria.
741 1999 822 2028 Auth.
836 1998 871 2028 ad
884 1998 986 2028 Heren.
999 1997 1048 2026 lib.
1060 2006 1084 2034 3.
1104 2007 1147 2034 32.
1183 1998 1247 2027 Sive
1256 1997 1340 2027 nimis

236 2035 335 2074 procul
344 2038 488 2071 amoveris,
498 2036 551 2066 five
562 2037 740 2067 vehementer
746 2047 835 2075 prope
851 2036 1016 2066 admoveris.

215 2074 300 2106 IEtas.
322 2074 429 2103 Lucret.
442 2075 490 2103 lib.
505 2085 526 2104 1.
541 2078 605 2104 226.

297 2113 428 2142 Praeterea
442 2122 614 2150 quascunque
626 2112 758 2142 vetustate
775 2118 887 2142 amovet
902 2118 975 2140 aetas.
1292 2136 1294 2138 .

214 2149 347 2179 Animum
356 2150 447 2179 studio
456 2151 564 2188 puerili.
597 2151 685 2181 Plaut.
696 2150 783 2180 Merc.
798 2150 869 2189 prol.
887 2160 933 2185 41.
957 2150 984 2179 h.
1003 2159 1028 2178 e.
1050 2148 1200 2178 Dimove're
1211 2170 1221 2184 ‚
1242 2147 1340 2178 abstra-

172 2220 176 2223 ,
236 2188 303 2217 here
319 2198 334 2217 a
351 2188 441 2217 studio
453 2210 461 2222 ,
482 2190 534 2218 &o

211 2225 340 2264 Aliquem
351 2226 384 2255 ab
395 2226 487 2255 officio
499 2226 599 2262 aliquo.
623 2226 680 2255 Cic.
693 2226 728 2255 de
739 2225 832 2263 Arusp.
843 2225 923 2263 Resp.
935 2234 980 2262 43„
1023 2225 1204 2255 Saturninum
1215 2224 1339 2261 Quaesto-

232 2273 292 2293 rem
310 2274 325 2292 a
335 2263 380 2292 sua
390 2264 567 2293 frumentaria
575 2265 771 2302 procuratione
783 2264 899 2293 Senatus
912 2263 1035 2299 amovit,
1059 2263 1140 2300 eique
1149 2263 1188 2291 rei
1199 2262 1241 2292 M.
1253 2262 1340 2292 Scaus

234 2311 295 2330 rum
310 2301 441 2339 praefecit.

215 2339 441 2368 Ass‘entationem.
464 2339 523 2368 Cic.
538 2340 567 2368 in
578 2339 641 2368 Lael.
659 2349 704 2375 91.

203 2376 370 2415 crapulam.
393 2377 478 2406 Plaut.
490 2377 585 2406 Pseud.
599 2387 669 2414 5.1.3
678 2388 701 2414 5·
713 2376 782 2407 Inde
791 2376 847 2407 huc
855 2377 921 2413 exii,
933 2375 1076 2415 crapulam
1086 2376 1154 2405 dum
1166 2385 1333 2406 amoveretur

215 2414 335 2452 Culpam
345 2424 359 2444 a
368 2414 402 2444 se.
424 2415 481 2445 Liv.
495 2426 522 2450 4.
535 2425 580 2451 42.

214 2452 316 2490 Culpas
328 2453 440 2482 amovit.
462 2453 529 2482 Hor.
541 2465 567 2489 4.
583 2452 673 2482 Carm.
691 2462 733 2488 15.
756 2463 767 2482 1
776 2463 799 2482 1.

215 2490 336 2519 Custode
344 2497 447 2520 amoto.
469 2491 591 2528 Propert.
602 2490 650 2520 lib.
665 2500 688 2520 1.
704 2500 745 2519 11.
760 2500 804 2527 15.

213 2528 307 2565 Jurgia
323 2538 459 2558 amovere.
491 2528 549 2558 Cic.
560 2539 584 2557 2.
597 2529 632 2558 de
644 2528 738 2566 Legib.
754 2538 796 2564 19.
954 2558 957 2559 .

211 2564 383 2633 Lgiidinem’
401 2565 508 2602 odium,
524 2566 676 2603 invidiam,
694 2572 811 2601 metum,
833 2565 1057 2604 cupiditatesque
1078 2572 1184 2596 omnes.
1216 2564 1274 2596 Cic.
1282 2574 1335 2604 pro

268 2611 343 2633 uent.
365 2614 425 2640 159.

212 2640 292 2671 Ludo
303 2648 396 2671 amoto
406 2651 558 2679 quaeramus
573 2641 650 2671 seria.
671 2641 738 2671 Hor.
756 2651 779 2671 1.
802 2642 890 2671 Serm.
905 2651 928 2670 1.
943 2651 987 2678 27.

212 2680 332 2710 Metum.
354 2679 419 2709 Ter.
434 2680 502 2709 And.
519 2690 541 2708 1.
554 2689 578 2708 2.
592 2689 633 2708 ιο.

211 2717 370 2748 Molestiam
381 2727 396 2747 a
406 2717 521 2746 foribus.
543 2717 628 2747 Plaut.
648 2717 747 2755 Amph.
763 2727 786 2746 1.
798 2726 824 2746 2.
834 2727 860 2747 2.

212 2756 397 2794 Opinionem.
419 2755 482 2785 Ter.
497 2756 566 2784 And.
578 2764 601 2790 3.
617 2765 642 2784 2.
657 2765 700 2791 30.
723 2757 749 2784 δε
762 2765 784 2784 1.
797 2764 823 2785 2.
839 2765 881 2784 ιο.

211 2794 365 2831 Segnitiem
377 2804 391 2822 a
402 2792 437 2823 se.
458 2792 543 2822 Plaut.
555 2793 626 2822 Asin.
639 2803 665 2822 2.
681 2803 704 2822 1.
715 2797 740 2822 6-

174 32 242 67 130
720 26 760 60 M
854 27 879 61 P

211 2831 327 2862 Sensum
342 2831 446 2861 doloris
457 2840 594 2860 amovere.
627 2830 685 2860 Cic.
695 2830 730 2860 de
742 2829 865 2859 Provinc.
886 2823 998 2858 Consul.
1010 2837 1037 2859 2.
1071 2829 1243 2869 Praecipuum
1252 2826 1333 2861 illum
1383 2828 1404 2859 A
1413 2840 1434 2858 M
1443 2840 1457 2857 P
1467 2839 1487 2857 H
1496 2832 1507 2857 i
1517 2840 1530 2857 ιι
1540 2833 1557 2858 A
1569 2841 1584 2857 L
1594 2840 1612 2857 u
1622 2839 1633 2858 s
1647 2852 1655 2864 ,
1678 2830 1695 2858 i.
1711 2839 1747 2858 m.
1771 2829 1824 2857 live
1845 2829 1864 2857 A
1874 2840 1893 2857 M
1903 2839 1916 2857 Ρ
1925 2839 1946 2858 H
1956 2839 1965 2857 1
1976 2840 1991 2859 B
2001 2839 2020 2858 A
2030 2840 2046 2857 1.
2055 2840 2074 2858 u
2084 2841 2122 2864 M,
2144 2830 2162 2859 i.
2181 2840 2209 2859 n.
2225 2829 2324 2859 'Vestis
2333 2840 2420 2865 genus
2432 2840 2487 2868 quo
2496 2840 2541 2860 ex-

233 2871 258 2899 &
268 2869 411 2907 proprium
424 2869 530 2898 sensum
543 2868 648 2898 doloris
661 2869 728 2904 mei,
745 2878 760 2897 a
770 2867 905 2897 sententia
913 2867 1034 2897 dicenda
1049 2870 1186 2899 amovebo
1198 2891 1207 2905 ‚
1221 2870 1256 2899 ad
1265 2869 1334 2899 ulei-

228 2908 322 2936 scendi
338 2914 464 2945 tempora
476 2906 628 2936 reservabo.

210 2946 346 2975 Somnum
361 2954 396 2974 ex
406 2946 529 2983 pectore.
549 2944 636 2974 Plaut.
647 2942 742 2972 Pseud.
757 2953 781 2972 1.
794 2952 820 2972 2.
836 2952 879 2971 11.

210 2983 400 3021 Suspicionem
413 2983 447 3012 ab
465 2982 565 3020 aliquo.
589 2981 763 3010 Plaut.Trin.
774 2990 798 3017 3.
810 2989 834 3017 3.
851 2991 895 3016 54.

209 3021 313 3051 Tactus
324 3021 482 3058 impudicos
496 3030 511 3049 a
522 3020 595 3049 casto
605 3029 731 3057 corpore.
752 3019 815 3048 Sen.
830 3018 943 3056 Hippoi.
957 3028 982 3054 ς.

209 3059 303 3097 Virgas
320 3059 425 3088 amovit
436 3058 470 3088 ab
487 3058 615 3087 omnium
627 3058 731 3086 civium
745 3056 935 3085 Romanorum
945 3065 1062 3094 corpore
1073 3057 1119 3086 lex
1130 3057 1233 3088 Porcia.
1270 3058 1330 3088 Cic.

228 3107 279 3135 pro
288 3097 318 3126 C.
335 3095 426 3126 Rabir.
435 3106 476 3126 12.
497 3097 515 3125 i.
533 3105 557 3125 e.
579 3095 675 3124 Vetuit
683 3104 719 3124 ne
728 3094 811 3131 virgis
820 3093 992 3123 caederentur
1001 3095 1073 3125 cives
1082 3095 1202 3125 Romani
1213 3105 1264 3135 per
1275 3107 1332 3127 car.

227 3135 349 3164 nificem.

209 3174 324 3203 Amotus
338 3181 387 3210 per
397 3171 502 3201 dolum.
524 3170 592 3200 Hor.
610 3170 735 3200 1.Carm.
749 3179 792 3198 10.
807 3178 850 3197 10.

209 3211 337 3240 Amoveri
350 3211 379 3238 in
388 3209 523 3245 insulam,
547 3210 565 3238 i.
583 3218 606 3238 e.
630 3207 776 3246 Deportari
788 3206 832 3236 vel
844 3205 968 3249 relegari.
988 3206 1080 3236 Tacit.
1094 3218 1121 3242 4.
1141 3208 1211 3238 Arm.
1226 3216 1270 3246 31.
1298 3210 1333 3240 At

230 3249 256 3278 P.
273 3247 402 3277 Suillium
414 3248 604 3277 amovendum
615 3247 644 3275 in
654 3245 770 3275 insulam
782 3244 896 3274 censuit.

209 3287 353 3320 Amovere,
369 3295 419 3323 pro
431 3285 745 3319 Auferre,intervertere.
760 3282 822 3320 Ulp.
836 3277 893 3311 inl.
906 3282 945 3310 rei
955 3283 1170 3318 communis.45.
1184 3283 1217 3312 D.
1230 3291 1280 3320 pro
1291 3284 1331 3314 so-

227 3325 281 3354 cio.
312 3323 362 3353 Rei
373 3324 529 3352 communis
540 3323 655 3352 nomine
664 3331 730 3351 cum
740 3320 815 3350 socio
830 3341 840 3355 .,
860 3320 924 3349 furti
937 3320 1087 3357 agipotest,
1106 3320 1125 3348 fi
1136 3321 1330 3357 perlitllaciam

227 3362 330 3391 dolove
340 3361 413 3390 malo
425 3360 585 3396 amovit,vel
597 3370 655 3389 rem
667 3368 846 3388 communem
858 3357 968 3386 celandi
978 3358 1073 3386 animo
1083 3359 1329 3390 contracte—[Mem

226 3400 284 3429 inl.
306 3399 334 3428 Si
346 3408 405 3436 egO.
418 3398 451 3427 D.
461 3399 562 3433 dejure
573 3399 692 3427 dotium.
722 3397 830 3434 ⁴Agetur
841 3402 1096 3425 rerumamotarum
1108 3417 1116 3429 ,
1141 3395 1158 3424 fi
1174 3399 1329 3427 amoventis

226 3439 320 3467 animo
338 3437 451 3465 maritus
466 3446 511 3465 eas
525 3437 661 3465 retineat:
687 3441 735 3464 aut
756 3434 790 3463 ad
803 3433 996 3463 exhibendum
1008 3455 1015 3468 ,
1039 3432 1057 3461 s1
1070 3442 1127 3461 non
1143 3443 1271 3463 amovere
1283 3445 1330 3464 eas

225 3474 402 3505 connisusiit.
432 3474 577 3503 ldeminl.
594 3474 692 3503 Tutor.
712 3472 746 3502 D.
759 3472 794 3501 de
803 3472 899 3506 furtis,
915 3470 1005 3500 Tutor
1014 3470 1102 3507 siquid
1112 3470 1222 3499 furandi
1234 3473 1328 3501 animo

226 3512 377 3546 amoverit,
397 3511 501 3540 furtum
513 3511 586 3540 facit.
619 3511 890 3540 Administrationem
901 3509 978 3538 enim
988 3518 1079 3538 rerum
1089 3508 1271 3546 pupillarium
1283 3510 1329 3539 ha-

227 3551 290 3580 bet:
313 3549 509 3586 intercipiendi
532 3556 624 3578 autem
644 3549 762 3587 potestas
778 3549 804 3578 ei
825 3558 883 3576 non
893 3547 981 3576 datur.

167 3589 336 3621 Amo’rro,
356 3587 426 3615 onis.
449 3587 466 3615 f.
487 3593 534 3621 ut,
556 3588 667 3616 Amotio
679 3586 792 3615 doloris.
815 3585 873 3615 Cic.
884 3595 909 3614 2.
928 3585 963 3614 de
976 3583 1036 3614 Fin.
1051 3593 1077 3619 9.
1099 3583 1240 3620 Augendae
1251 3584 1329 3614 volu-

204 3627 287 3664 ptatis
298 3625 360 3654 finis
371 3625 408 3653 est
420 3646 427 3660 ,
447 3623 553 3653 doloris
563 3626 655 3654 omnis
672 3625 786 3653 amotio.

612 3701 639 3735 A
733 3699 772 3733 M
866 3699 891 3734 P

163 3775 184 3804 A
194 3784 215 3803 M
227 3783 241 3801 Ρ
250 3781 265 3802 s
279 3795 287 3806 ,
309 3774 324 3808 [
341 3769 416 3807 Α”μπη
429 3772 442 3808 ]
467 3771 613 3811 Oppidum
625 3771 738 3806 Arabiae,
753 3781 809 3800 uon
819 3770 916 3809 procul
935 3781 950 3800 a
959 3771 1027 3800 mari
1039 3770 1131 3806 rubr0,
1141 3770 1220 3806 cujus
1229 3768 1328 3800 memi-

202 3812 244 3840 nit
254 3809 358 3840 Herod.
372 3809 420 3838 lib.
437 3813 461 3838 6.
485 3809 596 3839 (ic-utile
606 3810 643 3837 est
658 3811 795 3846 linqua—us.
819 3809 915 3846 Steph.

161 3850 183 3879 A
191 3861 212 3877 M
222 3859 234 3877 Ρ
245 3859 258 3877 Ρ.
268 3858 284 3877 c
295 3858 315 3876 H
325 3857 341 3875 o
352 3856 371 3874 N
382 3857 389 3874 1
401 3857 417 3874 u
431 3858 450 3875 M
463 3869 470 3879 ,
496 3848 510 3881 s
525 3843 660 3882 ἀμπῑχᾶνιον
676 3847 690 3880 ]
724 3847 920 3875 Vestimentum
931 3855 1081 3874 commune
1093 3846 1215 3874 virorum
1226 3846 1251 3875 Sc
1263 3854 1323 3874 mu-

194 3886 304 3921 lierum,
325 3890 357 3914 ut
367 3884 450 3914 tradit
460 3884 555 3913 Pollux
568 3883 614 3913 ub.
632 3893 656 3920 7.
669 3894 728 3921 cap.
747 3894 787 3919 13.
800 3884 849 3912 ubi
865 3883 1029 3913 Gualtherus
1043 3884 1133 3919 vertit,
1148 3882 1302 3912 Palliolum.

1384 2601 1405 2632 A
1416 2613 1437 2630 M
1445 2612 1459 2630 Ρ
1469 2612 1489 2630 H
1502 2612 1538 2630 1A
1548 2612 1591 2630 uA
1600 2613 1609 2630 1
1620 2612 1639 2631 t>
1649 2612 1663 2631 E
1672 2612 1683 2631 s
1695 2624 1703 2637 ,
1722 2601 1806 2630 Ovid.
1819 2611 1844 2630 2.
1868 2601 1934 2631 fast.
1943 2611 1975 2639 43
1983 2625 1989 2631 .
2012 2601 2168 2640 Amphiarai
2176 2601 2226 2631 Fil.
2241 2601 2384 2632 Alcmaeon
2393 2623 2402 2638 ,
2415 2602 2449 2632 ab
2459 2602 2542 2633 Ache·

1383 2677 1404 2707 A
1413 2688 1434 2706 M
1445 2688 1458 2706 Ρ
1468 2687 1487 2706 H
1497 2688 1505 2706 1
1515 2689 1532 2705 A
1541 2688 1552 2707 s
1564 2700 1571 2713 ,
1599 2679 1613 2714 [
1633 2678 1742 2712 Α’μφείας
1755 2677 1769 2712 ]
1790 2676 1917 2706 Tharsius
1933 2676 1987 2706 fuit
1999 2700 2006 2713 ,
2028 2677 2076 2715 qui
2089 2687 2174 2714 quum
2189 2687 2224 2706 ex
2235 2676 2384 2707 hortulano
2395 2685 2496 2716 potens
2506 2678 2544 2708 es-

1381 2981 1403 3010 A
1412 2992 1433 3010 M
1442 2991 1456 3009 Ρ
1466 2991 1483 3009 H
1493 2981 1546 3010 rar
1556 2991 1612 3015 UM,
1628 2979 1772 3016 [ἐμφιξων]
1786 2977 1892 3008 Animal
1906 2979 1934 3008 in
1946 2981 2057 3015 term&
2066 2991 2136 3018 aqua
2144 2981 2335 3011 vivens.Varro
2352 2981 2417 3017 4.de
2428 2975 2550 3018 L.L.13.'

1380 3246 1653 3280 Ammaous,
1681 3245 2004 3279 AMPHrsotoorA,
2027 3244 2080 3274 live
2101 3245 2377 3282 ΑΜΡΗῙΒΟΡΟΝ,
2399 3245 2537 3282 [ἀμφιζα-

1844 21 1872 56 A
1967 19 2006 56 M
2102 21 2127 57 P

1387 103 1409 133 A
1418 107 1438 133 Μ
1447 113 1461 131 Ρ
1472 113 1486 132 ε
1496 113 1514 131 D
1524 113 1532 131 r
1542 112 1559 131 c
1569 112 1583 131 Ρ
1592 112 1603 131 s
1623 102 1787 131 dicebantur
1798 102 1832 131 ab
1844 102 1964 140 antiquis
1975 125 1982 137 ,
2004 102 2079 139 quod
2093 103 2198 132 circum
2216 104 2381 141 penderent,
2394 114 2463 142 quos
2471 113 2545 136 nunc

1426 141 1602 179 Appendices
1619 139 1800 177 appellamus.
1830 140 1931 170 Festus.
1954 140 2009 170 Sed
2021 140 2058 169 ibi
2073 150 2106 168 ex
2127 141 2206 170 MSS.
2217 142 2368 179 legendum
2381 143 2473 180 porius
2485 146 2546 172 Am-

1428 179 1572 217 pendices.
1617 178 1649 206 V.
1675 188 1693 206 A
1704 188 1739 205 ΡΡ
1750 187 1763 205 Ρ.
1773 187 1792 205 N
1803 188 1820 206 D
1833 189 1840 206 1
1853 188 1880 207 x.

1390 217 1411 247 A
1422 228 1443 246 M
1455 227 1468 244 Ρ
1480 227 1492 244 r.
1503 228 1518 244 ιΔ
1529 226 1549 245 A
1559 238 1567 249 ,
1589 215 1692 244 Civitas
1707 215 1744 243 est
1754 214 1944 245 Cretaeinsulae
1954 238 1962 251 ,
1983 215 2058 254 apud
2074 215 2144 244 Plin.
2155 215 2204 245 lib.
2218 227 2244 251 4.
2255 225 2317 254 cap.
2337 223 2380 246 12.
2420 217 2463 246 Est
2478 218 2545 247 item

1429 254 1604 283 Macedoniae
1614 263 1631 281 o
1655 253 1760 289 pidum.
1782 253 1830 283 lib.
1843 265 1868 288 4.
1884 264 1945 290 cap.
1959 264 2000 282 10.

1391 294 1411 322 A
1421 303 1441 321 Μ
1452 302 1465 319 Ρ
1476 302 1491 321 Ρ.
1503 304 1517 319 1-
1525 295 1538 320 Ῑ
1552 302 1566 319 r
1575 303 1583 319 1
1595 301 1615 325 s,
1627 263 1678 319 iliis.
1702 290 1713 325 [
1727 291 1880 326 alp-maim]
1901 292 1986 321 Terra
1998 291 2035 320 esi·
2045 291 2178 320 bitumini
2190 290 2303 319 similis-³
2312 292 2384 320 circa
2394 291 2546 322 Seleuciam

1429 330 1513 366 Syriae
1524 328 1702 364 nascens,qua
1713 327 1804 357 rustici
1812 329 1879 357 vites
1891 329 1998 358 illinere
2007 329 2096 359 solent
2110 329 2144 357 ad
2155 313 2296 363 necandhs
2306 329 2548 367 vermicplosmcu.

1428 367 1471 396 los
1483 365 1780 432 illar{3mi}1e1>21scenres
1791 388 1798 401 ,
1820 375 1888 404 quos
1901 368 1961 404 lpas
1972 389 1980 402 ,
2002 367 2055 396 sive
2066 367 2192 404 Scinipas
2210 367 2342 396 vinitores
2353 367 2439 397 Graeci
2454 367 2547 405 appel-

1430 405 1496 433 lant.
1550 420 1568 432 ι.
1613 405 1660 432 lin.
1674 412 1716 437 35.
1734 407 1774 432 16.

1430 442 1535 471 Eadem
1552 443 1578 471 ’ὁὶ
1590 441 1767 471 Pharmacitis
1782 441 1900 477 dicitur,
1922 442 1998 479 quod
2016 441 2119 470 vitium
2132 441 2228 470 morbo
2246 442 2397 471 medeatur.
2423 441 2545 473 Dioscor.
2581 451 2586 455 ’

1448 479 1497 508 lib.
1510 490 1537 513 .ς.
1564 482 1590 508 ἃ
1608 478 1703 507 Galen.
1720 478 1768 507 lib.
1782 490 1807 514 9.
1830 479 1934 509 facult.
1951 479 2048 516 Simpl.
2061 479 2161 508 medic.

1393 518 1443 547 AM
1454 518 1538 546 1³th
1549 527 1564 544 o
1577 526 1588 546 s
1600 539 1607 552 ,
1629 517 1646 545 i.
1665 526 1702 544 m.
1722 516 1797 545 Inter
1816 519 1888 547 viros
1904 518 2018 555 iugenio
2030 538 2039 552 ,
2067 516 2193 546 doctrina
2209 518 2234 546 &
2249 517 2408 556 eloquerfia
2426 517 2550 548 celebre·

1429 555 1504 591 apud
1520 554 1616 583 Sidon.
1634 554 1753 591 Apollin.
1773 554 1861 584 Carm.
1884 566 1909 590 9.
1929 566 1954 584 v.
1975 565 2037 590 3ος.
2066 553 2145 583 Idem
2155 554 2209 584 esse
2219 561 2333 592 putatur
2349 556 2427 591 cujus
2436 556 2548 586 Librum

1430 591 1624 622 memorialem
1636 591 1676 621 (ῥὲ.
1691 592 1835 622 Salmasius
1851 592 1968 629 subjecit
1983 592 2073 622 floro.
2098 592 2183 628 Cujus
2194 592 2269 621 Praef.
2289 593 2318 622 V.
2566 596 2568 598 '

1392 630 1413 659 A
1422 641 1441 658 M
1451 639 1465 658 Ρ
1477 640 1490 658 E
1500 641 1514 657 ι,
1523 639 1540 658 0
1550 639 1566 658 c
1575 640 1594 658 A
1605 640 1620 658 R
1632 640 1646 657 Ρ
1656 640 1674 658 u
1683 641 1720 665 M,
1742 630 1834 660 Herba
1849 632 1976 669 Aparine.
1998 630 2090 659 Diosc.
2107 640 2136 666 3:
2148 640 2192 664 ος.

1394 669 1415 697 A
1424 678 1444 695 Μ
1455 677 1467 694 Ρ
1478 678 1491 695 Ρ,
1502 678 1517 695 ι,
1527 677 1544 696 o
1556 677 1571 695 o
1583 677 1596 695 E
1605 677 1617 696 s
1625 678 1647 696 M
1657 677 1674 696 o
1684 677 1703 696 N
1715 690 1723 703 ,
1746 669 1761 703 [
1775 666 1961 704 άμπτλόέυμρν
1977 668 1991 703 ]
2011 675 2113 696 vocant
2130 668 2216 697 Siculi
2230 668 2344 697 herbam
2355 690 2364 704 ,
2383 678 2420 698 ex
2427 679 2481 706 qua
2490 667 2549 698 vin-

1430 704 1493 734 cula
1501 704 1628 734 molliora
1636 705 1858 742 fiuntalligandis
1867 707 1978 735 vitibus.
2000 705 2068 735 Plin.
2082 705 2131 735 lib.
2144 715 2186 742 17.
2199 716 2261 743 cap.
2273 716 2319 743 23.
2577 710 2582 716 ⁴

1392 743 1413 772 A
1422 754 1440 771 M
1453 753 1466 770 Ρ
1476 753 1489 771 Ε
1498 754 1514 770 L
1523 752 1539 771 o
1551 752 1563 771 ε
1573 752 1607 783 εὶς
1617 753 1637 771 A
1649 765 1656 778 ,
1679 743 1827 781 Oppidum
1838 745 1876 774 est
1886 746 1915 773 in
1923 743 2125 782 Decapolitana
2140 744 2254 781 regione
2263 766 2271 781 ,
2293 754 2354 782 quae
2363 744 2448 782 Syriae
2457 744 2551 782 proxi-

1430 790 1475 808 ma
1486 780 1533 809 est.
1567 780 1636 809 Plin.
1650 780 1698 810 lib.
1715 792 1737 817 5.
1751 791 1811 820 cap.
1825 788 1869 816 13.

1391 818 1412 847 A
1422 829 1441 847 M
1453 828 1466 846 Ρ
1478 828 1491 846 a
1500 829 1515 846 L
1525 827 1541 846 o
1551 828 1565 846 Ρ
1574 828 1589 846 Ρ.
1598 821 1615 847 A
1623 828 1634 847 s
1644 829 1661 847 o
1670 829 1689 848 N
1701 841 1709 853 ‚
1745 820 1759 855 [
1774 817 1964 855 &amaheae-av
1980 820 1995 854 ]
2015 818 2109 849 Herba
2119 819 2157 849 est
2167 819 2242 849 foliis
2249 820 2324 856 porri
2332 842 2341 855 ,
2356 819 2403 849 sed
2414 819 2550 857 angustio-

1429 855 1505 885 ribus
1519 877 1527 889 ,
1548 856 1617 885 flore
1632 857 1767 892 candido,
1787 858 1880 887 radice
1891 857 2012 886 bulbosa.
2036 857 2200 887 Nasciturin
2211 857 2398 892 vinetis,unde
2409 859 2434 887 δε
2444 867 2549 887 nomen
2589 881 2594 885 ,

1429 894 1546 931 accepit.
1565 893 1700 931 Plinsb.
1714 904 1758 931 24.
1772 905 1831 933 cap.
1849 906 1859 924 1
1868 907 1891 931 ς.
1919 894 2021 932 Vulgus
2031 895 2145 924 porrum
2153 896 2298 924 vinearum
2308 903 2398 925 vocat.

1389 932 1413 961 A
1424 943 1444 960 M
1453 942 1467 959 P
1478 942 1491 959 E
1501 943 1516 959 1.
1526 941 1543 960 o
1552 940 1573 967 s,
1586 933 1602 967 [
1613 931 1765 968 Apama]
1784 934 1895 963 Nomen
1904 934 1993 971 pueri,
2007 934 2053 970 qui
2065 943 2150 969 quum
2162 944 2176 962 a
2186 933 2295 962 Baccho
2306 942 2452 968 amaretur,
2462 933 2496 962 ab
2505 943 2552 969 eo·
2575 967 2579 969 ‚

1428 969 1493 998 dem
1514 970 1567 998 >ost
1575 976 1695 999 mortem
1704 971 1776 999 inter
1787 970 1872 1000 sidera
1884 972 1984 1000 relatus
1996 971 2041 1000 est.
2058 971 2188 1000 Fabulam
2203 970 2287 1000 habet
2295 970 2551 1008 Ovid.3.Fast.409.
2582 981 2585 984 ⁴

1427 1007 1498 1036 Item
1506 980 1689 1037 ¹Macedoniae
1704 1009 1852 1046 oppidum.
1870 1009 1938 1039 Plin.
1958 1009 2006 1037 lib.
2020 1021 2045 1045 4.
2057 1019 2119 1046 cap.
2138 1019 2179 1037 10.

1390 1045 1466 1075 AMP
1476 1046 1492 1074 Ε
1502 1055 1543 1074 Lo
1553 1055 1565 1074 s
1586 1046 1664 1083 Agria
1675 1068 1682 1081 ,
1707 1047 1722 1081 [
1740 1048 1862 1081 limaz&
1888 1044 1975 1082 dv‘ffl'ft
1993 1047 2006 1081 ]
2037 1046 2105 1076 Viris
2116 1046 2247 1084 sylvestris
2262 1069 2270 1081 ,
2298 1056 2331 1076 ea
2346 1046 2415 1076 mihi
2431 1047 2548 1084 videtur,

1427 1093 1511 1120 quam
1519 1092 1580 1112 rura
1588 1084 1674 1112 modo
1686 1083 1817 1114 Viornam
1829 1104 1836 1117 ,
1856 1086 1942 1113 modo
1953 1085 2092 1114 Hardeam
2102 1091 2214 1120 vocant,
2227 1085 2301 1121 quod
2314 1094 2454 1114 ramorum
2465 1085 2550 1115 fasces
2567 1112 2571 1116 .

1427 1131 1460 1149 ea
1473 1121 1590 1158 perinde
1598 1122 1670 1158 quasi
1681 1122 1792 1151 vinculo
1800 1123 1916 1161 ligantes
1928 1123 2100 1159 distringant.
2135 1123 2216 1152 Hanc
2225 1122 2330 1152 Plinius
2338 1123 2427 1151 credit
2440 1122 2494 1151 esse
2501 1133 2551 1160 poa
2578 1155 2582 1160 ,
2603 1143 2604 1166 ¹

1427 1159 1483 1188 tius
1493 1168 1576 1195 quam
1586 1159 1673 1188 Uvam
1683 1159 1842 1191 ‘faminiam
1854 1167 1962 1189 vocant.
1985 1160 2077 1190 Ruell.
2087 1160 2135 1189 lib.
2150 1170 2174 1196 3.
2187 1170 2247 1198 cap.
2256 1171 2266 1188 1
2275 1170 2317 1198 53.
2336 1159 2470 1198 Ampelos
2478 1161 2551 1198 agria
2575 1192 2577 1196 ,
2603 1178 2604 1182 =

1427 1203 1542 1226 vocatur
1559 1197 1645 1227 herba
1661 1197 1735 1227 foliis
1746 1198 1840 1235 duris,
1861 1200 1998 1227 cineracei
2011 1199 2112 1228 coloris
2124 1221 2131 1234 ,
2153 1200 2205 1228 &c-

1389 1236 1411 1264 A
1420 1245 1440 1263 M
1449 1245 1463 1263 Ρ
1474 1245 1511 1264 st
1521 1244 1538 1263 o
1548 1246 1564 1263 L
1575 1245 1641 1264 auc
1653 1246 1666 1264 E
1681 1258 1688 1270 ,
1711 1246 1748 1265 es.
1772 1237 1784 1272 [
1800 1235 1973 1272 αμπεηλώκη
1988 1238 2002 1271 ]
2023 1237 2092 1266 Plin.
2102 1237 2151 1266 lib.
2162 1246 2206 1273 23.
2227 1245 2289 1273 cap.
2307 1246 2330 1264 1.
2353 1235 2421 1265 Vitis
2432 1235 2493 1265 alba
2503 1236 2549 1272 est,

1427 1282 1509 1309 quam
1521 1272 1608 1302 Graeci
1619 1273 1852 1311 Ampeloleucen,
1874 1274 1921 1303 alii
1938 1273 2180 1312 Ophiostaphylon
2194 1297 2201 1308 ,
2224 1274 2269 1303 alii
2284 1273 2446 1303 Melothron
2457 1274 2551 1311 appel-
2586 1284 2596 1288 ·

1426 1310 1494 1340 lant.
1516 1310 1656 1341 Omnibus
1666 1311 1783 1341 officinis
1793 1312 1818 1342 ἃ
1828 1312 1960 1341 herbariis
1974 1312 2091 1350 bryonia
2103 1314 2128 1342 ἃ*
2145 1312 2212 1341 Vitis
2228 1312 2289 1340 alba
2300 1312 2419 1341 dicitur:
2441 1312 2549 1348 vulgus,
2576 1335 2577 1339 ,

1426 1348 1509 1416 ἓιιοείὶ1
1524 1358 1574 1415 pjekr
1588 1350 1688 1379 dumos
1707 1349 1813 1387 serpat,
1834 1350 2017 1380 Colubrinam
2036 1357 2131 1380 vocat:
2154 1351 2256 1380 dicitur
2272 1352 2298 1379 Se
2310 1349 2442 1387 Ampelos
2458 1349 2548 1380 leuce.
2570 1381 2587 1389 ..

1454 1396 1487 1415 ue
1512 1409 1518 1415 .
1572 1410 1577 1416 .
1609 1410 1615 1416 .
1635 1397 1667 1416 ca
1690 1411 1696 1416 .
1713 1399 1723 1417 1
1768 1410 1773 1415 .

1388 1425 1409 1454 A
1418 1435 1439 1454 Μ
1449 1435 1461 1452 Ρ
1472 1435 1486 1453 E
1496 1436 1511 1452 1.
1521 1434 1537 1453 o
1547 1434 1558 1454 s
1579 1397 1697 1454 iiielaeffa
1708 1448 1716 1459 ,
1732 1398 1890 1462 Pisana&-
1911 1427 2018 1461 μέλωνοι
2033 1426 2048 1461 ]
2069 1425 2159 1463 Vulgo
2179 1430 2282 1453 Tomara
2294 1447 2302 1460 ,
2324 1424 2422 1454 Latine
2431 1425 2500 1454 Vitis
2509 1426 2551 1454 ni-

1428 1472 1482 1500 gra.
1517 1462 1597 1492 Hanc
1611 1462 1750 1493 Matthiol.
1770 1464 1883 1495 Senens.
1898 1470 1978 1502 putat
1989 1463 2043 1493 effe
2052 1464 2138 1493 Uvam
2149 1464 2308 1494 Taminiam
2317 1485 2324 1497 ,
2354 1464 2469 1500 quanvis
2479 1463 2547 1493 Plin.

1425 1501 1595 1529 eontrarium
1602 1501 1710 1536 sentiat,
1722 1502 1769 1539 qui
1780 1512 1842 1532 eam
1854 1503 1965 1540 proprie
1976 1503 2123 1538 Bryoniam
2133 1503 2226 1531 vocari
2234 1501 2336 1536 scribit,
2347 1501 2365 1530 l.
2377 1510 2421 1538 23.
2432 1510 2456 1530 c.
2469 1511 2494 1530 1.

1427 1539 1559 1576 Ampelos
1580 1539 1726 1575 Chironia,
1748 1541 1846 1569 eadem
1867 1540 1934 1569 Plin.
1957 1540 2023 1568 ibid.
2050 1542 2076 1569 o}
2097 1550 2141 1574 κς.
2157 1551 2182 1575 4.

1389 1576 1412 1606 A
1420 1587 1462 1605 ΜΡ
1470 1587 1484 1605 E
1494 1588 1509 1605 L
1523 1587 1539 1605 υ
1549 1586 1570 1612 s,
1588 1575 1748 1613 [κί’μπελῶν]
1767 1577 1867 1611 Insula,
1889 1578 1942 1608 sive
1955 1578 2178 1607 promontorium
2190 1579 2220 1607 in
2231 1578 2324 1612 Samo,
2337 1576 2452 1606 authore
2461 1576 2548 1606 Strab.

1389 1615 1411 1643 A
1419 1625 1439 1643 M
1450 1625 1464 1643 Ρ
1476 1625 1490 1643 ε
1499 1626 1514 1643 L
1524 1625 1541 1643 U
1550 1624 1562 1643 s
1573 1625 1582 1643 1
1591 1625 1609 1643 A
1620 1637 1627 1651 ‚
1656 1616 1670 1651 [
1688 1615 1836 1650 Α’μπελεςσίω
1851 1617 1866 1651 ]
1892 1616 2005 1645 Nomen
2014 1616 2052 1645 est
2060 1617 2246 1653 promontorii
2262 1617 2291 1644 in
2301 1625 2333 1644 ea
2344 1615 2439 1644 Africae
2453 1622 2529 1652 parte
2538 1637 2547 1650 ‚
2567 1627 2569 1629 ·

1428 1662 1482 1689 qua
1491 1652 1630 1682 Atlantem
1641 1652 1720 1682 alluit
1731 1653 1878 1689 Oceanus,
1898 1664 1913 1683 a
1924 1655 2024 1683 vitium
2033 1655 2115 1691 copia
2126 1655 2297 1692 impolitum.
2320 1654 2388 1682 Plin.
2405 1652 2423 1681 l.
2438 1663 2460 1688 5.
2479 1662 2502 1682 c.
2522 1663 2547 1683 Ι.

1429 1690 1517 1728 Vulgo
1536 1691 1621 1720 hodie
1640 1695 1675 1718 La
1692 1699 1773 1727 punta
1790 1692 1894 1728 altasar.
1937 1692 2005 1721 Aliis
2020 1692 2122 1721 dicitur
2133 1695 2199 1727 Capu
2212 1694 2242 1719 de
2260 1699 2368 1724 cantero.

1390 1726 1464 1758 ΑΜΡ
1473 1738 1493 1757 H
1504 1739 1522 1757 A
1532 1739 1553 1757 M
1563 1740 1570 1756 1
1580 1739 1597 1758 0
1607 1739 1658 1757 τε
1669 1751 1676 1763 ,
1700 1730 1714 1765 [
1729 1732 1898 1764 &pomum-ou
1913 1730 1928 1764 ]
1948 1730 1978 1758 in
1991 1730 2074 1759 Creta
2088 1730 2258 1758 vocabantur
2273 1730 2348 1759 Servi
2360 1729 2460 1767 privati
2471 1751 2480 1765 ,
2501 1729 2548 1767 qui

1429 1767 1488 1802 jure
1497 1766 1563 1796 belli
1575 1768 1605 1795 in
1613 1766 1772 1796 servitutem
1781 1767 1925 1803 venissent,
1937 1769 2062 1805 quamvis
2074 1768 2214 1803 indigena:
2222 1768 2321 1797 forent.
2335 1767 2548 1800 Cae1.1.18.c.26.

1389 1804 1412 1833 A
1420 1815 1441 1833 Μ
1451 1814 1464 1832 Ρ
1475 1814 1495 1833 H
1504 1815 1523 1833 A
1535 1815 1549 1833 Ρ
1558 1815 1579 1833 A
1588 1816 1604 1833 L
1612 1816 1622 1833 ι
1632 1815 1661 1839 A,
1674 1804 1764 1834 Locus
1771 1805 1809 1834 est
1819 1806 1915 1841 Cretae,
1926 1806 2002 1843 apud
2013 1805 2101 1835 Strab.
2116 1806 2145 1834 iu
2156 1806 2163 1833 i
2166 1805 2238 1842 plius
2250 1805 2343 1834 insulse
2354 1805 2549 1842 descriptione.

1391 1843 1443 1872 AM
1454 1852 1467 1870 Ρ
1477 1852 1496 1871 H
1506 1853 1520 1871 E
1531 1854 1551 1871 Μ
1562 1853 1575 1871 E
1585 1853 1600 1870 R
1610 1854 1618 1870 1
1629 1853 1649 1871 N
1660 1853 1676 1872 o
1685 1853 1696 1872 s
1705 1865 1712 1876 ,
1738 1844 1756 1871 i.
1779 1840 1800 1879 [¹
1809 1844 2024 1878 ἀμφηιιερχυῶν]
2054 1843 2123 1873 Plin.
2144 1843 2194 1872 lib.
2205 1849 2248 1877 ²8-
2259 1853 2320 1881 cap.
2336 1847 2377 1872 16.
2400 1844 2450 1872 ubi
2465 1845 2499 1873 de
2509 1844 2548 1873 fe*

1429 1880 1522 1910 bribus
1535 1880 1653 1909 disserit:
1677 1880 1721 1910 Est
1740 1882 1751 1916 (
1767 1881 1856 1918 inquit
1870 1882 1883 1918 )
1900 1881 1993 1911 Genus
2003 1881 2122 1911 febrium
2133 1903 2140 1915 ,
2158 1882 2233 1918 qnod
2245 1881 2482 1919 Amphemerinon
2502 1891 2548 1910 vo·
2567 1915 2570 1919 ⁸
2598 1883 2600 1901 ¹·

1428 1925 1501 1947 cant.
1543 1918 1605 1948 Hoc
1613 1918 1723 1948 liberari
1738 1919 1850 1948 tradunt
1862 1941 1870 1954 ,
1891 1919 1973 1956 siquis
1986 1929 2001 1948 e
2012 1929 2082 1949 vena
2093 1919 2166 1948 auris
2175 1919 2241 1948 alini
2249 1941 2257 1954 ,
2278 1926 2333 1949 tres
2341 1926 2432 1957 guttas
2441 1919 2549 1957 sangui-

1428 1957 1471 1986 nis
1482 1957 1512 1985 in
1522 1956 1629 1986 duabus
1640 1957 1760 1986 heminis
1772 1966 1849 1994 aquae
1867 1957 1992 1986 hauserit.
2500 1962 2504 1963 ⁷
2595 1982 2599 1990 .

1389 1991 1412 2024 A
1420 2005 1443 2023 M
1452 2004 1466 2022 Ρ
1474 2004 1493 2023 H
1506 2004 1519 2023 ε
1529 2006 1544 2022 κ
1552 2005 1560 2023 ι
1569 2004 1586 2023 c
1597 2005 1654 2030 uM,
1675 1995 1713 2024 est
1726 1995 1906 2032 Navigiolum
1916 1996 1992 2032 quod
2000 1995 2156 2033 impellitur
2165 1995 2198 2024 ab
2208 2000 2325 2032 utroque
2334 1994 2430 2030 latere,
2439 1996 2548 2033 remigi-
2595 2012 2597 2016 ν

1429 2031 1479 2061 bus
1487 2032 1642 2069 quibusque
1656 2033 1726 2062 duos
1734 2032 1813 2062 simul
1820 2033 2025 2062 concitantibus
2033 2041 2132 2063 remos.
2143 2032 2315 2062 Scheffer.de
2325 2032 2387 2062 Mil.
2397 2033 2465 2062 Nav.
2472 2043 2484 2062 1
2492 2043 2544 2064 1.2.

1390 2071 1411 2100 A
1421 2080 1463 2099 MP
1474 2080 1494 2099 H
1505 2081 1515 2098 1
1527 2092 1534 2104 ,
1558 2071 1572 2105 [
1587 2071 1657 2105 ἀμφὶ
1673 2071 1686 2105 ]
1708 2070 1805 2100 Latine
1817 2070 1928 2100 Circum
1939 2071 2080 2109 significat.
2121 2071 2152 2100 V.
2176 2081 2238 2100 AM.
2383 2099 2386 2101 ,
2567 2105 2569 2107 ,
2593 2094 2596 2100 .

1388 2109 1410 2138 A
1420 2119 1441 2136 M
1451 2117 1465 2136 P
1474 2118 1493 2137 H
1505 2110 1516 2136 ἴ
1526 2111 1543 2136 A
1553 2118 1572 2137 N
1583 2118 1602 2136 A
1611 2118 1627 2137 c
1635 2118 1655 2137 ‘r
1664 2118 1678 2137 r,
1687 2118 1698 2137 s
1707 2131 1715 2143 ,
1748 2119 1784 2137 m.
1814 2108 1853 2147 pl.
1881 2109 1972 2138 Poetae
1993 2109 2197 2147 Dithyrambici
2207 2131 2214 2144 ,
2248 2108 2467 2146 frequentissime
2491 2109 2547 2139 hoe
2592 2143 2594 2147 y

1426 2147 1580 2175 carminum
1603 2147 1742 2184 prooemio
1761 2146 1808 2176 uli.
1837 2147 1910 2182 οἰμφί
1926 2159 1968 2181 μω
1987 2145 2069 2182 Ᾰιαιξ,
2091 2147 2110 2176 i.
2129 2158 2153 2177 e.
2176 2146 2251 2176 Adsis
2261 2147 2330 2175 mihi
2346 2157 2394 2176 rex
2406 2146 2547 2177 Musarum

1425 2184 1535 2221 Apollo.
1576 2184 1655 2220 Quin
1675 2186 1702 2214 Sc
1717 2181 1923 2221 ἑμφιοενοικτίζειν
1934 2185 2009 2215 idem
2022 2186 2059 2214 est
2075 2195 2107 2214 ac
2125 2185 2336 2222 πςοοιμικζεῶω.
2377 2184 2407 2214 V.
2431 2185 2546 2215 Suidam
2592 2183 2594 2221 J

1426 2222 1457 2250 in
1466 2222 1518 2251 hae
1535 2231 1604 2251 voce
1619 2244 1627 2258 ,
1649 2223 1675 2252 ἃ
1686 2222 1854 2252 Cae1.Rhod.
1871 2234 1898 2258 4.
1915 2234 1937 2259 ς.
2590 2244 2592 2251 ·

1388 2259 1657 2295 ΑΜΡΗῖᾸιιᾸυε,
1680 2262 1696 2296 [
1714 2260 1902 2295 Α’μφιοίρριῶ]
1924 2261 2046 2295 OEclei,
2067 2260 2111 2290 vel
2127 2261 2178 2297 (ut
2195 2259 2264 2295 alii)
2287 2259 2429 2298 Lyncei&
2440 2261 2546 2299 Hyper·
2590 2257 2591 2263 ¹

1424 2298 1549 2327 mnestrae
1560 2297 1648 2332 filius,
1671 2298 1784 2336 Argivus
1794 2304 1867 2327 vates
1880 2300 1905 2328 ἃ
1914 2309 2008 2336 augur.
2030 2298 2088 2328 Cic.
2109 2309 2131 2327 1.
2152 2299 2187 2327 de
2199 2298 2290 2327 Divin.
2305 2304 2350 2332 88.
2387 2294 2556 2337 Amphiara-'
2584 2319 2585 2322 =

1424 2345 1472 2364 um
1490 2336 1524 2365 sic
1541 2336 1689 2365 honoravit
1714 2336 1787 2366 fama
1806 2335 1916 2365 Graeciae
1928 2359 1936 2371 ,
1964 2337 2032 2366 deus
2047 2344 2078 2366 ut
2094 2336 2241 2365 haberetur
2256 2358 2264 2371 ,
2286 2344 2369 2374 atque
2384 2343 2416 2365 ut
2436 2338 2471 2366 ab
2486 2338 2544 2373 ejus

1423 2373 1482 2402 solo
1492 2396 1499 2409 ,
1521 2374 1551 2402 in
1560 2383 1614 2411 quo
1627 2374 1664 2402 est
1676 2374 1820 2408 humatus,
1843 2374 1953 2403 oracula
1970 2381 2140 2412 peterentur.
2182 2374 2330 2404 Historiam
2339 2375 2499 2412 Amphiarai
2509 2375 2546 2404 la-
2586 2395 2587 2398 =

1423 2411 1523 2441 tissime
1534 2411 1787 2441 describitDiodor.
1801 2412 1885 2441 Sicul.
1906 2412 1954 2442 lib.
1969 2424 1991 2447 ς.
2013 2423 2072 2450 cap.
2088 2424 2112 2447 ς.
2147 2411 2256 2441 Ρειιιίἶιιι.
2272 2422 2383 2449 quoque
2396 2413 2426 2441 in
2440 2416 2494 2442 Att.
2517 2414 2544 2444 δι’,

1423 2450 1490 2479 Stat.
1504 2459 1530 2486 7.
1541 2449 1632 2479 Theb.
1671 2450 1703 2479 V.
1727 2460 1746 2478 A
1757 2459 1826 2478 LCM
1836 2460 1883 2478 fflo
1896 2460 1924 2479 Ν.
1965 2450 2007 2479 De
2020 2451 2181 2487 Amphiarai
2194 2450 2258 2478 fano
2272 2452 2297 2480 Sc
2307 2449 2371 2479 loco
2384 2450 2434 2480 ubi
2448 2451 2541 2489 periit,
2584 2472 2585 2477 .

1423 2488 1471 2525 qui
1489 2488 1560 2524 οἶμαι
1573 2509 1582 2522 ,
1599 2489 1616 2517 i.
1635 2498 1658 2517 e.
1681 2497 1776 2517 currus
1795 2487 1902 2521 dicius.
1927 2488 1956 2517 V.
1975 2488 2087 2518 Salmas.
2100 2489 2130 2517 in
2140 2487 2227 2518 Solin.
2238 2497 2266 2525 p.
2282 2488 2406 2525 103.seq.
2584 2485 2587 2494 ¹

1422 2525 1605 2563 Amphiaraus
1614 2525 1748 2555 sublimis.
1768 2525 1835 2554 Stat.
1846 2530 1871 2554 6.
1892 2526 1982 2555 Theb.
1998 2536 2060 2564 327.
2421 2528 2425 2531 “

1422 2563 1529 2593 Doctus
1546 2564 1642 2593 futuri.
1663 2564 1730 2593 Stat.
1749 2573 1769 2592 ι.
1792 2563 1882 2592 Theb.
1901 2570 1962 2597 3053.

2576 1249 2589 1261 V

1421 2639 1469 2668 loo
1483 2640 1619 2677 expiatus.

1421 2715 1460 2744 set
1472 2737 1479 2750 ,
1502 2717 1528 2744 S:
1539 2716 1568 2744 in
1578 2715 1700 2744 amicum
1709 2714 1780 2751 quasi
1791 2715 1958 2752 degenerem
1968 2715 2103 2744 nonnulla
2112 2715 2222 2745 dixisset
2231 2737 2238 2750 ,
2260 2725 2326 2745 mox
2334 2715 2466 2753 subjecit,
2488 2717 2543 2747 Sed

1420 2755 1447 2783 ἃ
1463 2763 1513 2782 nos
1525 2754 1559 2782 de
1578 2754 1678 2782 iisdem
1689 2752 1837 2782 seminibus
1848 2751 1949 2782 sumus.
1991 2754 2056 2790 Quo
2069 2754 2146 2783 disto
2157 2763 2255 2782 omnes
2264 2754 2364 2791 pariter
2375 2755 2454 2784 laetos
2465 2755 2540 2786 fecit.

1420 2791 1545 2821 macrob.
1562 2798 1587 2828 7.
1610 2792 1718 2820 Saturn.
1739 2800 1798 2828 cap.
1818 2800 1841 2826 3.

2574 2772 2582 2798 *l

2578 2803 2580 2815 Ι

2572 2828 2582 2856 Ι

1421 2867 1505 2896 terius
1520 2867 1740 2901 amiciebantur,
1762 2866 1836 2904 apud
1848 2866 1924 2904 Sulp.
1936 2867 2028 2896 Sever.
2043 2867 2114 2896 Dial.
2135 2877 2161 2896 2.
2185 2868 2220 2897 de
2229 2868 2281 2897 Vit.
2295 2861 2457 2898 BsMartini
2474 2879 2498 2898 c.
2516 2878 2540 2897 1.
2573 2861 2580 2903 ιι

1420 2906 1446 2935 δι
1456 2905 1597 2934 Fortunat.
1608 2906 1643 2934 de
1654 2905 1715 2934 Vita
1725 2904 1809 2940 ejusd.
1821 2913 1844 2942 3.
1865 2915 1888 2934 1.
1911 2905 2082 2940 Ἀμφίζαλῶι
2095 2912 2256 2944 corruptum
2266 2916 2301 2935 ex
2320 2904 2489 2942 Ἀμφίξολίῷυ
2507 2905 2540 2935 ab

1419 2943 1577 2978 ιίμφιζιελῇω,
2497 2960 2520 2977 l
2546 2962 2550 2966 .
2574 2941 2579 2986 l

2574 3000 2577 3026 l

2572 3035 2577 3066 l

2572 3080 2577 3106 l

2571 3112 2575 3140 l

1419 3019 1506 3048 Graeci
1520 3029 1551 3048 ea
1564 3028 1623 3056 quae
1633 3019 1662 3047 in
1671 3028 1741 3055 aqua
1755 3020 1780 3048 ἃ
1791 3019 1820 3046 in
1833 3024 1902 3046 terra
1912 3018 2024 3055 possunt
2033 3020 2124 3047 vivere
2134 3040 2142 3053 ,
2163 3026 2265 3049 vocant
2282 3020 2436 3057 Amphibia.
2459 3018 2540 3048 Colu-

1419 3056 1484 3085 mel.
1496 3056 1541 3086 lib.
1557 3062 1582 3090 8.
1601 3066 1660 3094 cap.
1677 3066 1719 3085 12.
1757 3055 1846 3084 Venio
1859 3065 1934 3084 nunc
1948 3057 1983 3085 ad
1999 3066 2044 3085 eas
2055 3066 2118 3085 aves
2131 3078 2138 3091 ,
2160 3067 2227 3094 quas
2237 3058 2324 3086 Graeci
2339 3064 2442 3086 vocant
2458 3057 2539 3091 οἰμΦί-
2551 3081 2554 3084 .
2568 3081 2569 3087 .

1420 3094 1462 3122 Cloe
1473 3116 1480 3129 ,
1504 3095 1567 3132 quia
1581 3104 1639 3123 non
1657 3100 1764 3123 tantum
1782 3094 1914 3122 terrestria
1930 3116 1937 3127 ,
1959 3094 2004 3122 sed
2016 3094 2146 3129 aquatilia
2159 3105 2270 3131 quoque
2282 3095 2436 3124 desiderant
2455 3095 2540 3132 pabu-

1418 3132 1444 3161 la
1457 3141 1464 3161 1
1486 3141 1539 3161 nec
1552 3132 1638 3169 magis
1648 3132 1733 3161 humo
1747 3153 1754 3166 ,
1777 3131 1961 3168 quumstngno
1976 3132 2179 3161 consueverunt
2191 3142 2198 3161 ι
2217 3134 2332 3170 eiusque
2344 3134 2452 3169 generis
2463 3131 2539 3161 anser
2566 3148 2574 3174 ff

1417 3171 1559 3208 praecipue
1573 3192 1581 3204 ,
1602 3169 1706 3199 rusticis
1720 3175 1810 3206 gratus
1820 3169 1866 3198 est.
1899 3170 2047 3207 Amphibia
2058 3170 2116 3199 Cic.
2133 3180 2156 3199 1.
2169 3171 2205 3200 de
2216 3171 2282 3200 Nat.
2298 3170 2382 3200 Deor.
2394 3180 2436 3208 37.
2458 3175 2540 3200 vocat

1419 3208 1560 3246 Ancipites
1578 3207 1683 3237 bestias.
1723 3207 1754 3235 V.
1778 3217 1797 3235 A
1805 3216 1824 3236 N
1834 3217 1851 3235 c
1859 3217 1873 3235 E
1881 3216 1895 3234 Ρ
1903 3216 1923 3236 s.

1418 3283 1463 3310 >rix
1475 3302 1482 3311 .
1501 3280 1691 3316 α’μφιέολογίοο,
1719 3281 1857 3317 ιὲμφιζολον
1872 3283 1886 3316 ]
1906 3282 2031 3311 Dubium
2043 3282 2095 3312 sive
2111 3283 2274 3320 ambiguum
2291 3284 2407 3313 dictum.
2439 3283 2496 3313 Cic.
2507 3293 2533 3313 2.
2562 3297 2565 3300 ·

1418 3322 1454 3350 de
1469 3321 1562 3351 Divin.
1581 3324 1641 3349 116.
1664 3319 1713 3350 illa
1725 3318 1911 3358 amphibolia,
1937 3330 1999 3356 quaz
2009 3320 2132 3350 Croesum
2145 3322 2256 3358 decepit
2267 3343 2275 3354 ,
2294 3321 2338 3350 vel
2354 3321 2536 3359 Chrysippum
2564 3317 2568 3356 J

1439 3357 1551 3388 otuiil'et
1560 3358 1663 3387 fallere.
1688 3357 1806 3395 Quintil.
1818 3357 1864 3387 lib.
1877 3367 1900 3394 7.
1911 3367 1971 3395 cap.
1986 3359 2028 3387 1'0.
2051 3358 2099 3387 ubi
2110 3359 2179 3388 dicit
2191 3359 2373 3396 Amphiboliae
2384 3356 2487 3397 species
2498 3356 2535 3388 es-
2558 3357 2566 3411 J

1416 3369 1444 3426 {Pe
1463 3395 1697 3431 innumerabiles,
1718 3396 1816 3433 Figura
1832 3395 1870 3425 est
1886 3396 2077 3425 Grammaticis
2089 3418 2096 3429 ,
2118 3406 2178 3433 quie
2194 3396 2224 3425 fit
2241 3397 2308 3425 vitio
2328 3397 2536 3434 compulitionis

1416 3444 1502 3471 quum
1516 3435 1546 3463 in
1557 3434 1687 3471 ambiguo
1699 3434 1787 3471 posita
1800 3434 1838 3462 est
1856 3433 1998 3463 sententia.
2039 3433 2135 3463 Latine
2147 3433 2248 3463 dicitur
2261 3434 2461 3471 AEquivocatio.
2500 3433 2534 3464 Et
2557 3414 2565 3493 V

1416 3473 1503 3501 modo
1514 3472 1543 3501 fit
1552 3482 1602 3510 per
1611 3471 1699 3501 accus.
1713 3478 1759 3505 ut,
1782 3472 1830 3500 Aio
1840 3478 1867 3501 te
1879 3471 1991 3500 [Encida
2006 3470 2148 3501 Romanos
2160 3473 2270 3502 vincere
2283 3472 2366 3509 poffe.
2389 3471 2453 3502 Ter.
2464 3471 2531 3502 And.
2561 3488 2563 3497 ι

1418 3520 1441 3544 ς,
1457 3520 1480 3546 3.
1492 3519 1538 3545 25.
1562 3510 1618 3547 Ego
1628 3519 1673 3539 me
1683 3518 1773 3538 amate
1788 3509 1859 3538 hanc
1869 3509 1964 3538 fateor.
2000 3509 2053 3538 Ubi
2065 3509 2189 3539 Donatus
2204 3519 2210 3539 :
2233 3510 2376 3544 αι’μφιζολιοι
2397 3510 2442 3539 est.
2556 3497 2563 3572 Ι

1414 3547 1506 3576 Modo
1517 3557 1565 3585 per
1579 3547 1696 3576 verbum
1711 3556 1877 3576 commune:
1907 3556 1939 3575 ur
1957 3557 2043 3583 quum
2054 3547 2172 3576 dicimus
2186 3570 2193 3582 ,
2216 3546 2391 3584 Catoinjuste
2407 3547 2533 3577 crimina·
2555 3580 2557 3586 .

1434 3592 1478 3614 tur
1490 3595 1496 3615 ;
1519 3586 1657 3614 incertum
1666 3584 1703 3614 est
1710 3585 1785 3613 enim
1797 3595 1831 3613 an
1842 3583 1898 3622 ipse
1909 3584 1942 3613 ab
1954 3585 2008 3613 alio
2019 3585 2195 3620 criminetur,
2217 3595 2251 3614 an
2262 3585 2318 3622 ipse
2326 3585 2419 3614 alium.
2554 3595 2557 3622 ξ

1415 3622 1505 3652 Modo
1516 3632 1565 3660 per
1574 3624 1670 3660 partic.
1681 3629 1727 3657 ut,
1750 3622 1811 3651 Vidi
1822 3623 1935 3651 statuam
1945 3632 2057 3652 auream
2071 3621 2173 3652 hastam
2185 3628 2338 3660 tenentem:
2554 3634 2559 3659 ἢ

1415 3659 1504 3689 Modo
1524 3669 1572 3698 per
1589 3660 1777 3698 homonyma:
1799 3668 1830 3689 ut
1845 3659 1926 3697 siquis
1938 3660 2015 3689 dicat
2031 3661 2138 3696 aciem,
2158 3670 2211 3690 nec
2226 3661 2365 3698 exprimat
2378 3659 2468 3696 oculi,
2487 3656 2532 3688 vel
2553 3648 2560 3706 ,ὁ
2597 3663 2604 3687 ι

1435 3697 1537 3733 gladii,
1560 3698 1603 3727 vel
1616 3700 1763 3727 exercitus.
2557 3718 2560 3732 ,
2602 3702 2604 3725 ,¹

1413 3733 1503 3764 Potest
1515 3736 1599 3764 etiam
1615 3736 1672 3764 fieri
1693 3735 1753 3765 aliis
1772 3735 1872 3764 modis.
1893 3733 1966 3771 Virg.
1983 3746 2009 3770 4.
2022 3735 2083 3765 IEu.
2105 3744 2167 3773 371.
2601 3745 2604 3763 t

1494 3772 1564 3809 Quae
1580 3773 1679 3810 quibus
1698 3773 1870 3802 anteferam?
1929 3772 1981 3800 Ubi
1997 3774 2124 3808 Servius,
2147 3771 2359 3811 amphibologia
2376 3773 2431 3808 est,
2454 3768 2530 3808 Quid
2554 3747 2559 3824 ¹

1430 3809 1506 3847 prius
1519 3832 1527 3844 ,
1553 3811 1621 3848 quid
1634 3811 1768 3848 posterius
1782 3810 1893 3840 dicam?
1914 3809 1993 3839 idern
2009 3822 2028 3839 ι.
2044 3811 2105 3841 [En.
2119 3821 2182 3846 492.
2598 3821 2604 3836 ε

1491 3849 1579 3878 Aurea
1595 3848 1760 3878 subnet‘tens
1774 3854 1874 3878 exerta:
1894 3848 2006 3884 cingula
2023 3858 2159 3877 mammae.
2200 3847 2254 3876 Ubi
2269 3848 2396 3882 Servius,
2419 3845 2531 3883 Amphi·
2553 3838 2559 3886 l

2446 3883 2528 3913 bolon
2552 3886 2561 3934 ἶ

2548 3941 2555 3969 l:

2548 3971 2554 3984 ll

2552 3991 2553 3998 l
