2600 4177
448 127 479 163 C
576 127 611 162 O
705 127 732 161 E

97 208 237 241 lsns‘uniere
249 216 370 240 mentem
385 209 487 247 coeptis
498 230 505 242 ⁷
526 207 564 237 est
576 206 731 244 Diligenter
748 208 782 237 ad
799 208 828 237 id
845 208 982 247 respicere
997 209 1073 247 quod
1086 219 1141 248 prae
1162 218 1217 239 nia-

118 250 201 278 nibus
216 250 310 278 habes.
331 249 398 278 Stat.
416 257 456 276 η.
473 246 564 275 Theb.
580 250 643 279 642.

190 287 337 316 Terrarum
350 286 424 322 leges
435 307 442 319 ,
464 285 490 313 ἃ
504 283 600 312 mundi
613 283 718 312 foedera
732 292 843 312 mecum

191 324 344 353 Defensura
360 331 455 352 manus
465 343 473 356 ,
494 321 592 358 dignas
605 320 733 350 insumite
742 328 850 350 mentes

192 361 309 398 Coeptis.

98 397 240 428 Maturare
253 404 353 433 coepta.
393 396 424 425 In
445 407 466 424 M
476 405 494 424 A
503 404 523 423 T
533 405 551 423 u
560 405 576 423 a
587 405 605 423 u
614 404 635 424 s.

100 436 235 464 Occulere
247 442 338 472 coepta
349 456 356 468 ‚
379 433 474 462 Celare
486 432 726 462 deliberationem.
748 433 812 462 Sen.
830 433 942 471 Thyest.
955 443 980 463 ν.
994 443 1057 471 333.

99 474 232 510 Opperiri
250 473 356 501 exitum
382 478 548 507 coeptorum.
589 470 665 499 Suet.
677 471 706 499 in
717 470 820 499 Neron.
838 481 881 506 3²·
914 471 1063 510 Reliquum
1083 473 1220 511 temporis

120 520 184 539 curn
198 520 295 546 magna
307 509 494 546 trepidatione
508 507 645 545 vigilavit,
665 509 815 546 opperiens
826 516 983 547 coeptorum
995 511 1111 540 exitum.

100 547 230 584 Peragere
243 555 376 583 coeptum.
399 546 463 575 Seri.
477 545 555 575 Med.
572 554 615 575 η.

99 584 244 651 Plerbtexere
258 585 338 614 ruetis
352 591 487 622 coeptum.
510 585 528 614 i.
539 593 563 613 e.
585 583 740 614 Institutam
761 585 916 614 orationem
937 584 1087 616 absolvere.
1111 585 1219 615 Lucret.

131 633 138 651 i
163 647 167 650 .
186 632 284 657 ¹·4¹9-

100 660 250 691 Prohibere
261 667 361 697 coepta.
381 660 429 689 Sil.
445 659 494 689 lib.
511 663 553 688 16.
567 663 631 694 6³²-

255 713 292 718 —
304 697 421 735 angustae
432 698 583 735 probibent
594 706 669 726 nunc
678 696 744 726 talia
754 703 847 734 coepta
957 697 1011 728 Res
1027 698 1110 728 [taiae.

102 735 215 765 Referre
228 743 336 772 coepta,
359 735 482 765 Differre.
507 735 595 764 Valer.
605 744 629 769 3.
643 737 742 771 Argon.
757 744 819 770 503.

172 779 183 784 *
195 773 294 810 Coepta
309 774 397 804 refer:
421 773 591 811 paulumque
605 772 680 801 nefas
698 773 724 801 ἃ
740 772 846 801 foedera
860 774 949 802 necte.

102 810 212 841 Tenere
220 819 315 848 coepta
325 834 333 847 ,
354 813 391 841 est
402 813 440 841 Ab
451 812 576 848 incoepto
586 820 643 839 non
660 809 795 839 desistere.
818 809 902 839 Ovid.
916 821 942 839 2.
963 811 998 840 de
1008 810 1085 841 Pont.
1101 821 1126 847 7.
1139 816 1184 847 84.

197 848 297 885 Coepta
306 857 369 879 tene
380 850 469 887 quzeso
482 871 490 883 .
512 858 564 877 nec
579 849 606 876 in
620 857 729 884 aequore
741 847 835 876 desere
848 858 957 877 navem.

67 886 203 916 Coer’Tu
214 896 226 915 s
238 907 246 920 ,
269 889 308 916 us,
330 897 368 917 m,
389 883 544 924 [ηᾳ-ιυιςχνὶ]
565 886 654 915 Idem.
677 885 747 915 Gell.
764 885 813 914 lib.
825 893 851 914 2.
865 896 926 923 cap.
938 886 988 915 ult.
1011 885 1069 915 Nos
1086 896 1151 915 vero
1165 907 1173 919 ,
1194 891 1225 915 ut

102 931 213 960 coeptus
222 925 311 968 noster
322 926 368 955 est.
410 924 490 962 [Nili
500 925 603 962 Captus
614 923 774 960 legendum.
815 921 938 960 Locum,
960 923 1026 953 falso
1042 925 1199 954 indicatum
1214 945 1224 959 ,

101 971 390 1038 1Ais}ert‘seiiYiril’cueptus.
432 999 490 1029 Cic.
504 1009 530 1034 4.
542 999 578 1028 de
586 998 675 1028 Finib.
689 1008 733 1032 41.
761 999 849 1035 Atque
860 998 917 1036 ipsa
935 999 1069 1028 institutio
1082 999 1205 1027 hominis
1216 1020 1224 1034 ,

122 1036 141 1065 si
154 1037 312 1074 loqueretur
325 1060 333 1073 ,
356 1039 414 1067 liaec
424 1038 548 1072 diceret,
569 1037 673 1075 primos
683 1036 744 1065 suos
755 1037 825 1073 quasi
841 1043 951 1074 coeptus
959 1038 1110 1075 appetendi
1125 1036 1203 1066 fuisse
1215 1058 1224 1072 ,

122 1083 154 1104 ut
164 1075 191 1104 se
201 1074 374 1105 conservaret
387 1077 414 1104 in
426 1086 458 1105 ea
468 1083 563 1104 natura
575 1097 583 1109 .,
605 1076 633 1103 in
650 1083 702 1111 qua
713 1081 789 1104 ortus
802 1075 876 1104 eiset.

68 1113 204 1144 CoerTo
215 1134 223 1148 ‚
244 1113 398 1149 [ὼςχομιιι]
419 1117 473 1144 are.
495 1113 573 1143 Idem
586 1113 663 1150 quod
680 1112 816 1150 Incipere.
855 1112 920 1142 Ter.
932 1112 1001 1142 Eun.
1021 1123 1046 1148 ς.
1059 1118 1086 1147 8.
1102 1121 1126 1142 1.
1147 1111 1225 1148 Quid

103 1156 210 1187 coeptas
219 1150 345 1180 Thraso‘.>

102 1188 293 1226 Constringere
303 1196 399 1226 portus
414 1194 542 1225 coeptant
556 1195 653 1217 nautae.
683 1187 741 1216 Cic.
754 1188 782 1216 in
792 1188 871 1217 Arato
881 1210 888 1221 ,
912 1197 972 1225 131.

192 1227 271 1256 Sicut
283 1238 367 1264 quum
377 1233 503 1264 coeptant
515 1233 588 1256 tutos
599 1225 788 1260 constringere
800 1234 895 1263 portus
907 1247 915 1261 ,

195 1264 354 1294 Obvertunt
370 1273 469 1294 navem
481 1273 583 1301 magno
594 1273 658 1293 cum
667 1264 791 1300 pondere
801 1270 902 1293 nautae.

104 1301 234 1338 Coeptare
246 1304 327 1332 dietis
341 1302 477 1332 diffidere.
501 1301 608 1330 Lucret.
622 1301 670 1330 lib.
685 1311 707 1331 1.
720 1306 784 1335 268.

104 1340 185 1369 Arma
200 1350 331 1378 coeptare.
353 1341 445 1370 Tacit.
458 1349 500 1368 12.
513 1340 581 1368 Ann.
599 1347 642 1372 32.

103 1377 254 1407 Conlilium
269 1386 402 1417 coeptare.
438 1377 565 1406 Tacina.
585 1376 711 1411 Hist.4r.
725 1385 750 1405 2.
783 1376 925 1406 Incertum
945 1376 1017 1412 fuit,
1038 1376 1167 1414 infidias,
1187 1385 1223 1407 an

121 1416 313 1453 proditionem
325 1439 333 1452 ‚
354 1416 398 1446 vel
409 1415 522 1452 aliquod
533 1414 680 1444 honestum
690 1414 835 1444 consilium
845 1416 1039 1453 coeptaverint.

103 1453 310 1484 Rebellionem.
331 1454 423 1484 Tacit.
439 1463 462 1488 3.
477 1454 546 1482 Arm.
558 1463 604 1488 40·

100 1490 235 1529 Coeptare
249 1492 306 1521 sub.
344 1492 412 1522 Plin.
429 1491 476 1520 lib.
489 1494 531 1527 36.
543 1501 604 1528 cap.
617 1499 662 1526 25.
684 1489 848 1520 Litliostrota
858 1496 1016 1528 coeptavere
1027 1492 1082 1527 jam
1100 1490 1148 1521 sub
1164 1489 1225 1521 Sul-

124 1529 149 1558 la
160 1551 168 1565 ‚
189 1530 309 1567 parvulis
319 1537 395 1559 certe
410 1529 505 1558 crustis
519 1550 527 1562 .
548 1530 600 1558 διο.
637 1528 692 1558 Sed
706 1528 790 1557 Hard.
811 1530 1005 1566 Acceptavere.
1027 1540 1052 1567 q.
1064 1527 1098 1559 V.

68 1566 209 1598 CoePTA
221 1577 261 1596 us
274 1590 282 1603 ‚
304 1567 401 1597 Partic.
424 1563 605 1603 [οἱς-χίμὲψῶ]
626 1566 674 1595 Sil.
690 1566 738 1595 lib.
757 1576 795 1600 ¹5-
813 1570 877 1601 696.

197 1605 353 1635 Hasdrubal
365 1608 389 1636 Sc
404 1613 578 1642 coeptantem
589 1604 704 1633 Atabum
714 1612 822 1641 raptare
834 1610 980 1643 perempto

199 1643 362 1673 Gemmiferi
373 1643 494 1681 spolium
505 1642 596 1671 cultus
608 1664 615 1677 ‚
637 1652 760 1679 auroque
773 1642 893 1679 rigentes

197 1681 334 1718 Exuvias,
356 1680 479 1717 jaculum
495 1690 510 1710 a
524 1688 601 1718 tergo
614 1680 745 1718 perlibrat
757 1680 793 1709 ad
805 1680 869 1710 offa.

110 1719 176 1748 Nox
185 1727 319 1757 coeptans.
343 1719 480 1749 Ammian.
492 1728 536 1750 20.
550 1723 577 1752 8.

68 1755 266 1787 ›Coei‘rATu
277 1767 305 1793 s,
325 1767 340 1786 a
350 1779 358 1793 ‚
381 1767 437 1787 iim.
460 1756 550 1786 Tacit.
565 1767 590 1792 4.
606 1755 674 1785 Hist.
684 1766 731 1791 44.
745 1765 772 1785 2.
802 1755 894 1785 Patres
906 1755 1063 1786 libertatem
1077 1761 1229 1794 coeptatam

108 1794 233 1825 omisere.
253 1795 285 1825 V.
307 1795 406 1825 Daum.
420 1803 484 1831 413.
501 1795 537 1824 de
552 1793 637 1823 causis
647 1793 731 1823 amifl'.
744 1793 868 1823 radicum
880 1794 907 1822 L.
920 1793 947 1823 L.
958 1804 1019 1832 cap.
1036 1804 1058 1829 ς.

62 1832 180 1864 -ΟοΕΡι
191 1842 203 1862 s
213 1843 230 1862 c
240 1843 256 1862 o
267 1843 280 1863 P
290 1843 338 1868 us,
355 1834 372 1862 i.
387 1843 424 1863 m.
439 1832 534 1861 Sidon.
547 1843 573 1868 4.
588 1832 669 1869 Epist.
682 1841 727 1867 25.
750 1832 872 1861 Coniilio
886 1842 950 1861 cum
966 1831 1139 1869 coepiscopis
1152 1841 1228 1861 com-

109 1871 262 1901 municato.
283 1871 357 1900 conf.
370 1871 485 1900 Hieron.
498 1870 534 1900 ad
546 1869 633 1899 Lucis.
652 1879 714 1907 cap.
726 1879 751 1905 9.
765 1871 791 1898 ἅ
801 1869 819 1898 l.
832 1879 857 1906 7.
871 1871 892 1906 §.
905 1879 931 1906 7.
949 1870 978 1899 C.
992 1871 1027 1899 de
1036 1870 1140 1899 summa
1148 1870 1227 1899 Trin.

65 1907 94 1937 C
104 1918 121 1937 o
132 1918 169 1937 ΕΡ
179 1919 197 1938 υ
206 1919 222 1937 1.
231 1919 247 1938 o
258 1918 277 1937 N
289 1919 307 1938 υ
317 1919 339 1944 s,
352 1909 369 1939 i.
383 1918 420 1938 m.
438 1908 522 1938 Plaut.
537 1906 603 1937 Pers.
619 1918 641 1937 i.
655 1916 679 1943 3.
693 1917 738 1936 ²0.
751 1907 793 1937 Te
806 1908 981 1945 coepulonus
992 1906 1144 1945 compellat
1153 1915 1227 1937 tuus.

66 1946 270 1981 CoaQurTo
285 1968 293 1983 ‚
314 1950 368 1976 are.
391 1943 576 1982 [συνιππόῐῖω]
598 1945 687 1976 Simul
706 1947 838 1982 equitare.
868 1945 916 1975 Liv
940 1956 982 1982 37.
998 1951 1038 1979 18-
1055 1952 1124 1975 extr.
1161 1945 1232 1975 Coe-

108 1985 280 2021 quitaverant
289 1994 382 2014 autem
392 1984 437 2014 sex
448 1983 535 2013 millia
545 1985 680 2021 equitum.
703 1984 757 2013 Alii
772 1983 887 2021 legunt,
909 1984 980 2014 Cum
989 1983 1130 2021 equitatu:
1153 1989 1231 2013 erant

108 2028 201 2051 autem
211 2022 257 2051 sex
269 2022 360 2052 millia
373 2022 507 2060 equitum.

0 2079 3 2088 >
42 2072 45 2074 ·
70 2059 264 2095 cornero,
286 2060 333 2095 ui,
353 2061 442 2095 itum,
465 2057 565 2096 [Hm.
587 2059 708 2094 συνεέρνυ,
728 2055 902 2095 ἀναχωῆζω,
921 2057 1088 2093 chronia]
1109 2061 1164 2088 ete.
1196 2068 1232 2089 ex

109 2097 169 2128 Con
180 2099 206 2127 ὁὶ
218 2099 305 2128 Arceo
316 2098 500 2135 compositum
512 2108 519 2133 ;
543 2097 657 2126 Obstare
666 2119 674 2130 ,
696 2096 834 2135 impedire
847 2107 882 2127 rie
897 2096 963 2134 quid
973 2097 1027 2126 siat.
1067 2097 1126 2126 Cic.
1139 2098 1174 2126 de
1186 2097 1233 2125 Se-

128 2137 201 2165 nect.
216 2146 259 2170 52-
281 2136 375 2173 Quam
386 2136 541 2173 serpentem
556 2135 705 2172 multiplici
717 2135 793 2172 lapsu
805 2136 956 2165 &erratico
967 2157 975 2171 ,
996 2135 1068 2164 ferro
1085 2142 1233 2173 amputans

128 2181 240 2203 coercet
249 2184 292 2203 ars
305 2173 499 2212 agricolarum,
511 2183 546 2202 ne
559 2173 681 2202 silvescat
692 2173 844 2202 sarmentis.

107 2211 234 2249 Quidam
245 2212 406 2241 Coherceo:
429 2212 461 2241 Et
475 2212 512 2242 ita
527 2212 602 2248 apud
613 2212 688 2241 Suet.
705 2211 734 2241 in
748 2212 814 2247 Aug.
831 2211 859 2239 in
871 2210 937 2239 edit.
957 2219 1016 2247 quae
1027 2209 1111 2239 babet
1120 2209 1230 2240 Comm.

128 2250 265 2280 Beroaldi.
287 2260 318 2280 ca
342 2273 348 2279 .
363 2260 406 2286 30.
430 2249 471 2279 Ad
483 2249 673 2279 cohercendas
685 2249 900 2283 inundationes,
920 2247 1030 2277 alveum
1039 2247 1149 2277 Tiberis
1159 2247 1233 2277 laxa-

129 2288 178 2317 vit.
201 2288 235 2317 H.
244 2288 283 2317 St.
344 2289 434 2318 idetur
445 2287 508 2316 sane
520 2287 554 2316 ab
566 2287 683 2325 aspirato
696 2287 836 2324 primitivo
847 2286 955 2315 Herceo
967 2286 1085 2321 deduci,
1106 2286 1182 2323 quod
1197 2295 1233 2315 ex

129 2325 227 2355 Graeco
251 2326 312 2363 έίςγυ
323 2348 332 2361 ,
351 2326 427 2355 unde
444 2327 470 2355 ἃ
485 2325 624 2355 Hercisco.
663 2324 703 2354 Ab
718 2326 802 2354 Arceo
816 2324 1014 2361 significatione
1030 2325 1118 2353 distat.
1160 2324 1232 2354 Add.

129 2364 184 2393 loc.
198 2364 271 2393 Varr.
294 2364 323 2393 in
338 2373 355 2393 c
365 2374 381 2393 ο
393 2373 413 2392 H
424 2374 440 2392 o
450 2372 494 2392 Rs.

109 2403 216 2439 Aquam
228 2411 377 2436 coercere,
399 2411 449 2440 pro
468 2402 573 2430 Arcere.
612 2400 785 2438 Pomponius
807 2400 835 2428 in
850 2399 868 2429 l.
891 2400 919 2429 Si
942 2399 1117 2429 ususfructus.
1140 2400 1174 2429 D.
1198 2400 1235 2429 de
1282 2394 1285 2397 ¹

128 2449 198 2477 aqua
213 2439 287 2477 pluv.
299 2440 410 2469 arcend.
450 2439 518 2468 Non
530 2438 609 2468 aliter
619 2438 760 2468 restituisse
772 2448 831 2468 rem
843 2438 953 2468 videtur
963 2439 995 2474 is,
1018 2439 1064 2475 qui
1077 2448 1147 2476 opus
1157 2438 1234 2473 fecit,

128 2488 211 2515 quain
220 2478 238 2507 si
249 2488 350 2515 aquam
363 2484 499 2507 coerceat.

110 2517 216 2553 Aquam
237 2517 359 2554 pluviam
379 2524 516 2545 coercere.
555 2513 614 2544 Cic.
632 2513 662 2542 in
671 2513 771 2551 Topic.
785 2522 827 2549 39.
850 2513 945 2543 Genus
965 2513 1003 2542 est
1018 2535 1025 2547 ‚
1047 2523 1117 2549 aqua
1140 2513 1235 2551 pluvia

130 2564 255 2583 nocens:
278 2555 337 2590 ejus
348 2554 455 2591 generis
465 2554 561 2582 formae
574 2574 582 2588 ‚
603 2552 657 2581 loci
671 2553 738 2582 vitio
748 2574 756 2587 ,
778 2554 805 2582 Sc
817 2561 900 2581 manu
914 2561 1020 2581 nocens
1033 2561 1039 2581 z
1063 2561 1179 2589 quarum
1198 2553 1236 2581 al-

94 2620 99 2628 ,
127 2598 188 2622 tera
199 2592 310 2628 jubetur
323 2592 356 2621 ab
366 2592 468 2621 arbitro
477 2591 599 2620 coerceri
611 2612 618 2625 ‚
640 2590 725 2621 altera
736 2599 794 2618 non
806 2591 926 2625 jubetur.

46 2633 47 2640 ¹
80 2633 86 2637 '
112 2629 231 2661 Carnem
250 2639 380 2659 coercere
400 2628 660 2667 supercrescentem.
703 2627 833 2657 Celslib.
848 2638 872 2662 ς.
900 2637 960 2665 cap.
976 2636 1018 2661 19.
1050 2626 1130 2656 Exest
1150 2628 1235 2657 etiam

131 2668 312 2698 vehementer
326 2678 429 2705 corpus
439 2689 447 2702 ,
469 2674 551 2704 atque
561 2665 616 2695 offa
627 2675 738 2704 quoque
748 2666 858 2696 resolvit
876 2666 902 2696 ἃ
913 2665 1166 2703 supercrescentem
1176 2675 1239 2696 car·

130 2714 196 2735 nem
207 2712 326 2735 coercet.
367 2706 399 2735 Id
410 2705 485 2743 quod
498 2704 601 2739 habet,
623 2706 676 2734 &c.

64 2737 66 2740 ’
112 2743 368 2775 Inflammationern
380 2752 518 2773 coercere.
557 2741 627 2771 Cels.
640 2742 687 2772 lib.
698 2752 723 2779 7.
735 2751 796 2779 cap.
809 2749 834 2778 7.
858 2740 918 2770 Post
940 2740 1000 2770 haec
1014 2741 1159 2771 educenda
1170 2751 1236 2772 acus

133 2784 208 2812 reeta
218 2782 274 2812 est:
293 2782 554 2819 imponendumque
565 2779 678 2809 estlana
690 2779 769 2809 molli
785 2786 936 2816 exceptum
954 2779 1001 2807 ovi
1020 2779 1132 2816 album,
1154 2782 1180 2811 &
1195 2779 1238 2810 su.

135 2830 184 2858 pra
192 2821 267 2858 quod
279 2820 531 2849 inflammationem
539 2827 676 2853 coercear,
690 2825 771 2855 atque
783 2818 821 2847 ita
831 2817 1062 2847 devinciendum.

111 2857 250 2890 Nauteam
263 2867 402 2888 coercere.
425 2857 493 2887 Hor.
505 2857 535 2885 in
547 2856 638 2894 Epod.
650 2867 675 2891 9.
690 2866 733 2893 35.

205 2896 255 2926 Vel
265 2897 340 2933 quod
350 2896 485 2925 fluentem
493 2894 622 2924 nauseam
639 2900 770 2925 coerceat

242 2935 344 2964 Metire
355 2934 436 2963 nobis
451 2933 612 2963 Caecubum.

101 3002 104 3009 ,
113 2972 205 3004 Nimis
215 2972 404 3002 redundantes
414 2994 422 3008 ‚
443 2972 469 3001 &
477 2970 687 3009 superfluentes,
697 2971 723 3000 &
733 2968 805 3007 quasi
817 2974 894 3000 extra
906 2969 978 3008 ripas
987 2969 1146 3001 diffluentes
1160 2980 1238 3002 coer-

133 3020 206 3041 cere.
227 3010 285 3041 Cic.
298 3010 334 3040 de
349 3008 422 3040 Clar.
434 3009 512 3040 Orat.
523 3012 587 3045 316.

114 3049 250 3079 Coercere
260 3070 269 3084 ‚
289 3047 439 3078 Refrenare
448 3070 456 3083 ,
477 3047 637 3084 reprimere.
674 3044 732 3074 Liv.
743 3055 770 3075 2.
782 3054 826 3081 23.
839 3050 909 3074 extr.
938 3045 1001 3081 Jam
1011 3056 1100 3085 prope
1111 3053 1184 3083 erat,
1205 3053 1237 3077 ut

132 3097 168 3117 ne
179 3086 330 3117 Consulum
341 3085 456 3123 quidem
466 3084 590 3121 majestas
599 3090 742 3113 coerceret
751 3084 803 3112 iras
814 3084 971 3112 hominum.

84 3132 89 3135 “
115 3125 251 3155 coercere
261 3126 288 3155 &
299 3123 428 3154 resecare.
468 3123 526 3153 Cic.
542 3134 564 3152 i.
580 3123 632 3151 Att.
647 3131 688 3157 13.
709 3121 741 3151 Iri
753 3131 806 3158 qua
818 3131 869 3158 ego
881 3123 978 3165 nactus
998 3122 1050 3158 (ut
1070 3122 1140 3151 mihi
1161 3122 1238 3153 vide-

134 3163 202 3200 bar)
220 3162 316 3193 locum
328 3161 481 3192 resecandae
490 3160 616 3190 libidinis
630 3161 656 3190 δι
666 3159 830 3189 coercenda:
840 3160 1003 3194 juventutis.

116 3200 288 3231 coercere&
299 3200 445 3230 refrenare.
486 3198 544 3229 Cic.
559 3208 573 3239 Ἰι
581 3208 604 3227 1.
617 3197 736 3235 Philipp.
749 3208 775 3232 4.
806 3199 826 3226 A
847 3197 986 3235 progressu
1003 3198 1147 3234 coercuit,
1169 3209 1183 3229 a
1197 3208 1239 3229 re.

134 3240 195 3269 ditu
207 3239 373 3273 refrenavit,
394 3239 445 3268 &c.
468 3236 606 3274 Quaedam
617 3235 788 3273 exemplaria
798 3235 895 3271 legunt
911 3236 1011 3264 Arcuit.

116 3276 252 3307 Coercere
265 3276 458 3314 &reprimere
496 3275 554 3304 Cic.
568 3284 590 3304 i.
604 3274 640 3303 de
649 3274 738 3303 Finib.
751 3283 777 3302 2.
808 3274 865 3309 Qii
877 3273 1026 3311 autemksi
1041 3274 1163 3303 maxime
1182 3273 1238 3304 hoc

134 3315 259 3353 placeat,
280 3314 449 3344 moderatius
462 3313 492 3342 id
502 3312 601 3342 volunt
612 3312 669 3341 fieri
684 3333 692 3345 ,
715 3311 858 3340 difficilem
874 3312 1012 3348 quandam
1025 3312 1238 3348 temperantiam

116 3370 122 3375 .
134 3353 274 3391 postulant
283 3353 312 3382 in
320 3362 364 3387 co,
377 3352 454 3389 quod
465 3349 614 3386 semeljam
626 3349 746 3383 missum,
758 3349 879 3378 coerceri
891 3349 1058 3386 reprimique
1069 3359 1127 3378 nori
1136 3350 1235 3388 potest.

117 3392 231 3421 Animos
244 3400 372 3421 coercere
383 3412 390 3425 ‚
412 3389 554 3420 Moderati
563 3389 684 3426 impetus
693 3387 788 3416 animi.
812 3387 875 3416 Seri.
888 3386 1005 3425 Hippoi.
1015 3397 1042 3418 2.

116 3428 231 3459 Arbores
241 3439 378 3459 coercere.
400 3427 511 3465 Ulpian.
524 3427 554 3455 in
569 3426 587 3455 l.
604 3437 626 3456 i.
639 3426 673 3456 D.
687 3427 722 3455 de
733 3425 822 3455 arbor.
835 3425 902 3455 caed.

117 3466 302 3504 Cupiditates.
327 3466 384 3496 Cic.
401 3476 425 3495 1.
437 3467 473 3495 de
483 3465 560 3494 Orat.
575 3474 637 3500 194.

117 3504 311 3535 Defedtionem
321 3509 458 3534 coercere.
481 3503 556 3533 Curt.
567 3512 593 3538 7.
605 3506 631 3532 6.
646 3512 689 3537 ις.

66 3551 67 3559 ¹
116 3543 256 3582 Impetum
267 3553 398 3581 aquarum
411 3550 549 3572 coercere.
571 3540 648 3570 Curt.
665 3546 691 3575 8.
710 3548 751 3577 i3.
766 3548 793 3575 9.

118 3580 335 3621 improbitatem.
361 3580 419 3610 Cic.
434 3591 459 3615 ς.
472 3578 622 3613 Verr.204.

68 3645 69 3651 ,
117 3619 223 3650 Incesta
235 3629 373 3650 coercere.
413 3619 487 3649 Suet.
504 3616 610 3647 Domit.
620 3621 646 3650 8.
667 3615 774 3647 Incesta
795 3613 945 3645 Vestalium
960 3613 1103 3652 virginum
1116 3615 1189 3646 varie
1206 3625 1240 3647 ac

136 3657 227 3688 severe
236 3658 368 3687 coercuit.

118 3695 291 3726 Incursiones
300 3696 418 3725 hostium
427 3702 563 3724 coercere.
584 3692 660 3723 Suet.
676 3691 744 3729 Aug.
759 3700 804 3722 21.
816 3700 859 3729 pr.

117 3732 368 3771 Interpellatorem.
391 3732 450 3762 Cic.
460 3733 490 3762 iri
505 3732 583 3761 Orat.

117 3771 190 3802 Iram
203 3777 371 3810 promptam.
392 3770 459 3800 Stat.
477 3779 518 3798 rr.
530 3768 612 3799 Theb
635 3770 700 3804 667.

71 3807 73 3850 ]
119 3808 271 3877 gppreffos
285 3819 311 3838 Vl
323 3809 450 3846 imperio.
472 3807 531 3837 Cic.
544 3817 570 3837 2.
587 3805 643 3836 Off.
655 3815 700 3840 24.

168 3848 286 3877 sidentes
303 3855 442 3875 coercere.
463 3844 560 3875 Vellei.
573 3855 599 3874 2.
620 3853 682 3873 mc.
694 3852 721 3877 4.

121 3885 178 3915 Ora
188 3894 315 3914 coercere
326 3884 416 3913 frenis.
437 3883 521 3913 Ovid.
537 3894 561 3918 ς.
576 3882 645 3912 Met.
657 3884 720 3916 643.
823 3915 830 3923 ·
1081 3915 1088 3923 .

119 3923 284 3953 Orationem
305 3922 429 3960 rapidam
449 3931 588 3950 coercere.
629 3919 686 3949 Cic.
703 3927 730 3947 2.
744 3915 784 3960 'de
800 3915 860 3946 Fin.
879 3924 914 3960 ζ..
948 3914 1021 3945 Cum
1043 3925 1119 3946 enim
1136 3915 1239 3953 fertur,

139 3960 211 3997 quasi
222 3968 339 3992 torrens.
352 3959 450 3991 oratio.
463 3959 589 3995 quamvis
601 3957 687 3987 multa
704 3954 916 3991 cuiusquemodi
931 3955 1038 3992 rapiat:
1060 3954 1131 3982 nihil
1146 3961 1240 3985 tamen

138 4004 231 4029 teneas
241 4021 250 4036 ,
273 3997 345 4029 nihil
358 3997 552 4037 apprehendas
563 4017 572 4034 ,
593 3995 726 4032 nusquam
738 3993 893 4025 orationem
906 3992 1032 4030 rapidam
1043 4001 1180 4022 coerceas.

1708 129 1999 164 COE
2372 144 2440 178 557

1310 209 1447 240 Pudorem
1459 232 1466 245 ,
1487 209 1651 239 modestiam
1666 233 1674 245 ‚
1696 210 1861 248 pudicitiam
1871 233 1878 245 ,
1900 212 1926 241 &
1939 213 2153 249 temperantiam
2164 224 2254 252 poenae
2264 222 2310 245 aut
2319 215 2438 245 infamiae

1331 257 1407 277 iiietu
1418 258 1555 277 coercere.
1579 247 1637 276 eie.
1654 259 1678 277 2.
1693 250 1728 277 de
1742 249 1798 277 liin.
1815 258 1859 285 7t.

1312 285 1412 315 Terras
1423 295 1550 315 coerceat
1561 295 1657 315 omnes
1671 286 1765 315 Cat-sar.
1787 286 1872 315 Ovid.
1885 295 1909 322 3.
1919 286 1955 316 de
1965 286 2044 317 Pont.
2062 297 2086 325 3.
2098 292 2145 318 61.

1313 323 1522 352 Temeritati-iii.
1545 324 1603 352 Cic.
1617 333 1642 352 2.
1660 324 1742 353 Tusc.
1754 334 1799 361 47.

1314 360 1402 389 Verba
1415 370 1551 391 coercere.
1575 361 1694 397 Quintil.
1708 373 1734 397 o.
1745 372 1769 392 2.
1782 372 1809 400 p.
1822 368 1886 397 789.

1314 398 1426 435 Aliquos
1448 408 1576 427 coercere
1596 409 1654 435 per.
1697 400 1755 429 Cic.
1769 411 1792 435 5·
1813 399 1896 430 Tusc.
1910 409 1955 430 21.
1978 401 1998 430 A
2020 401 2082 438 pius
2101 401 2191 430 noster
2214 407 2318 432 turmas
2335 402 2442 440 aliquot

1334 437 1460 472 equitum
1471 436 1584 464 dederat
1594 437 1660 466 huic
1671 438 1783 475 Scaptio
1792 460 1800 473 ‚
1823 448 1872 475 per
1885 447 1951 474 quas
1961 439 1996 468 Sa
2010 440 2130 470 aminios
2139 447 2290 470 coerceret.

1315 474 1403 503 Armis
1413 474 1517 503 hostem
1531 483 1669 504 coercere.
1693 476 1777 507 Ovid.
1796 486 1819 505 ¹.
1834 476 1900 505 Fast.
1915 485 1980 513 715.

1316 511 1422 540 Dextra
1435 519 1545 540 coercet
1557 512 1637 541 fures.
1662 513 1730 543 Hor.
1749 523 1772 543 r.
1791 514 1878 542 Serm.
1891 519 1916 548 8.
1928 524 1954 549 4.

1316 548 1415 578 Edicto
1429 558 1556 591 coercere
1568 549 1696 585 aliquem.
1738 551 1812 581 Suet.
1826 552 1855 580 in
1866 551 1968 581 Neron.
1981 561 2042 589 cap.
2053 563 2081 588 4.
2104 551 2143 582 Ut
2157 552 2267 583 necesse
2285 553 2370 584 fuerit
2389 554 2444 583 Au-

1338 588 1415 622 gusto
1426 587 1497 616 clam
1509 587 1602 616 frustra
1613 589 1752 617 monitum
1764 611 1771 623 ,
1793 589 1887 619 edicto
1897 599 2036 620 coercere.

1317 623 1396 654 Fuste
1409 624 1538 662 aliquem.
1562 624 1630 654 llor.
1648 635 1670 654 i.
1687 627 1774 655 Serm.
1788 636 1811 661 3.
1830 636 1890 663 134.

1589 677 1626 682 ·—
1636 663 1743 692 vellunt
1752 664 1803 693 tibi
1817 664 1930 695 barbam

1411 698 1515 728 Lascivi
1526 700 1603 736 pueri
1615 722 1623 735 ‚
1644 710 1713 737 quos
1726 709 1754 730 tu
1764 702 1813 730 nisi
1825 702 1894 732 fuste
1906 712 2018 733 coerces
2028 725 2036 739 ‚

1411 736 1521 774 Urgeris
1534 737 1612 766 turba
1622 739 1727 767 circuni
1740 746 1766 768 te
1777 740 1874 769 stante.

1318 774 1414 805 Moclis
1428 776 1558 803 omnibus
1569 773 1656 804 socios
1665 786 1800 806 coercere.
1823 778 1930 807 Sallust.
1943 778 2023 807 Catil.
2036 787 2098 816 cap.
2111 787 2156 815 30.

1318 813 1430 846 Morte,
1451 812 1537 841 exilio
1550 833 1558 847 ‚
1580 813 1717 848 vinculis,
1739 815 1843 844 damno
1858 816 1972 851 aliquos.
1998 816 2056 846 Cic.
2074 827 2096 847 z.
2114 816 2171 846 Off.
2185 826 2231 852 ²³·

1316 850 1402 880 Poena
1414 849 1518 879 metalli
1530 851 1703 893 coercendus
1714 852 1751 880 est
1763 874 1770 887 ‚
1800 853 1818 882 i.
1832 863 1856 883 e.
1878 853 2049 884 Puniendus.
2071 854 2182 893 Ulpian.
2206 856 2235 884 in
2250 856 2268 885 l.
2291 855 2443 896 Sacrilegii.

1337 888 1372 917 D.
1388 888 1421 916 ad
1434 887 1524 923 legem
1535 886 1637 922 ¹Iuliam
1649 889 1769 926 peculat.

1318 925 1481 963 Pignoribus
1495 925 1592 955 ablatis
1604 935 1733 956 coercere
1743 927 1873 964 aliquem.
1918 928 1976 958 Cic.
1990 938 2014 962 ι.
2033 929 2068 958 de
2083 929 2195 963 Orat.4.
2219 930 2273 960 Hic
2293 941 2377 967 quum
2397 933 2446 962 lio-

1336 964 1443 993 mini&
1455 963 1652 993 vehementi&
1662 964 1763 993 diserto
1775 987 1783 999 ‚
1805 966 1831 994 δι
1844 966 1871 993 iii
1885 967 2053 1002 primisforti
2063 967 2097 996 ad
2107 968 2285 998 resistendum
2299 970 2425 1008 Philippo
2435 993 2444 1005 ‚

1338 1001 1410 1039 quasi
1423 1000 1552 1038 quasdam
1566 1002 1714 1031 verborum
1736 1002 1810 1032 faces
1833 1003 2017 1038 admoviffer,
2039 1014 2098 1033 non
2111 1006 2175 1034 tulit
2193 1006 2240 1035 ille
2254 1029 2262 1042 ,
2285 1010 2310 1036 δε
2327 1011 2444 1037 ara-:iter

1338 1038 1453 1074 exarsit,
1474 1039 1691 1077 pignoribusque
1703 1040 1800 1070 ablatis
1817 1040 1941 1070 Crassum
1960 1042 2077 1072 instituit
2094 1053 2233 1074 coercere.
2270 1045 2288 1074 i.
2302 1036 2446 1084 cs'Repri-

1339 1086 1416 1107 mere
1426 1076 1470 1106 vel
1481 1077 1617 1113 corrigere
1626 1078 1714 1115 captis
1726 1079 1785 1114 ejus
1796 1079 1886 1108 bonis.

1319 1115 1467 1151 Praeceptis
1479 1114 1602 1152 aliquem
1614 1125 1751 1146 coercere.
1773 1116 1864 1146 Tacit.
1880 1127 1906 1152 4.
1919 1115 1986 1145 Hist.
2001 1122 2027 1151 8.

1319 1152 1471 1191 Suppliciis
1486 1154 1512 1182 &
1523 1153 1684 1183 verberibus
1693 1163 1825 1184 coercere
1833 1153 1955 1191 aliquem
1967 1176 1975 1189 ,
1997 1164 2048 1192 pro
2064 1155 2164 1185 Punite
2183 1157 2209 1186 Sc
2225 1158 2360 1193 castiqare.
2384 1159 2444 1190 Cic.

1340 1201 1364 1220 1.
1378 1192 1407 1219 in
1419 1190 1501 1220 Catil.
1515 1199 1538 1225 3.
1560 1190 1597 1220 Ut
1619 1192 1672 1220 viri
1694 1191 1779 1222 sortes
1795 1192 1947 1222 acrioribus
1967 1192 2109 1230 suppliciis
2130 1194 2222 1224 civem
2240 1188 2445 1232 perniciosum,

1337 1238 1420 1266 quam
1431 1228 1634 1258 acerbissimum
1644 1229 1750 1260 hostem
1762 1237 1932 1260 coercerent.
1974 1230 2052 1260 Idem
2067 1240 2091 1266 3.
2103 1231 2137 1260 dc
2150 1230 2245 1269 Legib.
2260 1237 2285 1262 6.
2310 1234 2449 1269 Magistra-

1338 1274 1384 1296 tus
1395 1275 1447 1296 uec
1458 1266 1638 1297 obedientem
1650 1268 1676 1297 Sc
1685 1277 1810 1298 nocuum
1825 1269 1916 1299 civem
1927 1290 1935 1304 ,
1955 1269 2044 1298 multa
2053 1291 2062 1306 ,
2084 1269 2213 1305 vinculis,
2233 1271 2447 1310 verberibusque

1341 1310 1502 1334 coercento.

1318 1342 1473 1379 Suppliciis
1483 1342 1593 1372 delicta.
1617 1342 1684 1373 Hor.
1700 1354 1723 1374 1.
1738 1344 1826 1374 Serm.
1837 1351 1862 1378 3.
1874 1351 1919 1381 79.

1319 1381 1439 1409 Verbere
1450 1386 1525 1417 terga
1542 1390 1675 1417 equorum
1689 1388 1762 1412 torto
1774 1390 1914 1411 coercere.
1937 1381 2002 1412 Seri.
2020 1381 2136 1420 Hippol.
2153 1392 2196 1414 ιο.

1319 1418 1396 1448 Voce
1408 1428 1546 1448 coercere.
1568 1419 1723 1456 Suet.Aug.
1741 1428 1786 1455 42.

1317 1457 1456 1500 Coercere
1467 1478 1474 1491 ‚
1496 1456 1612 1493 Cogere.
1653 1458 1755 1488 Auctor
1767 1457 1803 1487 ad
1817 1457 1922 1487 Heren.
1955 1457 2052 1495 Quum
2070 1457 2191 1489 alterum
2212 1459 2287 1497 sequi
2299 1483 2307 1496 ,
2328 1462 2449 1494 alterum

1343 1502 1432 1524 Vitare
1445 1504 1617 1524 coercemur.

1322 1533 1389 1563 Non
1400 1533 1486 1562 modo
1497 1542 1555 1561 non
1566 1532 1731 1570 supplicem,
1743 1532 1789 1562 sed
1799 1532 1886 1562 etiam
1894 1541 2050 1562 coerceam.
2071 1533 2146 1563 Brut.
2156 1534 2205 1572 Ep.
2222 1539 2264 1565 16.
2277 1536 2310 1565 ad
2321 1535 2378 1566 Cic.
2394 1538 2451 1572 Euo

1342 1580 1408 1600 vero
1431 1570 1483 1605 (ut
1504 1570 1572 1599 istuc
1591 1571 1733 1607 revertar)
1755 1572 1777 1600 is
1794 1570 1853 1600 sum
1864 1593 1872 1605 ‚
1895 1571 1941 1608 qui
1958 1580 2015 1599 non
2027 1572 2112 1601 niodo
2133 1582 2192 1601 non
2206 1572 2360 1611 supplicem
2374 1598 2382 1611 ,
2405 1577 2453 1606 sed

1341 1609 1426 1638 etiarn
1435 1618 1579 1638 coerceam
1586 1609 1766 1646 postulantes,
1785 1616 1815 1638 ut
1825 1608 1873 1637 sibi
1883 1607 2062 1646 supplicetur.

1323 1646 1480 1682 Coercere,
1502 1656 1567 1676 cum
1576 1647 1662 1677 verbo
1677 1647 1798 1683 addito;
1820 1653 1852 1676 ut
1865 1668 1873 1682 ‚
1894 1646 2032 1677 Coercere
2041 1646 2164 1684 aliquem
2183 1647 2263 1679 finire
2281 1649 2343 1680 iras.
2366 1651 2452 1683 Ovid.

1347 1695 1391 1721 14.
1410 1684 1480 1714 Met.
1495 1689 1558 1720 582.

1404 1721 1522 1759 Jamque
1534 1722 1602 1752 deos
1614 1731 1733 1757 omnes,
1753 1721 1896 1761 ipsamque
1906 1721 2004 1752 AEneia
2015 1722 2101 1752 virtus

1404 1760 1420 1795 J
1423 1769 1548 1790 urionem
1559 1765 1665 1790 veteres
1676 1760 1756 1790 finire
1767 1761 1893 1791 coercuit
1903 1760 1965 1790 iras.
2048 1760 2133 1790 Aliter
2144 1783 2152 1796 ‚
2175 1761 2318 1800 Coegerat.

1326 1797 1461 1828 Coercere
1475 1820 1484 1833 ,
1506 1808 1555 1835 pro
1566 1797 1687 1835 Imperio
1698 1808 1787 1835 agere.
1829 1797 1966 1835 Pompon.
1981 1797 2038 1827 inl.
2051 1808 2077 1827 α.
2100 1799 2122 1835 §.
2146 1799 2254 1830 Exactis
2270 1801 2374 1831 deinde
2384 1804 2454 1836 regi-

1344 1836 1404 1865 bus.
1427 1835 1460 1865 D.
1472 1837 1507 1865 de
1516 1836 1699 1873 originejuris
1711 1859 1720 1872 ,
1739 1836 1837 1866 Solum
1851 1835 1979 1866 relictum
1995 1835 2032 1865 est
2050 1837 2107 1871 eis,
2130 1845 2160 1866 ut
2176 1848 2305 1869 coercere
2324 1838 2451 1878 pofferit:

1347 1875 1373 1904 8<
1382 1874 1410 1902 in
1425 1873 1536 1903 vincula
1544 1873 1657 1912 publica
1671 1874 1736 1904 duci
1746 1874 1884 1911 juberent.
1924 1873 1966 1904 De
1977 1873 2145 1904 Consulibus
2157 1874 2291 1911 loquitur.

1326 1911 1729 1949 Reprehendere&coercere.
1770 1912 1829 1942 Cic.
1840 1923 1866 1946 4.
1882 1911 1964 1941 Acad.
1978 1916 2023 1947 ῦς.
2055 1912 2128 1942 Nam
2148 1913 2165 1942 fi
2184 1915 2213 1943 in
2229 1916 2354 1946 minimis
2372 1916 2455 1946 rebus

1347 1948 1500 1987 pertinacia
1513 1950 1726 1987 reprelienditur
1738 1971 1748 1986 ‚
1768 1949 1908 1980 calumnia
1918 1950 2002 1979 etiam
2017 1956 2170 1981 coercetur.

1327 1986 1421 2018 Litura
1435 1988 1559 2017 coercuit
1569 1997 1690 2017 carmen.
1714 1988 1782 2018 Hor.
1793 1989 1823 2017 in
1835 1988 1898 2017 Arte
1908 1987 1986 2017 Poet.
1997 1997 2061 2024 293.
2199 2005 2236 2009 —
2246 1999 2294 2020 vos
2305 1990 2322 2019 ὀ

1421 2025 1574 2063 Pompilius
1584 2025 1691 2062 sanguis
1706 2036 1818 2056 carmen
1827 2025 2028 2064 reprehendite
2043 2047 2052 2062 ,
2074 2026 2152 2064 quod
2162 2035 2222 2057 non

1421 2063 1513 2093 Multa
1524 2064 1583 2093 dies
1594 2085 1602 2098 ,
1625 2066 1651 2093 &
1662 2064 1749 2093 multa
1758 2064 1840 2094 litura
1850 2064 1985 2093 coercuit.

1329 2101 1426 2139 Spatio
1435 2103 1510 2130 arcto
1522 2111 1651 2131 coercere
1663 2101 1793 2139 aliquem.
1817 2101 1902 2131 Ovid.
1920 2111 1947 2131 2.
1963 2100 2043 2131 Trist.
2059 2110 2122 2139 531.

1421 2139 1520 2169 Invida
1533 2149 1578 2169 me
1594 2139 1682 2177 spatio
1699 2146 1796 2169 natura
1808 2140 1933 2169 coercuit
1943 2140 2019 2168 arcto
2030 2161 2038 2174 ,

1460 2177 1577 2214 Ingenio
1591 2178 1661 2207 vires
1671 2177 1837 2214 exiguasque
1847 2178 1936 2206 dedit.

1328 2214 1499 2245 Coercere&
1511 2215 1656 2244 continere
1671 2215 1833 2252 complexu.
1873 2215 1931 2245 Cic.
1943 2223 1971 2244 2.
1990 2214 2026 2245 de
2037 2213 2100 2245 Nat.
2119 2215 2203 2246 Deor.
2217 2224 2260 2253 57.
2290 2216 2458 2255 Ipsiusvero

1347 2253 1447 2283 mundi
1461 2275 1469 2287 .
1490 2253 1537 2290 qui
1549 2253 1644 2283 omnia
1651 2254 1804 2291 complexu
1814 2252 1861 2282 suo
1871 2259 1985 2284 coercet
1998 2254 2024 2283 Sc
2036 2254 2179 2291 continet,
2199 2262 2298 2285 natura
2316 2265 2375 2284 non
2391 2257 2455 2285 arti-

1348 2290 1441 2320 ficiosa
1452 2290 1541 2320 solum
1552 2313 1560 2326 ,
1580 2292 1634 2321 &c-

1329 2328 1483 2365 Coercere,
1506 2328 1643 2366 colligare
1655 2351 1663 2364 ‚
1684 2329 1827 2367 stringere.
1853 2328 1972 2358 Ovid.1.
1987 2329 2057 2360 Met.
2070 2338 2136 2367 477.

1412 2366 1485 2396 Vitta
1493 2367 1643 2397 coercebat
1652 2367 1754 2405 positos
1766 2367 1822 2397 fine
1830 2366 1893 2434 lege
1903 2366 2030 2405 capulos.

1331 2405 1430 2435 Crines
1441 2414 1570 2435 coercere
1581 2406 1667 2434 nodo.
1704 2406 1800 2435 Horat.
1811 2414 1837 2435 2.
1878 2414 1947 2434 arm.
1965 2414 2007 2441 19.
2021 2414 2065 2441 19.

1329 2442 1430 2473 Fibula
1440 2443 1542 2473 vestem
1556 2443 1690 2473 coercuit.
1713 2443 1799 2473 Ovid.
1813 2452 1838 2472 2.
1856 2442 1928 2473 Met.
1945 2451 2010 2478 413.

1330 2481 1423 2512 Verba
1436 2481 1558 2511 numeris
1567 2490 1704 2511 coercere.
1718 2482 1736 2510 i.
1750 2490 1775 2510 e.
1788 2480 1920 2510 Carmina
1930 2490 2111 2518 componere.
2120 2479 2207 2511 Ovid.
2218 2481 2284 2518 4.de
2295 2481 2456 2518 Pont.8.73.

1411 2519 1484 2548 Nam
1493 2519 1579 2548 modo
1590 2519 1663 2548 bella
1674 2520 1745 2557 geris
1758 2541 1766 2554 ,
1788 2518 1910 2548 numeris
1920 2520 2007 2548 inodo
2019 2519 2103 2549 verba
2116 2528 2238 2549 coerces.
2336 2519 2376 2549 Al.
2398 2520 2462 2550 Bel..

1350 2556 1376 2586 la
1385 2566 1539 2594 perperam.
1581 2557 1612 2587 V.
1634 2557 1727 2587 Burin.

1330 2594 1449 2625 Modico
1461 2594 1487 2624 se
1501 2604 1631 2624 coercere
1642 2617 1650 2630 ,
1671 2594 1788 2625 Modica
1800 2604 1829 2624 re
1842 2600 2009 2625 contentum
2017 2593 2080 2625 effe.
2102 2594 2168 2625 Sen.
2180 2594 2298 2633 Hippoi.
2307 2604 2373 2632 213.

1412 2633 1597 2670 Mediumque
1609 2632 1689 2662 sanos
1700 2633 1799 2670 vulgus
1810 2632 1926 2662 affectus
1938 2638 2016 2663 tenet
2028 2654 2036 2668 ‚

1412 2670 1446 2700 Et
1455 2671 1482 2700 se
1492 2677 1625 2701 coercent
1635 2671 1761 2700 modica:
1785 2677 1882 2700 contra
1893 2671 1994 2701 divites

1411 2708 1565 2746 Regnoque
1572 2709 1634 2738 fulti
1645 2731 1653 2744 ,
1675 2708 1756 2747 plura
1767 2719 1851 2745 quam
1861 2709 1901 2738 fiis
1912 2709 1949 2739 est
1959 2731 1966 2743 .
1988 2713 2098 2746 petunt.

1331 2746 1485 2782 Coercere,
1506 2756 1558 2785 pro
1569 2746 1747 2778 Conservare.
1768 2747 1914 2777 custodire.
1936 2746 2005 2776 Plin.
2021 2746 2069 2775 lib.
2082 2756 2123 2775 ιο.
2136 2755 2198 2784 cap.
2213 2757 2254 2781 50.
2276 2747 2318 2776 Ex
2329 2757 2362 2776 eo
2370 2748 2462 2786 ‘coepi-

1354 2795 1416 2814 mus
1427 2794 1536 2815 carcere
1548 2794 1677 2815 coercere
1689 2784 1818 2815 animalia
1828 2807 1836 2821 ,
1858 2784 1960 2822 quibus
1971 2791 2068 2814 natura
2082 2783 2182 2813 caeluni
2192 2784 2377 2821 assignaverat.

1332 2823 1465 2890 Οὲἱὶοᾴἰει
1475 2823 1567 2853 nostra
1579 2823 1648 2853 feras
1661 2825 1687 2854 ἃ
1697 2823 1825 2853 volucres
1835 2832 1976 2853 coercere.
1999 2822 2080 2852 Caius
2089 2822 2118 2851 in
2128 2821 2148 2851 l.
2160 2831 2184 2859 3.
2200 2822 2234 2851 D.
2246 2824 2281 2852 de
2291 2824 2393 2859 acquir.
2405 2833 2458 2853 rer.

1375 2871 1463 2891 omin.

1333 2899 1466 2929 Custodia
1474 2898 1588 2937 publica
1598 2899 1728 2929 coerceri.
1741 2898 1909 2929 Callistratus
1920 2899 1949 2927 in
1961 2897 1979 2928 l.
1994 2897 2176 2928 Succurritur.
2187 2896 2261 2926 Rex
2273 2897 2373 2934 quibus
2384 2898 2458 2928 caus.

1353 2938 1452 2973 major.
1474 2938 1560 2974 Quod
1568 2947 1627 2966 non
1636 2936 1724 2967 solum
1735 2937 1768 2967 ad
1780 2946 1844 2967 eum
1856 2937 1978 2974 pertinet
1987 2936 2033 2973 qui
2047 2935 2158 2969 publica
2169 2935 2294 2965 custodia
2302 2945 2460 2972 coercetur,

1355 2975 1403 3004 sed
1414 2975 1449 3004 ad
1460 2985 1524 3005 eum
1535 2984 1647 3013 quoque
1655 2975 1703 3012 qui
1712 2985 1726 3004 a
1736 2974 1892 3005 latronibus
1903 2975 1929 3004 vi
1941 2973 2084 3012 oppressus
2095 2996 2102 3008 ‚
2124 2973 2245 3002 vinculis
2258 2982 2428 3003 coerceatur.

1298 3013 1320 3043 C
1329 3024 1346 3042 o
1357 3023 1371 3041 ii
1379 3023 1396 3041 a
1405 3022 1422 3042 c
1432 3023 1445 3041 a
1454 3023 1473 3042 N
1484 3023 1495 3042 s
1505 3036 1513 3049 ‚
1535 3014 1616 3044 entis.
1639 3020 1671 3042 ut
1682 3035 1690 3047 ‚
1711 3014 1828 3043 Animus
1838 3014 1901 3043 vitae
1912 3012 2027 3042 claustra
2034 3020 2177 3041 coercens.
2202 3010 2307 3040 Lucret.
2330 3021 2353 3046 3.
2374 3016 2436 3046 396.

1335 3051 1506 3088 Complexus
1513 3050 1573 3080 caeli
1585 3060 1726 3081 coercens.
1758 3051 1816 3081 Cic.
1826 3060 1854 3081 2.
1870 3050 1907 3080 de
1914 3050 1981 3086 Nat..
1991 3050 2074 3079 Deor.
2091 3058 2151 3078 102.
2175 3047 2267 3077 Restat
2280 3050 2394 3078 ultimus
2407 3052 2431 3078 ἅ
2444 3060 2460 3079 a

1354 3089 1505 3119 domiciliis
1513 3090 1608 3119 nostris
1618 3088 1762 3118 altissimus
1772 3111 1781 3124 ,
1805 3089 1902 3118 omnia
1912 3090 2027 3125 cingens
2038 3089 2064 3117 &c
2074 3095 2208 3116 coercens
2217 3086 2275 3116 caeli
2286 3088 2461 3124 complexus.

1296 3126 1319 3156 C
1330 3130 1470 3156 oracta<
1482 3137 1538 3163 us,
1559 3138 1574 3157 a
1589 3149 1597 3162 ‚
1618 3137 1674 3157 um.
1697 3127 1793 3157 Partic,
1815 3123 2039 3163 [συνωςγμὶὶρῲ]
2061 3125 2130 3154 Plin.
2148 3124 2196 3153 lib.
2213 3134 2254 3154 12.
2273 3134 2333 3161 cap.
2350 3135 2372 3153 i.
2396 3126 2460 3153 Pro-

1335 3166 1406 3194 dunt
1423 3165 1536 3203 Alpibus
1555 3166 1708 3201 coercitas,
1730 3168 1824 3196 &tum
1835 3163 2037 3202 inexuperabili
2057 3163 2245 3198 munimento,
2263 3163 2366 3193 Gallias
2384 3164 2458 3193 hanc

1356 3204 1458 3232 timum
1468 3225 1475 3238 ‚
1495 3204 1548 3233 &a

1370 3241 1426 3270 ulta
1434 3241 1621 3271 animadversa
1627 3241 1719 3272 severe
1729 3242 1755 3271 δι
1764 3241 1894 3270 coercita.
1917 3239 1992 3269 Suet.
2003 3238 2110 3268 Neron.
2124 3247 2185 3275 cap.
2199 3240 2242 3267 16.

1335 3278 1441 3309 Vinclis
1453 3280 1584 3309 coercita.
1606 3280 1690 3309 Ovid.
1710 3290 1751 3316 14.
1766 3279 1848 3316 Epist.
1863 3287 1885 3314 3.

1415 3317 1512 3347 Clausa
1524 3318 1610 3346 domo
1621 3327 1720 3347 teneor
1732 3339 1739 3350 ,
1760 3315 1940 3354 gravibusque
1949 3314 2070 3343 coercita
2078 3312 2187 3343 vinclis.

1298 3354 1347 3385 Co
1359 3365 1373 3384 a
1382 3365 1397 3383 R
1408 3365 1468 3384 cri
1479 3365 1496 3385 ο
1508 3377 1515 3389 ,
1539 3358 1564 3386 ἃ
1585 3356 1607 3385 C
1616 3366 1632 3384 o
1642 3366 1654 3384 r.
1663 3366 1679 3383 R
1688 3365 1708 3383 'r
1717 3366 1725 3383 i
1735 3364 1752 3383 o
1762 3376 1769 3389 ‚
1791 3355 1863 3383 onis.
1885 3354 1903 3382 f.
1927 3352 2084 3389 [σύνεεξξις]
2106 3351 2257 3388 Imperium
2274 3353 2300 3381 Sc
2311 3353 2460 3384 audioritas

1337 3403 1389 3430 qua
1399 3393 1496 3431 quisin
1506 3393 1732 3422 subditosiititur.
1772 3392 1870 3421 Paulus
1884 3392 1911 3419 in
1924 3390 1942 3419 l.
1956 3389 2002 3419 fin.
2018 3389 2049 3419 D.
2069 3390 2104 3418 de
2122 3389 2226 3418 Officio
2241 3389 2300 3424 eius
2321 3391 2366 3419 cui
2383 3401 2461 3420 nian-

1336 3432 1400 3460 data
1409 3433 1448 3460 eit
1458 3431 1621 3467 jurisdictio,
1642 3431 1775 3460 Mandata
1785 3428 1978 3465 jurisdictione
1990 3428 2105 3464 privato.
2130 3428 2212 3456 etiarn
2224 3427 2372 3465 imperium
2386 3429 2462 3462 quod

1335 3479 1395 3535 nolti
1404 3470 1441 3499 est
1449 3479 1557 3501 merum
1566 3470 1675 3501 videtur
1686 3468 1826 3497 mandari:
1851 3467 1916 3503 quia
1926 3465 2079 3502 jurisdictio
2096 3465 2153 3494 sine
2171 3466 2285 3495 modica
2301 3468 2462 3497 coerctione

1335 3516 1374 3536 nu
1387 3507 1413 3536 la
1428 3507 1474 3537 est.

1334 3544 1545 3583 Interpellantis
1558 3544 1672 3573 coertio.
1695 3541 1816 3579 Quintil.
1829 3541 1878 3571 lib.
1889 3552 1914 3578 9.
1928 3550 1990 3578 cap.
2000 3550 2026 3572 2.

1334 3582 1461 3613 Onerare
1472 3582 1662 3612 coercionibus
1671 3580 1865 3618 asperioribus.
1907 3578 1979 3608 Cels.
1990 3578 2040 3608 lib.
2055 3588 2080 3615 3.
2095 3588 2155 3616 cap.
2171 3582 2213 3613 18.
2235 3578 2276 3608 Ex
2294 3580 2337 3609 his
2348 3586 2440 3611 autem
2452 3603 2460 3616 ,

1354 3630 1402 3650 eos
1416 3621 1461 3658 qui
1473 3621 1543 3649 intra
1554 3619 1636 3649 verba
1645 3618 1783 3655 delipiunt
1794 3640 1802 3653 ,
1823 3623 1871 3646 aut
1882 3616 1981 3646 Leviter
1991 3618 2075 3646 etiam
2086 3626 2169 3646 manu
2187 3626 2306 3654 peccant
2314 3640 2322 3653 ,
2346 3628 2462 3648 onerare

1355 3658 1538 3696 asperioribus
1549 3657 1740 3686 coertionibus
1749 3654 1949 3693 supervacuum
1961 3655 2007 3684 est.
2049 3654 2089 3683 Al.
2112 3653 2347 3686 Coercitioni'ous.

1299 3696 1322 3727 C
1332 3706 1372 3725 on
1381 3707 1397 3724 a
1407 3706 1424 3725 c
1433 3706 1527 3729 1'1‘10,
1548 3695 1620 3723 onis.
1640 3694 1659 3723 f.
1682 3690 1876 3729 [mamimus]
1899 3691 1991 3721 Livius
2004 3704 2030 3727 4.
2045 3701 2087 3727 53.
2111 3692 2416 3730 Pronuntiaveruiitque
2428 3704 2461 3723 cx

1336 3733 1449 3771 collegii
1468 3733 1623 3767 sententia,
1644 3732 1673 3760 C.
1698 3731 1804 3760 Valerio
1824 3739 1898 3760 cos.
1920 3729 1955 3765 se,
1980 3730 2133 3764 damnum,
2155 3729 2293 3767 aliamque
2314 3733 2463 3760 coercitio.

1336 3782 1412 3806 nem,
1435 3770 1564 3801 adversus
1573 3767 1798 3799 intercessionem
1808 3767 1934 3804 collegae,
1945 3768 2071 3797 deiectus
2088 3767 2167 3797 causa
2179 3768 2397 3798 detrectantibus
2410 3771 2461 3798 min

1337 3809 1426 3838 litiani
1438 3808 1576 3837 iiiiiiberiti
1588 3829 1597 3842 ,
1618 3806 1723 3836 auxilio
1736 3806 1844 3836 futuros
1856 3804 1918 3834 effe.

1335 3846 1510 3877 Delic‘torum
1519 3846 1662 3874 coercitio.
1685 3844 1703 3873 l.
1718 3853 1779 3880 131.
1795 3843 1855 3879 Dig.
1865 3844 1900 3872 de
1916 3842 1986 3874 V.S.

1337 3884 1493 3914 Errantium
1506 3884 1646 3913 coercitio.
1667 3882 1764 3912 senec.
1778 3881 1877 3915 deira,
1899 3890 1960 3919 cap.
1976 3891 2018 3916 ις.

1337 3921 1450 3952 Morum
1460 3921 1602 3950 coercitio.
1624 3920 1643 3950 l.
1659 3930 1701 3956 ις.
1715 3920 1737 3956 §.
1751 3929 1773 3948 1.
1793 3919 1852 3957 Dig.
1871 3919 1908 3948 de
1919 3919 1999 3949 solut.
2016 3918 2138 3949 Matrini.

1336 3958 1505 3995 Popinarurn
1515 3959 1657 3987 coercitio.
1696 3957 1771 3986 Suet.
1783 3957 1881 3986 Claud.
1894 3966 1954 3994 cap.
1971 3963 2012 3994 38.
2047 3958 2111 3994 Qua
2125 3956 2160 3986 de
2170 3954 2249 3986 causa
2259 3955 2343 3985 etiam
2352 3955 2458 3984 coerci-

1356 3997 1464 4027 tionem
1476 3997 1646 4035 popinarum
1655 3993 1781 4027 aediiibus
1790 3996 1903 4026 ademit.

1855 4035 1878 4063 A
1889 4042 1903 4061 a
1914 4042 1930 4062 a
1939 4042 1954 4062 a
1976 4041 1989 4068 3
2361 4030 2459 4060 Seiva·
