2600 4177
386 165 410 198 B
508 163 542 198 O
640 161 675 197 N

28 247 72 278 Bo
81 257 100 276 M
111 257 125 275 B
135 257 153 276 Υ
164 257 196 276 21
207 257 224 276 U
233 256 245 275 s
254 267 262 280 .,
282 243 471 282 [βοριζύλιῶιι]
494 245 581 282 Apum
594 244 733 281 quoddam
745 254 830 281 genus
843 246 1032 283 Obstreperum
1045 269 1051 281 ‚
1074 257 1087 276 3
1098 247 1179 276 Bom-

65 285 100 313 bo
115 294 197 321 quem
211 285 271 313 edit
284 282 453 321 appellatum
465 304 472 315 ,
493 283 590 319 ingens
602 282 716 318 quidem
727 304 734 316 ‚
754 282 800 311 sed
821 284 854 311 ad
875 285 1047 313 mellilicium
1067 285 1176 314 inutile.

64 322 138 351 favos
149 322 194 351 libi
206 322 291 350 netstit
304 331 319 349 e
332 321 399 349 luto.
441 320 514 349 Hinc
532 319 691 356 Bombylius
704 319 789 348 homo
802 342 808 351 .
830 322 979 357 proverbio
997 323 1098 350 dicitur
1117 323 1181 351 Ver-

66 358 164 390 bosus.
186 359 320 394 multique
331 357 474 395 strepitus,
496 364 619 386 ceterum
633 357 747 386 inutilis.
792 358 889 387 Erasm.
912 359 942 388 V.
965 362 990 389 δι
1005 361 1069 388 dict.
1087 359 1140 395 seq.

65 397 108 427 Est
119 398 144 426 &
157 396 318 432 Bombylius
329 417 337 429 7
358 395 506 431 Angustum
523 394 665 432 poculum,
687 395 758 423 inter
772 396 924 430 potandum
938 397 1072 426 bombum
1084 397 1180 432 edens,

85 440 114 463 ut
124 444 157 463 ex
172 434 329 463 Antisthene
338 433 420 461 refert
435 431 529 461 Pollux
540 432 586 461 lib.
598 435 622 461 6.
636 442 661 465 o.
683 432 756 461 cons.
775 432 887 470 Buleng.
900 434 935 463 de
946 434 1060 463 Conviv.
1073 445 1098 469 4.
1115 444 1156 470 17.

32 472 184 503 Bonni'x
202 493 210 506 ‚
232 471 300 500 freis.
323 480 359 499 m.
382 469 525 506 [fidpzssvg]
547 469 654 499 Animal
672 480 705 498 ex
723 469 887 499 inter-“rorum
898 482 1007 508 genere.
1052 472 1118 501 Plin.
1132 472 1180 500 lib.

71 519 111 539 11.
123 518 182 546 cap.
197 518 241 538 22.
283 508 420 544 Quartum
434 508 504 536 inter
519 508 580 536 hmo
598 517 684 544 genus
696 507 734 536 est
749 508 919 544 bombycum
932 532 940 544 ,
961 511 989 538 in
1011 509 1109 547 Assyria
1121 519 1185 547 pro-

67 547 179 576 veniens
192 568 200 581 ‚
223 546 311 581 majus
333 555 413 582 quam
432 545 509 582 supra
525 546 608 574 dicia.
648 545 738 573 Nidus
758 545 816 574 luto
835 546 961 582 lingunt,
983 546 1042 576 salis
1068 547 1158 584 specie
1173 568 1182 580 ‚

67 583 218 622 applicatos
229 583 333 620 lapidi,
355 590 430 612 tanta
443 583 541 612 duritia
553 605 561 615 ,
582 588 613 611 ut
623 582 735 620 spiculis
751 583 881 620 perforari
894 584 1059 622 vixpoffint.
1102 584 1132 613 ln
1151 585 1183 612 iis

67 624 93 652 ἂ
106 631 179 651 ceras
194 621 294 658 largius
307 630 388 658 quarn
407 630 472 657 apes
491 621 615 655 faciunt,
638 620 740 649 deinde
762 621 895 656 majorem
915 623 1108 651 vermiculum.
1152 621 1184 650 Et

62 659 118 694 *alia
130 659 227 688 horum
239 659 316 696 origo
329 668 343 687 e
356 658 501 695 grandiore
514 657 664 688 vermiculo
677 679 685 691 ,
706 659 814 694 gemina
824 660 1009 695 protendente
1026 658 1064 689 sui
1077 659 1184 697 generis

68 706 178 726 cornua.
223 697 343 726 Primum
361 705 442 725 eruca
466 696 515 724 iit:
551 696 659 725 Deinde
676 696 751 732 quod
773 702 885 725 vocatur
902 697 1079 734 bombylius,
1101 707 1135 726 ex
1153 706 1185 725 ea

67 734 215 772 necydalns
227 756 235 769 ‚
256 744 290 763 ex
305 734 359 762 hoc
380 735 409 762 in
428 733 473 762 sex
488 733 625 762 mensibus
640 732 773 770 bombyx.
814 733 896 763 'selas
915 745 1078 764 araneorum
1099 734 1185 764 modo

67 778 164 801 texunt
180 772 214 800 ad
234 772 334 800 vestem
360 771 511 806 luxumque
536 771 719 803 seminarum,
752 781 812 807 quae
831 771 999 810 bombycina
1019 772 1183 810 appellatur.

68 809 155 839 Prima
171 819 216 838 eas
236 809 388 844 redordiri,
411 809 553 845 rursusque
573 816 666 838 texere
685 809 793 837 invenit
806 810 833 837 in
855 810 911 838 Ceo
925 809 1024 839 mulier
1047 809 1187 846 Pamphila

68 847 146 877 Latoi
157 847 229 882 filia,
251 857 309 876 nori
318 847 468 876 fraudanda
487 847 573 884 gloria
586 847 747 883 excogitatae
765 847 878 875 rationis
893 869 901 879 .
920 854 951 876 ut
968 848 1093 878 denudet
1108 847 1188 877 femi-

70 895 118 915 nas
131 885 219 914 vestis.
242 884 361 914 Martial.
378 884 426 913 lib.
441 890 464 918 8.
485 885 563 922 Epig.
578 893 621 920 33.
634 885 668 913 ad
684 883 798 913 Paulum
811 885 845 914 de
856 884 963 921 Phiala,

148 923 209 952 Nec
219 932 285 960 vaga
298 930 353 951 tam
366 923 443 952 tenui
456 922 586 951 discursat
597 931 693 951 aranea
711 922 764 951 tela
776 945 782 955 ,

185 960 256 990 Tam
270 960 330 989 leve
341 969 393 989 nec
406 961 529 998 bombyx
543 959 682 998 pendulus
694 968 773 997 urget
783 970 863 997 opus.

70 997 194 1035 Bombyx
204 1020 212 1034 ‚
234 1008 284 1036 pro
301 998 555 1028 Materiaillaunde
566 998 635 1027 fiunt
646 998 731 1027 vestes
743 997 917 1035 bombycinae
928 1021 936 1032 ,
966 999 1075 1037 generis
1092 998 1130 1027 est
1150 997 1188 1028 fe-

86 1036 197 1066 minini.
240 1035 319 1065 Unde
338 1036 414 1074 apud
434 1036 502 1065 Plin.
523 1035 571 1064 lib.
590 1045 631 1065 11.
644 1045 704 1073 cap.
719 1045 761 1070 23.
788 1036 887 1065 titulus
909 1037 963 1069 est.
987 1037 1027 1065 De
1050 1037 1188 1073 bombyce

89 1073 155 1103 Coa.
197 1073 231 1103 Et
248 1073 316 1102 ibid.
334 1081 403 1103 extr.
445 1074 544 1111 Assyria
557 1081 650 1102 tamen
663 1073 801 1110 bombyce
816 1074 908 1103 adhuc
928 1075 1038 1103 seminis
1052 1075 1188 1103 cedimus.

90 1111 176 1148 Quod
187 1111 204 1140 si
218 1120 268 1149 pro
279 1113 394 1141 materia
403 1113 555 1149 reperiatur
566 1112 594 1140 in
604 1121 705 1148 genere
714 1111 865 1141 masculino
875 1134 883 1147 ‚
906 1112 949 1142 vel
960 1122 1011 1151 pro
1023 1112 1094 1142 veste
1107 1122 1142 1142 ex
1156 1121 1189 1141 ea

90 1150 203 1178 materia
213 1171 221 1183 ,
244 1149 388 1187 respicitur
399 1150 435 1179 ad
447 1149 639 1179 vermiculum.

71 1187 183 1218 Arabius
194 1187 328 1224 bombyx.
351 1187 472 1225 Propert.
490 1187 538 1217 lib.
553 1197 578 1216 2.
595 1197 620 1216 2.
634 1197 679 1223 25-

152 1225 209 1254 Nec
224 1225 296 1262 fiqua
310 1224 420 1254 Artabio
431 1226 506 1255 lucet
516 1224 653 1262 bombyce
668 1224 769 1263 puella.
902 1225 976 1255 conf.
997 1225 1072 1262 Bays.
1095 1225 1130 1254 de
1146 1225 1189 1255 Re

90 1262 159 1293 Vest.
175 1272 234 1300 cap.
248 1268 273 1292 6.
293 1262 364 1292 Vols.
378 1263 413 1292 de
426 1264 490 1292 Hist.
504 1263 549 1293 Gr.
561 1272 621 1300 cap.
635 1273 679 1293 22.
693 1270 764 1293 extr.
790 1265 816 1293 ἃ
838 1263 948 1293 Salmas.
970 1264 1000 1292 in
1014 1263 1133 1294 Tertull.
1155 1264 1192 1293 de

88 1300 174 1330 Pallio
186 1322 194 1335 ‚
216 1310 243 1338 p.
256 1310 318 1336 234.
332 1302 357 1331 ἃ
368 1300 463 1330 Exere.
478 1301 546 1330 Plin.
559 1311 586 1338 p.
601 1305 664 1337 29⁶·

71 1338 226 1376 Bombyces
239 1360 247 1374 ,
268 1339 297 1367 in
307 1338 408 1375 Longis
425 1339 502 1368 tibiis
513 1344 655 1376 ponuntur
667 1339 701 1368 ab
722 1339 863 1369 Aristotele
881 1338 932 1371 omi
947 1340 1038 1369 ἀκκςῶν
1051 1362 1059 1375 ,
1081 1349 1147 1377 quas
1164 1340 1192 1369 ἃ.

91 1375 230 1405 difficilius
248 1376 317 1406 dicit
332 1377 439 1406 inflari:
464 1374 548 1406 πυέῆες
566 1373 596 1409 a&
626 1377 759 1417 (influit)
786 1379 899 1412 χαλεπῶς
919 1378 1025 1414 maggen
1038 1377 1083 1404 τὲς
1101 1376 1194 1413 Crista&-

88 1425 151 1449 κως,
173 1417 195 1450 722
210 1411 273 1445 μεπὶ
289 1414 403 1443 wltaviae
419 1416 520 1449 πνᾶκῆς,
589 1411 594 1421 l
608 1411 633 1440 ‘nl
650 1419 739 1450 pena&
758 1415 777 1442 ‘23
790 1415 932 1445 bebryciam.
973 1414 1118 1445 calamum
1126 1425 1194 1452 quo-

81 1461 148 1489 sque
163 1451 227 1481 huic
241 1452 371 1481 tibiarum
387 1453 481 1489 generi
500 1453 635 1483 idoneum
662 1453 786 1490 appellat
810 1452 948 1488 Cos-cazlau«
973 1453 1191 1492 Theophrastus.

93 1489 131 1519 Ex
143 1489 286 1519 Turnebo.
327 1489 358 1519 V.
387 1500 401 1518 B
412 1500 428 1519 0
438 1501 457 1519 M
468 1500 551 1520 ssYci
563 1501 580 1520 u
589 1501 610 1520 s.

39 1528 286 1559 BoMBYcrNus
298 1549 306 1562 .,
327 1537 342 1557 a
355 1550 363 1562 ‚
385 1538 441 1557 um.
464 1528 654 1565 [βομιξυκινὸς]
675 1534 706 1558 ut
721 1550 729 1564 ‚
752 1528 836 1558 Vestis
856 1528 1026 1566 bombycina
1049 1529 1124 1567 apud
1142 1527 1194 1558 Pli-

73 1565 161 1595 nium.
182 1565 280 1601 Juven.
294 1569 320 1595 6.
336 1566 390 1595 Sat.
403 1570 466 1596 260.

423 1620 497 1625 —-—
510 1613 626 1641 quarum

166 1641 287 1671 Delicias
296 1643 321 1672 &
332 1641 499 1679 panniculus
509 1642 698 1679 bombycinus
710 1643 774 1672 urit.
875 1641 951 1672 Hinc

39 1679 84 1710 130
92 1688 235 1709 mirem
247 1690 265 1708 A
276 1702 284 1715 ,
301 1690 389 1709 orum.
412 1690 439 1710 n.
458 1680 496 1718 pl.
519 1681 673 1717 [βομζύωι]
692 1681 784 1711 Vestes
795 1679 857 1710 sunt
867 1680 1032 1710 tenuissimae
1044 1702 1052 1716 ‚
1072 1679 1194 1709 exhom-

76 1717 145 1755 byce
156 1717 299 1747 confectae.
322 1717 439 1747 Martini.
454 1724 479 1752 8.
493 1722 537 1752 68.

159 1755 323 1785 Femineum
334 1756 410 1785 lucet
424 1757 459 1786 lic
470 1766 519 1795 per
532 1754 699 1794 bombycina
710 1766 820 1794 corpus.

75 1793 158 1823 minit
168 1793 277 1831 Ulpian.
289 1794 318 1823 in
328 1793 345 1823 1.
358 1803 402 1830 23.
421 1795 442 1831 §.
457 1806 478 1823 i.
498 1795 530 1824 D.
544 1795 641 1824 deaur.
656 1796 681 1824 ἃ
692 1805 746 1832 arg.
760 1795 811 1832 leg.

39 1831 61 1862 B
70 1841 87 1860 ο
97 1842 139 1861 ME
149 1842 168 1860 Y
177 1841 194 1860 c
204 1843 213 1860 1
225 1842 242 1861 υ
252 1841 265 1861 s
274 1852 287 1867 γ
302 1841 318 1861 a
329 1854 337 1867 ,
358 1842 415 1862 uni.
438 1839 470 1862 ut
479 1854 486 1867 ‚
508 1832 665 1870 Bombyciae
675 1833 834 1862 arundines.
854 1832 923 1863 Plin.
935 1832 982 1862 lib.
1000 1836 1042 1862 16.
1057 1835 1100 1870 36.

40 1869 61 1900 B
70 1879 86 1898 o
95 1881 116 1898 M
125 1880 139 1898 n
149 1879 167 1899 Y
177 1879 195 1898 c
203 1872 241 1899 ἴΝ
251 1880 269 1899 0
283 1891 291 1904 ‚
311 1879 365 1900 are.
386 1870 537 1908 Purpuram
550 1871 650 1901 facere.
673 1870 756 1900 Gloss.
775 1871 869 1900 Isidor.

41 1907 86 1937 Bo
95 1918 116 1936 M
126 1918 142 1936 B
151 1917 170 1937 ’ί
178 1917 212 1937 cr
224 1918 243 1937 N
253 1912 271 1937 72
279 1917 298 1936 T
307 1918 324 1937 o
334 1918 348 1936 R
357 1930 366 1943 ,
389 1909 451 1938 (iris.
474 1918 511 1938 m.
535 1909 686 1946 Purpuram
696 1909 811 1938 faciens.
835 1908 903 1938 ibid.

42 1944 86 1975 Bo
96 1956 117 1974 M
127 1956 136 1974 1
145 1957 160 1973 L
170 1955 187 1974 c
197 1955 215 1974 A
224 1956 241 1974 R
252 1967 260 1981 ‚
282 1945 369 1975 Filius
387 1946 526 1976 Amilcaris
538 1947 617 1976 ducis
629 1945 779 1976 Poenorum
792 1969 800 1982 ,
821 1948 847 1977 ἃ
866 1946 923 1984 ipse
941 1946 999 1975 dux
1008 1968 1016 1981 ‚
1036 1946 1152 1975 veniens
1166 1945 1196 1975 iri

64 1982 261 2021 ‘suspicionem
275 1983 534 2022 Carthaginensibus
549 1994 585 2013 ne
600 1986 626 2014 ἀ
639 1984 696 2022 ipse
712 1995 777 2014 cum
791 1984 943 2022 Agathocle
957 1983 1143 2022 conspiraret,
1166 1985 1197 2012 in

78 2022 174 2050 medio
187 2022 247 2051 foro
258 2021 384 2059 patibulo
398 2021 508 2052 suffixus
520 2023 557 2051 est
570 2033 576 2051 :
598 2023 673 2051 unde
682 2022 728 2052 ille
739 2033 839 2060 magno
851 2023 945 2052 animo
957 2022 992 2051 de
1004 2031 1086 2051 cruce
1097 2022 1127 2050 in
1137 2021 1198 2050 Poe-

79 2069 130 2088 nos
139 2059 347 2089 declamitando
357 2082 365 2096 ‚
387 2070 484 2090 eorum
493 2061 732 2098 ingratitudinem,
745 2068 826 2098 atque
838 2060 1033 2090 crudelitatem
1047 2060 1141 2089 tamin
1152 2070 1198 2097 pa-

77 2103 147 2170 tlresrp
161 2097 240 2164 sulugi
262 2098 444 2134 Amilcarem,
465 2108 548 2136 quam
565 2098 685 2136 reliquos
706 2099 792 2129 duces
813 2098 1025 2137 exprobrando,
1047 2098 1194 2136 expiravit.

97 2145 114 2164 u
138 2145 175 2164 in.
200 2145 208 2164 i
230 2144 370 2165 ,22.c..

45 2172 117 2204 Bom
128 2182 164 2201 1‘r
173 2183 197 2201 ιε
209 2194 218 2209 ,
239 2145 462 2212 Oppidi⁷nomen
473 2174 512 2204 est
526 2174 555 2204 in
567 2175 673 2205 Amano
689 2181 786 2205 monte
797 2176 844 2213 qui
860 2174 966 2212 Syriam
981 2183 997 2203 a
1017 2173 1114 2203 Cilicia
1134 2172 1199 2202 diri-

81 2211 140 2240 mit.
161 2211 231 2240 Plin.
244 2210 294 2241 lib.
305 2223 329 2248 ς.
346 2222 406 2250 cap.
420 2222 464 2242 22.

45 2248 90 2279 135
99 2260 118 2277 Μ
128 2251 145 2279 ὂ
155 2260 171 2277 L
180 2251 198 2279 ὅ
207 2259 252 2278 εΗ
264 2260 280 2279 υ
291 2259 303 2279 s
313 2272 321 2285 ,
345 2251 363 2279 i.
387 2260 423 2279 m.
447 2251 655 2286 [βωμρλόχῶι]
676 2251 788 2288 proprie
800 2250 857 2287 Qui
868 2249 917 2280 sub
933 2259 991 2279 aras
1012 2250 1042 2278 in
1062 2248 1201 2279 sacrificiis

80 2285 173 2316 sedere
184 2287 335 2317 consuevit.
371 2288 410 2317 Ex
420 2287 500 2321 ξωμρς
516 2298 577 2322 ara,
599 2290 625 2318 Sc
639 2288 717 2324 aazias
734 2289 853 2318 inlidior.
896 2288 954 2325 Qui
965 2287 1050 2317 etiam
1062 2288 1092 2316 in
1102 2287 1201 2317 sacrifi-

72 2325 131 2354 ”ciis
143 2325 327 2363 suscipiuntur
343 2325 473 2355 tibicines
485 2328 511 2356 St
523 2327 682 2356 vaticinium
702 2327 863 2364 profitentes
879 2325 1044 2355 Bomolochi
1063 2325 1202 2354 vocaban-

79 2369 132 2392 tur.
171 2363 212 2392 Ex
224 2363 418 2398 translatione,
440 2364 460 2393 Ii
474 2365 557 2393 etiam
567 2365 604 2393 ita
614 2365 681 2394 dieti
692 2365 755 2395 sunt
765 2374 863 2394 omnes
876 2387 883 2398 ,
906 2364 953 2401 qui
963 2363 1058 2393 faciles
1068 2363 1202 2393 humiles-

81 2410 134 2438 que
148 2401 242 2430 omnia
262 2401 333 2431 lucri
350 2403 436 2439 gratia
447 2403 601 2439 perferrent
617 2403 748 2439 jocando.
777 2403 809 2432 V.
834 2402 899 2432 Cari.
918 2401 1011 2431 Rhod.
1034 2412 1075 2431 10.
1091 2405 1117 2431 6.
1149 2401 1202 2431 Bu-

80 2437 154 2476 leng.
169 2440 204 2468 de
213 2439 327 2469 Theatr.
346 2449 368 2468 i.
381 2449 425 2476 43.
448 2440 572 2470 Saubert.
584 2441 620 2470 de
628 2441 724 2471 Sacris.
737 2451 797 2478 cap.
812 2450 854 2470 20.
897 2440 1103 2476 [Frequentius
1113 2439 1141 2468 id
1151 2449 1202 2468 no-

82 2485 146 2506 men
157 2478 230 2515 apud
247 2477 357 2507 Graecos
367 2478 400 2507 iis
410 2477 539 2507 tribuitur
552 2500 559 2513 ,
581 2479 627 2516 qui
639 2479 673 2508 ad
690 2479 882 2509 scurrilitatem
902 2488 937 2507 ex
956 2478 1103 2507 dicacitate
1115 2478 1203 2507 nimia

81 2514 199 2553 prolapsi
210 2537 218 2549 ‚
239 2525 275 2544 ne
285 2516 320 2545 de
333 2515 413 2545 sacris
424 2516 537 2553 quidem
547 2517 628 2547 rebus
640 2517 788 2555 loquentes
796 2518 899 2555 linguae
908 2516 976 2547 vitio
985 2523 1140 2554 temperare
1151 2525 1202 2545 no-

8 2561 32 2599 ¹1¹
82 2558 154 2583 runt.
196 2553 226 2583 V.
252 2554 326 2585 Arist.
350 2553 414 2584 Eth.
433 2554 578 2592 Nicom.4‘.
594 2564 636 2592 14.

926 1757 1033 1787 Harum
1043 1758 1128 1786 etiam
1138 1764 1196 1785 me-

1146 2595 1159 2618 X-

481 2682 505 2717 Β
604 2683 639 2718 O
732 2683 766 2718 N

20 2795 33 2819 '.
79 2784 125 2805 oN
135 2785 155 2805 A
171 2775 229 2806 Dea
242 2799 250 2812 ‚
271 2776 390 2814 [Ἀγκῖνῖ
409 2778 483 2814 9εὸς]
498 2788 580 2815 quam
589 2784 696 2809 veteres
707 2779 831 2808 Farinam
842 2777 897 2808 sive
910 2778 1025 2808 Fatuam
1035 2800 1044 2813 ,
1065 2775 1119 2807 sive
1137 2776 1205 2806 Sen-

87 2819 143 2843 tam
158 2814 262 2845 dixere.
306 2816 386 2846 Hanc
400 2816 483 2846 Varro
495 2816 600 2854 scripsit
612 2824 694 2847 tantae
706 2818 849 2855 pudicitiae
861 2816 940 2846 fuisse
950 2839 958 2852 ‚
979 2824 1011 2846 ut
1022 2815 1115 2845 nullus
1127 2815 1205 2844 illam

87 2851 154 2881 dum
164 2853 234 2881 vixit
242 2875 250 2886 ‚
271 2861 370 2890 praeter
379 2855 469 2884 virum
480 2877 487 2890 ‚
510 2865 566 2883 mas
577 2855 679 2885 viderit
690 2878 697 2889 .
720 2865 772 2885 nec
780 2865 884 2884 nomen
895 2855 955 2891 ejus
965 2854 1099 2884 audierit:
1121 2862 1206 2892 prop-

78 2895 127 2923 vter
136 2891 211 2927 quod
226 2890 306 2920 illiin
320 2899 418 2930 operto
436 2892 625 2922 sacrificabant
644 2893 793 2928 mulieres,
815 2894 842 2923 &
861 2893 966 2922 Bonam
985 2893 1065 2922 deam
1083 2891 1206 2930 appella-

78 2926 160 2967 bant.
198 2928 287 2964 Hujus
298 2929 382 2959 Bonae
393 2931 452 2960 deae
464 2931 592 2960 meminit
610 2931 669 2960 Cic.
684 2932 720 2961 de
735 2930 827 2969 Arusp.
841 2929 922 2969 Resp.
935 2940 980 2967 27.
1023 2930 1054 2960 V.
1077 2932 1206 2960 auctores

0 2998 24 3008 μ
87 2965 243 3004 ‚complures
254 2966 283 2995 in
297 2966 361 2997 Lex.
379 2968 467 2998 Pitisc.
482 2970 508 2998 &
518 2967 654 3006 Lipsiensi.

34 3011 38 3018 ’
82 3007 237 3039 ouKsus,
258 3004 419 3042 [sso'vow&]
439 3006 505 3036 Feta
524 3007 580 3042 est,
602 3017 662 3044 quae
682 3007 739 3043 (ut
757 3006 850 3036 scribit
862 3005 1038 3041 Aristoteles)
1059 3005 1088 3034 in
1108 3012 1206 3036 monte

29 3050 37 3066 '-
87 3040 201 3079 Mesapo
212 3063 220 3077 ‚
241 3043 288 3079 qui
304 3043 439 3079 Paeoniae,
461 3055 494 3074 ac
510 3044 613 3074 Moefiae
632 3044 710 3075 limes
726 3045 778 3079 est,
799 3044 939 3074 invenitur
951 3066 959 3079 ‚
984 3044 1062 3078 cuius
1077 3044 1207 3073 meminit

90 3080 116 3109 δε
133 3079 201 3109 Plin.
217 3079 264 3109 lib.
276 3086 301 3114 8.
319 3091 380 3119 cap.
402 3092 444 3117 ις.
485 3081 576 3112 Habet
593 3090 678 3121 caput
693 3083 832 3112 taurinum
845 3104 852 3116 ,
873 3091 975 3120 corpus
997 3091 1061 3110 vero
1079 3083 1105 3111 Sc
1125 3082 1206 3118 jubas

89 3117 153 3154 equi
165 3127 171 3147 :
193 3117 291 3148 latiore
304 3124 397 3148 tamen
409 3130 525 3158 corpore
535 3121 573 3150 est
584 3130 665 3158 quam
676 3120 728 3150 bos
738 3143 746 3156 ,
767 3120 814 3150 sed
825 3119 882 3158 pilo
899 3119 1028 3149 molliore
1044 3129 1125 3156 quam
1140 3119 1206 3152 iuba

2 3186 11 3199 Ι,
87 3156 206 3192 equina,
228 3157 254 3185 &
269 3157 471 3195 compositiore.
494 3157 578 3188 Color
588 3158 639 3197 pili
651 3160 737 3197 totius
746 3159 871 3196 corporis
886 3158 988 3191 flavus.
1009 3156 1075 3193 juba
1086 3158 1205 3195 prolixa,

25 3194 40 3214 ·.‹
91 3193 159 3223 &ad
167 3193 263 3224 oculos
274 3194 357 3231 usque
368 3195 498 3226 demissa:
521 3205 624 3226 cornua
635 3197 759 3231 adunca.
780 3197 869 3226 multo
885 3196 961 3225 flexu
973 3197 1002 3224 in
1023 3194 1050 3224 se
1064 3203 1208 3225 recurvata

32 3244 37 3255 v
91 3232 116 3260 ἃ
128 3241 229 3269 pugnae
239 3232 347 3262 inutilia
356 3234 426 3270 gerit
437 3256 444 3268 ,
461 3235 656 3272 magnitudine
666 3235 797 3273 palmari:
819 3243 918 3263 vocem
928 3233 1044 3263 similem
1052 3232 1116 3262 bovi
1126 3234 1208 3263 emit-

22 3277 30 3290 ’-
75 3269 137 3298 »titz
158 3269 378 3308 caretsuperiore
388 3272 516 3301 dentium
533 3273 652 3302 ordine:
674 3282 753 3303 crura
771 3272 874 3301 hirsuta
896 3272 980 3301 habet
992 3293 1000 3307 ‚
1021 3272 1047 3300 ἃ
1065 3271 1152 3308 pedes
1168 3272 1209 3300 bi-

26 3310 31 3324 *
88 3305 186 3351 fulcos.
229 3308 268 3337 Ab
279 3307 387 3338 AEliano
399 3309 522 3347 Monops
532 3310 694 3348 appellatur.
734 3310 867 3340 Meminit
885 3310 945 3346 ejus
961 3311 988 3340 ἃ.
1006 3308 1118 3339 Solinus
1130 3331 1139 3345 ‚
1159 3309 1208 3347 qui

1 3349 11 3358 ³
33 3353 49 3366 ·
90 3352 161 3376 circa
177 3345 319 3383 Phrygiam
331 3347 357 3376 δι
368 3346 482 3384 Lydiam
492 3348 627 3378 Bonasum
638 3348 711 3379 nasci
726 3349 818 3379 tradit.

87 3391 291 3418 minacia,
330 3384 361 3413 V.
384 3395 607 3415 ssstlNGUA.

88 3429 228 3451 ONITAS
243 3443 251 3457 ‚
273 3422 523 3452 BoNiTARrus.
564 3423 596 3453 V.
622 3433 751 3454 nouus.

45 3461 53 3478 ³
87 3461 231 3488 ὂΝδΝιΑ
243 3481 251 3494 ‚
282 3460 433 3496 [smmum]
460 3460 557 3491 Galliae
578 3468 678 3498 togatae
697 3462 828 3500 princeps
844 3459 956 3489 colonia
968 3481 976 3493 ,
1006 3459 1112 3489 Felsina
1135 3461 1210 3490 voci-

26 3516 47 3544 .'
92 3501 166 3571 mail?
187 3497 216 3526 in
237 3498 333 3528 oetava
349 3497 433 3528 Italiae
447 3499 568 3537 regione.
590 3499 660 3529 Plin.
681 3499 729 3530 lib.
749 3509 773 3537 3.
794 3509 855 3537 cap.
875 3507 918 3534 15.
958 3497 1049 3535 Vulgo
1066 3499 1169 3535 Bologne
1185 3500 1212 3527 la

48 3549 53 3558 n
109 3543 136 3560 Μ
155 3546 174 3562 ι’.

48 3608 50 3610 .
87 3541 331 3608 guouirusis,
361 3583 386 3602 e.
411 3573 606 3610 [Βωιωνιίσιῶι]
628 3574 685 3604 Cic.
700 3574 735 3603 de
749 3573 820 3603 Clar.
833 3574 908 3603 Orat.
929 3576 990 3608 169.
1023 3572 1054 3602 C.
1077 3573 1211 3605 RusticeL

32 3610 58 3635 'r
94 3607 135 3638 lus
147 3610 324 3640 Bononiensis
333 3632 342 3645 ‚
362 3611 385 3640 is
398 3612 511 3649 quidem
521 3614 546 3642 ἃ
558 3614 725 3642 exercitatus
735 3634 744 3647 ‚
765 3614 791 3642 δι
802 3618 898 3641 natura
908 3610 1047 3640 volubilis.

39 3651 55 3689 Αἱ
90 3655 107 3675 0
116 3656 179 3676 Nos
188 3658 206 3676 u
216 3657 227 3677 s
237 3669 245 3683 ‚
266 3648 455 3678 Romanorum
466 3657 598 3687 tyrannus
608 3650 684 3679 mirae
695 3649 851 3679 bibacitatis
861 3671 869 3684 ‚
891 3649 928 3678 de
946 3658 1002 3685 quo
1023 3647 1161 3678 Aureliani
1178 3649 1211 3678 il-

29 3694 36 3726 ζ
95 3684 143 3714 lud
162 3684 331 3719 celebratur,
353 3687 419 3716 Non
437 3697 468 3716 ut
484 3688 588 3717 viveret
608 3687 688 3717 illurn
702 3687 756 3717 esse
767 3695 881 3722 natum,
902 3685 951 3715 sed
962 3692 991 3715 ut
1000 3686 1115 3716 biberet.
1157 3687 1211 3717 Hic

52 3738 54 3744 ·
97 3723 301 3759 quantumlibet
320 3724 448 3760 bibisset,
469 3725 576 3764 semper
586 3725 697 3755 securus
706 3732 764 3755 erat
777 3727 803 3755 &
815 3725 919 3754 sobrius
933 3745 941 3759 ‚
966 3725 992 3753 ἃ
1002 3733 1144 3762 nunquam
1154 3735 1214 3754 non

30 3790 32 3793 ,
96 3760 162 3789 vino
183 3761 344 3797 prudentior
359 3784 366 3797 ‚
388 3764 413 3792 δι
437 3770 570 3800 quantum
589 3763 715 3797 bibisset,
737 3763 903 3792 tantundem
918 3761 1055 3791 reddebat
1076 3762 1164 3792 vesica
1179 3763 1214 3792 ad

16 3825 17 3836 γ
39 3806 55 3824 ε
93 3798 289 3834 -aequilibrium
329 3800 413 3830 Hunc
431 3801 466 3829 ad
482 3801 612 3838 laqueum
623 3811 708 3838 quum
721 3799 851 3838 coegisset
865 3799 967 3829 Probus
984 3799 1134 3837 imperator
1145 3823 1153 3833 .
1174 3802 1214 3837 ja.

2 3856 18 3880 ᾗς,
97 3836 200 3865 <tatum
211 3836 249 3865 est
260 3836 370 3866 militari
389 3839 469 3874 joco,
491 3838 661 3876 Amphoram
677 3839 801 3877 pendere
817 3848 873 3867 non
889 3838 1042 3866 hominem.
1084 3837 1115 3867 V.
1146 3838 1212 3869 Cael.

5 3877 17 3905 ’ξ
47 3897 50 3899 .
97 3871 188 3903 Rhod.
198 3873 246 3902 lib.
259 3883 303 3908 29.
319 3884 380 3910 cap.
396 3886 419 3904 1.
430 3877 505 3906 conf.
521 3876 629 3915 Vopisc.
646 3877 676 3906 in
688 3877 750 3907 Vita
764 3877 833 3913 ejus.
855 3875 971 3913 Buleng.
984 3875 1019 3904 de
1031 3875 1146 3906 Conviv.
1159 3885 1214 3912 3.1.

8 3913 9 3920 ¹
98 3911 127 3940 ’δι
138 3911 237 3940 Donat.
252 3911 373 3942 Dilucid.
394 3924 421 3951 p.
435 3924 499 3949 950.

40 3954 54 3972 ν
65 3971 67 3974 .
79 3945 138 3976 iou
149 3948 350 3986 us‚.[0'27a91³;‚
370 3949 470 3987 rank]
492 3951 552 3988 Adj.
574 3952 715 3990 (antique
735 3952 807 3981 BEN
819 3962 838 3980 u
849 3961 878 3986 s,
898 3950 975 3980 unde
996 3949 1107 3981 adverb.
1129 3951 1216 3988 Bene,

14 4005 28 4033 ἦ
44 3992 49 4003 ’
101 3986 306 4056 quoldoa·B<}o)
326 3998 448 4027 compar.
468 3989 589 4027 melion
611 3991 637 4021 ἂι
648 3989 747 4029 superl.
763 3990 905 4028 Optimus.
927 3988 992 4019 Ter.
1005 3989 1076 4020 And.
1092 4000 1115 4026 5.
1129 4001 1156 4026 4.
1173 3999 1216 4021 12.

1598 168 1622 202 Β
1717 168 1752 203 O
1859 168 1894 204 N
2328 185 2391 217 353

1286 248 1379 278 Bonus
1399 249 1445 278 hic
1466 249 1504 278 est
1527 250 1576 279 vir.
1618 249 1695 279 Idem
1709 249 1784 279 Adel.
1801 260 1823 285 5.
1838 258 1864 286 7.
1879 259 1922 286 74.
1948 250 2025 279 Nihil
2043 252 2118 281 enim
2139 251 2198 280 vidi
2217 254 2333 289 melius,
2356 256 2395 284 nii

1308 294 1374 315 ater.

1269 296 1385 352 Aldinius
1396 324 1485 352 bonus
1497 346 1504 358 ,
1527 335 1576 361 pro
1587 324 1739 361 Sapientia.
1767 323 1851 354 Plaut.
1867 324 1963 353 Pseud.
1980 335 2003 354 1.
2020 337 2043 361 5.
2060 335 2103 362 37.

1352 361 1442 389 lionus
1458 363 1565 390 animus
1578 363 1605 390 in
1617 362 1689 391 mala
1700 372 1727 391 re
1739 362 1888 391 dimidium
1900 362 1937 390 est
1949 363 2022 393 mali.
2081 364 2261 400 Frequentius
2274 374 2324 400 pro
2336 366 2400 394 Ani-

1291 408 1338 426 mo
1347 398 1410 426 sorti
1422 400 1447 427 ἃ
1459 399 1616 433 obfirmato,
1629 406 1658 428 ut
1672 400 1771 428 Animo
1783 400 1857 428 bono
1870 410 1907 433 es,
1922 400 1964 429 vel
1978 401 2056 429 Bono
2068 402 2161 429 animo
2172 401 2399 432 esto.V.f=.Nim*s.

1273 435 1351 501 Bpno
1371 436 1464 464 animo
1486 436 1654 466 transeamus
1676 437 1710 466 ad
1731 438 1951 476 oppuguandam
1971 439 2175 475 Carthaginem.
2211 438 2268 467 Liv.
2282 444 2307 468 6.
2331 440 2399 470 Bell.

1314 482 1360 501 un.

1275 510 1352 539 Bono
1364 510 1458 538 animo
1469 510 1522 539 esse
1534 511 1637 546 jubere.
1679 511 1736 541 Liv.
1752 523 1774 546 5.
1789 512 1859 542 Bell.
1873 512 1940 542 Pun.
1971 513 2017 542 Sic
2029 513 2087 543 Cic.
2104 524 2126 543 1.
2148 514 2184 543 de
2194 513 2291 544 Divin.
2326 514 2404 544 Bono

1297 548 1390 575 animo
1404 554 1430 575 te
1442 548 1540 581 jussisse
1551 548 1604 577 esse
1622 571 1629 583 ,
1649 550 1699 579 Sec.

1275 584 1354 613 Bono
1366 585 1458 626 animo
1472 585 1577 622 aliquid
1589 586 1677 615 facere
1689 593 1736 615 aut
1748 588 1842 616 dicere
1853 609 1861 623 ‚
1893 588 1931 617 est
1944 588 2020 625 quod
2033 589 2117 627 vulgo
2130 588 2250 618 dicimus
2260 611 2268 626 ,
2300 589 2402 619 Facere

1295 629 1342 650 aut
1353 622 1446 649 dicere
1458 622 1531 651 bona
1543 624 1708 653 intentione.

1275 660 1376 689 Animo
1390 659 1504 688 meliore
1516 660 1620 697 aliquid
1632 661 1708 690 serre.
1730 662 1813 691 Ovid.
1828 673 1853 697 9.
1874 663 1940 692 Met.
1961 672 2023 697 432.

1275 696 1424 726 Accusator
1436 696 1542 725 melior.
1586 698 1643 726 Cic.
1656 709 1680 730 ι.
1695 699 1768 727 Verr.
1795 700 1911 730 Forsitan
1924 701 2054 731 meliores
2065 701 2105 730 illi
2117 701 2288 731 accusatores
2299 702 2404 732 haben-

1297 735 1324 763 di
1338 734 1400 763 sunt
1412 735 1457 770 qui
1472 734 1530 763 hcec
1542 736 1635 764 omnia
1647 736 1783 765 fecerunt.

1276 772 1359 802 AEdes
1371 771 1472 805 bonae,
1493 782 1544 809 pro
1557 773 1662 807 Novis,
1690 776 1715 802 S<
1728 775 1848 810 integris.
1872 775 1956 804 Plaut.
1972 775 2052 806 Most.
2071 785 2093 805 1.
2106 785 2132 805 2.
2145 780 2189 806 26.
2220 777 2309 813 Item,
2332 777 2404 808 Boni

1298 808 1398 845 posteS.
1420 808 1490 838 Ibid.
1508 818 1532 843 3.
1548 819 1573 838 2.
1591 819 1651 844 140.

1277 848 1351 878 AEtas
1363 847 1445 876 bona.
1489 846 1573 875 Varro
1586 856 1611 875 2.
1625 847 1660 876 de
1673 848 1703 876 R.
1720 848 1751 876 R.
1764 858 1823 884 cup.
1838 852 1864 878 6.
1896 849 2014 879 Primum
2027 851 2180 880 videndum
2190 873 2197 885 .
2227 859 2256 881 ut
2268 863 2355 882 mares
2367 853 2405 882 fe-

1297 883 1441 951 miHasqu}
1463 884 1536 913 bona
1558 892 1637 914 aetiite
1658 885 1744 914 sumat
1758 908 1765 920 ,
1788 887 1881 922 utique
1894 894 2016 925 utquam
2029 889 2178 918 diutissime
2198 889 2318 920 fructum
2333 891 2405 921 serre

1320 932 1336 951 0
1360 929 1381 951 it
1393 944 1400 956 ,
1437 931 1474 951 ιο.

1280 933 1351 997 Ager
1363 959 1471 989 melior.
1492 959 1557 989 Ter.
1570 959 1672 988 Heaut.
1689 968 1709 988 1.
1728 969 1750 989 1.
1768 969 1809 989 12.

1279 998 1377 1027 Anima
1389 997 1496 1027 melior.
1521 997 1593 1034 Virg.
1610 1008 1631 1032 ς.
1651 996 1708 1026 lEn.
1722 1004 1785 1034 483.
1808 998 1825 1026 i.
1839 1007 1864 1027 e.
1888 998 1992 1036 Aptior.
2016 1000 2133 1031 Servius.

1280 1037 1328 1065 Ars
1340 1035 1423 1064 bona.
1450 1035 1516 1064 Hor.
1530 1044 1556 1065 2.
1578 1035 1659 1073 Epist.
1673 1045 1697 1063 2.
1712 1045 1757 1071 43.

1281 1076 1358 1104 Artes
1370 1073 1460 1102 bonre.
1501 1073 1590 1102 Tacit.
1607 1084 1632 1108 4.
1657 1073 1723 1102 Hist.
1740 1084 1762 1102 1.
1786 1073 1863 1103 Idem
1878 1084 1920 1109 15.
1945 1074 2014 1104 Ann.
2028 1086 2072 1111 45.
2108 1077 2237 1106 Animum
2248 1077 2331 1110 bonis
2344 1080 2407 1109 arti-

1300 1111 1351 1140 bus
1364 1121 1421 1140 non
1432 1111 1570 1140 induerat.

1281 1149 1384 1179 Avibus
1405 1148 1505 1183 bonis,
1529 1156 1576 1178 aut
1596 1148 1677 1177 malis
1699 1148 1819 1178 dicimus
1832 1170 1840 1184 ‚
1863 1158 1949 1185 quum
1973 1148 2044 1179 Rem
2064 1151 2180 1180 feliciter
2201 1160 2248 1182 aut
2270 1153 2347 1184 secus
2365 1164 2411 1184 ce-

1300 1187 1368 1255 ffire
1389 1186 1580 1223 significamus.
1631 1187 1670 1216 Ab
1691 1196 1827 1224 augurum
1849 1186 2041 1216 observatione
2070 1188 2219 1227 sumptum.
2257 1191 2340 1221 Ovid.
2365 1203 2408 1229 15.

1336 1231 1372 1254 et.
1386 1228 1449 1259 640.

1362 1262 1404 1292 lte
1421 1262 1503 1291 bonis
1516 1262 1631 1297 avibus.
1655 1262 1763 1300 prolem
1785 1271 1818 1292 ue
1840 1261 1968 1292 accersite
1989 1263 2116 1293 nostram.
2201 1265 2278 1295 idem
2295 1277 2316 1296 1.
2340 1267 2408 1297 Fast.

1304 1309 1365 1336 513.
1405 1299 1581 1329 Contrarium
1594 1300 1670 1330 Mala
1686 1301 1737 1330 avi.
1789 1310 1828 1329 or.
1847 1299 1972 1329 1.Carm.
1990 1311 2031 1335 ις.
2048 1313 2070 1336 5·
2101 1304 2126 1331 ὃς
2139 1301 2228 1339 Epod.
2248 1314 2287 1333 io.
2306 1315 2328 1334 i.

1283 1337 1484 1368 Benevolentia
1495 1337 1568 1367 bona
1580 1338 1735 1367 hominum.
1759 1339 1818 1367 Cic.
1838 1347 1877 1372 ιζ.
1903 1337 2035 1367 Famao.
2052 1349 2076 1368 2.
2101 1341 2118 1368 i.
2132 1351 2146 1367 e
2181 1341 2301 1370 Sincera.

1285 1375 1393 1406 Caelum
1405 1375 1519 1405 bonum.
1562 1376 1630 1405 Cato
1642 1386 1702 1413 cap.
1721 1387 1743 1405 i.
1769 1376 1799 1405 ln
1813 1376 1885 1404 bona
1896 1377 2009 1412 regione
2023 1377 2093 1406 bene
2105 1379 2192 1406 nitere
2203 1380 2364 1416 oportebit,
2386 1383 2412 1411 Sc

1303 1415 1343 1443 uti
1356 1424 1390 1443 eo
1401 1423 1486 1451 quum
1498 1414 1618 1443 introeas
1630 1436 1637 1449 ,
1660 1413 1854 1451 circunspici.is
1872 1415 1912 1442 uti
1932 1415 1999 1443 inde
2022 1416 2091 1444 exiri
2112 1415 2212 1453 possit:
2245 1418 2283 1446 uti
2306 1419 2411 1449 bonum

1305 1451 1404 1481 caelum
1416 1452 1516 1481 habeat
1526 1473 1534 1487 ,
1564 1462 1599 1481 ne
1622 1451 1809 1481 calamitosum
1831 1452 1887 1480 siet.

1286 1489 1385 1527 Campi
1396 1489 1478 1519 militi
1490 1489 1617 1519 Romano
1629 1490 1664 1518 ad
1677 1489 1803 1527 praelium
1815 1489 1892 1519 boni.
1906 1490 1951 1519 i.e.
1965 1489 2114 1528 Oportuni.
2129 1490 2250 1522 Tacita.
2263 1495 2411 1531 Ann.14.3.

1285 1527 1378 1557 Carior
1390 1527 1495 1557 melior.
1525 1527 1632 1557 Lucret.
1644 1527 1691 1557 lib.
1706 1539 1731 1562 4.
1750 1533 1810 1562 181.

1287 1565 1375 1595 Causa
1386 1566 1466 1594 bona.
1508 1565 1566 1595 Cic.
1581 1575 1605 1602 3.
1619 1565 1654 1595 de
1666 1565 1759 1603 Legib.
1778 1575 1821 1602 34.
1850 1564 1883 1594 Vi
1895 1565 2017 1604 opprimi
2029 1566 2058 1595 in
2071 1565 2144 1596 bona
2155 1566 2234 1596 causa
2246 1568 2283 1598 est
2293 1568 2392 1600 melius
2403 1592 2412 1606 ‚

1306 1613 1389 1641 quam
1401 1603 1473 1632 male
1484 1603 1594 1633 cedere.

1287 1641 1372 1671 Causa
1383 1641 1490 1670 melior.
1516 1641 1602 1671 Ovid.
1617 1651 1640 1677 ς.
1664 1641 1732 1670 Nlet.
1747 1650 1811 1671 220.

1366 1679 1452 1709 Causa
1463 1679 1516 1709 suit
1527 1678 1627 1708 melior
1638 1680 1744 1708 meritis
1756 1685 1804 1708 tua
1814 1701 1822 1714 ‚
1845 1684 1973 1717 tempore
1982 1678 2082 1708 nostra.

1285 1717 1381 1747 Causae
1398 1717 1523 1747 melioris
1546 1717 1605 1746 dux
1623 1718 1685 1746 eris.
1725 1717 1829 1746 Lucan.
1852 1717 1900 1746 lib.
1925 1728 1949 1751 4.
1972 1725 2036 1752 259.
2069 1717 2101 1746 Et
2123 1725 2147 1752 3.
2170 1718 2251 1756 Epist.
2274 1720 2368 1750 Sabin.
2388 1725 2415 1752 6.

1287 1755 1319 1785 In
1331 1755 1413 1785 causa
1423 1754 1540 1785 meliore
1552 1754 1614 1784 esse.
1657 1754 1715 1784 Cic.
1730 1764 1754 1791 3.
1778 1754 1835 1784 Off.
1852 1765 1912 1784 100.
1935 1755 2031 1791 Itaque
2048 1761 2106 1784 tum
2119 1765 2204 1792 quum
2217 1757 2355 1796 vigilando
2369 1769 2418 1789 ne.

1306 1793 1439 1829 cabatur‚
1459 1800 1517 1822 erat
1528 1793 1685 1822 iii-meliore
1698 1792 1778 1823 causa
1791 1815 1799 1828 ‚
1821 1802 1904 1830 quam
1920 1792 1938 1821 si
1958 1793 2038 1822 domi
2059 1792 2140 1822 senex
2160 1796 2285 1832 captivus
2297 1818 2305 1830 ‚
2327 1800 2418 1834 perju-

1306 1841 1352 1860 rus
1364 1831 1521 1860 Consularis
1532 1830 1707 1860 remansisset.
1740 1831 1819 1860 Idem
1836 1841 1877 1859 ιι.
1902 1831 1957 1860 Att.
1974 1840 2016 1866 14.
2047 1830 2088 1860 Ita
2104 1838 2201 1868 praeter
2217 1832 2330 1863 Laelium
2341 1857 2349 1869 ‚
2370 1845 2419 1864 ne-

1307 1870 1415 1898 minem
1428 1870 1519 1898 habeo
1531 1869 1621 1907 culpae
1632 1868 1756 1898 socium:
1781 1869 1827 1906 qui
1839 1875 1933 1898 tamen
1944 1869 1999 1898 hoc
2011 1868 2129 1899 meliore
2140 1871 2170 1899 in
2182 1870 2261 1900 causa
2273 1872 2321 1908 est,
2342 1873 2418 1910 quod

1308 1908 1364 1943 jani
1377 1907 1415 1936 est
1425 1914 1564 1945 receptus.

1289 1945 1399 1975 Chorus
1411 1945 1519 1974 melior.
1541 1944 1626 1974 Ovid.
1646 1953 1687 1974 11.
1711 1944 1782 1974 Met.
1796 1947 1841 1977 86.

1290 1983 1375 2013 Color
1386 1983 1484 2012 bonus.
1500 1983 1545 2012 i.e.
1559 1981 1787 2012 Probatus.Varro
1802 1982 1865 2017 3.de
1875 1980 2172 2020 R.R.cap.7.Parentes
2183 1993 2279 2014 eorum
2291 1984 2387 2015 Romae
2400 1986 2418 2016 si

1308 2021 1372 2051 sunt
1383 2021 1504 2055 formosi,
1528 2021 1605 2050 bono
1617 2020 1720 2054 colore.
1743 2021 1853 2057 integri.
1867 2020 1934 2050 boni
1945 2020 2066 2056 seminis,
2082 2022 2156 2057 paria
2167 2021 2271 2059 singula
2282 2023 2364 2061 vulgo
2375 2035 2423 2054 ve-

1310 2066 1401 2088 neunt
1411 2059 1527 2088 ducenis
1538 2059 1669 2088 nummis.
1708 2058 1750 2088 De
1761 2058 1900 2087 columbis
1911 2058 2041 2095 loquitur.
2072 2059 2141 2088 Plin.
2155 2059 2204 2088 lib.
2218 2069 2242 2097 7.
2268 2070 2328 2098 cap.
2343 2066 2368 2091 6.

1290 2097 1425 2127 Conditio
1445 2097 1525 2126 valde
1547 2097 1630 2127 bona.
1669 2095 1728 2125 Cic.
1744 2106 1768 2125 2.
1793 2096 1830 2133 Q
1852 2096 1912 2125 frat.
1925 2100 1951 2125 6.
1965 2105 1990 2125 2.
2021 2096 2181 2126 Tusculano
2202 2105 2312 2136 emptor
2331 2109 2417 2130 nemo

1309 2135 1382 2165 fuit:
1403 2134 1421 2163 fi
1432 2135 1559 2165 conditio
1570 2134 1651 2164 valde
1663 2133 1735 2163 bona
1746 2134 1829 2163 fuerit
1840 2156 1847 2169 ,
1870 2132 1979 2163 fortasse
1991 2143 2049 2162 non
2060 2135 2197 2164 omittam.

1291 2173 1466 2203 Conditione
1477 2172 1603 2202 meliore.
1644 2171 1703 2201 Cic.
1721 2181 1762 2206 17.
1787 2172 1860 2202 Fam.
1876 2182 1899 2209 3.
1933 2173 1973 2200 An
1993 2173 2056 2208 quia
2078 2182 2135 2200 non
2152 2173 2283 2203 omnibus
2294 2174 2370 2204 lieris
2380 2176 2420 2211 ja-

1311 2213 1418 2241 c‘tamus
1436 2210 1502 2240 idus
1524 2210 1638 2240 Martias
1649 2232 1656 2244 ‚
1679 2210 1800 2239 similiter
1815 2216 1898 2247 atque
1910 2209 1957 2239 ille
1969 2209 2066 2238 Nonas
2080 2209 2247 2241 Decembres
2259 2211 2317 2241 suas
2329 2213 2356 2241 in
2370 2224 2417 2243 ore

1310 2249 1395 2316 {abet
1407 2271 1415 2283 ‚
1439 2259 1473 2278 eo
1484 2248 1601 2278 meliore
1613 2248 1778 2277 conditione
1801 2247 1900 2278 Cicero
1920 2247 2141 2286 pulcherrimum
2161 2248 2265 2279 fastum
2283 2251 2421 2289 vitupera-

1337 2288 1358 2316 it
1372 2309 1379 2320 ,
1401 2288 1453 2316 Sec.

1294 2324 1473 2356 Conscientia
1483 2324 1565 2354 bona.
1589 2323 1680 2353 Tacit.
1694 2323 1722 2352 in
1735 2323 1787 2352 Vit.
1802 2323 1888 2360 Agric.
1903 2322 2023 2352 Prooem.
2047 2322 2087 2352 Ita
2099 2324 2297 2354 celeberrimus
2309 2326 2423 2364 quisque

1312 2364 1439 2401 ingenio,
1451 2363 1485 2392 ad
1498 2363 1672 2400 prodendam
1683 2362 1791 2390 virtutis
1803 2362 1968 2390 memoriam
1980 2361 2035 2390 line
2046 2363 2131 2398 gratia
2142 2369 2188 2392 aut
2199 2364 2361 2400 ambitione,
2374 2366 2423 2395 bo.

1315 2411 1358 2431 nae
1369 2409 1480 2430 tantum
1493 2400 1671 2430 conscientiae
1682 2400 1771 2437 pretio
1784 2399 1944 2429 ducebatur.

1294 2439 1446 2470 Consilium
1467 2439 1577 2468 melius.
1615 2438 1680 2468 Ter.
1700 2437 1770 2467 Eun.
1784 2447 1809 2466 2.
1825 2447 1849 2474 3.
1865 2444 1910 2471 232.
1941 2437 2019 2466 Dixti
2041 2437 2176 2475 pulchre:
2198 2449 2342 2477 nunquam
2361 2441 2420 2471 vidi

1314 2477 1415 2507 melius
1427 2477 1572 2506 consilium
1584 2476 1651 2505 dari.

1295 2515 1418 2545 Consilio
1428 2514 1505 2544 bono
1517 2514 1624 2552 aliquid
1634 2513 1734 2543 facere.
1766 2512 1825 2542 Cic.
1843 2522 1864 2542 1.
1894 2512 1951 2542 Off.
1968 2522 2010 2543 12.

1295 2553 1447 2584 Consulere
1457 2552 1544 2587 boni,
1568 2553 1617 2590 pro
1630 2551 1884 2586 Bonumjudicare.
1927 2551 2094 2588 Quintilian.
2108 2551 2156 2581 lib.
2173 2562 2197 2582 i.
2219 2563 2279 2591 cap.
2291 2557 2316 2583 6.
2342 2554 2421 2585 Sitne

1316 2589 1648 2624 Consulaconsulendo‚
1670 2589 1912 2624 ana-iudicando:
1943 2599 2007 2618 narn
2029 2591 2055 2619 Sa
2077 2590 2131 2620 hoc
2152 2591 2295 2621 consulere
2315 2600 2422 2622 veteres

1313 2635 1485 2660 vocaverunt
1497 2650 1505 2663 ‚
1528 2628 1604 2658 unde
1625 2627 1717 2657 adhuc
1729 2634 1855 2656 remanet
1866 2627 1936 2656 illud
1948 2650 1955 2662 ‚
1978 2628 2068 2665 Rogat
2078 2628 2145 2657 boni
2156 2629 2283 2659 consulas
2295 2652 2302 2666 ,
2332 2632 2362 2660 id
2383 2632 2421 2660 est

1312 2668 1423 2698 Bonum
1434 2667 1550 2703 judices.
1576 2666 1661 2695 Ovid.
1674 2674 1697 2700 ζ.
1713 2674 1748 2694 ex
1760 2665 1838 2694 Pont.
1854 2670 1880 2699 8.
1892 2674 1937 2701 23-

1377 2705 1448 2742 Quae
1459 2713 1616 2741 quanquam
1625 2703 1721 2733 mifiss‘e
1733 2703 1821 2741 pudet
1832 2724 1840 2738 ‚
1864 2703 1926 2740 quia
1936 2712 2019 2740 parva
2028 2704 2158 2734 videntur
2169 2715 2176 2734 :

1414 2743 1460 2773 Tu
1471 2749 1566 2772 tamen
1576 2742 1636 2771 haec
1647 2741 1736 2779 quaeso
1751 2740 1864 2770 consule
1877 2741 1954 2770 missa
1965 2742 2042 2771 boni.

1296 2780 1368 2813 Boni
1380 2779 1532 2815 consulere.
1542 2789 1607 2809 cum
1619 2778 1998 2817 genitivo.Ulpian.l.3.D.de
2011 2779 2230 2810 Decurionib.Ut
2242 2781 2287 2818 qui
2298 2781 2421 2812 clemen-

1315 2820 1416 2849 tiorem
1426 2818 1592 2848 sententiam
1604 2817 1695 2856 passus
1706 2817 1753 2852 est,
1766 2816 1802 2846 ob
1815 2817 1844 2845 id
1856 2817 1931 2854 quod
1942 2817 1977 2846 ad
1989 2823 2098 2854 tenipus
2111 2819 2255 2857 relegatur,
2276 2819 2341 2848 boni
2355 2831 2421 2849 con-

1314 2857 1404 2888 sulere
1416 2857 1518 2887 debeat
1529 2856 1711 2885 humanitatis
1720 2855 1876 2890 sententiae,
1887 2865 1942 2884 nec
1954 2855 2172 2886 Decurionatum
2183 2857 2364 2894 accipiatl'er
2374 2868 2421 2895 ge.

1315 2896 1435 2925 nitivum
1446 2894 1518 2933 quasi
1535 2894 1630 2923 Graeco
1641 2903 1720 2923 more
1732 2894 1812 2922 dixit.
1833 2893 1851 2922 i.
1866 2903 1890 2923 e.
1912 2893 2073 2923 Existimare
2084 2894 2236 2924 clementer
2245 2894 2337 2924 secum
2354 2906 2368 2925 a
2378 2898 2421 2932 ju.

1317 2933 1427 2963 dicibus
1438 2934 1530 2963 actum
1544 2931 1598 2962 esse
1609 2932 1638 2961 in
1650 2930 1889 2961 animadversione
1901 2932 2033 2961 criminis.
2065 2932 2191 2962 Budaeus.

1298 2972 1389 3010 Copia
1397 2972 1471 3000 bona
1482 2993 1490 3006 ,
1512 2969 1694 2999 Abundantiae
1706 2970 1758 2999 dea
1770 2969 1845 2999 dista
1857 2969 1895 2998 est
1905 2991 1913 3003 ,
1935 2979 1997 3007 quae
2017 2979 2104 2998 cornu
2123 2970 2270 3000 Amaltheae
2279 2971 2323 3000 vel
2334 2971 2422 3002 Ache.

1315 3010 1354 3039 loi
1366 3010 1455 3045 ¹sterit:
1482 3018 1570 3045 eaque
1581 3008 1683 3037 dicitur
1695 3008 1801 3037 ratione
1811 3029 1820 3043 ,
1843 3014 1873 3036 ut
1884 3007 1977 3036 Bonus
1989 3015 2105 3037 eventus
2117 3017 2123 3037 :
2147 3010 2171 3037 ἃ
2189 3009 2264 3045 apud
2284 3008 2422 3040 Catonem

1316 3050 1342 3078 ἃ
1353 3048 1479 3077 Plautum
1494 3068 1504 3082 ‚
1524 3046 1601 3076 ssona
1610 3045 1695 3082 salus;
1718 3048 1779 3083 quae
1790 3045 1825 3075 ad
1836 3045 2068 3083 Euphemismum
2079 3045 2114 3074 fic
2124 3045 2186 3075 fic‘ta
2204 3045 2276 3075 sunt.
2297 3046 2382 3077 Ovid.
2393 3058 2420 3083 9.

1318 3086 1388 3116 Met.
1404 3091 1449 3120 88.

1371 3124 1377 3125 ⁷
1416 3138 1490 3144 —--
1500 3122 1633 3159 divesque
1647 3131 1711 3151 meo
1723 3121 1761 3151 est
1776 3121 1852 3151 bona
1863 3121 1945 3159 copia
1963 3130 2058 3151 cornu.
2141 3120 2318 3158 (quanquam
2331 3123 2356 3152 &
2369 3123 2422 3152 Co..

1317 3162 1363 3200 pia
1375 3161 1430 3190 sine
1439 3161 1632 3190 additamento
1643 3161 1744 3189 dicitur
1755 3182 1763 3195 ‚
1785 3166 1815 3189 ut
1827 3159 1920 3188 Cornu
1932 3159 2020 3196 copiae
2032 3159 2043 3191 )
2064 3157 2110 3187 Sic
2127 3160 2233 3194 ejurare
2251 3158 2355 3189 bonam
2375 3170 2422 3190 co-

1318 3201 1393 3238 piam
1406 3199 1453 3236 qui
1463 3198 1596 3228 solvendo
1608 3208 1664 3227 non
1676 3204 1768 3233 erant,
1785 3197 1911 3227 solebant
1922 3218 1929 3232 ,
1953 3206 1987 3226 ne
1999 3198 2174 3238 neeYerentur
2185 3218 2193 3230 ‚
2215 3207 2300 3234 quum
2319 3199 2422 3234 jureju-

1318 3238 1407 3267 rando
1419 3236 1601 3271 affirmabant,
1611 3236 1657 3265 fibi
1667 3247 1724 3265 non
1736 3235 1789 3265 esse
1800 3235 1876 3264 unde
1887 3244 1921 3264 aes
1933 3234 2055 3263 alienum
2067 3233 2418 3267 diliolverent.Turnebus.

1300 3276 1389 3314 Copia
1402 3275 1536 3304 librorum
1548 3274 1629 3304 hona.
1660 3274 1728 3304 Hor.
1747 3284 1768 3303 1.
1788 3273 1870 3311 Epist.
1886 3282 1927 3307 19.
1944 3281 2004 3301 110.

1300 3314 1378 3343 Bona
1389 3313 1455 3342 Dea.
1481 3313 1512 3342 V.
1534 3312 1612 3350 supra
1626 3312 1644 3342 s.
1659 3312 1677 3341 l.

1300 3350 1439 3381 Dentibus
1451 3351 1531 3379 bonis
1543 3350 1635 3379 lenam
1648 3349 1764 3388 probam
1777 3348 1830 3378 esse
1840 3353 1960 3385 oportet.
1981 3346 2065 3376 Plaut.
2079 3345 2164 3376 Truc.
2176 3356 2201 3377 2.
2217 3357 2242 3378 1.
2256 3357 2300 3386 14..

1300 3390 1416 3419 Ditfturn
1428 3389 1536 3418 melius.
1560 3388 1643 3417 Plaur.
1659 3388 1744 3417 Stich.
1759 3397 1784 3416 2.
1798 3396 1823 3415 2.
1835 3396 1877 3422 75.

1300 3427 1376 3457 Dies.
1400 3427 1472 3463 Virg.
1486 3437 1510 3463 3.
1529 3426 1628 3463 Georg.
1642 3429 1687 3454 (³6.

1382 3465 1499 3503 Optima
1510 3473 1625 3501 (iureque
1637 3464 1697 3492 dies
1712 3461 1815 3491 miseris
1826 3458 1988 3488 mortalibus
2002 3459 2051 3488 aevi

1385 3502 1474 3532 Prima
1487 3502 1512 3531 su
1526 3502 1563 3531 iit.

1301 3539 1348 3571 Dii
1359 3542 1440 3570 etiam
1450 3514 1642 3569 beiidlicentiae
1655 3536 1733 3567 cansa
1744 3536 1812 3565 Boni
1829 3534 1971 3570 dicuntur,
1984 3534 2025 3564 vel
2039 3534 2101 3564 Divi
2112 3534 2189 3567 boni.
2212 3535 2279 3567 Hor.
2293 3548 2319 3574 4.
2333 3537 2424 3569 Carni.

1324 3589 1350 3609 2.
1367 3584 1410 3616 38.
1435 3577 1578 3607 Husrefer
1594 3576 1661 3605 illud
1678 3575 1749 3610 virg.
1768 3585 1790 3609 ς.
1803 3572 1860 3602 Ecl.
1875 3577 1918 3607 65.

1384 3617 1426 3646 Sis
1436 3615 1526 3644 bonus
1538 3615 1554 3643 ὀ
1566 3612 1762 3679 f}lixque¹tuis.
1845 3610 1921 3639 conf.
1940 3610 2045 3648 Spanh.
2060 3610 2097 3640 de
2120 3611 2173 3641 Usu
2195 3612 2318 3650 &praest.
2338 3614 2425 3644 Num.

1322 3653 1383 3683 diss.
1399 3664 1409 3683 i
1419 3664 1441 3683 r.
1479 3677 1484 3682 .
1537 3655 1562 3681 6.
1593 3663 1597 3670 .
1612 3673 1618 3679 .

1303 3690 1426 3722 Eventus
1437 3662 1547 3724 biinrisi
1568 3662 1690 3718 Dio-sum
1710 3686 1807 3723 aliquis
1827 3684 2001 3715 consentium
2018 3686 2072 3716 fuit
2083 3685 2198 3716 secund.
2225 3687 2299 3719 Varr.
2313 3689 2344 3720 R.
2355 3689 2387 3720 R.
2403 3701 2426 3721 1.

1329 3740 1352 3759 1.
1375 3729 1449 3759 conf.
1479 3727 1546 3756 Plin.
1561 3735 1603 3762 34.
1621 3731 1647 3759 8.
1681 3724 1766 3753 Vales.
1791 3725 1821 3752 in
1840 3724 1978 3753 Ammian.
1999 3733 2044 3759 29.
2067 3728 2093 3754 6.
2119 3725 2190 3754 inFra
2210 3734 2382 3758 eversurus
2402 3730 2431 3759 Sc

1327 3767 1394 3797 Lex.
1417 3765 1504 3796 Pitisc.

1307 3804 1405 3835 Exitus
1414 3805 1513 3832 bonus.
1537 3801 1603 3830 Hor.
1614 3810 1641 3836 4.
1658 3798 1747 3842 Carm.
1761 3804 1786 3832 8.
1801 3807 1843 3833 34.

1308 3843 1422 3873 Fasstum
1431 3841 1547 3869 bonum.
1589 3838 1663 3867 Suet.
1675 3847 1704 3865 in
1715 3836 1769 3872 Jul.
1782 3836 1847 3865 Caes.
1859 3845 1920 3875 cap.
1932 3842 1977 3871 80.
2006 3836 2117 3867 Bonum
2132 3837 2237 3868 sactum
2248 3861 2257 3875 ‚
2284 3847 2316 3869 ut
2332 3842 2432 3877 nequis

1328 3879 1453 3910 Senatori
1467 3886 1540 3905 novo
1549 3876 1651 3905 curiam
1664 3874 1813 3904 monstrare
1822 3874 1898 3904 velit.
1940 3874 2051 3904 Veteres
2061 3875 2127 3904 boni
2141 3878 2243 3906 ominis
2262 3877 2356 3913 causa,
2382 3881 2432 3909 lio-

1329 3926 1398 3946 num
1409 3917 1511 3945 fastum
1525 3936 1532 3945 .
1553 3913 1660 3950 praefari
1672 3912 1796 3941 solebant
1810 3913 1838 3940 in
1851 3913 1958 3942 edictis.
1981 3913 2098 3942 Tertull.
2122 3913 2147 3943 O
2160 3915 2284 3944 ediftuni
2296 3937 2304 3950 ‚
2329 3918 2373 3945 cui
2386 3918 2433 3946 ad-

1329 3954 1410 3984 scribi
1422 3962 1479 3982 non
1488 3952 1591 3989 poterit
1600 3951 1706 3979 bonurn
1716 3950 1834 3979 tiresum!
1856 3950 1941 3979 Plaut.
1954 3950 2030 3979 Poen.
2046 3951 2116 3987 prol.
2132 3961 2158 3982 ν.
2174 3956 2214 3982 1⁶.
2228 3954 2308 3989 6445.
2323 3954 2432 3985 Bonum

1330 3993 1434 4022 sactum
1445 3991 1482 4020 est
1493 4011 1501 4027 ‚
1522 3989 1612 4019 edicta
1624 3994 1655 4018 ut
1663 3988 1774 4018 servetis
1785 3998 1855 4017 mea.
1886 3988 1925 4018 Ex
1935 3988 2078 4018 Turnebo.

1816 4026 1839 4056 Y
1848 4035 1865 4062 y
2352 4029 2434 4060 Fama
