2600 4177
0 959 2 1020 l

0 1028 1 1035 l

0 1043 1 1051 l

0 1060 2 1069 i

1 1102 3 1175 l

411 156 435 190 B
532 158 560 192 A
657 157 683 192 L

53 234 153 273 Regna.
174 235 272 267 Manil.
286 248 311 273 4.
328 240 391 273 638.

55 274 129 303 Vina.
152 275 217 304 Plin.
232 275 276 304 lib.
293 286 332 307 ta.
346 286 406 312 cap.
419 284 444 310 7.

17 309 162 377 ΒΑΙι-ζςιυΜ
170 333 178 346 ,
202 313 305 350 Apuliae
314 314 453 350 oppidum
463 313 501 341 est
509 312 676 342 maritimum
687 333 695 347 ‚
717 322 774 342 non
783 314 905 351 procula
920 315 1081 344 Brundusio.
1092 314 1162 344 Plin.

66 360 72 377 ι
96 372 100 377 .
118 359 139 384 3.
156 359 186 378 ca
210 373 214 378 .
235 361 243 378 i
255 360 274 379 i.

18 387 81 418 BAi
100 397 106 414 ι
118 397 132 414 A
146 397 158 414 R
170 360 214 415 opu
223 397 234 415 s
245 410 252 420 .
272 386 449 425 Philosophus
458 387 569 421 Quidam
581 386 705 417 Gallicus
714 389 740 417 &-
753 388 947 426 Peripateticus
959 411 967 423 ‚
990 389 1093 418 Parisiis
1103 399 1165 426 pro-

56 424 107 453 diit
121 425 160 452 vir
175 425 343 454 doctissimus
354 447 361 458 .
382 426 415 453 ab
428 425 590 453 orthodoxis
600 432 692 453 tamen
705 426 731 453 in
744 425 905 461 quibusdam
921 427 1059 461 aberrans,
1079 437 1094 456 a
1105 427 1166 463 qui-

54 462 104 490 bus
115 471 166 491 nec
177 472 225 498 per
235 461 369 498 synodum
391 462 459 497 jussu
473 464 542 494 renis
558 462 690 491 Ludovici
712 464 793 494 huius
809 465 892 498 gratia
911 466 1035 493 coaciam
1049 486 1057 498 ,
1083 464 1165 492 avelli

55 499 162 537 potuit:
185 499 268 528 sedin
280 501 399 534 quodam
410 499 472 529 loco
485 500 591 528 deserto
600 521 609 535 ‚
628 510 693 529 cum
705 499 784 530 sociis
796 502 939 531 nonnullis
950 525 958 538 ,
980 511 1063 530 omne
1075 511 1164 530 aevum

52 536 212 566 abstinendo
222 538 322 570 exegit.
344 537 475 566 Volaterr.
487 537 534 566 lib.
550 546 594 566 22.

20 571 67 603 BA
77 585 92 601 L
102 584 109 601 ι
120 583 138 602 A
148 584 160 603 s
169 596 177 607 ,
199 574 250 603 sive
270 575 290 603 B
301 585 318 604 A
328 586 361 603 Li
372 586 390 604 υ
399 585 410 603 s
421 597 429 609 ,
451 576 536 610 (narii
548 575 574 602 in
585 575 686 604 Graecis
697 575 858 611 quibusdam
872 577 1016 606 codicibus
1028 577 1118 602 Βαλίοκ
1128 575 1166 604 le-

55 611 126 648 gitur
139 633 146 646 ,
168 613 195 640 in
209 612 266 641 aliis
279 613 398 643 Emito»)
422 613 497 641 Unus
519 613 572 641 fuit
587 622 623 641 ex
645 613 722 647 equis
741 614 852 642 Achillis
864 636 871 647 ,
894 625 909 643 a
923 615 1000 643 Balio
1022 614 1114 642 colore
1129 614 1167 642 ita

55 649 152 678 dicius.
193 649 400 679 Commemorat
424 658 516 678 autem
548 650 658 679 Homer.
669 650 717 678 lib.
734 656 774 679 16.
810 651 838 679 ll.
860 659 914 681 tres
932 652 1043 681 Achillis
1061 661 1145 688 equos
1156 673 1165 686 ,

55 696 169 723 quorum
188 687 257 716 duos
268 687 371 716 Baliam
390 690 416 717 ek
431 688 574 717 Xanthum
590 687 758 716 immortales
778 688 874 725 fingit,
892 699 925 718 ex
937 690 1068 726 Zephyro
1081 697 1165 717 vento

56 725 81 753 ἃ
93 724 211 761 Podarge
223 725 341 762 Harpyia
351 732 513 763 prognatos:
536 726 648 754 tertium
659 733 751 755 autem
764 727 909 756 mortalem
922 750 929 762 ,
951 729 1066 756 nomine
1085 726 1168 755 Peda-

54 761 120 790 suin.
162 761 191 790 V.
214 772 280 791 mox
302 773 344 791 BA
356 773 388 790 Li
402 772 447 792 us.

20 798 40 831 B
49 809 66 829 A
75 810 90 827 L
101 809 109 826 1
119 810 138 827 M
147 809 161 827 ii
172 809 191 827 N
201 809 213 828 s
225 810 237 827 F
246 809 258 828 s
268 821 275 833 ,
299 800 394 837 Populi
404 801 431 828 in
445 799 520 829 Latio
532 822 539 834 ,
560 801 607 836 qui
626 799 693 829 alias
705 800 858 830 Trebulani
871 801 1010 831 dicuntur.
1031 801 1102 831 Plin.
1117 800 1165 830 lib.

57 845 80 872 3.
95 845 154 873 cap.
170 847 192 871 ς.
233 837 346 867 Rectius
356 837 521 867 Balinienses
536 837 569 867 al.
582 837 686 875 legunt.

19 874 238 909 BALiNssuM,
260 876 285 904 Sc
305 876 507 910 BALiNEAE,
540 875 570 905 V.
593 885 785 905 BALNizuM.

19 911 147 943 BALis.
172 912 279 947 Herba,
302 914 336 941 de
352 923 404 950 qua
420 913 487 942 Plin.
502 923 545 948 25.
564 922 590 942 2.
611 913 741 942 Xanthus
761 914 895 951 (inquit)
915 915 1086 944 historiarum
1105 913 1168 943 scri-

53 955 115 987 ptor
127 972 134 983 ,
155 950 182 978 in
191 951 279 987 prima
294 961 386 980 earum
397 951 480 979 tradit
491 972 499 984 ,
520 950 640 979 occisum
663 951 790 981 draconis
812 952 934 981 catulum
956 960 1114 982 revocatum
1131 951 1167 981 ad

55 987 136 1016 vitani
151 997 165 1016 a
184 996 296 1025 parente
308 1011 315 1021 ,
335 989 437 1023 herba,
459 998 540 1025 quani
559 988 634 1017 balin
655 989 798 1018 nominat:
821 989 974 1027 eademque
989 991 1166 1028 Thylonem,

55 1034 134 1061 quem
146 1025 228 1054 draco
237 1026 395 1058 occiderat.
418 1026 570 1055 restitutum
579 1026 664 1055 saluti.

21 1061 65 1093 BA
75 1073 88 1090 L
98 1073 105 1089 i
116 1072 127 1090 s
137 1072 155 1090 T
165 1073 181 1091 A
194 1085 203 1098 ,
223 1063 267 1092 seii
280 1064 372 1100 potius
393 1063 413 1092 B
424 1074 442 1092 A
452 1074 467 1091 L
476 1074 508 1092 Li
519 1073 584 1092 s'rA
594 1085 603 1098 ,
625 1073 654 1092 ae.
682 1063 701 1093 f.
721 1063 843 1094 Militare
854 1071 1024 1095 tormentum
1034 1088 1041 1097 .
1063 1075 1118 1101 quo
1130 1064 1168 1094 la-

75 1100 131 1129 ides
140 1101 245 1138 aliaque
254 1102 308 1130 tela
320 1102 470 1136 iaciuntur:
494 1111 508 1129 a
521 1101 612 1135 &amm
628 1102 700 1135 jacio
711 1123 719 1136 ,
737 1102 862 1131 vulnero.
904 1103 962 1132 Liv.
975 1115 999 1138 4.
1014 1103 1082 1133 Bell.
1100 1103 1165 1132 Pun.

78 1138 210 1174 atapultas
220 1161 228 1173 ,
250 1139 356 1168 balistas
366 1161 374 1173 ,
398 1146 590 1175 tormentaque
602 1138 654 1167 alia
665 1149 724 1176 quae
735 1141 930 1177 oppugnandae
941 1141 1001 1170 urbi
1011 1147 1168 1178 comparata

53 1183 137 1204 erant.
172 1176 228 1206 Cic.
240 1186 265 1205 2.
278 1176 358 1205 'suso
372 1186 415 1210 24.
440 1177 475 1205 Ut
491 1178 566 1205 enini
580 1176 679 1205 balistae
693 1177 816 1215 lapidum
829 1179 855 1207 St
866 1179 968 1216 reliqua
979 1185 1117 1208 tormenta
1129 1185 1169 1207 te-

2 1235 4 1243 .
53 1212 142 1242 lorum
155 1223 188 1243 eo
200 1215 336 1250 graviores
345 1214 503 1243 emissiones
515 1214 617 1244 habent
629 1236 637 1249 ,
661 1224 716 1251 quo
727 1215 789 1245 sunt
807 1223 940 1246 contenta
951 1224 1033 1254 atque
1048 1217 1168 1246 adducta

2 1299 5 1346 Ι

1 3263 5 3268 “
42 3252 273 3295 “summm

53 1251 261 1281 vehementius:
284 1252 335 1285 sie,
354 1254 405 1281 Sec.

53 1287 96 1318 De
113 1288 267 1319 balistarum
289 1290 442 1319 rationibus
471 1289 501 1319 V.
520 1289 624 1319 Vitruv.
645 1289 692 1319 lib.
710 1300 750 1319 10.
776 1300 837 1329 cap.
855 1295 897 1321 16.
919 1293 946 1321 ἃ
962 1291 1057 1330 Veget.
1079 1291 1126 1321 lib.
1139 1301 1166 1327 4.

73 1335 132 1364 cap.
145 1336 189 1356 22.
204 1329 229 1357 ἃ
241 1327 310 1365 Lips.
325 1327 440 1356 Poliorc.
460 1327 526 1356 Dial.
544 1337 566 1362 3.
582 1330 608 1357 St
621 1327 684 1357 Lex.
700 1328 787 1357 Pitisc.

54 1363 289 1402 Balistisiugentia
299 1366 382 1395 etiam
391 1365 452 1394 saxa
464 1366 648 1397 iaciebantur:
673 1366 769 1395 undea
792 1367 829 1395 ud
841 1366 980 1396 Sisennam
993 1367 1041 1396 lib.
1055 1377 1081 1402 4.
1097 1367 1166 1396 Hist.

72 1401 188 1440 legimus
199 1403 306 1447 lia-listas
318 1403 476 1446 talentarias
489 1425 496 1437 ‚
517 1403 617 1446 quibus
629 1404 689 1432 saxa
706 1377 801 1440 pondb
814 1404 910 1434 talenti
930 1406 984 1441 jaci
1003 1404 1120 1444 possent.
1141 1406 1169 1434 Sc

53 1440 440 1508 iissssiu¹3⁰fil¹¹÷325ffi¹32¹ssssssss
449 1447 629 1522 ,ἳῗιᾞῖῗῖῗῖἶῗζ
647 1441 692 1508 fi?
701 1442 776 1508 2³52·
788 1448 996 1510 ὲὲὲηῖἶὲηωήῑ.
1014 1479 1166 1523 Theoaofii

72 1514 180 1545 schema
190 1516 292 1546 balistae
304 1517 468 1553 quadrirotis
479 1516 575 1546 Vidisse
585 1538 592 1551 ,
615 1527 678 1546 curn
687 1517 916 1556 interpretatione
937 1528 990 1556 qua
998 1518 1167 1553 ostenditur,

71 1552 178 1590 sagittas
188 1564 222 1583 ex
234 1564 266 1584 ea
277 1562 401 1590 coeptum
414 1553 491 1583 fuisse
501 1555 624 1589 jaculari,

53 1590 139 1621 Torta
153 1592 249 1622 validis
260 1592 352 1622 balista
361 1591 478 1621 lacertis.
499 1591 601 1622 Lucan.
614 1591 661 1621 lib.
674 1601 700 1622 2.
712 1597 776 1631 687.

55 1627 159 1659 Tensus
171 1630 269 1659 balistae
282 1630 372 1659 turbo.
394 1629 496 1659 Lucan.
507 1630 554 1660 lib.
571 1639 594 1667 3.
607 1634 671 1665 4⁶5.
682 1632 734 1661 &Q

54 1666 164 1701 Balista,
186 1678 236 1705 pro
246 1668 392 1698 Tormenti
405 1668 472 1697 telo.
505 1667 591 1697 Plaut.
605 1668 681 1698 Poen.
699 1678 721 1698 ι.
737 1680 759 1699 ι.
771 1677 814 1706 73.
838 1667 890 1697 Cui
908 1668 1170 1701 jaminfortuniiin-

72 1710 146 1734 tenta
157 1705 249 1736 balista
260 1706 297 1735 est
307 1706 393 1744 probe
404 1728 412 1740 ,
432 1716 514 1741 quarn
523 1716 575 1744 ego
589 1706 662 1735 haud
681 1706 770 1736 multo
790 1706 850 1744 post
871 1707 978 1736 mittam
990 1717 1005 1736 e
1022 1707 1167 1736 balistario.

73 1742 238 1781 Quanquam
249 1744 357 1774 fortasse
369 1754 418 1781 pro
428 1744 584 1773 Tormento
595 1754 652 1773 non
665 1744 735 1773 male
745 1745 906 1782 accipietur,
919 1746 993 1781 quod
1004 1745 1076 1773 mitti
1084 1746 1169 1774 etiam

11 1791 13 1828 Ι
72 1780 173 1810 dicitur
183 1804 190 1817 ,
212 1791 297 1819 quum
307 1782 455 1812 mittuntur
464 1782 497 1811 ab
507 1792 541 1811 eo
550 1781 613 1812 tela.
649 1782 807 1812 Turnebus.
829 1783 902 1812 conf.
916 1783 994 1820 Capt.
1005 1794 1031 1819 4.
1047 1792 1073 1812 2.
1088 1786 1130 1813 16.
1143 1784 1169 1813 δι

72 1817 170 1848 Bacch.
202 1843 208 1849 .
241 1843 246 1849 .
295 1843 301 1849 .

13 1848 15 1896 l·
69 1855 143 1886 Hinc
155 1826 377 1894 GgU.4A5rZal1ste‚
399 1868 424 1896 q.
441 1858 470 1887 d.
493 1857 676 1893 Arcubalista,
697 1858 741 1888 vel
753 1859 866 1888 Arenata
876 1857 979 1887 balista.
1004 1857 1037 1887 H.
1049 1858 1087 1888 St.

13 1893 68 1928 {BA
77 1905 93 1922 i.
102 1905 131 1924 is
140 1904 160 1923 T
170 1905 209 1924 Aa
218 1907 227 1924 1
241 1906 259 1924 υ
270 1907 311 1930 Μ,
332 1896 350 1925 i.
368 1906 395 1925 n.
417 1895 507 1925 Locus
516 1897 592 1925 unde
604 1896 705 1925 balistae
714 1897 902 1926 mittebantur.
925 1896 1009 1926 Plaut.
1023 1896 1100 1925 Poen.
1115 1905 1168 1926 1.1.

56 1941 98 1970 74.
119 1933 212 1969 Quam
221 1943 272 1971 ego
284 1934 358 1963 haud
368 1934 456 1962 multo
465 1935 523 1971 post
532 1935 639 1963 mittam
654 1944 670 1963 e
681 1934 824 1963 balistario.

14 1969 68 2000 ‘BA
78 1981 132 2000 Lis
143 1981 162 1999 T
172 1981 215 2000 Aa
227 1981 283 2001 ius
294 1993 303 2007 ‚
323 1972 341 2001 i.
362 1982 400 2001 in.
420 1971 577 2001 Balistarum
590 1972 697 2001 artifex.
718 1972 808 2001 Aurel.
826 1971 920 2000 Arcad.
942 1970 1000 2000 inl.
1017 1970 1107 2000 ultim.
1133 1971 1167 2001 D.

56 2007 90 2075 ge
98 2008 149 2075 jpr.
161 2010 301 2039 immunit.
324 2009 354 2039 V.
376 2009 440 2039 Lex.
456 2010 544 2040 Pitisc.
566 2010 617 2040 Pro
627 2010 824 2040 Funditoribus
836 2009 919 2039 habet
928 2008 1000 2048 Lips.
1012 2009 1128 2039 Poliorc.
1143 2018 1168 2046 3.

83 2056 108 2075 ia
122 2070 126 2075 .
140 2056 163 2081 ³·
176 2054 242 2076 extr.

56 2083 194 2114 Ballistarii
204 2107 212 2120 ,
236 2085 303 2115 item
312 2085 451 2115 Numerus
462 2086 487 2115 Sc
497 2086 566 2115 ordo
577 2086 702 2115 militaris
714 2108 721 2120 ,
744 2086 771 2114 in
782 2085 882 2114 notitia
891 2085 1002 2123 Imperii
1015 2085 1168 2122 utriusque.

17 2135 19 2154 ι
73 2121 207 2156 Ani'mian.
222 2127 263 2152 16.
276 2133 302 2153 2.
314 2124 349 2152 de
364 2124 462 2161 quibus
472 2124 526 2153 late
536 2124 624 2154 Pitisc.
637 2124 700 2153 Lex.
717 2124 747 2153 in
758 2134 834 2153 voce.

17 2158 233 2196 mamma,
263 2161 308 2190 vel
334 2161 568 2197 BALtisrssA.
596 2172 684 2191 orum.
706 2172 733 2191 n.
755 2161 793 2200 pl.
816 2172 830 2190 a
851 2159 1019 2197 [Coim'gm]
1043 2160 1171 2191 Carmina

18 2197 21 2232 ’,
58 2196 159 2228 ludicra
167 2201 239 2228 inter
246 2198 399 2228 saltandum
414 2200 518 2229 cantari
526 2200 614 2231 solita.
634 2200 741 2238 vopisc.
755 2202 783 2229 iri
795 2199 884 2229 Aurel.
899 2208 959 2237 cap.
973 2202 999 2228 6.

20 2234 184 2273 ¹BALi'ro,
205 2247 243 2266 as.
284 2237 314 2266 V.
336 2247 430 2266 BALo
442 2259 449 2272 ,
472 2247 509 2267 as.

25 2272 162 2304 BALius
183 2275 283 2312 Equus.
306 2274 337 2304 V.
359 2275 438 2313 supra
458 2285 607 2305 BALIAS.

20 2309 159 2350 {BALius
182 2312 266 2342 Color
277 2335 285 2348 ,
306 2312 406 2349 [cmlx
421 2314 518 2351 χςοιιέ]
539 2313 570 2342 In
580 2314 659 2350 equis
670 2313 869 2343 laudatissimus
890 2312 929 2342 est
939 2334 947 2347 ,
969 2322 985 2341 a
1000 2322 1056 2349 quo
1070 2312 1172 2342 Home-

22 2375 23 2381 ,
57 2357 101 2379 rus
115 2349 143 2380 ll.
157 2354 198 2380 16.
212 2361 237 2380 v.
251 2361 310 2386 149.
334 2360 420 2380 unum
429 2360 465 2380 ex
475 2352 553 2388 equis
564 2352 677 2381 Achillis
690 2351 795 2381 Balium
813 2352 865 2380 sive
881 2351 985 2380 Baliam
1009 2351 1169 2389 appellavit.

22 2387 23 2403 ¹
57 2387 190 2418 Nonnulli
200 2389 309 2418 Varium
320 2388 554 2426 interpretantur,
575 2389 748 2426 maculisque
764 2389 858 2418 multis
871 2389 1029 2418 distinctum
1069 2389 1173 2426 Thyle-

23 2442 25 2454 ›
58 2425 108 2456 sius
119 2432 210 2456 autern
221 2427 249 2456 in
260 2426 357 2456 libello
366 2427 400 2456 de
409 2427 556 2457 Coloribus
567 2449 576 2463 ,
596 2428 718 2457 eundem
731 2427 784 2457 esse
798 2427 936 2456 existimat
953 2436 1018 2456 cum
1034 2436 1068 2455 eo
1086 2428 1172 2463 qui&

24 2474 26 2501 ι
59 2464 222 2502 Spadiceus,
244 2466 270 2494 δι
288 2464 385 2500 Baius,
407 2466 432 2494 &
450 2464 569 2501 Badius,
591 2466 618 2496 δι
637 2465 802 2495 Phoeniceus
822 2465 985 2503 appellatur.
1027 2464 1057 2494 V.
1092 2465 1172 2503 supra

26 2535 27 2538 Ἴ
59 2512 197 2532 BALiAs
217 2504 243 2532 ἃ
260 2512 408 2531 aAoius.

25 2539 118 2575 [BALL
129 2550 236 2576 AR!A‚
257 2550 288 2570 ae.
309 2550 324 2570 a
341 2539 473 2570 Romanis
493 2540 631 2579 appellata
651 2541 688 2570 est
706 2540 814 2575 Herba,
835 2550 895 2578 quae
908 2550 923 2569 a
940 2539 1064 2569 Dioscor.
1085 2540 1172 2572 λυχνὶς

23 2578 28 2604 .¹,
60 2579 252 2615 nommant,
275 2578 302 2607 h.
320 2588 345 2608 e.
368 2578 488 2615 Lychnis
498 2580 658 2615 coronaria,
680 2580 706 2609 &
725 2588 739 2608 a
760 2578 903 2608 Gallorum
919 2578 1002 2616 vulgo
1017 2578 1173 2605 Candelariae

27 2626 29 2646 ⁴.
60 2616 165 2646 dicitur.
187 2616 218 2646 V.
238 2615 329 2646 Ruell.
341 2615 390 2646 lib.
403 2625 428 2653 3.
445 2626 505 2655 cap.
520 2626 563 2654 57.

32 2653 136 2685 BALLi
147 2664 191 2684 0N
201 2665 215 2683 a
224 2664 252 2689 s,
273 2654 404 2684 dicuntur
417 2654 544 2684 Lenones
555 2676 563 2688 ,
584 2664 599 2683 a
613 2653 738 2684 Ballione
753 2653 880 2684 Plautino
889 2653 992 2683 lenone
1005 2675 1014 2689 ,
1035 2652 1131 2683 Pseud.
1147 2663 1170 2683 1.

60 2702 85 2722 2.
99 2703 139 2727 59.
161 2692 218 2721 Cic.
231 2702 280 2730 pro
290 2692 369 2722 Rosc.
381 2692 461 2721 Com.
475 2701 519 2721 20.
540 2691 696 2722 Ballionem
711 2692 791 2722 illum
803 2691 1034 2730 improbissimum
1046 2693 1072 2721 ἃ
1082 2692 1173 2729 perju-

58 2730 186 2759 rillimuni
196 2730 337 2759 lenonem.
359 2731 384 2760 ἃ
400 2730 496 2768 Philip.
512 2740 538 2760 2.
555 2733 581 2759 6.

61 2767 175 2798 Fortasse
187 2768 310 2797 abundat
326 2767 479 2797 Lenonem.
519 2767 650 2806 Vopiscus
668 2768 697 2796 in
717 2767 836 2797 Carino:
858 2767 901 2797 Ne
919 2767 1086 2805 patrimonia
1105 2766 1171 2802 sua,

96 2805 369 2843 roscriptislegitimis
381 2805 536 2835 haeredibus
548 2828 556 2841 ,
577 2805 670 2834 mimis
680 2807 706 2835 Sc
717 2805 888 2835 Ballionibus
900 2805 1074 2843 deputarent.
1113 2804 1173 2834 Bal-

89 2842 198 2873 ionibus
209 2866 217 2878 ,
238 2844 266 2872 id
276 2844 331 2877 est,
354 2843 515 2873 Lenonibus
526 2865 533 2878 ,
555 2844 646 2880 inquit
655 2843 733 2882 Bapt.
754 2843 884 2880 Egnatius
895 2865 904 2878 ,
925 2854 940 2872 a
957 2843 1083 2873 Ballione
1098 2842 1173 2872 Plau-

78 2881 135 2910 tino
146 2881 255 2911 lenone.
296 2881 341 2911 Sic
351 2883 378 2911 ἃ
388 2881 550 2911 Gnathones
561 2881 667 2910 dicunt.
711 2881 778 2910 Vide
789 2883 818 2910 in
837 2891 855 2910 G
863 2891 883 2910 N
893 2890 939 2910 ΛΤ
948 2891 969 2910 H
978 2891 996 2910 o
1007 2891 1042 2910 ex
1052 2881 1171 2919 Philipp.

34 2919 281 2987 §Aidaisjgclibi
292 2920 330 2948 est
340 2920 368 2948 in
379 2926 457 2948 textu
468 2919 668 2948 Balatronibus.
691 2918 726 2948 H.
739 2919 778 2948 St.

4 2999 5 3002 ’
62 2994 129 3029 bus,
148 2995 192 3024 vel
203 2979 288 3024 etiz'mi
297 2995 448 3032 cymbalis:
471 2995 629 3030 cujusmodi
647 2994 780 3024 Parilibus
796 2995 892 3024 Romae
908 2994 1007 3027 fiebat,
1029 3004 1088 3031 quae
1106 3003 1174 3023 mox

283 2954 463 2993 [Coemch]
491 2956 603 2986 Saltatio
617 2957 744 2994 quaedam
758 2963 834 2991 erat,
855 2956 995 2994 tympanis
1014 2956 1174 2994 crepitanti-

61 3031 169 3099 ἓῖιηᾶεε
185 3033 239 3099 (lligi
259 3043 388 3071 coepere,
409 3033 526 3062 civitatis
549 3033 667 3062 fortunae
683 3032 821 3070 templum
835 3033 955 3062 struente
973 3031 1103 3061 Adriano.
1139 3031 1172 3061 V.

105 3080 120 3099 o
142 3081 148 3099 i
171 3093 176 3100 .
201 3082 207 3099 i
232 3093 238 3100 .
267 3094 273 3100 .
290 3081 320 3100 ca
344 3094 350 3099 .
380 3093 386 3100 .

38 3080 208 3137 ssALLisg‘rA
219 3131 226 3143 ,
247 3081 291 3138 {el
301 3081 413 3143 Basilis‘ca,
431 3118 462 3138 ae.
483 3118 521 3138 rn.
541 3107 622 3138 Latro
632 3108 704 3145 fuit,
723 3109 770 3138 cui
779 3107 902 3147 lapidato
917 3107 1048 3145 Virgilius
1059 3107 1114 3137 hoc
1123 3107 1175 3137 fer-

61 3151 103 3175 tur
116 3146 268 3175 condidisse
291 3146 483 3184 Epitaphium,

114 3183 211 3213 Monte
220 3184 269 3213 sub
281 3184 335 3213 hoc
345 3185 471 3222 lapidum
486 3184 588 3221 tegitur
597 3183 703 3213 Ballista
715 3183 837 3222 sepultus
846 3205 854 3218 ,

818 3221 847 3250 V.
873 3220 974 3250 Donat.
988 3221 1017 3250 in
1025 3221 1086 3250 Vita
1097 3221 1169 3259 Virg.

305 3260 484 3296 [Boemovo‘m]
511 3259 564 3288 sive
594 3259 615 3289 B
623 3270 636 3288 ii
645 3271 661 3288 L
669 3261 711 3289 Lo
720 3269 740 3289 N
749 3261 766 3289 ὅ
775 3269 794 3288 Τ
803 3270 811 3288 ι
823 3281 831 3292 ,
863 3258 925 3288 sunt
944 3258 1154 3296 Burgundiones
1164 3281 1172 3295 ‚

63 3296 140 3330 Heli,
160 3297 347 3335 Basternaeque
360 3298 389 3326 in
402 3297 516 3336 Scythia
530 3297 681 3337 Europaea,
702 3304 733 3327 ut
747 3298 778 3327 in
796 3297 909 3327 Asiatica
927 3296 1053 3334 plerique
1070 3298 1173 3327 eodem

42 3346 44 3350 ’
63 3335 181 3365 nomine.
204 3335 291 3365 valer.
301 3340 327 3365 6.
338 3337 437 3373 Argon.
449 3339 510 3365 161.

136 3373 218 3440 {balant
230 3375 255 3404 Sc
266 3374 383 3411 geminis
392 3382 530 3411 aequantes
545 3372 676 3403 cornibus
692 3372 747 3403 alas

160 3422 173 3441 a
196 3420 282 3442 onoti.

52 3452 165 3484 ALLoriz,
173 3459 210 3479 es.
222 3445 358 3486 [eamd]
368 3449 629 3487 Herba,quaeLatine
640 3448 814 3479 Marrubium
821 3447 1061 3478 diciturOfficinis
1070 3448 1176 3478 Marru=⁷

64 3483 204 3522 biastmm,
223 3494 270 3517 aut
281 3488 398 3524 Nigrum
409 3488 575 3517 marrubium
587 3487 751 3525 appellatur.
794 3487 880 3523 Vulgo
896 3486 1013 3515 Prasium
1032 3486 1173 3516 foetidum.

65 3522 234 3554 Dioscorides
244 3547 252 3560 ,
271 3525 397 3555 Balloten
409 3526 524 3555 nomine
531 3525 585 3555 alio
599 3526 710 3562 nigrum
720 3524 890 3554 marrubium
898 3545 906 3559 ,
927 3530 975 3553 aut
985 3534 1117 3561 magnum
1126 3534 1175 3554 vo-

66 3568 115 3591 cat.
154 3562 183 3592 V.
209 3563 275 3592 Plin.
287 3563 334 3593 lib.
348 3573 393 3601 27.
404 3573 464 3601 cap.
474 3569 500 3597 8.

96 3236 101 3252 :
136 3221 224 3251 Noc‘te
235 3223 335 3259 dieque
344 3229 425 3251 tuum
434 3232 516 3259 carpe
526 3243 534 3256 ,
553 3222 651 3258 viator,
674 3222 733 3251 iter.

3 3614 18 3625 ἰ
59 3609 223 3639 ALLiJCA,
243 3610 273 3633 ae.
296 3601 316 3632 f.
340 3601 370 3632 V.
392 3601 463 3631 infra
481 3601 661 3635 BALUCA,
683 3601 710 3630 Sc
726 3598 892 3629 Lex.Pitisc.

0 3663 4 3666 >
59 3649 226 3677 Amisum,
247 3641 264 3670 i.
286 3651 314 3670 n.
335 3639 503 3676 [Cae22150u,

525 3636 628 3673 λεπόν]
651 3637 740 3668 Locus
751 3639 780 3666 in
797 3637 947 3671 domibus,
967 3635 997 3665 in
1018 3637 1120 3674 quoad
1138 3637 1179 3667 la.

66 3679 183 3708 vandum
196 3689 271 3722 aquae
280 3678 376 3708 calidae
392 3679 416 3707 84
428 3677 533 3716 frigidae
551 3676 744 3714 disponuntur.
785 3675 887 3704 Graecis
905 3674 1011 3703 dictum
1028 3674 1151 3702 ςκλιωεῖου
1166 3698 1175 3711 ‚

10 3731 19 3741 ·-
67 3717 138 3752 quod
150 3723 317 3746 anxietatem
328 3726 363 3745 ex
371 3716 465 3745 animo
475 3715 574 3753 pellat,
599 3713 762 3743 utEustach.
775 3713 811 3742 ad
828 3713 938 3741 Homer.
958 3711 989 3741 ll.
1004 3725 1028 3741 κ.
1041 3712 1175 3749 observat,

67 3754 130 3784 ut&
141 3754 301 3791 Augustinus
311 3753 429 3783 Confeff.
442 3764 467 3787 9.
481 3763 522 3782 12.
545 3752 596 3781 Alii
609 3749 683 3787 mgni
695 3747 727 3778 τὲ
743 3748 787 3778 πὲς
805 3750 911 3778 canava.
929 3746 990 3775 veiim
1008 3751 1114 3780 dictum
1127 3761 1176 3780 vo-

67 3789 143 3828 lunt,
162 3792 259 3821 Suidas
266 3793 341 3820 enim
351 3791 496 3829 glandibus
507 3797 612 3820 veteres
626 3789 698 3819 vesci
708 3788 802 3818 solitos
813 3786 892 3817 fuisse
904 3809 912 3821 ,
935 3796 1083 3826 earumque
1095 3796 1178 3826 puta.

69 3829 140 3858 mina
149 3829 331 3864 succendisse,
353 3830 444 3858 docet.
465 3828 495 3857 V.
518 3828 583 3857 Cael.
595 3826 687 3857 Rhod.
698 3827 772 3856 Lect.
783 3828 896 3855 Ant.16.
906 3834 951 3861 45.
975 3825 1032 3855 Cic.
1046 3837 1088 3863 14.
1098 3827 1175 3858 Fam.

0 3871 7 3890 :¹
59 3874 112 3899 20.
133 3866 268 3902 Labrum,
292 3867 349 3896 siin
360 3867 460 3896 balneo
474 3875 532 3895 non
542 3866 598 3900 est,
620 3873 651 3894 ut
661 3865 699 3894 sit.
722 3863 841 3894 Martial.
854 3862 901 3892 lib.
916 3872 942 3892 2.
954 3868 1000 3898 48.

145 3904 323 3941 Cauponem,
343 3905 520 3941 laniumque,
541 3903 734 3940 balneumque.

12 3950 15 3953 ·
71 3940 149 3972 Erant
159 3949 250 3971 autem
264 3941 362 3972 Balnea
373 3942 485 3980 publica
496 3942 591 3970 Romae
605 3964 613 3975 ,
634 3942 663 3969 in
679 3941 779 3977 quibus
789 3939 889 3975 cuique
899 3937 1001 3968 licebat
1016 3937 1108 3974 lavari,
1118 3949 1178 3976 quae

68 3979 235 4020 frequentius
247 3979 338 4011 Graeca
346 3980 549 4011 voceThermae
555 3979 735 4010 vocabantur.
764 3977 819 4008 Sed
829 3978 855 4007 ἀ
870 3975 972 4007 Balnea
986 3975 1177 4008 Romanorum.

1223 985 1245 1015 B
1254 997 1271 1015 A
1284 998 1298 1015 L
1307 998 1315 1015 ι
1325 997 1343 1015 Ν
1353 990 1369 1015 ἓ
1379 998 1396 1015 υ
1405 999 1426 1015 Μ
1445 997 1480 1016 ex
1497 989 1541 1017 Gr.
1561 991 1687 1019 βαιλοιιᾶο,
1699 1012 1707 1025 ‚

1599 159 1868 198 BAL
2305 180 2370 214 32<

1255 245 1310 269 tres
1318 237 1456 268 habebant
1463 239 1589 277 regiones
1598 241 1649 270 sive
1660 242 1773 272 domos:
1796 243 1918 281 superior
1933 246 2002 275 aeris
2019 253 2077 276 erat
2087 246 2169 276 calidi
2182 269 2191 282 ,
2213 249 2239 277 St
2256 247 2371 279 Laconi-

1255 287 1318 305 cum
1330 278 1535 319 appellabatur:
1559 280 1650 308 media
1662 289 1719 309 erat
1732 291 1807 315 aqum
1820 281 1933 311 calidae:
1957 284 2049 313 infima
2064 295 2156 314 autem
2168 295 2243 321 aquae
2253 287 2369 322 frigidae.

1256 314 1342 350 Quod
1353 317 1468 348 luperelt
1477 317 1511 344 de
1523 316 1652 346 structura
1662 320 1687 346 δε
1699 319 1816 348 aedsssicio
1831 329 1863 347 ac
1875 322 2078 357 conipolitione
2093 322 2253 351 balneorum
2265 345 2273 357 ,
2292 322 2375 354 *vide-

1257 359 1285 379 to
1297 353 1370 388 apud
1382 352 1484 381 Vitruv.
1503 365 1525 385 ς.
1545 364 1584 382 ιο.
1628 355 1667 383 De
1676 356 1927 391 balneisveteium,
1951 358 1980 387 V.
2004 360 2067 388 oei.
2087 360 2196 388 Ferrarii
2218 360 2322 391 Differt.
2343 365 2370 391 δι

1256 399 1325 424 quos
1336 389 1429 417 laudat
1446 391 1546 419 fabi-ie.
1561 391 1690 428 liibliogr.
1709 395 1769 423 Ant.
1784 404 1828 423 22.
1844 405 1885 430 14.
1899 398 1925 424 (Sc
1940 397 2079 434 praecipue
2090 396 2156 426 Leit.
2172 398 2259 427 Pitisc.

1258 427 1403 454 Ambulare
1417 429 1443 455 in
1457 428 1595 457 balneum.
1619 430 1677 459 Cic.
1694 441 1734 465 13.
1756 434 1808 460 Att.
1822 442 1864 465 50·

1257 463 1365 492 Ducere
1376 464 1493 499 aliquem
1507 475 1541 493 ex
1556 467 1663 496 balneo.
1688 470 1743 497 Cic.
1758 479 1808 506 pro
1821 470 1912 499 Deiot.
1924 480 1966 506 17.

1257 500 1379 529 Laudare
1389 502 1493 530 balnea.
1518 502 1584 531 l-lor.
1599 514 1620 532 1.
1641 505 1724 543 Epist.
1741 517 1781 536 ii.
1794 515 1837 543 13.

1258 538 1376 567 Mutare.
1400 538 1474 566 ldem
1492 539 1559 568 ibid.
1574 551 1594 569 1.
1607 552 1652 576 92.

1259 575 1372 611 Optare.
1400 575 1475 604 [dein
1492 577 1560 605 ibid.
1578 588 1619 612 14.
1635 589 1676 615 ις.

1259 612 1359 640 Vitare.
1387 612 1463 641 ldem
1477 615 1537 643 Arte
1552 615 1624 645 Poet.
1642 627 1667 645 v.
1685 624 1748 653 298.

1258 649 1359 678 Balnea
1371 655 1436 679 tuta.
1460 650 1544 679 Ovid.
1564 661 1586 687 3.
1605 655 1641 682 de
1653 657 1714 684 Arte
1729 658 1861 692 Am.640.

1260 686 1373 716 Fallitur
1385 689 1496 730 egregie
1510 689 1591 717 Varro
1603 712 1611 725 ,
1640 701 1704 721 curn
1719 693 1789 730 plur.
1809 704 1887 724 mirri.
1909 694 2011 724 Balnea
2023 696 2078 725 dici
2091 703 2191 734 negat,
2213 698 2248 727 de
2262 697 2292 727 L.
2305 698 2334 728 L.
2347 709 2372 735 ς,

1260 733 1306 759 25,
1352 724 1382 752 V.
1405 734 1471 753 mox
1489 735 1516 753 in
1537 737 1699 757 nALiNau
1711 742 1740 759 M.

1224 763 1244 792 B
1254 772 1272 790 A
1283 773 1297 789 L
1307 771 1327 790 N
1337 771 1350 790 Β
1360 772 1482 804 AE3arum.
1491 760 1859 808 f.p1.[clnmap=3mam]idem
1870 769 2008 805 significat,
2022 770 2066 800 sed
2078 773 2164 806 magis
2175 773 2294 809 publicat
2304 773 2373 809 sunt,

1260 809 1342 836 quam
1355 807 1473 836 privatae.
1498 801 1527 828 V.
1552 800 1615 830 Lex.
1630 803 1713 832 l'itisc.
1736 805 1791 833 Cic.
1807 816 1856 843 pro
1866 806 1930 836 Cael.
1944 812 1987 836 61.
2013 808 2113 838 Mulier
2124 810 2262 845 ingeniosa
2275 813 2376 840 consti-

1259 838 1298 866 tui
1309 836 1400 865 locum
1413 837 1484 880 iullit
1495 837 1605 881 balneas
1615 839 1722 870 Xenias
1734 864 1741 873 .
1764 851 1794 871 ut
1806 854 1839 871 eo
1849 845 1971 874 mitteret
1985 847 2097 882 amicos,
2114 849 2159 884 qui
2173 848 2374 880 delitescerent.

1260 873 1369 903 Balnea:
1382 874 1516 904 Palatinae.
1540 876 1597 905 Cic.
1610 887 1661 914 pro
1674 878 1752 907 Rosc.
1767 881 1854 909 Amet.
1872 887 1913 915 18.

1261 911 1368 940 Viriles.
1391 912 1461 941 Geli.
1477 922 1517 941 io.
1534 922 1558 947 3.

1261 949 1458 979 Foeminaruni.
1481 949 1588 988 Lampr.
1604 951 1677 980 Alex.
1687 953 1778 982 Sever.
1796 964 1852 991 cap.
1863 965 1907 991 23.
1918 957 2120 987 consNonium
2139 968 2162 995 3.
2174 970 2219 993 24.
2231 960 2373 998 V.di6l.sq.

1716 1000 1793 1033 ¹pen.
1804 993 1882 1028 prod.
1897 995 1922 1023 &
1932 994 1952 1023 B
1962 1006 1978 1023 A
1988 1006 2003 1022 L
2013 1006 2021 1023 ι
2032 1006 2051 1024 Ν
2063 999 2077 1024 t
2088 1008 2110 1025 [Β
2132 1007 2147 1026 a
2157 999 2292 1028 veteribus
2302 1001 2377 1028 dice-

1263 1024 1362 1053 bantur
1374 1047 1381 1059 ,
1403 1035 1469 1062 quas
1482 1036 1557 1054 nunc
1571 1026 1684 1056 Balneas
1695 1029 1821 1058 dicimus.
1854 1031 1937 1060 Plaut.
1952 1032 2028 1061 Poen.
2044 1044 2099 1069 5.2.
2118 1034 2157 1064 ιό.
2180 1036 2318 1065 Numnam
2338 1038 2377 1067 ita

1261 1062 1378 1091 balineis
1392 1064 1597 1093 circumductus
1609 1064 1693 1101 pallio
1703 1067 1716 1094 ‘i‘
1739 1066 1816 1095 ldem
1829 1067 1898 1096 Rud.
1910 1079 1934 1098 2.
1948 1078 1972 1105 3.
1988 1080 2030 1101 ς2.
2062 1072 2128 1100 Asin.
2142 1082 2166 1101 2.
2183 1083 2207 1101 2.
2219 1084 2254 1106 oo
2286 1074 2374 1104 Mcrc.

1265 1110 1289 1129 1.
1303 1109 1385 1143 ²2¹7·
1405 1101 1480 1144 Suet.
1495 1102 1598 1130 Neron.
1611 1112 1671 1139 cap.
1686 1112 1727 1138 3¹·
1747 1104 1813 1134 Plin.
1829 1105 1909 1142 Epist.
1925 1116 1949 1140 ι.
1972 1107 2047 1143 Quid
2057 1109 2196 1138 balineum
2208 1111 2287 1146 illud,
2301 1113 2378 1148 quod

1261 1138 1398 1181 plurimus
1415 1137 1454 1166 sol
1468 1139 1566 1176 implet
1579 1161 1587 1173 ,
1608 1142 1633 1169 St
1646 1141 1793 1173 circumit?
1827 1143 1894 1172 Plin.
1911 1143 1958 1172 lib.
1972 1155 1996 1180 9.
2010 1155 2069 1183 cap.
2086 1158 2127 1182 54.
2153 1148 2271 1177 Balineae
2288 1151 2378 1187 penli-

1261 1177 1310 1206 les.
1333 1176 1391 1204 CiC.
1405 1186 1430 1205 2.
1452 1177 1506 1205 Att.
1519 1187 1541 1213 3.
1563 1177 1707 1207 Balineum
1721 1179 1838 1209 calefieri
1856 1181 1966 1213 iubebo.

1300 1214 1412 1243 Interest
1422 1221 1515 1243 tamen
1528 1216 1599 1244 inter
1608 1214 1751 1246 Balineum
1769 1221 1796 1247 ἃ
1814 1217 1952 1248 Balineas:
1976 1220 2050 1257 quod
2070 1220 2138 1250 illud
2158 1223 2311 1259 privatum,
2333 1225 2376 1255 hae

1260 1251 1388 1289 publicat.
1411 1251 1494 1295 Varro
1508 1252 1555 1281 lib.
1568 1259 1593 1287 8.
1608 1253 1637 1282 L.
1652 1253 1678 1283 L.
1688 1265 1735 1289 42.
1761 1256 1831 1285 ltem
1850 1257 2058 1293 reprehendunt
2073 1260 2210 1295 analogias
2221 1283 2229 1296 ,
2250 1263 2322 1297 quod
2338 1264 2378 1292 di-

1261 1296 1361 1318 cantur
1375 1289 1562 1332 multitudinis
1574 1293 1688 1320 nomine
1698 1292 1816 1329 publicae
1825 1293 1939 1323 balineae
1951 1317 1958 1330 ‚
1981 1305 2037 1324 non
2049 1296 2173 1327 balinea:
2196 1306 2291 1328 contra
2303 1301 2379 1336 quod
2419 1297 2427 1303 “

1263 1327 1564 1365 privatidicuntnnum
1573 1328 1713 1359 balineum
1729 1352 1737 1364 ,
1758 1332 1833 1367 quod
1844 1332 1939 1369 plura,
1961 1333 2081 1363 balineas
2096 1335 2204 1364 dicant:
2228 1337 2327 1373 quibus
2339 1348 2380 1367 re-

1263 1365 1391 1402 sponderi
1406 1366 1512 1407 potest,
1534 1376 1591 1395 nori
1605 1367 1658 1396 else
1676 1369 1924 1405 reprehendenda,
1945 1371 2020 1407 quod
2039 1372 2077 1400 ita
2095 1372 2123 1400 in
2143 1373 2220 1402 usum
2234 1383 2377 1406 venerunt.

1265 1402 1339 1432 conf.
1361 1403 1512 1447 Charinum
1528 1414 1554 1441 p.
1565 1408 1610 1441 76.
1624 1405 1672 1434 Ed.
1684 1405 1790 1435 Putsch.
1804 1407 1873 1437 vois.
1884 1408 1919 1437 de
1931 1408 2005 1438 Anal.
2022 1419 2045 1438 1.
2057 1419 2100 1445 37.
2124 1410 2196 1441 Dici.
2212 1413 2330 1449 praeced.

1225 1440 1327 1471 BALN
1338 1443 1401 1470 iioL
1413 1451 1429 1469 u
1439 1452 1460 1470 M
1474 1464 1482 1477 ,
1503 1452 1521 1471 1.
1539 1452 1566 1471 n.
1588 1442 1685 1472 dimin.
1707 1443 1889 1480 [ζαλοινίῶον]
1909 1445 2007 1481 juven.
2020 1456 2045 1479 7.
2057 1448 2112 1477 Sat.
2126 1459 2153 1484 4.

1483 1489 1569 1516 quum
1579 1481 1636 1516 jam
1644 1481 1767 1510 celebres
1776 1504 1784 1517 ,
1806 1483 1922 1520 notique
1931 1491 2022 1521 poetae

1306 1515 1470 1546 Balneolum
1480 1517 1574 1546 Gabiis
1583 1540 1591 1552 ,
1613 1518 1709 1548 Romae
1721 1520 1879 1551 conducere
1890 1521 1987 1551 furnos

1307 1554 1470 1597 Tentarent.
1551 1555 1611 1585 Cic.
1626 1557 1702 1594 apud
1720 1557 1844 1587 Nonium
1861 1568 1884 1594 3.
1896 1568 1941 1595 ²4-
1965 1559 2070 1589 Primus
2084 1560 2213 1590 balneola
2229 1561 2378 1600 suspendit.

1266 1592 1346 1630 Apud
1359 1592 1452 1621 Nizol.
1464 1593 1491 1622 δε
1504 1592 1609 1622 Gruter.
1624 1594 1701 1623 foem.
1713 1605 1775 1632 gen.
1787 1595 1932 1626 Balneolas
1941 1597 2068 1635 legimus.

1229 1628 1250 1660 B
1260 1640 1279 1658 A
1289 1642 1305 1658 L
1316 1640 1335 1659 N
1345 1640 1428 1658 aAai
1441 1640 1458 1659 u
1470 1642 1490 1659 M
1500 1653 1508 1665 ,
1529 1631 1548 1660 i.
1569 1641 1598 1660 n.
1620 1633 1636 1658 Γ
1646 1631 1790 1668 ἔκλαγξαν]
1812 1634 1872 1663 Pars
1888 1634 1969 1664 villae.
2010 1635 2082 1664 Raro
2098 1642 2191 1665 tamen
2208 1637 2237 1665 in
2256 1638 2383 1673 singulari

1267 1668 1418 1705 usurpatur.
1441 1667 1498 1698 Cic.
1513 1678 1553 1702 ιι.
1565 1669 1665 1704 Att.29.
1689 1669 1929 1702 Balneariatamen
1937 1672 2029 1702 laudat
2040 1674 2161 1710 majora:
2184 1675 2219 1704 de
2231 1669 2385 1706 minoribus

1267 1707 1305 1735 ait
1316 1707 1430 1735 hiberna
1440 1705 1511 1735 effici
1524 1706 1752 1744 poffe.Columel.
1769 1708 1816 1739 lib.
1824 1710 2083 1748 1.cap.6.Balnearia
2091 1713 2231 1741 occidenti
2240 1715 2330 1743 aellivo
2339 1717 2386 1743 ad-

1266 1752 1425 1778 vertantur,
1447 1750 1476 1772 ut
1491 1743 1542 1774 sint
1552 1745 1612 1783 post
1620 1746 1786 1783 meridiem,
1806 1749 1929 1786 &usque
1940 1749 1969 1778 in
1986 1749 2130 1788 vesperum
2141 1750 2268 1780 inlustria.
2307 1753 2384 1782 Adde

1268 1782 1330 1811 Seii.
1343 1782 1406 1810 Nat.
1418 1781 1518 1818 Quaest.
1529 1792 1553 1817 3.
1567 1792 1612 1818 24.

1230 1819 1278 1850 BA
1288 1831 1304 1848 L
1314 1829 1333 1848 N
1343 1829 1356 1847 Ε
1367 1829 1384 1847 A
1396 1830 1410 1847 a
1421 1829 1455 1847 iu
1467 1829 1479 1848 s
1490 1842 1498 1854 .
1520 1820 1580 1857 Adj.
1604 1821 1689 1858 Quod
1698 1821 1731 1850 ad
1743 1821 1980 1861 balneapertinet.
2019 1824 2102 1854 Unde
2112 1825 2205 1854 scribit
2213 1826 2322 1864 Ulpian.
2336 1827 2351 1856 l.
2360 1838 2389 1857 1.

1267 1857 1301 1887 D.
1313 1857 1348 1886 de
1358 1857 1438 1886 furib.
1452 1857 1571 1888 balnear.
1592 1859 1675 1889 Fures
1684 1859 1838 1890 balnearios
1849 1869 1925 1891 extra
1939 1862 2065 1891 ordinem
2075 1862 2129 1892 effe
2136 1864 2303 1901 puniendos.
2328 1865 2342 1893 li
2357 1876 2382 1895 e.

1268 1895 1325 1939 Qui
1342 1897 1371 1923 in
1381 1895 1494 1962 cbalnleis
1513 1896 1670 1932 versantur,
1691 1898 2009 1936 &eorumquilavatum
2025 1909 2113 1937 eunt,
2135 1901 2296 1932 vestimenta
2308 1902 2387 1933 surri-

1267 1942 1356 1971 piunt.
1404 1940 1448 1962 atu
1463 1956 1468 1962 .
1482 1942 1524 1969 34.
1541 1945 1563 1963 ι.

1348 1970 1375 2000 O
1393 1971 1484 2000 furum
1495 1972 1604 2009 optime
1617 1971 1837 2009 balneariorum,

1347 2008 1467 2052 Vibenni
1481 2017 1566 2047 pater.
1645 2010 1811 2045 Huiusmodi
1822 2017 1915 2041 autem
1926 2012 2000 2042 fures
2016 2019 2105 2043 morte
2116 2014 2328 2046 mulctabantur.
2351 2016 2383 2047 V.

1267 2046 1371 2076 Aristot.
1382 2047 1446 2076 rest.
1459 2056 1502 2081 29.
1520 2047 1609 2077 Probl.
1625 2058 1666 2083 ¹4-
1679 2050 1704 2078 ἃ
1716 2049 1817 2079 Victor.
1832 2050 1892 2080 Var.
1906 2049 1979 2081 Leet.
1991 2060 2017 2088 7.
2033 2061 2073 2089 17.
2088 2054 2113 2082 ἃ
2123 2052 2186 2082 Lex.
2198 2053 2284 2083 Pitisc.

1267 2084 1381 2115 Furtum
1396 2085 1566 2115 balnearium
1577 2107 1584 2121 ,
1606 2085 1636 2115 ln
1649 2086 1753 2116 balneis
1764 2087 1885 2124 publicis
1899 2088 2013 2119 sactum.
2055 2089 2151 2120 Paulus
2165 2092 2193 2120 in
2207 2091 2225 2120 l.
2236 2091 2285 2121 ult.
2302 2092 2332 2121 D.
2348 2092 2385 2122 de

1287 2122 1502 2189 ῐυιίῤ.ἀὺεί)1ηεετ.
1542 2122 1627 2153 Miles
1637 2125 1683 2162 qui
1691 2125 1720 2153 in
1730 2125 1801 2155 furto
1811 2125 1951 2156 balneario
1961 2127 2148 2165 deprehensus
2158 2129 2197 2158 est
2206 2150 2214 2164 ‚
2235 2130 2388 2166 ignominia

1287 2168 1361 2189 mitti
1391 2171 1404 2190 e
1427 2168 1462 2190 et.
2076 2175 2078 2177 ¹

1268 2197 1483 2228 instrumentum
1492 2198 1672 2235 balnearium,
1696 2200 1761 2237 Quo
1772 2201 1801 2230 in
1809 2200 2036 2232 balneisutimur.
2057 2203 2132 2233 Paul.
2143 2204 2170 2232 in
2182 2203 2199 2233 l.
2214 2203 2326 2235 Pietoris
2342 2214 2383 2243 i7.

1287 2236 1320 2266 D.
1333 2237 1368 2265 de
1377 2237 1454 2266 fund.
1466 2237 1588 2267 instruct.
1601 2238 1786 2269 Instrumento
1798 2238 1940 2269 balneario
1951 2240 2041 2277 legato
2051 2263 2059 2275 ,
2077 2242 2185 2271 dictum
2196 2242 2234 2271 est
2244 2243 2386 2273 balneato-

1287 2284 1347 2304 rem
1359 2275 1393 2304 sic
1403 2275 1559 2311 contineri,
1581 2277 1724 2312 quomodo
1742 2277 1922 2307 instrumento
1937 2278 2018 2307 fundi
2028 2279 2195 2309 saltuarium.

1230 2312 1252 2343 B
1262 2322 1282 2342 A
1291 2324 1307 2341 L
1316 2322 1335 2341 Ν
1346 2322 1359 2341 iz
1370 2323 1387 2341 A
1398 2322 1414 2341 R
1424 2323 1432 2341 1
1441 2323 1453 2341 s
1464 2335 1471 2348 ‚
1499 2323 1523 2342 e.
1560 2314 1617 2349 Adj.
1653 2321 1684 2343 ut
1693 2337 1700 2349 ,
1727 2314 1858 2345 Balneare
1875 2323 2018 2353 argentum
2029 2339 2038 2352 ,
2069 2318 2238 2353 [βαλανεικρν
2255 2317 2388 2355 «2⁶76wa

1268 2351 1334 2387 Quo
1350 2373 1357 2383 ,
1380 2351 1426 2388 qui
1448 2351 1476 2380 in
1493 2350 1593 2381 balneo
1604 2351 1749 2387 lavabant,
1771 2353 1929 2383 utebantur.
1951 2354 2073 2384 Scaevola
2093 2355 2121 2384 in
2134 2356 2151 2385 i.
2164 2356 2214 2386 ult.
2228 2357 2249 2393 §.
2263 2366 2286 2385 1.
2300 2356 2332 2386 D.
2353 2358 2388 2387 de

1268 2398 1325 2418 aur.
1342 2389 1369 2418 ὅ(
1387 2398 1441 2426 arg.
1470 2389 1640 2427 Semproniae
1660 2390 1780 2419 dominae
1799 2401 1867 2420 meae
1879 2392 1932 2420 hoc
1944 2392 2063 2429 amplius
2082 2401 2224 2430 argentum
2240 2394 2383 2425 balneare:

1269 2426 1412 2464 quaesituin
1424 2426 1462 2456 est
1472 2437 1505 2455 an
1515 2427 1637 2456 etiamid
1649 2435 1809 2465 argentum,
1827 2439 1882 2466 quo
1899 2429 1998 2459 diebus
2008 2430 2080 2460 festis
2098 2432 2126 2460 in
2142 2431 2252 2461 balineo
2262 2433 2301 2461 uti
2323 2443 2390 2462 con-

1267 2465 1375 2499 suevit,
1396 2463 1487 2501 legato
1495 2465 1584 2496 cedat.
1625 2466 1672 2495 Sic
1692 2466 1796 2496 Urceus
1807 2466 1961 2503 balnearis,
1983 2468 2090 2498 Solium
2108 2468 2253 2506 balneare,
2274 2477 2306 2500 ut
2319 2470 2390 2501 Cha.

1268 2502 1345 2532 risius
1354 2502 1477 2531 observat
1489 2502 1536 2532 lib.
1554 2513 1576 2532 ι.
1588 2513 1616 2541 p.
1630 2514 1673 2539 59.

1268 2540 1354 2569 Vestis
1364 2540 1499 2569 balnearis
1508 2551 1552 2578 ap.
1564 2540 1703 2579 Lamprid.
1714 2542 1744 2571 in
1757 2541 1831 2572 Alex.
1845 2542 1947 2573 Severo
1956 2565 1964 2578 ‚
1986 2543 2111 2574 Balneari
2127 2546 2200 2575 veste
2215 2546 2249 2575 ad
2256 2545 2390 2578 Palatium

1287 2586 1436 2608 revertens.
1458 2578 1492 2608 H.
1506 2579 1545 2608 St.
1569 2579 1600 2608 V.
1614 2589 1638 2608 c.
1650 2589 1696 2615 4²·

1267 2616 1410 2683 Bglneaffa
1421 2638 1428 2651 ‚
1449 2626 1476 2660 n.
1489 2616 1528 2654 pl.
1550 2616 1681 2647 absolute.
1704 2617 1785 2656 Apul.
1800 2618 1870 2648 Met.
1884 2628 1909 2656 3.
1930 2618 2068 2649 Milonem
2085 2621 2161 2656 juffit
2175 2632 2240 2652 cum
2256 2622 2389 2652 balneari-

1310 2664 1340 2683 us
1354 2664 1368 2683 a
1393 2664 1466 2691 equi.

1231 2693 1253 2723 B
1264 2703 1283 2721 A
1293 2704 1308 2720 L
1318 2701 1338 2720 Ν
1349 2702 1389 2721 uo
1398 2712 1406 2724 ,
1427 2695 1481 2721 are.
1502 2691 1650 2723 Barbarum
1661 2715 1669 2729 ,
1691 2703 1746 2730 quo
1766 2693 1828 2723 usus
1842 2694 2002 2724 Scn'banius
2013 2695 2049 2724 de
2068 2693 2132 2726 Pais.
2152 2696 2249 2727 Christi
2270 2708 2329 2735 cap.
2341 2707 2386 2733 23.

1271 2731 1346 2768 Aqua
1363 2732 1389 2759 &
1406 2730 1464 2767 igni
1483 2729 1640 2760 balneandi.
1694 2732 1767 2760 Hinc
1783 2738 1876 2761 tamen
1895 2742 1955 2770 quae
1969 2732 2119 2770 sequuntur
2135 2735 2264 2764 videntur
2286 2736 2388 2765 deriva-

1268 2774 1314 2803 ta,
1328 2768 1364 2797 sc.
1402 2768 1415 2803 [
1429 2768 1464 2797 Ut
1475 2778 1490 2797 a
1503 2768 1552 2797 Vio
1565 2768 1702 2798 Viaticum
1715 2792 1722 2804 ,
1740 2769 1841 2799 Viator.
1855 2771 1906 2800 διε.

1231 2806 1252 2836 Β
1262 2816 1282 2835 A
1292 2817 1309 2834 L
1318 2816 1337 2834 Ν
1348 2816 1362 2834 ε
1371 2809 1388 2834 i
1398 2816 1415 2834 ’r
1425 2808 1462 2834 ic
1471 2816 1489 2834 u
1498 2817 1518 2834 Μ
1531 2828 1540 2841 ,
1562 2806 1579 2835 i.
1604 2817 1632 2836 n.
1654 2807 1776 2837 Pretium
1787 2809 1861 2845 quod
1872 2818 1923 2845 pro
1932 2808 2039 2838 lotione
2048 2809 2075 2837 in
2084 2809 2189 2839 balneis
2199 2810 2317 2840 solvitur.
2327 2811 2386 2842 Vet-

1270 2843 1353 2873 Gloff.
1366 2843 1555 2874 Balneaticuni
1567 2866 1576 2879 ,
1600 2844 1744 2877 βαλαηιιρν.
1768 2846 1827 2876 Vet.
1845 2845 1940 2876 Schol.
1955 2846 2081 2882 Juvenal.
2099 2848 2134 2876 ad
2148 2847 2218 2877 illud
2228 2858 2253 2878 2.
2274 2850 2328 2878 Sat.
2343 2859 2385 2883 5²·

1269 2882 1327 2925 Nisi
1339 2882 1386 2919 qui
1397 2882 1525 2911 nondum
1536 2882 1730 2913 aerelavantur.
1751 2884 1769 2913 i.
1782 2893 1806 2914 e.
1825 2884 1957 2920 Infantes,
1973 2886 2035 2922 quia
2044 2887 2123 2923 pueri
2135 2895 2192 2914 non
2207 2886 2273 2915 dant
2282 2886 2390 2916 balnea-

1270 2926 1367 2949 ticum.

1232 2957 1254 2988 B
1264 2968 1283 2987 A
1293 2969 1309 2986 L
1318 2967 1339 2986 N
1347 2961 1387 2986 iii
1395 2967 1415 2986 T
1425 2967 1442 2986 o
1453 2967 1485 2993 R,
1509 2958 1573 2987 oris.
1596 2956 1748 2994 [βαλκνσίὶς
1761 2982 1770 2994 .,
1789 2957 1945 2996 λεποχέῶι]
1963 2970 2039 2990 com.
2055 2971 2115 2998 gen.
2133 2961 2199 2990 licet
2217 2962 2271 2997 (ut
2281 2962 2320 2990 ait
2330 2962 2389 2991 Ser.

1268 2997 1331 3025 vius
1344 2996 1378 3024 ad
1393 3005 1435 3024 12.
1448 2995 1510 3025 AEn.
1528 3006 1589 3031 159.
1603 2997 1614 3032 )
1635 2996 1779 3027 Petronius
1792 2997 1964 3035 usurpaverit
1982 2998 2187 3028 Balneatricem.
2224 2999 2331 3028 Dicitur
2343 3010 2389 3028 au-

1269 3040 1328 3063 tem
1340 3033 1396 3069 Qui
1416 3043 1510 3062 curam
1528 3033 1611 3063 habet
1624 3033 1790 3065 balnearum.
1816 3035 1924 3073 Ulpian.
1946 3037 1974 3065 in
1991 3036 2007 3066 l.
2023 3047 2044 3065 ι.
2058 3037 2090 3065 D.
2105 3036 2243 3074 Depositi,
2264 3037 2291 3066 Si
2311 3038 2389 3067 vesti-

1270 3078 1364 3101 menta
1372 3070 1501 3100 servanda
1511 3070 1664 3103 balneatori
1676 3074 1739 3102 data
1748 3074 1887 3111 perierint.
1929 3074 1974 3103 Sic
1985 3074 2134 3109 Firmicus,
2155 3082 2186 3102 ut
2204 3075 2241 3102 ait
2257 3074 2386 3106 Budaeus.

1271 3109 1331 3139 Cic.
1346 3119 1395 3146 pro
1407 3109 1470 3138 Cael.
1482 3113 1527 3138 62.
1548 3109 1653 3141 Mulier
1665 3119 1765 3150 potens
1776 3133 1784 3146 ,
1806 3112 1995 3149 quadrantaria
2006 3111 2052 3140 illa
2070 3112 2289 3149 permutatione,
2310 3113 2389 3142 sarni.

1272 3146 1345 3176 liaris
1356 3148 1427 3176 fasta
1436 3155 1493 3176 erat
1501 3147 1664 3179 balneatori.
1681 3150 1848 3186 Plin.18.17.
1871 3149 2008 3186 Lamprid.
2022 3149 2179 3178 Commodo
2190 3159 2249 3187 cap.
2266 3160 2287 3178 1.
2298 3150 2386 3181 Plaut.

1271 3185 1349 3252 gpen.
1363 3194 1387 3222 3.
1400 3193 1424 3222 3.
1438 3194 1483 3220 90.
1505 3185 1614 3215 Petron-
1626 3197 1687 3226 cap.
1703 3197 1746 3224 52.
1783 3187 1816 3217 V.
1851 3187 1959 3224 Pignor.
1978 3187 2014 3216 de
2033 3187 2106 3216 Serv.
2123 3197 2150 3224 p.
2163 3193 2208 3221 80.
2230 3188 2256 3217 &
2267 3187 2333 3218 Lex.
2348 3189 2390 3218 Pi-

1305 3232 1328 3252 c.

1232 3261 1253 3291 B
1263 3271 1282 3290 A
1292 3272 1308 3289 L
1316 3270 1337 3289 N
1346 3270 1361 3289 a
1372 3270 1392 3288 A
1401 3269 1420 3288 τ
1428 3270 1445 3289 o
1454 3271 1470 3289 R
1478 3272 1487 3289 1
1496 3271 1515 3290 u
1523 3271 1535 3290 s
1545 3283 1553 3295 ,
1574 3271 1589 3291 a
1597 3284 1605 3297 ,
1626 3271 1684 3291 um.
1706 3261 1783 3291 Idem
1791 3263 1867 3299 quod
1877 3261 2020 3291 Balnearis.
2043 3262 2089 3290 Sic
2099 3261 2225 3291 Martian.
2237 3261 2297 3298 JCt.
2310 3263 2328 3293 l.
2345 3274 2386 3308 ¹.⁷·

1270 3300 1292 3337 §.
1305 3308 1330 3328 2.
1351 3298 1384 3327 D.
1399 3298 1434 3327 de
1444 3299 1566 3329 instruo.
1576 3302 1602 3330 δι
1611 3300 1735 3330 [nstrum.
1750 3300 1812 3337 Leg.
1824 3299 2112 3337 aequeBalneatorium
2124 3302 2150 3329 δι
2164 3300 2339 3331 Balnearium
2348 3313 2390 3332 in.

1269 3337 1451 3366 strumentum
1462 3337 1540 3366 dixit.

1232 3374 1352 3409 BALo,
1375 3376 1389 3410 [
1398 3372 1578 3410 βληχώιμοᾳ]
1599 3378 1654 3404 are.
1675 3374 1820 3404 Fastitium
1832 3374 1945 3403 verbum
1956 3373 2009 3408 est,
2029 3376 2174 3412 proprium
2191 3376 2294 3405 ovium.
2337 3376 2388 3407 Fe-

1271 3413 1324 3442 stus
1334 3434 1342 3447 ,
1364 3411 1467 3441 Barrire
1477 3412 1618 3449 elephanti
1630 3413 1760 3442 dicuntur
1775 3435 1782 3446 ,
1804 3413 1871 3441 sicut
1883 3412 2078 3442 oves-dicimus
2091 3412 2197 3449 balare„
2214 3415 2314 3452 *utique
2323 3415 2386 3444 aso-

1270 3460 1308 3479 no
1318 3449 1377 3488 ipso
1390 3451 1474 3479 vocis.
1498 3451 1556 3479 Cic.
1573 3461 1596 3479 1.
1610 3451 1645 3479 de
1656 3450 1747 3479 Divin.
1758 3460 1803 3485 42·

1350 3487 1410 3517 Rex
1419 3487 1475 3526 ipse
1487 3488 1607 3517 Priamus
1615 3488 1722 3517 somnio
1733 3487 1833 3516 mentis
1841 3493 1917 3516 metu

1350 3525 1506 3561 Perculsus,
1527 3527 1599 3555 curis
1609 3525 1731 3562 sumptus
1739 3525 1921 3561 supirantibus
1930 3546 1939 3559 ,
2049 3560 2052 3563 .

1348 3563 1557 3593 Exsacrificabat
1567 3564 1659 3592 hostiis
1669 3562 1831 3591 balantibus.
1909 3562 1995 3591 Ovid.
2007 3572 2034 3598 4.
2052 3561 2120 3592 Fast.
2130 3571 2195 3600 740.
2230 3600 2232 3602 Υ

1399 3601 1541 3638 Tac'laque
1552 3602 1670 3630 fumanti
1679 3600 1776 3629 sulfure
1784 3599 1860 3628 balet
1869 3600 1934 3629 ovis.
2017 3599 2066 3629 Sil.
2083 3611 2094 3629 1
2102 3612 2124 3636 ς.
2136 3611 2203 3640 703.
2233 3601 2265 3632 V.
2292 3603 2388 3640 ·Quin..

1269 3638 1310 3668 til.
1328 3648 1351 3669 1.
1381 3662 1388 3668 .
1401 3648 1470 3668 extr.

1268 3649 1457 3707 Belare5etiam
1467 3676 1496 3705 in
1507 3675 1554 3705 usu
1565 3675 1703 3704 veteribus
1718 3684 1733 3703 a
1744 3674 1784 3701 hee
1795 3696 1803 3709 ,
1826 3675 1899 3712 quod
1911 3673 2005 3703 sonare
2016 3675 2111 3705 ovium
2129 3684 2184 3705 vos-
2197 3677 2323 3712 videtur.
2346 3686 2387 3708 te..

1288 3714 1327 3744 ste
1340 3714 1414 3744 Varr.
1430 3716 1464 3743 de
1481 3714 1513 3743 R.
1524 3713 1556 3742 R.
1567 3723 1592 3742 2.
1606 3723 1629 3742 1.
1651 3713 1724 3741 Hinc
1732 3712 1813 3741 facile
1824 3712 1964 3751 colligitur
1972 3714 2115 3749 quomodo
2128 3724 2143 3743 a
2159 3714 2265 3745 literam
2282 3723 2386 3746 veteres

1310 3759 1509 3781 ronunciarint.

1269 3763 1364 3819 Egiare
1373 3812 1381 3824 ,
1402 3790 1436 3818 ad
1448 3789 1589 3817 hominem
1600 3787 1771 3817 translatum.
1813 3786 1887 3817 Varr.
1900 3797 1926 3817 2.
1938 3786 1971 3817 R.
1983 3786 2017 3817 R.
2029 3797 2053 3822 η.
2076 3789 2127 3818 Cui
2142 3789 2288 3825 Cossinius,
2311 3790 2387 3827 Quo.

1289 3829 1365 3857 niam
1377 3827 1438 3855 satis
1446 3826 1549 3855 balasti.
1570 3826 1587 3854 i.
1601 3835 1625 3855 e.
1644 3825 1776 3856 Tractasti
1788 3826 1814 3855 8<
1825 3825 1942 3855 docuisti
1950 3826 1986 3856 de
1999 3826 2107 3864 ovibus,
2120 3836 2237 3864 quarum
2243 3830 2387 3866 proprium

1291 3866 1329 3894 est
1341 3864 1440 3893 balare.

1234 3903 1404 3935 BALANs,
1424 3901 1503 3930 antis.
1523 3906 1568 3935 ut,

1273 3942 1365 3976 Agnus
1378 3939 1480 3967 balans.
1504 3938 1608 3967 Phaedr.
1621 3946 1645 3973 3.
1663 3946 1704 3972 ις.
1722 3946 1745 3968 1.
1947 3977 1954 3983 Β

1275 3976 1373 4007 Baiana
1388 3976 1442 4006 abs.
1453 3986 1505 4015 pro
1517 3976 1577 4006 Ove
1589 3997 1598 4011 ,
1619 3983 1650 4005 ut
1661 3976 1734 4006 Grex
1746 3975 1900 4008 balantum.
1921 3974 1995 4015 Virg.
2009 3987 2032 4007 1.
2045 3976 2147 4014 Georg.
2160 3987 2223 4015 272.

1733 4014 1775 4044 Ss
1808 4023 1820 4051 ᾖ
2235 4014 2391 4051 Burro,
