<?xml version="1.0" encoding="UTF-8"?>
<!DOCTYPE html PUBLIC "-//W3C//DTD XHTML 1.0 Transitional//EN"
    "http://www.w3.org/TR/xhtml1/DTD/xhtml1-transitional.dtd">
<html xmlns="http://www.w3.org/1999/xhtml" xml:lang="en" lang="en">
 <head>
  <title>
</title>
<meta http-equiv="Content-Type" content="text/html;charset=utf-8" />
  <meta name='ocr-system' content='tesseract 3.04.00' />
  <meta name='ocr-capabilities' content='ocr_page ocr_carea ocr_par ocr_line ocrx_word'/>
</head>
<body>
  <div class='ocr_page' id='page_1' title='image "./robertistephanil01esti_0012.png"; bbox 0 0 2667 4145; ppageno 0'>
   <div class='ocr_carea' id='block_1_1' title="bbox 921 109 1877 172">
    <p class='ocr_par' dir='ltr' id='par_1_1' title="bbox 921 109 1877 172">
     <span class='ocr_line' id='line_1_1' title="bbox 921 109 1877 172; baseline -0.014 0"><span class='ocrx_word' id='word_1_1' title='bbox 921 109 1877 172; x_wconf 75' lang='lat' dir='ltr'><em>DEDICATIO.</em></span> 
     </span>
    </p>
   </div>
   <div class='ocr_carea' id='block_1_2' title="bbox 171 209 2630 4025">
    <p class='ocr_par' dir='ltr' id='par_1_2' title="bbox 200 209 2606 302">
     <span class='ocr_line' id='line_1_2' title="bbox 200 209 2606 302; baseline -0.013 -10"><span class='ocrx_word' id='word_1_2' title='bbox 200 240 471 299; x_wconf 69' lang='lat' dir='ltr'>fricuerim,</span> <span class='ocrx_word' id='word_1_3' title='bbox 509 245 594 285; x_wconf 84' lang='lat' dir='ltr'>aut</span> <span class='ocrx_word' id='word_1_4' title='bbox 610 227 856 302; x_wconf 76' lang='lat' dir='ltr'>perfricare</span> <span class='ocrx_word' id='word_1_5' title='bbox 874 224 1087 275; x_wconf 89' lang='lat' dir='ltr'>omnino</span> <span class='ocrx_word' id='word_1_6' title='bbox 1111 232 1308 290; x_wconf 85' lang='lat' dir='ltr'><strong>queam.</strong></span> <span class='ocrx_word' id='word_1_7' title='bbox 1378 216 1500 270; x_wconf 91' lang='lat' dir='ltr'>Non</span> <span class='ocrx_word' id='word_1_8' title='bbox 1530 212 1671 285; x_wconf 91' lang='lat' dir='ltr'>quod</span> <span class='ocrx_word' id='word_1_9' title='bbox 1693 212 1927 283; x_wconf 86' lang='lat' dir='ltr'>equidem</span> <span class='ocrx_word' id='word_1_10' title='bbox 1957 213 2139 263; x_wconf 83' lang='lat' dir='ltr'>nescius</span> <span class='ocrx_word' id='word_1_11' title='bbox 2158 211 2279 274; x_wconf 86' lang='lat' dir='ltr'>fim,</span> <span class='ocrx_word' id='word_1_12' title='bbox 2314 227 2472 282; x_wconf 87' lang='lat' dir='ltr'>quam</span> <span class='ocrx_word' id='word_1_13' title='bbox 2499 209 2606 262; x_wconf 75' lang='lat' dir='ltr'>illu.</span> 
     </span>
    </p>

    <p class='ocr_par' dir='ltr' id='par_1_3' title="bbox 201 287 2611 464">
     <span class='ocr_line' id='line_1_3' title="bbox 202 287 2611 371; baseline -0.012 -5"><span class='ocrx_word' id='word_1_14' title='bbox 202 315 280 366; x_wconf 88' lang='lat' dir='ltr'>stri</span> <span class='ocrx_word' id='word_1_15' title='bbox 298 311 601 371; x_wconf 72' lang='lat' dir='ltr'>affabilitate,</span> <span class='ocrx_word' id='word_1_16' title='bbox 638 304 1042 367; x_wconf 88' lang='lat' dir='ltr'>humanitateque</span> <span class='ocrx_word' id='word_1_17' title='bbox 1059 335 1074 357; x_wconf 93' lang='lat'>,</span> <span class='ocrx_word' id='word_1_18' title='bbox 1107 296 1256 346; x_wconf 92' lang='lat' dir='ltr'>etiam</span> <span class='ocrx_word' id='word_1_19' title='bbox 1274 290 1550 343; x_wconf 75' lang='lat' dir='ltr'>humillimi</span> <span class='ocrx_word' id='word_1_20' title='bbox 1568 289 1802 359; x_wconf 80' lang='lat' dir='ltr'>cujusque</span> <span class='ocrx_word' id='word_1_21' title='bbox 1820 288 2114 340; x_wconf 81' lang='lat' dir='ltr'>adeuntium</span> <span class='ocrx_word' id='word_1_22' title='bbox 2135 289 2212 339; x_wconf 93' lang='lat' dir='ltr'>Te</span> <span class='ocrx_word' id='word_1_23' title='bbox 2236 287 2464 340; x_wconf 82' lang='lat' dir='ltr'>defideria</span> <span class='ocrx_word' id='word_1_24' title='bbox 2483 289 2611 337; x_wconf 81' lang='lat' dir='ltr'>exci-</span> 
     </span>
     <span class='ocr_line' id='line_1_4' title="bbox 201 363 2610 464; baseline -0.013 -20"><span class='ocrx_word' id='word_1_25' title='bbox 201 410 310 464; x_wconf 87' lang='lat' dir='ltr'><strong>pere</strong></span> <span class='ocrx_word' id='word_1_26' title='bbox 329 389 641 441; x_wconf 88' lang='lat' dir='ltr'>consueveris.</span> <span class='ocrx_word' id='word_1_27' title='bbox 711 379 895 433; x_wconf 80' lang='lat' dir='ltr'>Exulat</span> <span class='ocrx_word' id='word_1_28' title='bbox 924 376 1180 425; x_wconf 83' lang='lat' dir='ltr'>enimvero</span> <span class='ocrx_word' id='word_1_29' title='bbox 1203 366 1483 439; x_wconf 81' lang='lat' dir='ltr'>amplitudo</span> <span class='ocrx_word' id='word_1_30' title='bbox 1505 368 1710 417; x_wconf 87' lang='lat' dir='ltr'>fortunae</span> <span class='ocrx_word' id='word_1_31' title='bbox 1733 379 1829 417; x_wconf 83' lang='lat' dir='ltr'>tuae</span> <span class='ocrx_word' id='word_1_32' title='bbox 1855 382 1916 415; x_wconf 87' lang='lat' dir='ltr'>ex</span> <span class='ocrx_word' id='word_1_33' title='bbox 1944 367 2115 416; x_wconf 87' lang='lat' dir='ltr'>animo</span> <span class='ocrx_word' id='word_1_34' title='bbox 2140 376 2231 415; x_wconf 93' lang='lat' dir='ltr'>tuo</span> <span class='ocrx_word' id='word_1_35' title='bbox 2259 367 2310 417; x_wconf 64' lang='grc' dir='ltr'>ὃς</span> <span class='ocrx_word' id='word_1_36' title='bbox 2329 382 2411 415; x_wconf 91' lang='lat' dir='ltr'>ore</span> <span class='ocrx_word' id='word_1_37' title='bbox 2432 365 2482 414; x_wconf 71' lang='grc' dir='ltr'>δε</span> <span class='ocrx_word' id='word_1_38' title='bbox 2500 363 2610 414; x_wconf 84' lang='lat' dir='ltr'>vul-</span> 
     </span>
    </p>

    <p class='ocr_par' dir='ltr' id='par_1_4' title="bbox 201 436 2612 601">
     <span class='ocr_line' id='line_1_5' title="bbox 202 436 2612 536; baseline -0.013 -19"><span class='ocrx_word' id='word_1_39' title='bbox 202 482 284 532; x_wconf 88' lang='lat' dir='ltr'>tu,</span> <span class='ocrx_word' id='word_1_40' title='bbox 320 482 482 536; x_wconf 90' lang='lat' dir='ltr'>neque</span> <span class='ocrx_word' id='word_1_41' title='bbox 500 464 634 513; x_wconf 86' lang='lat' dir='ltr'>aliter</span> <span class='ocrx_word' id='word_1_42' title='bbox 654 470 882 528; x_wconf 86' lang='lat' dir='ltr'>unquam</span> <span class='ocrx_word' id='word_1_43' title='bbox 904 450 1111 502; x_wconf 85' lang='lat' dir='ltr'>sublime</span> <span class='ocrx_word' id='word_1_44' title='bbox 1134 447 1260 498; x_wconf 88' lang='lat' dir='ltr'>illud</span> <span class='ocrx_word' id='word_1_45' title='bbox 1284 444 1548 510; x_wconf 83' lang='lat' dir='ltr'>Dignitatis</span> <span class='ocrx_word' id='word_1_46' title='bbox 1568 454 1662 491; x_wconf 88' lang='lat' dir='ltr'>tuae</span> <span class='ocrx_word' id='word_1_47' title='bbox 1688 440 1933 507; x_wconf 85' lang='lat' dir='ltr'>fastigium</span> <span class='ocrx_word' id='word_1_48' title='bbox 1962 439 2128 491; x_wconf 80' lang='lat' dir='ltr'>exseris</span> <span class='ocrx_word' id='word_1_49' title='bbox 2145 478 2160 502; x_wconf 90' lang='lat'>,</span> <span class='ocrx_word' id='word_1_50' title='bbox 2195 436 2287 491; x_wconf 89' lang='lat' dir='ltr'>nifi</span> <span class='ocrx_word' id='word_1_51' title='bbox 2313 456 2418 511; x_wconf 91' lang='lat' dir='ltr'>quo</span> <span class='ocrx_word' id='word_1_52' title='bbox 2449 436 2612 490; x_wconf 81' lang='lat' dir='ltr'>effica-</span> 
     </span>
     <span class='ocr_line' id='line_1_6' title="bbox 201 511 2610 601; baseline -0.013 -4"><span class='ocrx_word' id='word_1_53' title='bbox 201 548 303 596; x_wconf 92' lang='lat' dir='ltr'>cius</span> <span class='ocrx_word' id='word_1_54' title='bbox 323 539 552 595; x_wconf 84' lang='lat' dir='ltr'>univerfis</span> <span class='ocrx_word' id='word_1_55' title='bbox 582 541 632 591; x_wconf 70' lang='grc' dir='ltr'>δε</span> <span class='ocrx_word' id='word_1_56' title='bbox 650 533 871 599; x_wconf 81' lang='lat' dir='ltr'>fingulis,</span> <span class='ocrx_word' id='word_1_57' title='bbox 906 546 1034 601; x_wconf 89' lang='lat' dir='ltr'>quos</span> <span class='ocrx_word' id='word_1_58' title='bbox 1058 543 1183 577; x_wconf 76' lang='lat' dir='ltr'>curae</span> <span class='ocrx_word' id='word_1_59' title='bbox 1203 536 1297 575; x_wconf 65' lang='lat' dir='ltr'>tuat</span> <span class='ocrx_word' id='word_1_60' title='bbox 1318 521 1557 572; x_wconf 87' lang='lat' dir='ltr'>Numinis</span> <span class='ocrx_word' id='word_1_61' title='bbox 1576 517 1890 588; x_wconf 83' lang='lat' dir='ltr'>providentia</span> <span class='ocrx_word' id='word_1_62' title='bbox 1909 519 2110 587; x_wconf 86' lang='lat' dir='ltr'>propius</span> <span class='ocrx_word' id='word_1_63' title='bbox 2130 514 2373 568; x_wconf 86' lang='lat' dir='ltr'>admovet</span> <span class='ocrx_word' id='word_1_64' title='bbox 2390 555 2406 578; x_wconf 91' lang='lat'>,</span> <span class='ocrx_word' id='word_1_65' title='bbox 2444 511 2610 586; x_wconf 82' lang='lat' dir='ltr'>prolis.</span> 
     </span>
    </p>

    <p class='ocr_par' dir='ltr' id='par_1_5' title="bbox 200 592 2610 690">
     <span class='ocr_line' id='line_1_7' title="bbox 200 592 2610 690; baseline -0.014 -18"><span class='ocrx_word' id='word_1_66' title='bbox 200 617 461 690; x_wconf 90' lang='lat' dir='ltr'>Quicquid</span> <span class='ocrx_word' id='word_1_67' title='bbox 481 618 597 667; x_wconf 92' lang='lat' dir='ltr'>Tibi</span> <span class='ocrx_word' id='word_1_68' title='bbox 627 607 932 664; x_wconf 86' lang='lat' dir='ltr'>REGUM</span> <span class='ocrx_word' id='word_1_69' title='bbox 960 595 1295 657; x_wconf 86' lang='lat' dir='ltr'>florentiffimi</span> <span class='ocrx_word' id='word_1_70' title='bbox 1330 610 1567 649; x_wconf 86' lang='lat' dir='ltr'>terrarum</span> <span class='ocrx_word' id='word_1_71' title='bbox 1597 597 1732 662; x_wconf 89' lang='lat' dir='ltr'>regni</span> <span class='ocrx_word' id='word_1_72' title='bbox 1761 594 1939 665; x_wconf 88' lang='lat' dir='ltr'>opibus</span> <span class='ocrx_word' id='word_1_73' title='bbox 1976 592 2407 653; x_wconf 85' lang='lat' dir='ltr'>MAXIMUS,</span> <span class='ocrx_word' id='word_1_74' title='bbox 2440 605 2610 639; x_wconf 88' lang='lat' dir='ltr'>amore</span> 
     </span>
    </p>

    <p class='ocr_par' dir='ltr' id='par_1_6' title="bbox 199 670 2630 832">
     <span class='ocr_line' id='line_1_8' title="bbox 199 670 2630 764; baseline -0.014 -15"><span class='ocrx_word' id='word_1_75' title='bbox 199 701 251 750; x_wconf 72' lang='grc' dir='ltr'>δε</span> <span class='ocrx_word' id='word_1_76' title='bbox 270 713 382 749; x_wconf 84' lang='lat' dir='ltr'>cura</span> <span class='ocrx_word' id='word_1_77' title='bbox 401 692 573 764; x_wconf 89' lang='lat' dir='ltr'>populi</span> <span class='ocrx_word' id='word_1_78' title='bbox 597 688 664 741; x_wconf 93' lang='lat' dir='ltr'>sui</span> <span class='ocrx_word' id='word_1_79' title='bbox 694 688 744 738; x_wconf 81' lang='lat' dir='ltr'>O</span> <span class='ocrx_word' id='word_1_80' title='bbox 759 682 1021 737; x_wconf 81' lang='lat' dir='ltr'><strong>PTIMU</strong></span> <span class='ocrx_word' id='word_1_81' title='bbox 1036 683 1091 743; x_wconf 89' lang='lat' dir='ltr'>S,</span> <span class='ocrx_word' id='word_1_82' title='bbox 1127 673 1483 730; x_wconf 82' lang='lat' dir='ltr'>benevolentiae</span> <span class='ocrx_word' id='word_1_83' title='bbox 1502 672 1697 723; x_wconf 83' lang='lat' dir='ltr'>tribuit:</span> <span class='ocrx_word' id='word_1_84' title='bbox 1734 670 1936 722; x_wconf 89' lang='lat' dir='ltr'>Tribuit</span> <span class='ocrx_word' id='word_1_85' title='bbox 1962 681 2132 720; x_wconf 88' lang='lat' dir='ltr'>autem</span> <span class='ocrx_word' id='word_1_86' title='bbox 2156 670 2454 719; x_wconf 88' lang='lat' dir='ltr'>meritorum</span> <span class='ocrx_word' id='word_1_87' title='bbox 2493 679 2630 730; x_wconf 82' lang='lat' dir='ltr'>ergo·</span> 
     </span>
     <span class='ocr_line' id='line_1_9' title="bbox 199 743 2609 832; baseline -0.013 -9"><span class='ocrx_word' id='word_1_88' title='bbox 199 785 420 831; x_wconf 78' lang='lat' dir='ltr'>tantum,</span> <span class='ocrx_word' id='word_1_89' title='bbox 456 780 513 818; x_wconf 90' lang='lat' dir='ltr'>ut</span> <span class='ocrx_word' id='word_1_90' title='bbox 531 763 655 816; x_wconf 84' lang='lat' dir='ltr'>nihil</span> <span class='ocrx_word' id='word_1_91' title='bbox 684 762 821 832; x_wconf 81' lang='lat' dir='ltr'>supra</span> <span class='ocrx_word' id='word_1_92' title='bbox 839 754 1015 830; x_wconf 66' lang='lat' dir='ltr'>poffitssz</span> <span class='ocrx_word' id='word_1_93' title='bbox 1050 754 1102 807; x_wconf 84' lang='lat' dir='ltr'>id</span> <span class='ocrx_word' id='word_1_94' title='bbox 1128 765 1329 805; x_wconf 86' lang='lat' dir='ltr'>tantum</span> <span class='ocrx_word' id='word_1_95' title='bbox 1351 748 1501 811; x_wconf 84' lang='lat' dir='ltr'>abest,</span> <span class='ocrx_word' id='word_1_96' title='bbox 1538 760 1595 797; x_wconf 90' lang='lat' dir='ltr'>ut</span> <span class='ocrx_word' id='word_1_97' title='bbox 1628 746 1745 797; x_wconf 86' lang='lat' dir='ltr'>Tibi</span> <span class='ocrx_word' id='word_1_98' title='bbox 1771 749 2008 817; x_wconf 76' lang='lat' dir='ltr'>praecipue</span> <span class='ocrx_word' id='word_1_99' title='bbox 2036 762 2256 812; x_wconf 79' lang='lat' dir='ltr'>arroges,</span> <span class='ocrx_word' id='word_1_100' title='bbox 2305 757 2362 795; x_wconf 91' lang='lat' dir='ltr'>ut</span> <span class='ocrx_word' id='word_1_101' title='bbox 2394 743 2609 795; x_wconf 90' lang='lat' dir='ltr'>solidum</span> 
     </span>
    </p>

    <p class='ocr_par' dir='ltr' id='par_1_7' title="bbox 197 820 2607 918">
     <span class='ocr_line' id='line_1_10' title="bbox 197 820 2607 918; baseline -0.012 -20"><span class='ocrx_word' id='word_1_102' title='bbox 197 847 384 918; x_wconf 91' lang='lat' dir='ltr'>populo</span> <span class='ocrx_word' id='word_1_103' title='bbox 411 860 530 894; x_wconf 89' lang='lat' dir='ltr'>cum</span> <span class='ocrx_word' id='word_1_104' title='bbox 553 842 740 892; x_wconf 85' lang='lat' dir='ltr'>foenore</span> <span class='ocrx_word' id='word_1_105' title='bbox 764 836 1026 907; x_wconf 74' lang='lat' dir='ltr'>impertias.</span> <span class='ocrx_word' id='word_1_106' title='bbox 1098 830 1205 881; x_wconf 92' lang='lat' dir='ltr'>Nec</span> <span class='ocrx_word' id='word_1_107' title='bbox 1224 828 1309 880; x_wconf 78' lang='lat' dir='ltr'>&#39;soli</span> <span class='ocrx_word' id='word_1_108' title='bbox 1330 840 1498 878; x_wconf 88' lang='lat' dir='ltr'>tamen</span> <span class='ocrx_word' id='word_1_109' title='bbox 1520 825 1648 874; x_wconf 88' lang='lat' dir='ltr'>cives</span> <span class='ocrx_word' id='word_1_110' title='bbox 1669 825 1758 885; x_wconf 86' lang='lat' dir='ltr'>tui,</span> <span class='ocrx_word' id='word_1_111' title='bbox 1778 826 2014 893; x_wconf 83' lang='lat' dir='ltr'>regnique</span> <span class='ocrx_word' id='word_1_112' title='bbox 2033 823 2070 874; x_wconf 90' lang='lat' dir='ltr'>F</span> <span class='ocrx_word' id='word_1_113' title='bbox 2070 824 2240 874; x_wconf 84' lang='lat' dir='ltr'>ranciae</span> <span class='ocrx_word' id='word_1_114' title='bbox 2259 822 2479 882; x_wconf 90' lang='lat' dir='ltr'>alumni,</span> <span class='ocrx_word' id='word_1_115' title='bbox 2514 820 2607 870; x_wconf 88' lang='lat' dir='ltr'>isto</span> 
     </span>
    </p>

    <p class='ocr_par' dir='ltr' id='par_1_8' title="bbox 197 895 2606 976">
     <span class='ocr_line' id='line_1_11' title="bbox 197 895 2606 976; baseline -0.012 -1"><span class='ocrx_word' id='word_1_116' title='bbox 197 923 432 976; x_wconf 66' lang='lat' dir='ltr'>facilitatis</span> <span class='ocrx_word' id='word_1_117' title='bbox 455 920 705 971; x_wconf 78' lang='lat' dir='ltr'>tuaebono</span> <span class='ocrx_word' id='word_1_118' title='bbox 729 914 981 971; x_wconf 68' lang='lat' dir='ltr'>fluuntur,</span> <span class='ocrx_word' id='word_1_119' title='bbox 1014 917 1217 959; x_wconf 78' lang='lat' dir='ltr'>&#39;tantuin</span> <span class='ocrx_word' id='word_1_120' title='bbox 1245 921 1349 954; x_wconf 91' lang='lat' dir='ltr'>non</span> <span class='ocrx_word' id='word_1_121' title='bbox 1368 904 1544 973; x_wconf 81' lang='lat' dir='ltr'>pariter</span> <span class='ocrx_word' id='word_1_122' title='bbox 1574 901 1768 961; x_wconf 86' lang='lat' dir='ltr'>omnia,</span> <span class='ocrx_word' id='word_1_123' title='bbox 1802 916 1967 970; x_wconf 88' lang='lat' dir='ltr'>quum</span> <span class='ocrx_word' id='word_1_124' title='bbox 1994 897 2185 949; x_wconf 85' lang='lat' dir='ltr'>civibus</span> <span class='ocrx_word' id='word_1_125' title='bbox 2218 895 2342 947; x_wconf 90' lang='lat' dir='ltr'>nihil</span> <span class='ocrx_word' id='word_1_126' title='bbox 2376 895 2606 962; x_wconf 82' lang='lat' dir='ltr'>derogeS,</span> 
     </span>
    </p>

    <p class='ocr_par' dir='ltr' id='par_1_9' title="bbox 198 971 2610 1066">
     <span class='ocr_line' id='line_1_12' title="bbox 198 971 2610 1066; baseline -0.013 -15"><span class='ocrx_word' id='word_1_127' title='bbox 198 1004 250 1053; x_wconf 89' lang='lat'>&amp;</span> <span class='ocrx_word' id='word_1_128' title='bbox 275 998 447 1049; x_wconf 85' lang='lat' dir='ltr'>exteris</span> <span class='ocrx_word' id='word_1_129' title='bbox 467 995 662 1066; x_wconf 70' lang='lat' dir='ltr'>praestas,</span> <span class='ocrx_word' id='word_1_130' title='bbox 733 992 876 1053; x_wconf 85' lang='lat' dir='ltr'>Cum</span> <span class='ocrx_word' id='word_1_131' title='bbox 897 990 1032 1038; x_wconf 82' lang='lat' dir='ltr'>enim</span> <span class='ocrx_word' id='word_1_132' title='bbox 1050 983 1168 1036; x_wconf 78' lang='lat' dir='ltr'>Tibi</span> <span class='ocrx_word' id='word_1_133' title='bbox 1198 981 1411 1048; x_wconf 70' lang='lat' dir='ltr'>justitia,</span> <span class='ocrx_word' id='word_1_134' title='bbox 1450 993 1550 1048; x_wconf 86' lang='lat' dir='ltr'>qua</span> <span class='ocrx_word' id='word_1_135' title='bbox 1580 977 1777 1042; x_wconf 81' lang='lat' dir='ltr'>Regum</span> <span class='ocrx_word' id='word_1_136' title='bbox 1810 973 2033 1042; x_wconf 79' lang='lat' dir='ltr'>Maiestas</span> <span class='ocrx_word' id='word_1_137' title='bbox 2061 974 2112 1024; x_wconf 67' lang='grc' dir='ltr'>δε</span> <span class='ocrx_word' id='word_1_138' title='bbox 2142 971 2450 1042; x_wconf 89' lang='lat' dir='ltr'>populorum</span> <span class='ocrx_word' id='word_1_139' title='bbox 2488 972 2610 1022; x_wconf 75' lang='lat' dir='ltr'>lalus</span> 
     </span>
    </p>

    <p class='ocr_par' dir='ltr' id='par_1_10' title="bbox 197 1047 2609 1135">
     <span class='ocr_line' id='line_1_13' title="bbox 197 1047 2609 1135; baseline -0.013 -8"><span class='ocrx_word' id='word_1_140' title='bbox 197 1078 395 1135; x_wconf 86' lang='lat' dir='ltr'>nititur,</span> <span class='ocrx_word' id='word_1_141' title='bbox 431 1069 553 1123; x_wconf 91' lang='lat' dir='ltr'>nihil</span> <span class='ocrx_word' id='word_1_142' title='bbox 573 1071 724 1120; x_wconf 89' lang='lat' dir='ltr'>carius</span> <span class='ocrx_word' id='word_1_143' title='bbox 748 1065 829 1129; x_wconf 79' lang='lat' dir='ltr'>fit,</span> <span class='ocrx_word' id='word_1_144' title='bbox 855 1064 991 1131; x_wconf 88' lang='lat' dir='ltr'>cujus</span> <span class='ocrx_word' id='word_1_145' title='bbox 1010 1060 1060 1113; x_wconf 63' lang='grc' dir='ltr'>ὃς</span> <span class='ocrx_word' id='word_1_146' title='bbox 1079 1058 1371 1111; x_wconf 87' lang='lat' dir='ltr'>Antistitem</span> <span class='ocrx_word' id='word_1_147' title='bbox 1389 1056 1464 1106; x_wconf 83' lang='lat' dir='ltr'>Te</span> <span class='ocrx_word' id='word_1_148' title='bbox 1495 1054 1538 1103; x_wconf 87' lang='lat' dir='ltr'>R</span> <span class='ocrx_word' id='word_1_149' title='bbox 1553 1052 1663 1104; x_wconf 88' lang='lat' dir='ltr'>EX</span> <span class='ocrx_word' id='word_1_150' title='bbox 1701 1047 2516 1107; x_wconf 85' lang='lat' dir='ltr'>CHRISTIANISSIMUS,</span> <span class='ocrx_word' id='word_1_151' title='bbox 2551 1057 2609 1096; x_wconf 85' lang='lat' dir='ltr'>ut</span> 
     </span>
    </p>

    <p class='ocr_par' dir='ltr' id='par_1_11' title="bbox 198 1127 2608 1217">
     <span class='ocr_line' id='line_1_14' title="bbox 198 1127 2608 1217; baseline -0.013 -14"><span class='ocrx_word' id='word_1_152' title='bbox 198 1149 548 1202; x_wconf 88' lang='lat' dir='ltr'>defideriorum</span> <span class='ocrx_word' id='word_1_153' title='bbox 566 1144 737 1217; x_wconf 85' lang='lat' dir='ltr'>populi</span> <span class='ocrx_word' id='word_1_154' title='bbox 757 1145 943 1212; x_wconf 67' lang='lat' dir='ltr'>suaeque</span> <span class='ocrx_word' id='word_1_155' title='bbox 960 1137 1230 1189; x_wconf 76' lang='lat' dir='ltr'>voluntatis</span> <span class='ocrx_word' id='word_1_156' title='bbox 1249 1131 1615 1182; x_wconf 82' lang='lat' dir='ltr'>internuntium</span> <span class='ocrx_word' id='word_1_157' title='bbox 1633 1141 1783 1200; x_wconf 83' lang='lat' dir='ltr'>atque</span> <span class='ocrx_word' id='word_1_158' title='bbox 1807 1129 2122 1197; x_wconf 88' lang='lat' dir='ltr'>interpretem</span> <span class='ocrx_word' id='word_1_159' title='bbox 2139 1127 2451 1195; x_wconf 77' lang='lat' dir='ltr'>proximum,</span> <span class='ocrx_word' id='word_1_160' title='bbox 2490 1139 2608 1173; x_wconf 89' lang='lat' dir='ltr'>con-</span> 
     </span>
    </p>

    <p class='ocr_par' dir='ltr' id='par_1_12' title="bbox 198 1199 2607 1294">
     <span class='ocr_line' id='line_1_15' title="bbox 198 1199 2607 1294; baseline -0.013 -14"><span class='ocrx_word' id='word_1_161' title='bbox 198 1228 377 1285; x_wconf 86' lang='lat' dir='ltr'>stituit,</span> <span class='ocrx_word' id='word_1_162' title='bbox 421 1222 572 1275; x_wconf 83' lang='lat' dir='ltr'>abeffe</span> <span class='ocrx_word' id='word_1_163' title='bbox 591 1223 678 1294; x_wconf 77' lang='lat' dir='ltr'>qui</span> <span class='ocrx_word' id='word_1_164' title='bbox 695 1213 847 1290; x_wconf 84' lang='lat' dir='ltr'>possit</span> <span class='ocrx_word' id='word_1_165' title='bbox 860 1256 874 1279; x_wconf 95' lang='lat'>,</span> <span class='ocrx_word' id='word_1_166' title='bbox 915 1217 1041 1287; x_wconf 88' lang='lat' dir='ltr'>quin</span> <span class='ocrx_word' id='word_1_167' title='bbox 1060 1211 1122 1263; x_wconf 84' lang='lat' dir='ltr'>ad</span> <span class='ocrx_word' id='word_1_168' title='bbox 1141 1208 1354 1277; x_wconf 80' lang='lat' dir='ltr'>ejusdem</span> <span class='ocrx_word' id='word_1_169' title='bbox 1374 1208 1569 1272; x_wconf 58' lang='lat' dir='ltr'>Reginae</span> <span class='ocrx_word' id='word_1_170' title='bbox 1588 1207 1838 1256; x_wconf 84' lang='lat' dir='ltr'>virtutum</span> <span class='ocrx_word' id='word_1_171' title='bbox 1856 1203 2141 1265; x_wconf 74' lang='lat' dir='ltr'>sacrarium,</span> <span class='ocrx_word' id='word_1_172' title='bbox 2179 1202 2319 1272; x_wconf 90' lang='lat' dir='ltr'>quod</span> <span class='ocrx_word' id='word_1_173' title='bbox 2350 1203 2403 1251; x_wconf 91' lang='lat' dir='ltr'>in</span> <span class='ocrx_word' id='word_1_174' title='bbox 2431 1199 2607 1250; x_wconf 74' lang='lat' dir='ltr'>vanimo</span> 
     </span>
    </p>

    <p class='ocr_par' dir='ltr' id='par_1_13' title="bbox 199 1275 2609 1359">
     <span class='ocr_line' id='line_1_16' title="bbox 199 1275 2609 1359; baseline -0.013 -2"><span class='ocrx_word' id='word_1_175' title='bbox 199 1318 291 1357; x_wconf 91' lang='lat' dir='ltr'>tuo</span> <span class='ocrx_word' id='word_1_176' title='bbox 320 1301 645 1355; x_wconf 80' lang='lat' dir='ltr'>constitutum</span> <span class='ocrx_word' id='word_1_177' title='bbox 662 1293 830 1359; x_wconf 85' lang='lat' dir='ltr'>habet,</span> <span class='ocrx_word' id='word_1_178' title='bbox 865 1292 1039 1345; x_wconf 87' lang='lat' dir='ltr'>molles</span> <span class='ocrx_word' id='word_1_179' title='bbox 1069 1291 1118 1340; x_wconf 70' lang='grc' dir='ltr'>δε</span> <span class='ocrx_word' id='word_1_180' title='bbox 1152 1287 1312 1338; x_wconf 79' lang='lat' dir='ltr'>faciles</span> <span class='ocrx_word' id='word_1_181' title='bbox 1342 1285 1501 1335; x_wconf 85' lang='lat' dir='ltr'>aditus</span> <span class='ocrx_word' id='word_1_182' title='bbox 1536 1299 1757 1354; x_wconf 66' lang='lat' dir='ltr'>peraeque</span> <span class='ocrx_word' id='word_1_183' title='bbox 1786 1281 2021 1333; x_wconf 90' lang='lat' dir='ltr'>omnibus</span> <span class='ocrx_word' id='word_1_184' title='bbox 2048 1280 2218 1330; x_wconf 83' lang='lat' dir='ltr'>dares?</span> <span class='ocrx_word' id='word_1_185' title='bbox 2253 1275 2411 1346; x_wconf 86' lang='lat' dir='ltr'>Quod</span> <span class='ocrx_word' id='word_1_186' title='bbox 2442 1290 2609 1346; x_wconf 85' lang='lat' dir='ltr'>quum</span> 
     </span>
    </p>

    <p class='ocr_par' dir='ltr' id='par_1_14' title="bbox 200 1355 2611 1444">
     <span class='ocr_line' id='line_1_17' title="bbox 200 1355 2611 1444; baseline -0.014 -9"><span class='ocrx_word' id='word_1_187' title='bbox 200 1384 268 1435; x_wconf 90' lang='lat' dir='ltr'>ita</span> <span class='ocrx_word' id='word_1_188' title='bbox 286 1381 368 1444; x_wconf 86' lang='lat' dir='ltr'>fit,</span> <span class='ocrx_word' id='word_1_189' title='bbox 403 1375 667 1428; x_wconf 85' lang='lat' dir='ltr'>audaculus</span> <span class='ocrx_word' id='word_1_190' title='bbox 687 1386 881 1432; x_wconf 87' lang='lat' dir='ltr'>tamen,</span> <span class='ocrx_word' id='word_1_191' title='bbox 917 1379 1064 1437; x_wconf 85' lang='lat' dir='ltr'>atque</span> <span class='ocrx_word' id='word_1_192' title='bbox 1082 1358 1202 1414; x_wconf 85' lang='lat' dir='ltr'>adeo</span> <span class='ocrx_word' id='word_1_193' title='bbox 1223 1361 1485 1434; x_wconf 86' lang='lat' dir='ltr'>plusquam</span> <span class='ocrx_word' id='word_1_194' title='bbox 1508 1356 1774 1409; x_wconf 82' lang='lat' dir='ltr'>audaculus</span> <span class='ocrx_word' id='word_1_195' title='bbox 1798 1356 1913 1419; x_wconf 75' lang='lat' dir='ltr'>efl&#39;e,</span> <span class='ocrx_word' id='word_1_196' title='bbox 1936 1375 1991 1407; x_wconf 89' lang='lat' dir='ltr'>ac</span> <span class='ocrx_word' id='word_1_197' title='bbox 2010 1357 2149 1426; x_wconf 91' lang='lat' dir='ltr'>supra</span> <span class='ocrx_word' id='word_1_198' title='bbox 2165 1355 2409 1421; x_wconf 77' lang='lat' dir='ltr'>fastigium</span> <span class='ocrx_word' id='word_1_199' title='bbox 2431 1367 2611 1403; x_wconf 88' lang='lat' dir='ltr'>meum</span> 
     </span>
    </p>

    <p class='ocr_par' dir='ltr' id='par_1_15' title="bbox 201 1425 2608 1519">
     <span class='ocr_line' id='line_1_18' title="bbox 201 1425 2608 1519; baseline -0.014 -9"><span class='ocrx_word' id='word_1_200' title='bbox 201 1459 323 1509; x_wconf 89' lang='lat' dir='ltr'>eniti</span> <span class='ocrx_word' id='word_1_201' title='bbox 345 1454 472 1506; x_wconf 85' lang='lat' dir='ltr'>mihi</span> <span class='ocrx_word' id='word_1_202' title='bbox 490 1453 662 1505; x_wconf 87' lang='lat' dir='ltr'>videor</span> <span class='ocrx_word' id='word_1_203' title='bbox 680 1489 694 1513; x_wconf 91' lang='lat'>,</span> <span class='ocrx_word' id='word_1_204' title='bbox 731 1446 871 1519; x_wconf 86' lang='lat' dir='ltr'>quod</span> <span class='ocrx_word' id='word_1_205' title='bbox 889 1441 1088 1515; x_wconf 72' lang='lat' dir='ltr'>pusillus</span> <span class='ocrx_word' id='word_1_206' title='bbox 1113 1438 1235 1489; x_wconf 86' lang='lat' dir='ltr'>adeo</span> <span class='ocrx_word' id='word_1_207' title='bbox 1259 1439 1310 1489; x_wconf 88' lang='lat'>&amp;</span> <span class='ocrx_word' id='word_1_208' title='bbox 1328 1429 1666 1502; x_wconf 86' lang='lat' dir='ltr'>ignotiffimus</span> <span class='ocrx_word' id='word_1_209' title='bbox 1689 1433 1809 1485; x_wconf 82' lang='lat' dir='ltr'>Tibi</span> <span class='ocrx_word' id='word_1_210' title='bbox 1827 1432 2105 1484; x_wconf 89' lang='lat' dir='ltr'>homuncio</span> <span class='ocrx_word' id='word_1_211' title='bbox 2119 1470 2134 1493; x_wconf 95' lang='lat'>,</span> <span class='ocrx_word' id='word_1_212' title='bbox 2169 1448 2229 1482; x_wconf 84' lang='lat' dir='ltr'>ex</span> <span class='ocrx_word' id='word_1_213' title='bbox 2249 1428 2462 1490; x_wconf 89' lang='lat' dir='ltr'>obscuri,</span> <span class='ocrx_word' id='word_1_214' title='bbox 2499 1425 2608 1496; x_wconf 76' lang='lat' dir='ltr'>pul-</span> 
     </span>
    </p>

    <p class='ocr_par' dir='ltr' id='par_1_16' title="bbox 202 1506 2611 1602">
     <span class='ocr_line' id='line_1_19' title="bbox 202 1506 2611 1602; baseline -0.013 -16"><span class='ocrx_word' id='word_1_215' title='bbox 202 1533 539 1602; x_wconf 87' lang='lat' dir='ltr'>verulentique</span> <span class='ocrx_word' id='word_1_216' title='bbox 558 1527 719 1580; x_wconf 82' lang='lat' dir='ltr'>Musei</span> <span class='ocrx_word' id='word_1_217' title='bbox 745 1523 962 1583; x_wconf 80' lang='lat' dir='ltr'>latebriS,</span> <span class='ocrx_word' id='word_1_218' title='bbox 998 1517 1065 1569; x_wconf 63' lang='lat' dir='ltr'>‘ad</span> <span class='ocrx_word' id='word_1_219' title='bbox 1093 1514 1341 1588; x_wconf 87' lang='lat' dir='ltr'>splendida</span> <span class='ocrx_word' id='word_1_220' title='bbox 1361 1514 1469 1577; x_wconf 77' lang='lat' dir='ltr'>illa,</span> <span class='ocrx_word' id='word_1_221' title='bbox 1505 1511 1833 1582; x_wconf 85' lang='lat' dir='ltr'>sublimiaque</span> <span class='ocrx_word' id='word_1_222' title='bbox 1853 1511 2012 1576; x_wconf 86' lang='lat' dir='ltr'>Regiae</span> <span class='ocrx_word' id='word_1_223' title='bbox 2038 1509 2187 1571; x_wconf 84' lang='lat' dir='ltr'>aulae,</span> <span class='ocrx_word' id='word_1_224' title='bbox 2221 1523 2332 1578; x_wconf 79' lang='lat' dir='ltr'>quae</span> <span class='ocrx_word' id='word_1_225' title='bbox 2360 1506 2448 1557; x_wconf 87' lang='lat' dir='ltr'>diu</span> <span class='ocrx_word' id='word_1_226' title='bbox 2470 1506 2611 1556; x_wconf 85' lang='lat' dir='ltr'>velut</span> 
     </span>
    </p>

    <p class='ocr_par' dir='ltr' id='par_1_17' title="bbox 203 1575 2610 1667">
     <span class='ocr_line' id='line_1_20' title="bbox 203 1575 2610 1667; baseline -0.012 -6"><span class='ocrx_word' id='word_1_227' title='bbox 203 1607 469 1661; x_wconf 90' lang='lat' dir='ltr'>domestica</span> <span class='ocrx_word' id='word_1_228' title='bbox 487 1607 624 1667; x_wconf 80' lang='lat' dir='ltr'>teriS‚</span> <span class='ocrx_word' id='word_1_229' title='bbox 646 1604 830 1654; x_wconf 82' lang='lat' dir='ltr'>limina</span> <span class='ocrx_word' id='word_1_230' title='bbox 847 1595 1105 1667; x_wconf 87' lang='lat' dir='ltr'>adspirare,</span> <span class='ocrx_word' id='word_1_231' title='bbox 1141 1593 1344 1662; x_wconf 88' lang='lat' dir='ltr'>Teque,</span> <span class='ocrx_word' id='word_1_232' title='bbox 1378 1602 1579 1641; x_wconf 88' lang='lat' dir='ltr'>tantum</span> <span class='ocrx_word' id='word_1_233' title='bbox 1603 1588 1801 1651; x_wconf 90' lang='lat' dir='ltr'>Virum,</span> <span class='ocrx_word' id='word_1_234' title='bbox 1838 1588 2085 1657; x_wconf 86' lang='lat' dir='ltr'>longeque</span> <span class='ocrx_word' id='word_1_235' title='bbox 2107 1578 2400 1653; x_wconf 80' lang='lat' dir='ltr'>graviffimis</span> <span class='ocrx_word' id='word_1_236' title='bbox 2420 1575 2610 1656; x_wconf 79' lang='lat' dir='ltr'>assidue</span> 
     </span>
    </p>

    <p class='ocr_par' dir='ltr' id='par_1_18' title="bbox 189 1657 2608 1751">
     <span class='ocr_line' id='line_1_21' title="bbox 189 1657 2608 1751; baseline -0.013 -13"><span class='ocrx_word' id='word_1_237' title='bbox 189 1684 545 1751; x_wconf 82' lang='lat' dir='ltr'>invigilantem</span> <span class='ocrx_word' id='word_1_238' title='bbox 567 1681 716 1741; x_wconf 56' lang='lat' dir='ltr'>curis»,</span> <span class='ocrx_word' id='word_1_239' title='bbox 752 1689 857 1727; x_wconf 88' lang='lat' dir='ltr'>tam</span> <span class='ocrx_word' id='word_1_240' title='bbox 876 1672 1082 1725; x_wconf 85' lang='lat' dir='ltr'>tenui&amp;</span> <span class='ocrx_word' id='word_1_241' title='bbox 1108 1671 1246 1740; x_wconf 81' lang='lat' dir='ltr'>inopi</span> <span class='ocrx_word' id='word_1_242' title='bbox 1270 1668 1540 1737; x_wconf 68' lang='lat' dir='ltr'>spriptionis</span> <span class='ocrx_word' id='word_1_243' title='bbox 1569 1681 1763 1731; x_wconf 82' lang='lat' dir='ltr'>genere,</span> <span class='ocrx_word' id='word_1_244' title='bbox 1798 1663 2097 1734; x_wconf 83' lang='lat' dir='ltr'>interpellare</span> <span class='ocrx_word' id='word_1_245' title='bbox 2129 1665 2183 1715; x_wconf 88' lang='lat' dir='ltr'>in</span> <span class='ocrx_word' id='word_1_246' title='bbox 2203 1661 2437 1711; x_wconf 88' lang='lat' dir='ltr'>animum</span> <span class='ocrx_word' id='word_1_247' title='bbox 2465 1657 2608 1709; x_wconf 86' lang='lat' dir='ltr'>indu-</span> 
     </span>
    </p>

    <p class='ocr_par' dir='ltr' id='par_1_19' title="bbox 204 1764 1740 1817">
     <span class='ocr_line' id='line_1_22' title="bbox 204 1764 1740 1817; baseline -0.006 -3"><span class='ocrx_word' id='word_1_248' title='bbox 204 1764 378 1814; x_wconf 82' lang='lat' dir='ltr'>xerim.</span> <span class='ocrx_word' id='word_1_249' title='bbox 1525 1815 1528 1817; x_wconf 63' lang='lat'>‚</span> <span class='ocrx_word' id='word_1_250' title='bbox 1736 1814 1740 1817; x_wconf 63' lang='lat'>,</span> 
     </span>
    </p>

    <p class='ocr_par' dir='ltr' id='par_1_20' title="bbox 171 1816 2613 3962">
     <span class='ocr_line' id='line_1_23' title="bbox 327 1816 2608 1904; baseline -0.011 -16"><span class='ocrx_word' id='word_1_251' title='bbox 327 1832 558 1889; x_wconf 86' lang='lat' dir='ltr'>Poteram</span> <span class='ocrx_word' id='word_1_252' title='bbox 589 1830 846 1904; x_wconf 84' lang='lat' dir='ltr'>equidem,</span> <span class='ocrx_word' id='word_1_253' title='bbox 882 1840 992 1902; x_wconf 82' lang='lat' dir='ltr'>quae</span> <span class='ocrx_word' id='word_1_254' title='bbox 1016 1816 1141 1880; x_wconf 78' lang='lat' dir='ltr'>mihi</span> <span class='ocrx_word' id='word_1_255' title='bbox 1164 1816 1408 1878; x_wconf 64' lang='lat' dir='ltr'>‘acce&#39;ffi&#39;im</span> <span class='ocrx_word' id='word_1_256' title='bbox 1431 1819 1689 1885; x_wconf 77' lang='lat' dir='ltr'>molliant,</span> <span class='ocrx_word' id='word_1_257' title='bbox 1723 1817 2061 1892; x_wconf 71' lang='lat' dir='ltr'>fiduciamque</span> <span class='ocrx_word' id='word_1_258' title='bbox 2082 1818 2331 1870; x_wconf 85' lang='lat' dir='ltr'>dubitanti</span> <span class='ocrx_word' id='word_1_259' title='bbox 2364 1816 2608 1876; x_wconf 84' lang='lat' dir='ltr'>tribuant,</span> 
     </span>
     <span class='ocr_line' id='line_1_24' title="bbox 205 1894 2613 1980; baseline -0.01 -14"><span class='ocrx_word' id='word_1_260' title='bbox 205 1914 266 1967; x_wconf 90' lang='lat' dir='ltr'>ad</span> <span class='ocrx_word' id='word_1_261' title='bbox 281 1915 356 1965; x_wconf 91' lang='lat' dir='ltr'>Te</span> <span class='ocrx_word' id='word_1_262' title='bbox 374 1914 550 1964; x_wconf 88' lang='lat' dir='ltr'>litteras</span> <span class='ocrx_word' id='word_1_263' title='bbox 572 1910 796 1976; x_wconf 87' lang='lat' dir='ltr'>allegare,</span> <span class='ocrx_word' id='word_1_264' title='bbox 831 1907 1012 1980; x_wconf 92' lang='lat' dir='ltr'>quibus</span> <span class='ocrx_word' id='word_1_265' title='bbox 1035 1904 1359 1977; x_wconf 87' lang='lat' dir='ltr'>propagandis</span> <span class='ocrx_word' id='word_1_266' title='bbox 1384 1901 1557 1952; x_wconf 86' lang='lat' dir='ltr'>laboris</span> <span class='ocrx_word' id='word_1_267' title='bbox 1577 1898 1675 1950; x_wconf 93' lang='lat' dir='ltr'>huc</span> <span class='ocrx_word' id='word_1_268' title='bbox 1690 1898 1932 1971; x_wconf 83' lang='lat' dir='ltr'>quicquid</span> <span class='ocrx_word' id='word_1_269' title='bbox 1951 1910 2099 1969; x_wconf 89' lang='lat' dir='ltr'>atque</span> <span class='ocrx_word' id='word_1_270' title='bbox 2124 1913 2279 1967; x_wconf 81' lang='lat' dir='ltr'>operae</span> <span class='ocrx_word' id='word_1_271' title='bbox 2298 1894 2613 1964; x_wconf 89' lang='lat' dir='ltr'>insumptum</span> 
     </span>
     <span class='ocr_line' id='line_1_25' title="bbox 205 1970 2611 2053; baseline -0.01 -11"><span class='ocrx_word' id='word_1_272' title='bbox 205 1994 298 2042; x_wconf 90' lang='lat' dir='ltr'>fuit</span> <span class='ocrx_word' id='word_1_273' title='bbox 314 2029 330 2053; x_wconf 92' lang='lat'>,</span> <span class='ocrx_word' id='word_1_274' title='bbox 366 1989 588 2040; x_wconf 87' lang='lat' dir='ltr'>dicatum</span> <span class='ocrx_word' id='word_1_275' title='bbox 610 1984 688 2036; x_wconf 89' lang='lat' dir='ltr'>est.</span> <span class='ocrx_word' id='word_1_276' title='bbox 756 1986 949 2036; x_wconf 84' lang='lat' dir='ltr'>Litterae</span> <span class='ocrx_word' id='word_1_277' title='bbox 970 1985 1224 2033; x_wconf 87' lang='lat' dir='ltr'>enimvero</span> <span class='ocrx_word' id='word_1_278' title='bbox 1246 1980 1370 2050; x_wconf 80' lang='lat' dir='ltr'>quin</span> <span class='ocrx_word' id='word_1_279' title='bbox 1389 1975 1511 2027; x_wconf 87' lang='lat' dir='ltr'>Tibi</span> <span class='ocrx_word' id='word_1_280' title='bbox 1529 1976 1583 2025; x_wconf 91' lang='lat' dir='ltr'>in</span> <span class='ocrx_word' id='word_1_281' title='bbox 1609 1976 1780 2044; x_wconf 80' lang='lat' dir='ltr'>&#39;primis</span> <span class='ocrx_word' id='word_1_282' title='bbox 1800 1974 1937 2024; x_wconf 87' lang='lat' dir='ltr'>cordi</span> <span class='ocrx_word' id='word_1_283' title='bbox 1958 1972 2078 2034; x_wconf 82' lang='lat' dir='ltr'>fint,</span> <span class='ocrx_word' id='word_1_284' title='bbox 2110 1972 2254 2043; x_wconf 78' lang='lat' dir='ltr'>ecqui</span> <span class='ocrx_word' id='word_1_285' title='bbox 2276 1970 2497 2022; x_wconf 89' lang='lat' dir='ltr'>dubitare</span> <span class='ocrx_word' id='word_1_286' title='bbox 2517 1985 2611 2019; x_wconf 88' lang='lat' dir='ltr'>nos</span> 
     </span>
     <span class='ocr_line' id='line_1_26' title="bbox 205 2045 2610 2134; baseline -0.009 -16"><span class='ocrx_word' id='word_1_287' title='bbox 205 2066 375 2118; x_wconf 87' lang='lat' dir='ltr'>fineret</span> <span class='ocrx_word' id='word_1_288' title='bbox 393 2065 620 2134; x_wconf 86' lang='lat' dir='ltr'>sapientia</span> <span class='ocrx_word' id='word_1_289' title='bbox 637 2075 744 2124; x_wconf 87' lang='lat' dir='ltr'>tua,</span> <span class='ocrx_word' id='word_1_290' title='bbox 777 2078 888 2132; x_wconf 70' lang='lat' dir='ltr'>quae</span> <span class='ocrx_word' id='word_1_291' title='bbox 917 2059 1152 2111; x_wconf 78' lang='lat' dir='ltr'>omnibus</span> <span class='ocrx_word' id='word_1_292' title='bbox 1180 2053 1324 2107; x_wconf 90' lang='lat' dir='ltr'>bonis</span> <span class='ocrx_word' id='word_1_293' title='bbox 1359 2053 1498 2104; x_wconf 84' lang='lat' dir='ltr'>rebus</span> <span class='ocrx_word' id='word_1_294' title='bbox 1521 2053 1737 2121; x_wconf 85' lang='lat' dir='ltr'>pretium</span> <span class='ocrx_word' id='word_1_295' title='bbox 1763 2049 1910 2101; x_wconf 84' lang='lat' dir='ltr'>suum</span> <span class='ocrx_word' id='word_1_296' title='bbox 1939 2049 2140 2101; x_wconf 88' lang='lat' dir='ltr'>statuere</span> <span class='ocrx_word' id='word_1_297' title='bbox 2171 2051 2338 2110; x_wconf 85' lang='lat' dir='ltr'>novit,</span> <span class='ocrx_word' id='word_1_298' title='bbox 2374 2045 2413 2098; x_wconf 87' lang='lat' dir='ltr'>fi</span> <span class='ocrx_word' id='word_1_299' title='bbox 2440 2049 2610 2097; x_wconf 87' lang='lat' dir='ltr'>minus</span> 
     </span>
     <span class='ocr_line' id='line_1_27' title="bbox 205 2127 2612 2213; baseline -0.007 -20"><span class='ocrx_word' id='word_1_300' title='bbox 205 2144 392 2213; x_wconf 85' lang='lat' dir='ltr'>alioqui</span> <span class='ocrx_word' id='word_1_301' title='bbox 419 2139 657 2190; x_wconf 87' lang='lat' dir='ltr'>constaret</span> <span class='ocrx_word' id='word_1_302' title='bbox 677 2136 937 2200; x_wconf 78' lang='lat' dir='ltr'>omnibUS,</span> <span class='ocrx_word' id='word_1_303' title='bbox 973 2149 1130 2207; x_wconf 91' lang='lat' dir='ltr'>quam</span> <span class='ocrx_word' id='word_1_304' title='bbox 1160 2132 1330 2185; x_wconf 69' lang='lat' dir='ltr'>multa:</span> <span class='ocrx_word' id='word_1_305' title='bbox 1357 2131 1452 2182; x_wconf 77' lang='lat' dir='ltr'>illae</span> <span class='ocrx_word' id='word_1_306' title='bbox 1480 2131 1530 2181; x_wconf 69' lang='grc' dir='ltr'>ὃ(</span> <span class='ocrx_word' id='word_1_307' title='bbox 1559 2127 1820 2180; x_wconf 78' lang='lat' dir='ltr'>reconditae</span> <span class='ocrx_word' id='word_1_308' title='bbox 1839 2131 1891 2179; x_wconf 80' lang='lat' dir='ltr'>in</span> <span class='ocrx_word' id='word_1_309' title='bbox 1914 2130 1992 2181; x_wconf 87' lang='lat' dir='ltr'>Te</span> <span class='ocrx_word' id='word_1_310' title='bbox 2009 2130 2108 2200; x_wconf 92' lang='lat' dir='ltr'>ipso</span> <span class='ocrx_word' id='word_1_311' title='bbox 2127 2128 2246 2190; x_wconf 75' lang='lat' dir='ltr'>sint,</span> <span class='ocrx_word' id='word_1_312' title='bbox 2284 2129 2408 2179; x_wconf 87' lang='lat' dir='ltr'>Viro</span> <span class='ocrx_word' id='word_1_313' title='bbox 2436 2146 2465 2177; x_wconf 91' lang='lat' dir='ltr'>a</span> <span class='ocrx_word' id='word_1_314' title='bbox 2493 2143 2612 2196; x_wconf 89' lang='lat' dir='ltr'>pue-</span> 
     </span>
     <span class='ocr_line' id='line_1_28' title="bbox 205 2198 2610 2280; baseline -0.007 -10"><span class='ocrx_word' id='word_1_315' title='bbox 205 2220 313 2270; x_wconf 87' lang='lat' dir='ltr'>ritia</span> <span class='ocrx_word' id='word_1_316' title='bbox 337 2218 478 2268; x_wconf 89' lang='lat' dir='ltr'>omni</span> <span class='ocrx_word' id='word_1_317' title='bbox 501 2232 667 2280; x_wconf 88' lang='lat' dir='ltr'>genere</span> <span class='ocrx_word' id='word_1_318' title='bbox 688 2213 920 2266; x_wconf 65' lang='lat' dir='ltr'>doctrinae</span> <span class='ocrx_word' id='word_1_319' title='bbox 955 2210 1329 2280; x_wconf 82' lang='lat' dir='ltr'>studiorumque</span> <span class='ocrx_word' id='word_1_320' title='bbox 1357 2205 1579 2267; x_wconf 73' lang='lat' dir='ltr'>exculte,</span> <span class='ocrx_word' id='word_1_321' title='bbox 1616 2198 2060 2275; x_wconf 63' lang='lat' dir='ltr'>perferff&#39;ciffimeque</span> <span class='ocrx_word' id='word_1_322' title='bbox 2089 2205 2341 2275; x_wconf 77' lang='lat' dir='ltr'>expolito?</span> <span class='ocrx_word' id='word_1_323' title='bbox 2414 2205 2610 2271; x_wconf 87' lang='lat' dir='ltr'>Quam-</span> 
     </span>
     <span class='ocr_line' id='line_1_29' title="bbox 205 2277 2612 2360; baseline -0.007 -16"><span class='ocrx_word' id='word_1_324' title='bbox 205 2294 377 2346; x_wconf 89' lang='lat' dir='ltr'>obrem</span> <span class='ocrx_word' id='word_1_325' title='bbox 397 2294 588 2360; x_wconf 88' lang='lat' dir='ltr'>ineptus</span> <span class='ocrx_word' id='word_1_326' title='bbox 610 2289 798 2352; x_wconf 88' lang='lat' dir='ltr'>videar,</span> <span class='ocrx_word' id='word_1_327' title='bbox 833 2287 869 2340; x_wconf 89' lang='lat' dir='ltr'>fi</span> <span class='ocrx_word' id='word_1_328' title='bbox 893 2287 1023 2358; x_wconf 79' lang='lat' dir='ltr'>apud</span> <span class='ocrx_word' id='word_1_329' title='bbox 1049 2287 1124 2338; x_wconf 90' lang='lat' dir='ltr'>Te</span> <span class='ocrx_word' id='word_1_330' title='bbox 1150 2283 1426 2336; x_wconf 84' lang='lat' dir='ltr'>liberalium</span> <span class='ocrx_word' id='word_1_331' title='bbox 1456 2280 1820 2351; x_wconf 74' lang='lat' dir='ltr'>disciplinarum</span> <span class='ocrx_word' id='word_1_332' title='bbox 1844 2283 2178 2350; x_wconf 90' lang='lat' dir='ltr'>patrocinium</span> <span class='ocrx_word' id='word_1_333' title='bbox 2208 2280 2485 2351; x_wconf 83' lang='lat' dir='ltr'>suscipiam,</span> <span class='ocrx_word' id='word_1_334' title='bbox 2521 2277 2612 2329; x_wconf 70' lang='lat' dir='ltr'>eal:</span> 
     </span>
     <span class='ocr_line' id='line_1_30' title="bbox 207 2356 2610 2439; baseline -0.007 -17"><span class='ocrx_word' id='word_1_335' title='bbox 207 2371 422 2439; x_wconf 88' lang='lat' dir='ltr'>demque</span> <span class='ocrx_word' id='word_1_336' title='bbox 441 2366 876 2417; x_wconf 88' lang='lat' dir='ltr'>commendatione</span> <span class='ocrx_word' id='word_1_337' title='bbox 899 2378 1010 2416; x_wconf 82' lang='lat' dir='ltr'>mea</span> <span class='ocrx_word' id='word_1_338' title='bbox 1029 2362 1269 2431; x_wconf 84' lang='lat' dir='ltr'>majorem</span> <span class='ocrx_word' id='word_1_339' title='bbox 1287 2356 1420 2429; x_wconf 85' lang='lat' dir='ltr'>apud</span> <span class='ocrx_word' id='word_1_340' title='bbox 1435 2358 1512 2408; x_wconf 90' lang='lat' dir='ltr'>Te</span> <span class='ocrx_word' id='word_1_341' title='bbox 1530 2359 1583 2407; x_wconf 88' lang='lat' dir='ltr'>in</span> <span class='ocrx_word' id='word_1_342' title='bbox 1604 2357 1806 2422; x_wconf 83' lang='lat' dir='ltr'>gratiam</span> <span class='ocrx_word' id='word_1_343' title='bbox 1822 2373 2003 2424; x_wconf 90' lang='lat' dir='ltr'>ponere</span> <span class='ocrx_word' id='word_1_344' title='bbox 2022 2357 2287 2407; x_wconf 85' lang='lat' dir='ltr'>allaborem</span> <span class='ocrx_word' id='word_1_345' title='bbox 2300 2394 2315 2417; x_wconf 93' lang='lat'>,</span> <span class='ocrx_word' id='word_1_346' title='bbox 2351 2371 2516 2426; x_wconf 89' lang='lat' dir='ltr'>quum</span> <span class='ocrx_word' id='word_1_347' title='bbox 2536 2356 2610 2404; x_wconf 81' lang='lat' dir='ltr'>ni-</span> 
     </span>
     <span class='ocr_line' id='line_1_31' title="bbox 205 2427 2612 2511; baseline -0.006 -15"><span class='ocrx_word' id='word_1_348' title='bbox 205 2444 275 2497; x_wconf 88' lang='lat' dir='ltr'>hil</span> <span class='ocrx_word' id='word_1_349' title='bbox 294 2447 483 2509; x_wconf 88' lang='lat' dir='ltr'>ignores</span> <span class='ocrx_word' id='word_1_350' title='bbox 512 2457 710 2503; x_wconf 89' lang='lat' dir='ltr'>eorum,</span> <span class='ocrx_word' id='word_1_351' title='bbox 745 2451 855 2511; x_wconf 86' lang='lat' dir='ltr'>quae</span> <span class='ocrx_word' id='word_1_352' title='bbox 881 2440 934 2489; x_wconf 86' lang='lat' dir='ltr'>in</span> <span class='ocrx_word' id='word_1_353' title='bbox 967 2435 1462 2487; x_wconf 83' lang='lat' dir='ltr'>commendationem</span> <span class='ocrx_word' id='word_1_354' title='bbox 1493 2448 1664 2482; x_wconf 85' lang='lat' dir='ltr'>earum</span> <span class='ocrx_word' id='word_1_355' title='bbox 1691 2427 1843 2480; x_wconf 85' lang='lat' dir='ltr'>afferri</span> <span class='ocrx_word' id='word_1_356' title='bbox 1874 2429 2085 2500; x_wconf 74' lang='lat' dir='ltr'>possent,</span> <span class='ocrx_word' id='word_1_357' title='bbox 2128 2431 2471 2502; x_wconf 72' lang='lat' dir='ltr'>praeclulasque</span> <span class='ocrx_word' id='word_1_358' title='bbox 2508 2430 2612 2498; x_wconf 82' lang='lat' dir='ltr'>jam</span> 
     </span>
     <span class='ocr_line' id='line_1_32' title="bbox 206 2506 2610 2579; baseline -0.006 -7"><span class='ocrx_word' id='word_1_359' title='bbox 206 2522 331 2572; x_wconf 89' lang='lat' dir='ltr'>olim</span> <span class='ocrx_word' id='word_1_360' title='bbox 350 2536 482 2570; x_wconf 87' lang='lat' dir='ltr'>aures</span> <span class='ocrx_word' id='word_1_361' title='bbox 494 2517 896 2569; x_wconf 63' lang='lat' dir='ltr'>obtrectatoribus</span> <span class='ocrx_word' id='word_1_362' title='bbox 913 2515 1184 2566; x_wconf 54' lang='lat' dir='ltr'>&gt;earundem</span> <span class='ocrx_word' id='word_1_363' title='bbox 1203 2511 1388 2563; x_wconf 82' lang='lat' dir='ltr'>habeas.</span> <span class='ocrx_word' id='word_1_364' title='bbox 1463 2509 1633 2560; x_wconf 92' lang='lat' dir='ltr'>Nemo</span> <span class='ocrx_word' id='word_1_365' title='bbox 1644 2509 1718 2559; x_wconf 89' lang='lat' dir='ltr'>Te</span> <span class='ocrx_word' id='word_1_366' title='bbox 1740 2509 2014 2571; x_wconf 81' lang='lat' dir='ltr'>enimvero,</span> <span class='ocrx_word' id='word_1_367' title='bbox 2029 2510 2297 2579; x_wconf 84' lang='lat' dir='ltr'>praeclarius</span> <span class='ocrx_word' id='word_1_368' title='bbox 2321 2510 2483 2570; x_wconf 85' lang='lat' dir='ltr'>novit,</span> <span class='ocrx_word' id='word_1_369' title='bbox 2496 2506 2610 2558; x_wconf 91' lang='lat' dir='ltr'>Hu-</span> 
     </span>
     <span class='ocr_line' id='line_1_33' title="bbox 206 2582 2610 2664; baseline -0.006 -16"><span class='ocrx_word' id='word_1_370' title='bbox 206 2599 448 2649; x_wconf 87' lang='lat' dir='ltr'>maniores</span> <span class='ocrx_word' id='word_1_371' title='bbox 470 2595 659 2657; x_wconf 80' lang='lat' dir='ltr'>litterae,</span> <span class='ocrx_word' id='word_1_372' title='bbox 695 2592 875 2664; x_wconf 88' lang='lat' dir='ltr'>quibus</span> <span class='ocrx_word' id='word_1_373' title='bbox 897 2589 970 2641; x_wconf 81' lang='lat' dir='ltr'>hae</span> <span class='ocrx_word' id='word_1_374' title='bbox 998 2607 1147 2652; x_wconf 80' lang='lat' dir='ltr'>curae,</span> <span class='ocrx_word' id='word_1_375' title='bbox 1178 2603 1302 2659; x_wconf 80' lang='lat' dir='ltr'>quas</span> <span class='ocrx_word' id='word_1_376' title='bbox 1330 2586 1392 2637; x_wconf 87' lang='lat' dir='ltr'>ad</span> <span class='ocrx_word' id='word_1_377' title='bbox 1413 2584 1558 2657; x_wconf 89' lang='lat' dir='ltr'>pedes</span> <span class='ocrx_word' id='word_1_378' title='bbox 1578 2598 1690 2636; x_wconf 88' lang='lat' dir='ltr'>tuos</span> <span class='ocrx_word' id='word_1_379' title='bbox 1710 2601 1916 2654; x_wconf 85' lang='lat' dir='ltr'>ponere,</span> <span class='ocrx_word' id='word_1_380' title='bbox 1952 2583 1991 2636; x_wconf 87' lang='lat' dir='ltr'>fi</span> <span class='ocrx_word' id='word_1_381' title='bbox 2009 2587 2211 2655; x_wconf 76' lang='lat' dir='ltr'>pateriS,</span> <span class='ocrx_word' id='word_1_382' title='bbox 2249 2586 2397 2655; x_wconf 86' lang='lat' dir='ltr'>cupio</span> <span class='ocrx_word' id='word_1_383' title='bbox 2416 2622 2432 2645; x_wconf 86' lang='lat'>,</span> <span class='ocrx_word' id='word_1_384' title='bbox 2464 2582 2610 2654; x_wconf 62' lang='lat' dir='ltr'>potis:</span> 
     </span>
     <span class='ocr_line' id='line_1_34' title="bbox 207 2663 2610 2740; baseline -0.005 -13"><span class='ocrx_word' id='word_1_385' title='bbox 207 2675 391 2727; x_wconf 85' lang='lat' dir='ltr'>fimum</span> <span class='ocrx_word' id='word_1_386' title='bbox 411 2672 688 2722; x_wconf 72' lang='lat' dir='ltr'>consecrata:</span> <span class='ocrx_word' id='word_1_387' title='bbox 706 2673 838 2731; x_wconf 73' lang='lat' dir='ltr'>sunt,</span> <span class='ocrx_word' id='word_1_388' title='bbox 872 2682 1120 2740; x_wconf 90' lang='lat' dir='ltr'>quantum</span> <span class='ocrx_word' id='word_1_389' title='bbox 1140 2671 1194 2719; x_wconf 92' lang='lat' dir='ltr'>in</span> <span class='ocrx_word' id='word_1_390' title='bbox 1223 2668 1265 2719; x_wconf 89' lang='lat' dir='ltr'>se</span> <span class='ocrx_word' id='word_1_391' title='bbox 1291 2668 1412 2719; x_wconf 91' lang='lat' dir='ltr'>boni</span> <span class='ocrx_word' id='word_1_392' title='bbox 1441 2663 1663 2717; x_wconf 83' lang='lat' dir='ltr'>habeant.</span> <span class='ocrx_word' id='word_1_393' title='bbox 1738 2666 1866 2729; x_wconf 83' lang='lat' dir='ltr'>Quae</span> <span class='ocrx_word' id='word_1_394' title='bbox 1892 2679 2239 2737; x_wconf 76' lang='lat' dir='ltr'>praeterquam,</span> <span class='ocrx_word' id='word_1_395' title='bbox 2275 2666 2414 2737; x_wconf 92' lang='lat' dir='ltr'>quod</span> <span class='ocrx_word' id='word_1_396' title='bbox 2443 2666 2610 2715; x_wconf 89' lang='lat' dir='ltr'>ceteris</span> 
     </span>
     <span class='ocr_line' id='line_1_35' title="bbox 207 2733 2611 2814; baseline -0.005 -14"><span class='ocrx_word' id='word_1_397' title='bbox 207 2749 467 2805; x_wconf 80' lang='lat' dir='ltr'>omnibuS,</span> <span class='ocrx_word' id='word_1_398' title='bbox 504 2746 680 2796; x_wconf 83' lang='lat' dir='ltr'>divinis</span> <span class='ocrx_word' id='word_1_399' title='bbox 700 2745 835 2812; x_wconf 81' lang='lat' dir='ltr'>juxta</span> <span class='ocrx_word' id='word_1_400' title='bbox 853 2756 999 2814; x_wconf 86' lang='lat' dir='ltr'>atque</span> <span class='ocrx_word' id='word_1_401' title='bbox 1021 2742 1276 2800; x_wconf 76' lang='lat' dir='ltr'>hurnani3‚</span> <span class='ocrx_word' id='word_1_402' title='bbox 1313 2742 1572 2812; x_wconf 71' lang='lat' dir='ltr'>disciplinis</span> <span class='ocrx_word' id='word_1_403' title='bbox 1593 2733 1907 2792; x_wconf 83' lang='lat' dir='ltr'>clariffimam</span> <span class='ocrx_word' id='word_1_404' title='bbox 1926 2739 2084 2790; x_wconf 71' lang='lat' dir='ltr'>facem</span> <span class='ocrx_word' id='word_1_405' title='bbox 2100 2741 2382 2810; x_wconf 62' lang='lat' dir='ltr'>praeferunt,</span> <span class='ocrx_word' id='word_1_406' title='bbox 2419 2736 2611 2789; x_wconf 86' lang='lat' dir='ltr'>velhoc</span> 
     </span>
     <span class='ocr_line' id='line_1_36' title="bbox 207 2814 2609 2888; baseline -0.004 -12"><span class='ocrx_word' id='word_1_407' title='bbox 207 2821 307 2876; x_wconf 84' lang='lat' dir='ltr'>solo</span> <span class='ocrx_word' id='word_1_408' title='bbox 326 2825 531 2873; x_wconf 89' lang='lat' dir='ltr'>nomine</span> <span class='ocrx_word' id='word_1_409' title='bbox 555 2814 1052 2871; x_wconf 77' lang='lat' dir='ltr'>commendatiffimae</span> <span class='ocrx_word' id='word_1_410' title='bbox 1068 2818 1158 2869; x_wconf 75' lang='lat' dir='ltr'>esle</span> <span class='ocrx_word' id='word_1_411' title='bbox 1180 2819 1384 2879; x_wconf 89' lang='lat' dir='ltr'>debent,</span> <span class='ocrx_word' id='word_1_412' title='bbox 1419 2818 1558 2888; x_wconf 86' lang='lat' dir='ltr'>quod</span> <span class='ocrx_word' id='word_1_413' title='bbox 1581 2835 1733 2868; x_wconf 87' lang='lat' dir='ltr'>nemo</span> <span class='ocrx_word' id='word_1_414' title='bbox 1749 2815 1986 2867; x_wconf 87' lang='lat' dir='ltr'>mediocri</span> <span class='ocrx_word' id='word_1_415' title='bbox 2009 2817 2060 2867; x_wconf 76' lang='grc' dir='ltr'>δε</span> <span class='ocrx_word' id='word_1_416' title='bbox 2090 2815 2419 2886; x_wconf 66' lang='lat' dir='ltr'>perfimcstoria</span> <span class='ocrx_word' id='word_1_417' title='bbox 2437 2832 2609 2866; x_wconf 86' lang='lat' dir='ltr'>earum</span> 
     </span>
     <span class='ocr_line' id='line_1_37' title="bbox 208 2890 2608 2966; baseline -0.003 -16"><span class='ocrx_word' id='word_1_418' title='bbox 208 2902 489 2966; x_wconf 89' lang='lat' dir='ltr'>cognitione</span> <span class='ocrx_word' id='word_1_419' title='bbox 509 2908 768 2948; x_wconf 88' lang='lat' dir='ltr'>contentus</span> <span class='ocrx_word' id='word_1_420' title='bbox 785 2893 873 2946; x_wconf 75' lang='lat' dir='ltr'>esse</span> <span class='ocrx_word' id='word_1_421' title='bbox 892 2892 1048 2964; x_wconf 89' lang='lat' dir='ltr'>potest</span> <span class='ocrx_word' id='word_1_422' title='bbox 1065 2932 1078 2954; x_wconf 83' lang='grc'><em>,</em></span> <span class='ocrx_word' id='word_1_423' title='bbox 1115 2896 1205 2965; x_wconf 81' lang='lat' dir='ltr'>qui</span> <span class='ocrx_word' id='word_1_424' title='bbox 1226 2894 1289 2944; x_wconf 90' lang='lat' dir='ltr'>ad</span> <span class='ocrx_word' id='word_1_425' title='bbox 1312 2907 1477 2944; x_wconf 82' lang='lat' dir='ltr'>rerum</span> <span class='ocrx_word' id='word_1_426' title='bbox 1498 2890 1832 2944; x_wconf 85' lang='lat' dir='ltr'>humanarum</span> <span class='ocrx_word' id='word_1_427' title='bbox 1863 2893 2157 2961; x_wconf 87' lang='lat' dir='ltr'>penitiorem</span> <span class='ocrx_word' id='word_1_428' title='bbox 2188 2892 2528 2957; x_wconf 86' lang='lat' dir='ltr'>cognitionem</span> <span class='ocrx_word' id='word_1_429' title='bbox 2557 2893 2608 2942; x_wconf 76' lang='grc' dir='ltr'>δε</span> 
     </span>
     <span class='ocr_line' id='line_1_38' title="bbox 209 2964 2609 3043; baseline -0.005 -14"><span class='ocrx_word' id='word_1_430' title='bbox 209 2993 469 3030; x_wconf 83' lang='lat' dir='ltr'>amoenum</span> <span class='ocrx_word' id='word_1_431' title='bbox 482 2973 606 3026; x_wconf 91' lang='lat' dir='ltr'>illud</span> <span class='ocrx_word' id='word_1_432' title='bbox 623 2975 959 3043; x_wconf 76' lang='lat' dir='ltr'>praecipueque</span> <span class='ocrx_word' id='word_1_433' title='bbox 980 2970 1263 3036; x_wconf 80' lang='lat' dir='ltr'>frugiferum</span> <span class='ocrx_word' id='word_1_434' title='bbox 1282 2969 1612 3021; x_wconf 87' lang='lat' dir='ltr'>Historiarum.</span> <span class='ocrx_word' id='word_1_435' title='bbox 1634 2967 1854 3019; x_wconf 87' lang='lat' dir='ltr'>studium</span> <span class='ocrx_word' id='word_1_436' title='bbox 1875 2969 2110 3018; x_wconf 79' lang='lat' dir='ltr'>animum</span> <span class='ocrx_word' id='word_1_437' title='bbox 2131 2964 2341 3017; x_wconf 87' lang='lat' dir='ltr'>intendit</span> <span class='ocrx_word' id='word_1_438' title='bbox 2354 3004 2368 3027; x_wconf 91' lang='lat'>,</span> <span class='ocrx_word' id='word_1_439' title='bbox 2405 2983 2510 3036; x_wconf 85' lang='lat' dir='ltr'>quo</span> <span class='ocrx_word' id='word_1_440' title='bbox 2534 2969 2609 3018; x_wconf 86' lang='lat' dir='ltr'>ni-</span> 
     </span>
     <span class='ocr_line' id='line_1_39' title="bbox 211 3041 2611 3123; baseline -0.005 -17"><span class='ocrx_word' id='word_1_441' title='bbox 211 3053 280 3106; x_wconf 89' lang='lat' dir='ltr'>hil</span> <span class='ocrx_word' id='word_1_442' title='bbox 299 3069 456 3123; x_wconf 87' lang='lat' dir='ltr'>neque</span> <span class='ocrx_word' id='word_1_443' title='bbox 472 3044 534 3100; x_wconf 81' lang='lat' dir='ltr'>ad</span> <span class='ocrx_word' id='word_1_444' title='bbox 555 3064 719 3100; x_wconf 86' lang='lat' dir='ltr'>rerum</span> <span class='ocrx_word' id='word_1_445' title='bbox 742 3046 1041 3113; x_wconf 84' lang='lat' dir='ltr'>agendarum</span> <span class='ocrx_word' id='word_1_446' title='bbox 1060 3045 1309 3098; x_wconf 63' lang='lat' dir='ltr'>delectum</span> <span class='ocrx_word' id='word_1_447' title='bbox 1326 3087 1340 3109; x_wconf 95' lang='lat'>,</span> <span class='ocrx_word' id='word_1_448' title='bbox 1378 3064 1434 3097; x_wconf 87' lang='lat' dir='ltr'>ac</span> <span class='ocrx_word' id='word_1_449' title='bbox 1458 3046 1611 3097; x_wconf 81' lang='lat' dir='ltr'>civilis</span> <span class='ocrx_word' id='word_1_450' title='bbox 1639 3043 2021 3115; x_wconf 87' lang='lat' dir='ltr'>communisque</span> <span class='ocrx_word' id='word_1_451' title='bbox 2050 3045 2162 3094; x_wconf 77' lang='lat' dir='ltr'>vitae</span> <span class='ocrx_word' id='word_1_452' title='bbox 2182 3041 2496 3112; x_wconf 84' lang='lat' dir='ltr'>prudentiam</span> <span class='ocrx_word' id='word_1_453' title='bbox 2514 3046 2611 3094; x_wconf 85' lang='lat' dir='ltr'>uti-</span> 
     </span>
     <span class='ocr_line' id='line_1_40' title="bbox 212 3117 2610 3197; baseline -0.005 -15"><span class='ocrx_word' id='word_1_454' title='bbox 212 3132 302 3183; x_wconf 89' lang='lat' dir='ltr'>lius</span> <span class='ocrx_word' id='word_1_455' title='bbox 318 3168 333 3190; x_wconf 91' lang='lat'>,</span> <span class='ocrx_word' id='word_1_456' title='bbox 370 3143 528 3197; x_wconf 88' lang='lat' dir='ltr'>neque</span> <span class='ocrx_word' id='word_1_457' title='bbox 546 3125 607 3176; x_wconf 89' lang='lat' dir='ltr'>ad</span> <span class='ocrx_word' id='word_1_458' title='bbox 628 3125 914 3193; x_wconf 85' lang='lat' dir='ltr'>Principum</span> <span class='ocrx_word' id='word_1_459' title='bbox 929 3119 1287 3171; x_wconf 86' lang='lat' dir='ltr'>institutionem</span> <span class='ocrx_word' id='word_1_460' title='bbox 1304 3123 1465 3191; x_wconf 87' lang='lat' dir='ltr'>aptius</span> <span class='ocrx_word' id='word_1_461' title='bbox 1486 3131 1832 3190; x_wconf 86' lang='lat' dir='ltr'>comparatum</span> <span class='ocrx_word' id='word_1_462' title='bbox 1856 3120 1934 3169; x_wconf 87' lang='lat' dir='ltr'>est.</span> <span class='ocrx_word' id='word_1_463' title='bbox 2009 3117 2152 3169; x_wconf 90' lang='lat' dir='ltr'>Cum</span> <span class='ocrx_word' id='word_1_464' title='bbox 2170 3120 2307 3169; x_wconf 85' lang='lat' dir='ltr'>enim</span> <span class='ocrx_word' id='word_1_465' title='bbox 2331 3134 2495 3168; x_wconf 88' lang='lat' dir='ltr'>rerum</span> <span class='ocrx_word' id='word_1_466' title='bbox 2519 3117 2610 3169; x_wconf 86' lang='lat' dir='ltr'>hu-</span> 
     </span>
     <span class='ocr_line' id='line_1_41' title="bbox 214 3196 2611 3274; baseline -0.005 -13"><span class='ocrx_word' id='word_1_467' title='bbox 214 3226 471 3262; x_wconf 89' lang='lat' dir='ltr'>manarum</span> <span class='ocrx_word' id='word_1_468' title='bbox 497 3227 550 3258; x_wconf 90' lang='lat' dir='ltr'>ea</span> <span class='ocrx_word' id='word_1_469' title='bbox 567 3207 787 3257; x_wconf 88' lang='lat' dir='ltr'>conditio</span> <span class='ocrx_word' id='word_1_470' title='bbox 807 3205 894 3268; x_wconf 77' lang='lat' dir='ltr'>fit,</span> <span class='ocrx_word' id='word_1_471' title='bbox 930 3217 988 3256; x_wconf 92' lang='lat' dir='ltr'>ut</span> <span class='ocrx_word' id='word_1_472' title='bbox 1013 3206 1102 3255; x_wconf 83' lang='lat' dir='ltr'>vix</span> <span class='ocrx_word' id='word_1_473' title='bbox 1123 3218 1179 3253; x_wconf 90' lang='lat' dir='ltr'>ac</span> <span class='ocrx_word' id='word_1_474' title='bbox 1196 3218 1257 3252; x_wconf 89' lang='lat' dir='ltr'>ne</span> <span class='ocrx_word' id='word_1_475' title='bbox 1282 3206 1370 3255; x_wconf 81' lang='lat' dir='ltr'>vix</span> <span class='ocrx_word' id='word_1_476' title='bbox 1395 3203 1604 3274; x_wconf 86' lang='lat' dir='ltr'>quidem</span> <span class='ocrx_word' id='word_1_477' title='bbox 1628 3203 1903 3273; x_wconf 86' lang='lat' dir='ltr'>quicquam</span> <span class='ocrx_word' id='word_1_478' title='bbox 1934 3211 2122 3265; x_wconf 88' lang='lat' dir='ltr'>geratur</span> <span class='ocrx_word' id='word_1_479' title='bbox 2139 3238 2154 3260; x_wconf 90' lang='lat'>,</span> <span class='ocrx_word' id='word_1_480' title='bbox 2190 3196 2330 3268; x_wconf 87' lang='lat' dir='ltr'>quod</span> <span class='ocrx_word' id='word_1_481' title='bbox 2350 3214 2454 3246; x_wconf 89' lang='lat' dir='ltr'>non</span> <span class='ocrx_word' id='word_1_482' title='bbox 2484 3199 2611 3249; x_wconf 90' lang='lat' dir='ltr'>item</span> 
     </span>
     <span class='ocr_line' id='line_1_42' title="bbox 213 3271 2611 3355; baseline -0.005 -19"><span class='ocrx_word' id='word_1_483' title='bbox 213 3288 343 3355; x_wconf 90' lang='lat' dir='ltr'>prius</span> <span class='ocrx_word' id='word_1_484' title='bbox 365 3283 554 3349; x_wconf 87' lang='lat' dir='ltr'>gestum</span> <span class='ocrx_word' id='word_1_485' title='bbox 572 3281 656 3344; x_wconf 88' lang='lat' dir='ltr'>fit,</span> <span class='ocrx_word' id='word_1_486' title='bbox 694 3281 1000 3352; x_wconf 87' lang='lat' dir='ltr'>perspicuum</span> <span class='ocrx_word' id='word_1_487' title='bbox 1030 3278 1118 3335; x_wconf 88' lang='lat' dir='ltr'>est,</span> <span class='ocrx_word' id='word_1_488' title='bbox 1155 3289 1406 3347; x_wconf 89' lang='lat' dir='ltr'>quantum</span> <span class='ocrx_word' id='word_1_489' title='bbox 1435 3275 1619 3328; x_wconf 84' lang='lat' dir='ltr'>interfit</span> <span class='ocrx_word' id='word_1_490' title='bbox 1651 3290 1849 3334; x_wconf 85' lang='lat' dir='ltr'>eorum,</span> <span class='ocrx_word' id='word_1_491' title='bbox 1885 3275 1974 3343; x_wconf 91' lang='lat' dir='ltr'>qui</span> <span class='ocrx_word' id='word_1_492' title='bbox 2004 3272 2366 3340; x_wconf 82' lang='lat' dir='ltr'>rempublicam</span> <span class='ocrx_word' id='word_1_493' title='bbox 2400 3271 2611 3323; x_wconf 86' lang='lat' dir='ltr'>admini-</span> 
     </span>
     <span class='ocr_line' id='line_1_43' title="bbox 214 3347 2611 3430; baseline -0.008 -16"><span class='ocrx_word' id='word_1_494' title='bbox 214 3365 384 3424; x_wconf 88' lang='lat' dir='ltr'>strant,</span> <span class='ocrx_word' id='word_1_495' title='bbox 419 3362 585 3411; x_wconf 87' lang='lat' dir='ltr'>omnis</span> <span class='ocrx_word' id='word_1_496' title='bbox 606 3359 819 3430; x_wconf 77' lang='lat' dir='ltr'>exempli</span> <span class='ocrx_word' id='word_1_497' title='bbox 839 3358 1162 3417; x_wconf 80' lang='lat' dir='ltr'>documenta,</span> <span class='ocrx_word' id='word_1_498' title='bbox 1197 3357 1248 3405; x_wconf 92' lang='lat' dir='ltr'>in</span> <span class='ocrx_word' id='word_1_499' title='bbox 1268 3355 1526 3406; x_wconf 84' lang='lat' dir='ltr'>illustribus</span> <span class='ocrx_word' id='word_1_500' title='bbox 1539 3352 1907 3411; x_wconf 82' lang='lat' dir='ltr'>monumentiS,</span> <span class='ocrx_word' id='word_1_501' title='bbox 1941 3349 2153 3400; x_wconf 87' lang='lat' dir='ltr'>velutin</span> <span class='ocrx_word' id='word_1_502' title='bbox 2174 3347 2392 3417; x_wconf 84' lang='lat' dir='ltr'>speculO,</span> <span class='ocrx_word' id='word_1_503' title='bbox 2431 3366 2611 3418; x_wconf 85' lang='lat' dir='ltr'>propo-</span> 
     </span>
     <span class='ocr_line' id='line_1_44' title="bbox 214 3426 2610 3502; baseline -0.004 -13"><span class='ocrx_word' id='word_1_504' title='bbox 214 3437 302 3490; x_wconf 87' lang='lat' dir='ltr'>fita</span> <span class='ocrx_word' id='word_1_505' title='bbox 324 3439 518 3487; x_wconf 89' lang='lat' dir='ltr'>intueri:</span> <span class='ocrx_word' id='word_1_506' title='bbox 555 3434 668 3486; x_wconf 87' lang='lat' dir='ltr'>Inde</span> <span class='ocrx_word' id='word_1_507' title='bbox 686 3437 837 3486; x_wconf 88' lang='lat' dir='ltr'>bonas</span> <span class='ocrx_word' id='word_1_508' title='bbox 850 3458 875 3496; x_wconf 44' lang='lat' dir='ltr'>,r</span> <span class='ocrx_word' id='word_1_509' title='bbox 899 3435 1111 3485; x_wconf 80' lang='lat' dir='ltr'>malasve</span> <span class='ocrx_word' id='word_1_510' title='bbox 1133 3426 1253 3484; x_wconf 82' lang='lat' dir='ltr'>artes</span> <span class='ocrx_word' id='word_1_511' title='bbox 1275 3435 1628 3502; x_wconf 87' lang='lat' dir='ltr'>imperantium</span> <span class='ocrx_word' id='word_1_512' title='bbox 1648 3432 1957 3498; x_wconf 84' lang='lat' dir='ltr'>cognoscere,</span> <span class='ocrx_word' id='word_1_513' title='bbox 1991 3446 2261 3500; x_wconf 82' lang='lat' dir='ltr'>earumque</span> <span class='ocrx_word' id='word_1_514' title='bbox 2282 3430 2487 3498; x_wconf 72' lang='lat' dir='ltr'>proinde</span> <span class='ocrx_word' id='word_1_515' title='bbox 2522 3447 2610 3498; x_wconf 85' lang='lat' dir='ltr'>op-</span> 
     </span>
     <span class='ocr_line' id='line_1_45' title="bbox 212 3502 2611 3580; baseline -0.003 -17"><span class='ocrx_word' id='word_1_516' title='bbox 212 3513 377 3565; x_wconf 88' lang='lat' dir='ltr'>tabiles</span> <span class='ocrx_word' id='word_1_517' title='bbox 397 3525 480 3561; x_wconf 85' lang='lat' dir='ltr'>aut</span> <span class='ocrx_word' id='word_1_518' title='bbox 501 3511 657 3561; x_wconf 88' lang='lat' dir='ltr'>foedos</span> <span class='ocrx_word' id='word_1_519' title='bbox 676 3513 832 3561; x_wconf 87' lang='lat' dir='ltr'>exitus</span> <span class='ocrx_word' id='word_1_520' title='bbox 852 3508 1123 3580; x_wconf 81' lang='lat' dir='ltr'>providere.</span> <span class='ocrx_word' id='word_1_521' title='bbox 1193 3509 1458 3573; x_wconf 86' lang='lat' dir='ltr'>Quinadeo</span> <span class='ocrx_word' id='word_1_522' title='bbox 1482 3522 1568 3558; x_wconf 89' lang='lat' dir='ltr'>aut</span> <span class='ocrx_word' id='word_1_523' title='bbox 1597 3525 1678 3558; x_wconf 91' lang='lat' dir='ltr'>me</span> <span class='ocrx_word' id='word_1_524' title='bbox 1697 3506 2013 3557; x_wconf 89' lang='lat' dir='ltr'>vehementer</span> <span class='ocrx_word' id='word_1_525' title='bbox 2033 3504 2155 3556; x_wconf 86' lang='lat' dir='ltr'>fallit</span> <span class='ocrx_word' id='word_1_526' title='bbox 2175 3506 2347 3574; x_wconf 89' lang='lat' dir='ltr'>opinio</span> <span class='ocrx_word' id='word_1_527' title='bbox 2360 3542 2374 3563; x_wconf 89' lang='lat'>,</span> <span class='ocrx_word' id='word_1_528' title='bbox 2411 3518 2496 3554; x_wconf 83' lang='lat' dir='ltr'>aut</span> <span class='ocrx_word' id='word_1_529' title='bbox 2512 3502 2611 3555; x_wconf 87' lang='lat' dir='ltr'>hoc</span> 
     </span>
     <span class='ocr_line' id='line_1_46' title="bbox 214 3579 2608 3656; baseline -0.005 -17"><span class='ocrx_word' id='word_1_530' title='bbox 214 3590 423 3639; x_wconf 90' lang='lat' dir='ltr'>demum</span> <span class='ocrx_word' id='word_1_531' title='bbox 440 3586 656 3636; x_wconf 89' lang='lat' dir='ltr'>studium</span> <span class='ocrx_word' id='word_1_532' title='bbox 676 3585 768 3647; x_wconf 87' lang='lat' dir='ltr'>est,</span> <span class='ocrx_word' id='word_1_533' title='bbox 798 3584 937 3656; x_wconf 88' lang='lat' dir='ltr'>quod</span> <span class='ocrx_word' id='word_1_534' title='bbox 954 3586 1093 3636; x_wconf 68' lang='lat' dir='ltr'>rectis</span> <span class='ocrx_word' id='word_1_535' title='bbox 1118 3587 1320 3650; x_wconf 88' lang='lat' dir='ltr'>ingeniis</span> <span class='ocrx_word' id='word_1_536' title='bbox 1335 3621 1350 3649; x_wconf 86' lang='lat'>,</span> <span class='ocrx_word' id='word_1_537' title='bbox 1383 3585 1445 3634; x_wconf 86' lang='lat' dir='ltr'>ad</span> <span class='ocrx_word' id='word_1_538' title='bbox 1468 3601 1639 3634; x_wconf 84' lang='lat' dir='ltr'>veram</span> <span class='ocrx_word' id='word_1_539' title='bbox 1663 3581 1862 3633; x_wconf 86' lang='lat' dir='ltr'>laudem</span> <span class='ocrx_word' id='word_1_540' title='bbox 1881 3580 2204 3632; x_wconf 83' lang='lat' dir='ltr'>inflammatis</span> <span class='ocrx_word' id='word_1_541' title='bbox 2225 3621 2239 3641; x_wconf 89' lang='lat'>‚</span> <span class='ocrx_word' id='word_1_542' title='bbox 2273 3579 2522 3630; x_wconf 62' lang='lat' dir='ltr'>invictum</span> <span class='ocrx_word' id='word_1_543' title='bbox 2553 3581 2608 3631; x_wconf 81' lang='lat' dir='ltr'>il-</span> 
     </span>
     <span class='ocr_line' id='line_1_47' title="bbox 171 3654 2608 3730; baseline -0.003 -17"><span class='ocrx_word' id='word_1_544' title='bbox 171 3664 173 3667; x_wconf 73' lang='grc'>’</span> <span class='ocrx_word' id='word_1_545' title='bbox 216 3662 302 3713; x_wconf 91' lang='lat' dir='ltr'>lud</span> <span class='ocrx_word' id='word_1_546' title='bbox 323 3663 478 3712; x_wconf 89' lang='lat' dir='ltr'>animi</span> <span class='ocrx_word' id='word_1_547' title='bbox 497 3660 644 3711; x_wconf 91' lang='lat' dir='ltr'>robur</span> <span class='ocrx_word' id='word_1_548' title='bbox 664 3664 933 3726; x_wconf 87' lang='lat' dir='ltr'>ingenerat,</span> <span class='ocrx_word' id='word_1_549' title='bbox 969 3676 1072 3730; x_wconf 92' lang='lat' dir='ltr'>quo</span> <span class='ocrx_word' id='word_1_550' title='bbox 1103 3662 1154 3711; x_wconf 91' lang='lat' dir='ltr'>in</span> <span class='ocrx_word' id='word_1_551' title='bbox 1175 3657 1302 3709; x_wconf 58' lang='lat' dir='ltr'>redte</span> <span class='ocrx_word' id='word_1_552' title='bbox 1334 3657 1469 3709; x_wconf 56' lang='lat' dir='ltr'>fastis</span> <span class='ocrx_word' id='word_1_553' title='bbox 1493 3674 1711 3709; x_wconf 89' lang='lat' dir='ltr'>rumores</span> <span class='ocrx_word' id='word_1_554' title='bbox 1752 3654 1995 3710; x_wconf 82' lang='lat' dir='ltr'>adversos,</span> <span class='ocrx_word' id='word_1_555' title='bbox 2035 3655 2330 3725; x_wconf 81' lang='lat' dir='ltr'>Livorisque</span> <span class='ocrx_word' id='word_1_556' title='bbox 2364 3654 2608 3721; x_wconf 78' lang='lat' dir='ltr'>judicium</span> 
     </span>
     <span class='ocr_line' id='line_1_48' title="bbox 217 3730 2608 3810; baseline -0.004 -19"><span class='ocrx_word' id='word_1_557' title='bbox 217 3741 470 3810; x_wconf 89' lang='lat' dir='ltr'>spernunt,</span> <span class='ocrx_word' id='word_1_558' title='bbox 507 3741 629 3789; x_wconf 88' lang='lat' dir='ltr'>&amp;in</span> <span class='ocrx_word' id='word_1_559' title='bbox 653 3741 795 3788; x_wconf 86' lang='lat' dir='ltr'>omni</span> <span class='ocrx_word' id='word_1_560' title='bbox 815 3750 1129 3806; x_wconf 87' lang='lat' dir='ltr'>temporum,</span> <span class='ocrx_word' id='word_1_561' title='bbox 1164 3737 1467 3806; x_wconf 66' lang='lat' dir='ltr'>fortunaeque</span> <span class='ocrx_word' id='word_1_562' title='bbox 1501 3736 1729 3784; x_wconf 87' lang='lat' dir='ltr'>varietate</span> <span class='ocrx_word' id='word_1_563' title='bbox 1760 3732 1847 3783; x_wconf 91' lang='lat' dir='ltr'>fibi</span> <span class='ocrx_word' id='word_1_564' title='bbox 1881 3730 2115 3781; x_wconf 84' lang='lat' dir='ltr'>constant.</span> <span class='ocrx_word' id='word_1_565' title='bbox 2191 3731 2458 3794; x_wconf 85' lang='lat' dir='ltr'>Quantum</span> <span class='ocrx_word' id='word_1_566' title='bbox 2489 3748 2608 3782; x_wconf 81' lang='lat' dir='ltr'>vero</span> 
     </span>
     <span class='ocr_line' id='line_1_49' title="bbox 217 3806 2611 3885; baseline -0.004 -15"><span class='ocrx_word' id='word_1_567' title='bbox 217 3836 393 3870; x_wconf 89' lang='lat' dir='ltr'>eorum</span> <span class='ocrx_word' id='word_1_568' title='bbox 434 3816 670 3868; x_wconf 78' lang='lat' dir='ltr'>industriae</span> <span class='ocrx_word' id='word_1_569' title='bbox 704 3817 889 3877; x_wconf 75' lang='lat' dir='ltr'>faveaS,</span> <span class='ocrx_word' id='word_1_570' title='bbox 926 3818 1015 3885; x_wconf 88' lang='lat' dir='ltr'>qui</span> <span class='ocrx_word' id='word_1_571' title='bbox 1053 3831 1171 3866; x_wconf 91' lang='lat' dir='ltr'>cum</span> <span class='ocrx_word' id='word_1_572' title='bbox 1193 3816 1333 3866; x_wconf 88' lang='lat' dir='ltr'>bonis</span> <span class='ocrx_word' id='word_1_573' title='bbox 1370 3810 1668 3882; x_wconf 88' lang='lat' dir='ltr'>quibuslibet</span> <span class='ocrx_word' id='word_1_574' title='bbox 1699 3809 1908 3871; x_wconf 87' lang='lat' dir='ltr'>artibus,</span> <span class='ocrx_word' id='word_1_575' title='bbox 1945 3821 2058 3859; x_wconf 88' lang='lat' dir='ltr'>tum</span> <span class='ocrx_word' id='word_1_576' title='bbox 2088 3806 2218 3858; x_wconf 85' lang='lat' dir='ltr'>hisce</span> <span class='ocrx_word' id='word_1_577' title='bbox 2254 3810 2302 3857; x_wconf 92' lang='lat' dir='ltr'>in</span> <span class='ocrx_word' id='word_1_578' title='bbox 2336 3811 2505 3878; x_wconf 87' lang='lat' dir='ltr'>primis</span> <span class='ocrx_word' id='word_1_579' title='bbox 2536 3811 2611 3860; x_wconf 89' lang='lat' dir='ltr'>lit-</span> 
     </span>
     <span class='ocr_line' id='line_1_50' title="bbox 217 3879 2610 3962; baseline -0.004 -17"><span class='ocrx_word' id='word_1_580' title='bbox 217 3896 328 3946; x_wconf 89' lang='lat' dir='ltr'>teris</span> <span class='ocrx_word' id='word_1_581' title='bbox 353 3890 700 3962; x_wconf 87' lang='lat' dir='ltr'>propagandis,</span> <span class='ocrx_word' id='word_1_582' title='bbox 736 3908 844 3961; x_wconf 77' lang='lat' dir='ltr'>quae</span> <span class='ocrx_word' id='word_1_583' title='bbox 880 3889 1269 3960; x_wconf 87' lang='lat' dir='ltr'>pulcherrimum</span> <span class='ocrx_word' id='word_1_584' title='bbox 1291 3888 1413 3939; x_wconf 89' lang='lat' dir='ltr'>istuc</span> <span class='ocrx_word' id='word_1_585' title='bbox 1446 3892 1506 3939; x_wconf 84' lang='lat' dir='ltr'>ab</span> <span class='ocrx_word' id='word_1_586' title='bbox 1531 3886 1862 3937; x_wconf 84' lang='lat' dir='ltr'>Humanitate</span> <span class='ocrx_word' id='word_1_587' title='bbox 1896 3902 2084 3935; x_wconf 85' lang='lat' dir='ltr'>nomen</span> <span class='ocrx_word' id='word_1_588' title='bbox 2115 3879 2426 3935; x_wconf 78' lang='lat' dir='ltr'>cruditissimi</span> <span class='ocrx_word' id='word_1_589' title='bbox 2457 3887 2610 3936; x_wconf 71' lang='lat' dir='ltr'>sacculi</span> 
     </span>
    </p>

    <p class='ocr_par' dir='ltr' id='par_1_21' title="bbox 2425 3960 2607 4025">
     <span class='ocr_line' id='line_1_51' title="bbox 2425 3960 2607 4025; baseline 0.005 -17"><span class='ocrx_word' id='word_1_590' title='bbox 2425 3960 2607 4025; x_wconf 81' lang='lat' dir='ltr'>judicio</span> 
     </span>
    </p>
   </div>
  </div>
 </body>
</html>
