2600 4177
386 200 409 234 B
503 198 534 234 R
631 200 659 235 E

21 279 63 312 ΒΕ
73 289 87 310 s
97 291 113 310 c
122 290 143 310 ir
152 292 172 309 M
182 290 217 315 A,
238 281 269 310 is.
289 281 308 310 f.
329 281 434 310 Vitium
448 281 525 310 estin
538 282 641 319 piperis
649 282 793 312 arboribus
801 291 835 312 ex
844 283 903 313 caeli
915 285 1088 322 intemperie,
1110 295 1166 323 quo

56 319 286 348 carbunculantur
295 340 303 353 ‚
315 318 438 354 fiuntque
449 317 551 348 semina
560 318 630 348 caffa
641 321 667 350 &
679 321 781 355 inania,
792 322 827 350 fic
840 322 973 351 lndorum
985 323 1076 360 lingua
1089 324 1168 361 signi-

18 359 20 382 }
59 353 156 385 ficante
166 356 314 385 arbortum.
336 356 452 385 ExPlin.
465 356 512 386 lib.
529 365 569 386 12.
587 367 649 395 cap.
660 366 686 394 7.
710 357 750 387 Al.
767 359 850 388 codd.
872 361 984 389 Brecma
993 362 1036 390 vel
1047 361 1165 391 Brioma.

19 420 20 423 ,
59 393 147 422 Diosc.
168 391 274 428 effla.»
291 403 316 430 q.
329 402 354 423 v.

18 431 114 462 Base
126 440 237 459 11111111
251 451 258 464 ‚
280 431 296 458 i.
316 441 342 460 n.
367 430 435 460 Urbs
447 430 592 469 superioris
602 431 759 462 Pannoniae.
801 434 895 464 Hodie
914 435 1054 462 Bonezhida
1066 457 1074 471 ,
1096 435 1165 465 Ptol.

19 498 21 501 ,
59 468 154 504 Geogr.
171 477 210 496 11.
227 467 333 499 Gruter.
347 479 373 506 p.
386 472 448 497 262.
464 479 490 498 n.
502 475 527 503 8.

19 506 149 542 ffiaaoi,
172 506 196 534 Sc
208 505 306 542 Breges
317 527 325 541 ‚
347 508 372 536 &
389 507 520 544 Phryges,
544 506 629 536 iidem
640 507 710 536 sunt.
732 508 831 537 Strabo
847 509 895 538 lib.
913 520 955 538 12.

21 543 65 574 BR
77 551 91 571 a
100 552 145 571 cm
157 552 175 571 A
187 564 194 576 ‚
216 543 274 572 atis.
297 543 446 579 [ζςὲγκφ]
467 554 481 572 a
494 545 612 574 medicis
627 546 738 582 proprie
751 546 905 583 appellatur
921 548 981 576 Pars
991 549 1111 577 anterior
1125 558 1169 578 ca-

56 580 137 618 pitis,
159 579 237 617 supra
259 581 379 610 frontem
396 581 503 619 capillis
517 584 588 611 tecla
602 603 610 615 ,
634 592 693 619 quae
715 584 740 612 &
757 584 886 621 Sinciput
899 595 913 614 a
928 585 1030 614 Latinis
1044 586 1165 616 dicitur:

58 625 212 660 quanquam
221 618 303 648 etiam
313 618 470 656 frequenter
482 620 556 657 apud
569 620 679 649 Graecos
690 631 740 658 pro
752 621 827 650 Toto
845 624 936 660 capite
954 623 1072 661 positum
1091 625 1168 654 inve-

59 660 139 684 nitur.

23 688 67 723 Ba
76 701 115 720 ac
125 703 145 720 M
154 701 246 721 ENTE
256 702 275 721 Ν
286 704 295 722 1
305 716 313 729 ‚
335 693 398 722 Aliae
410 693 506 732 populi
521 695 549 723 in
560 693 679 724 Troade.
702 695 768 724 Plin.
784 696 831 725 lib.
846 708 868 731 ς.
883 707 942 735 cap.
955 707 997 731 30-

24 729 68 762 Br.
76 739 90 758 ε
99 739 118 757 Ν
128 739 146 758 D
156 740 184 764 Α,
200 740 214 758 a
228 730 316 760 Poetis
327 731 489 768 quibusdam
501 733 638 761 brevitatis
650 733 738 762 caussa
749 734 822 763 dista
835 734 889 764 fuit
900 736 1003 774 Apuliae
1013 736 1075 766 urbs
1083 737 1169 767 Brun-

60 767 173 796 dusium.
194 767 294 797 Festus.
335 769 389 798 Sed
412 769 440 798 V.
458 769 556 807 Scalig.
570 772 595 800 Sc
608 770 704 800 Dacer.
717 777 774 800 not.

19 805 88 837 'Bau
97 814 115 834 Ν
124 814 143 833 N
154 816 162 833 1
174 825 182 839 ,
203 806 298 835 Norici
311 807 416 845 populi.
446 807 476 836 V.
498 818 513 836 Β
523 818 537 836 R
547 818 561 836 a
570 818 589 836 u
598 818 617 836 N
628 819 646 836 1.

26 842 214 878 Batauus,
243 845 389 879 [κςέννῶ]
419 845 563 874 Senonum
584 845 726 875 Gallorum
744 845 872 884 regulus,
899 848 926 877 &
943 848 1018 879 dux:
1046 849 1075 879 in
1092 851 1170 886 cujus

59 881 199 909 mentione
208 882 432 919 occupatissimus
442 883 479 912 est
495 882 553 912 Liv.
565 882 612 912 lib.
628 894 653 918 5.
671 889 713 919 38.
734 885 785 914 810.

60 917 181 948 Brennus
192 918 344 957 sacrilegus.
366 920 485 958 Propert.
502 921 548 949 lib.
564 930 587 956 3.
601 930 642 955 13.
657 931 699 954 ς1.

26 955 145 986 Busa
157 965 212 991 US,
235 957 318 986 Mons
331 959 360 987 in
371 958 524 988 Germania.
565 958 595 987 V.
618 958 762 995 Philargyr.
777 958 812 988 ad
829 958 902 997 Virg.
916 961 1014 1000 Georg.
1027 973 1053 998 4.
1069 964 1095 993 &
1108 963 1170 993 Ber—

61 1002 138 1030 negg.
150 994 184 1023 ad
195 995 270 1024 Suet.
285 995 349 1025 Caes.
363 1005 423 1033 cap.
437 1006 481 1031 25.
493 1006 519 1033 p.
534 1006 579 1032 47.
602 995 690 1025 Ortel.
700 996 781 1025 Thes.
797 997 895 1035 Geogr.

26 1029 68 1060 Ba
79 1041 92 1060 s
101 1040 120 1059 N
130 1041 162 1066 o,
184 1031 246 1061 Dux
255 1033 406 1067 Gallorum,
416 1035 460 1070 qui
472 1034 627 1063 Brenonam
639 1034 809 1063 Venetorum
821 1036 918 1064 urbem
928 1036 1074 1067 aedificavit
1085 1047 1092 1072 3
1111 1047 1171 1075 quae

19 1040 114 1136 'Bustea
127 1068 264 1099 literarum
275 1072 430 1101 mutatione
443 1071 548 1100 Verona
559 1072 633 1101 die‘ta
645 1071 691 1101 est.
734 1072 869 1102 Nonnulli
881 1073 1004 1104 scribunt
1015 1075 1121 1113 duplici
1139 1086 1169 1105 N.

16 1127 17 1134 .
51 1115 68 1135 11.
78 1116 113 1134 111»
122 1116 141 1135 u
150 1116 193 1136 OT
201 1117 216 1135 11
225 1117 242 1136 o
251 1117 265 1136 r>
274 1118 293 1136 H
303 1111 316 1137 ῖ
325 1119 342 1137 υ
352 1119 373 1137 M
382 1131 389 1143 ‚
411 1109 429 1138 i.
444 1118 471 1138 n.
492 1109 705 1145 [ἔξεφοποφᾶον]
726 1109 822 1139 Latine
835 1110 1010 1142 Parvulorum
1022 1114 1172 1151 hospitium

0 1169 2 1172 ,
60 1144 166 1179 dicitur,
175 1145 327 1182 domusque
335 1147 374 1176 est
383 1146 490 1176 alendis
499 1147 649 1176 infantibus
658 1154 757 1184 parata.
772 1147 807 1177 1.1
814 1159 838 1183 9.
851 1149 920 1179 C.de
931 1149 1092 1181 sacrosanct.
1100 1151 1169 1181 eccl.

25 1181 71 1211 Ba
80 1191 132 1211 aer
143 1191 161 1211 u
170 1193 190 1211 M
199 1202 207 1217 ,
227 1183 448 1213 promontorium
459 1185 497 1213 est
511 1185 625 1214 Achaiae.
648 1185 716 1214 Plin.
730 1185 777 1214 lib.
789 1199 814 1220 4·

4 1229 11 1235 “
24 1219 67 1250 BR
77 1229 117 1249 ετ
126 1229 139 1248 s
148 1229 167 1248 Ν
177 1230 195 1249 Λ
206 1242 214 1255 ‚
235 1222 371 1258 [Βςέπναι]
393 1222 462 1252 Urbs
475 1223 559 1253 [taliae
569 1222 617 1252 sub
627 1223 741 1252 Venetia
753 1246 762 1259 ,
783 1223 941 1255 Ptolemaeo.
963 1224 1031 1256 Plin.
1044 1226 1171 1257 Brintum

60 1265 138 1287 vocat
148 1267 155 1286 :
179 1257 262 1288 hodie
283 1262 412 1295 arignano.

0 1312 7 1324 1
25 1294 45 1325 Β
53 1305 69 1324 R
77 1305 91 1324 iz
100 1305 118 1323 T
126 1305 142 1323 ο
153 1306 168 1324 L
176 1306 199 1324 ia
210 1306 227 1325 υ
237 1307 267 1332 M,
277 1297 391 1326 Ptolem.
402 1297 544 1328 Lusitaniae
555 1299 692 1337 oppidum
702 1299 827 1336 est‚quod
837 1300 923 1331 hodie
932 1301 1048 1332 Britium
1058 1303 1170 1333 dicitur.

25 1332 178 1369 Basucr,
196 1334 262 1363 teste
276 1334 345 1365 Plin.
364 1335 410 1364 lib.
421 1347 446 1371 4.
459 1345 519 1374 cap.
533 1345 576 1372 35.
597 1337 659 1366 sunt
676 1337 825 1367 Pannoniae
842 1339 958 1377 populi,
979 1340 1014 1368 ad
1028 1341 1111 1370 Saum
1122 1341 1172 1370 flu.

0 1366 5 1402 ’Ῐ
57 1371 145 1400 vium.
182 1371 224 1401 De
235 1371 278 1402 his
293 1372 324 1402 V.
339 1373 426 1403 Strab.
440 1373 486 1402 lib.
499 1384 524 1411 7.
536 1376 562 1405 Sc
576 1374 659 1404 Ursat.
675 1375 710 1404 de
721 1375 786 1405 Not.
799 1375 879 1406 Rom.
895 1376 978 1407 Thes.
989 1377 1078 1408 Graev.
1088 1379 1170 1409 Tom.

0 2141 2 2144 ·
57 2129 134 2160 Aetio
147 2129 238 2160 brevis
248 2137 331 2167 atque
341 2130 458 2159 concisa.

57 2243 138 2274 Alvus
148 2244 245 2273 brevis.
268 2243 341 2280 Virg.
355 2253 379 2280 3.
394 2243 492 2281 Georg.
505 2249 550 2277 80.

23 1415 220 1490 Βιιὲνῗεξξζεῐ.
234 1409 370 1484 ἓῖἷρφχὺε,
389 1447 470 1484 ζωὸς,
495 1448 638 1484 ἠνῦμθ]
656 1450 768 1488 proprie
789 1451 875 1488 Quod
898 1454 1051 1490 opponitur
1064 1454 1170 1492 Longo.

59 1483 116 1514 Cic.
129 1495 154 1519 4·
169 1485 250 1515 Acad.
264 1495 307 1521 92.
331 1486 420 1515 Multa
433 1496 537 1524 pauca,
559 1496 658 1525 magna
669 1497 767 1525 parva,
788 1489 870 1527 longa
882 1490 991 1527 brevia,
1013 1492 1067 1522 lata
1086 1503 1173 1531 anguz

57 1521 103 1552 sta.
124 1522 208 1553 Ovid.
221 1533 246 1553 2.
266 1524 356 1553 Amor.
372 1535 397 1559 4.
417 1527 459 1560 36.

136 1560 314 1590 Conveniunt
323 1568 390 1591 voto
399 1562 482 1600 longa
490 1584 498 1597 ,
519 1562 664 1599 brevisque
675 1573 747 1593 meo.

57 1595 167 1634 Brevia,
189 1609 239 1636 pro
253 1599 443 1629 Consestariis.
484 1600 542 1630 Cic.
557 1611 583 1636 4.
598 1601 633 1629 de
646 1601 703 1630 Fin.
718 1607 763 1637 48.
797 1601 886 1632 Venio
904 1602 937 1632 ad
949 1603 995 1634 illa
1004 1610 1051 1634 tua
1060 1604 1170 1642 brevia,

77 1645 136 1673 quae
154 1636 320 1667 conse&aria
331 1637 384 1666 effe
396 1637 507 1667 dicebas
518 1660 526 1674 ‚
549 1639 575 1669 δι
588 1639 711 1676 primum
720 1639 790 1669 illud
802 1650 857 1677 quo
870 1641 940 1670 nihil
949 1644 1039 1680 potest
1049 1642 1102 1673 effe
1113 1643 1173 1674 bre—

75 1674 145 1703 vius.
166 1674 291 1704 Budaeus.
312 1676 385 1704 conf.
397 1685 421 1712 3.
432 1679 477 1705 26.

58 1711 167 1779 quuid
180 1713 371 1744 contractione
381 1713 491 1743 brevius
502 1713 580 1750 fieri,
601 1720 649 1744 aut
665 1714 853 1753 productione
872 1716 993 1755 longius.
1014 1718 1073 1748 Cic.
1091 1728 1115 1756 3.
1136 1719 1173 1749 de

104 1756 153 1779 rat.
169 1760 229 1786 194.

57 1786 208 1818 Verborum
219 1788 338 1818 ambitus
349 1790 505 1819 contractus
517 1789 542 1818 &
553 1789 650 1819 brevis.
691 1789 749 1820 Cic.
762 1791 797 1820 de
808 1791 878 1821 Clar.
891 1792 969 1822 Orat.
989 1797 1050 1823 162.
1074 1794 1108 1824 Et
1117 1805 1174 1825 arn·

74 1826 149 1855 bitus
159 1826 206 1856 ille
216 1827 379 1862 verborum,
399 1827 418 1856 si
437 1827 473 1856 sic
484 1828 632 1865 periodum
643 1828 776 1866 appellari
788 1829 898 1867 placet,
923 1837 981 1861 erat
1001 1833 1077 1870 apud
1092 1833 1173 1864 illum

76 1866 234 1894 contractus
245 1866 271 1894 ἃ
284 1865 382 1894 brevis.

55 1901 124 1932 Vitae
139 1903 304 1940 exiguum&
317 1902 399 1932 breve
411 1902 590 1932 curriculum.
631 1903 689 1933 Cic.
701 1912 752 1941 pro
768 1905 847 1935 Arch.
867 1911 913 1940 28·
942 1907 1018 1943 Quid
1040 1908 1078 1937 est
1096 1908 1172 1945 quod

74 1940 104 1969 in
116 1941 233 1970 hoctam
244 1941 343 1978 exiguo
353 1941 416 1970 vitae
424 1941 561 1971 curriculo
572 1942 662 1971 &tam
676 1942 752 1971 brevi
764 1965 772 1978 ‚
790 1944 874 1973 tantis
882 1954 933 1974 nos
943 1944 1084 1975 laboribus
1097 1955 1174 1976 exer-

74 1987 187 2007 ceamus
195 1979 209 2007 ἶ)

55 2014 142 2045 Cursu
155 2016 325 2046 breviffimus
334 2016 434 2045 fluvius
447 2037 455 2051 ,
512 2016 539 2046 ui
550 2024 608 2046 non
622 2016 704 2056 longe
716 2018 844 2048 decurrit.
869 2018 953 2050 Ovid.
966 2029 1008 2058 14.
1023 2020 1091 2052 Met.
1108 2030 1171 2060 329.

56 2053 142 2084 Breve
151 2055 213 2083 vitae
222 2054 367 2092 reliquum.
409 2054 493 2084 Plaut.
536 2063 591 2084 erc.
604 2064 628 2091 3.
641 2064 666 2085 2.
679 2067 704 2090 4.

136 2092 257 2121 Decurso
266 2093 294 2121 in
303 2092 388 2130 spatio
396 2091 478 2121 breve
488 2093 562 2129 quod
573 2094 636 2122 vitae
647 2094 783 2130 reliquum
802 2094 849 2124 est.

481 2130 600 2167 Quintil.
614 2131 663 2161 lib.
675 2136 700 2161 6.
713 2141 774 2170 cap.
786 2144 812 2166 4.

57 2167 154 2198 AEvum
164 2168 256 2197 breve.
280 2168 344 2197 Hor.
357 2177 382 2197 2.
399 2169 485 2197 Serm.
497 2173 523 2197 6.
536 2177 580 2205 97.
674 2169 811 2206 —Quam
823 2169 854 2199 fis
866 2170 915 2199 aevi
923 2170 1023 2205 brevis.

58 2206 156 2236 AEvum
165 2207 248 2235 breve
259 2207 284 2236 8<
295 2205 398 2243 fragile.
421 2205 488 2235 Plin.
503 2206 602 2244 Paneg.

644 2259 681 2265 ——
693 2244 734 2274 illi
745 2246 831 2275 ardua
843 2247 956 2277 cervix:

135 2283 320 2320 Argutumque
330 2288 430 2319 caput:
452 2281 543 2311 brevis
553 2281 648 2312 alvus:
671 2282 808 2320 obesaque
822 2292 906 2322 terga.

0 2325 9 2346 z·
56 2317 126 2350 Anni
135 2319 233 2349 breves
246 2342 255 2355 ,
272 2328 322 2357 pro
336 2325 415 2349 aetate
426 2319 510 2348 brevi.
530 2320 594 2349 Hor.
608 2332 634 2357 4.
648 2320 737 2350 Carm.
753 2331 794 2358 13.
806 2331 850 2351 22.

57 2357 132 2396 aqua
141 2377 151 2393 ,
172 2359 190 2387 i.
206 2367 229 2387 e.
252 2357 361 2386 fretum.
385 2357 467 2386 Ovid.
481 2363 522 2391 18.
536 2358 618 2396 Epist.
631 2366 692 2395 174.

133 2395 210 2425 Num
218 2396 311 2425 minus
327 2395 382 2424 hoc
390 2395 472 2425 nobis
482 2402 537 2425 tam
550 2396 640 2426 brevis
651 2397 738 2426 obstat
750 2407 820 2435 aqua
829 2397 843 2426 ἱ)

57 2433 156 2464 Audita
167 2433 243 2464 brevi
251 2434 376 2471 quamvis
384 2443 482 2471 magna
494 2433 625 2464 transibat
634 2456 642 2471 ,
663 2436 754 2474 impar
763 2437 836 2466 curis
843 2435 1021 2474 gravioribus.
1043 2433 1165 2470 Tacita.

75 2471 141 2501 Hist.
162 2481 204 2508 59.

57 2508 96 2539 Ca
115 2516 146 2538 ut
158 2510 249 2539 breve.
272 2508 339 2538 Hor.
355 2518 378 2537 1.
391 2508 478 2539 Serm.
491 2518 517 2539 2.
531 2515 576 2545 89.

54 2544 80 2577 C
105 2557 137 2577 us
144 2547 234 2581 brevis
244 2547 303 2576 haec
312 2547 408 2584 rapiet.
429 2548 493 2577 Sen.
506 2547 608 2577 Troad.
619 2556 683 2585 273.
781 2585 787 2591 ·

54 2584 177 2620 Census,
198 2595 248 2623 pro
259 2585 373 2622 Exiguo.
396 2584 462 2614 Hor.
473 2595 499 2615 2.
511 2585 602 2615 Carm.
617 2596 659 2622 ις.
676 2595 718 2623 13.
759 2586 806 2616 Szc

55 2622 144 2654 Coena
151 2623 239 2653 brevis
247 2623 331 2659 juvat.
355 2623 421 2652 Hor.
438 2633 460 2652 1.
474 2623 556 2661 Epist.
570 2634 612 2660 14.
627 2632 669 2662 ξς.

56 2659 183 2691 coluber.
205 2661 291 2691 Ovid.
305 2670 331 2690 2.
348 2660 429 2698 Epist.
445 2671 505 2697 119.

132 2699 218 2729 Affuit
230 2698 325 2728 Aledio
336 2698 464 2728 brevibus
472 2705 597 2737 torquata
611 2699 742 2730 colubris.

0 2742 7 2765 t
56 2735 150 2766 Coma.
168 2737 233 2767 Seri.
249 2736 363 2775 Hippoi.
377 2740 402 2766 6.

0 2783 6 2802 r
51 2774 278 2804 Commendatio.
300 2774 368 2804 Plin.
382 2772 429 2804 lib.
443 2784 484 2804 11.
498 2784 558 2813 cap.
572 2783 618 2810 42.

0 2836 4 2841 .
57 2811 135 2842 Cura.
155 2813 221 2843 Hor.
234 2822 258 2842 2.
275 2812 357 2850 Epist.
374 2822 396 2842 1.
409 2816 471 2842 216.
493 2813 593 2843 Curam
602 2812 737 2852 impende
752 2812 872 2845 brevem.

0 2854 8 2878 ‚⁸
56 2850 153 2880 Cursus
163 2850 342 2880 brevissimus.
369 2850 442 2888 Virg.
459 2860 482 2886 3.
496 2851 556 2881 AEn.
572 2860 633 2887 507.

0 2898 5 2916 ι
54 2887 122 2918 Dies
132 2888 248 2918 brevior.
270 2888 354 2918 Ovid.
367 2897 392 2917 2.
409 2889 444 2917 de
455 2888 531 2918 Pont.
543 2900 569 2925 4.
585 2899 626 2918 12.

133 2926 210 2964 Saepe
219 2926 272 2956 fuit
282 2926 391 2956 brevior
399 2948 406 2961 ‚
427 2936 510 2964 quam
519 2936 581 2956 mea
590 2927 689 2963 verba,
711 2927 780 2957 dies.
835 2928 853 2957 i.
865 2937 890 2958 e.
913 2928 1024 2959 Brevior
1036 2929 1107 2960 visus
1118 2930 1164 2961 est.

4 3000 5 3003 Ἰ
57 2960 200 2994 Dominus.
239 2964 305 2994 Hor.
315 2973 340 2994 2.
357 2963 446 2993 Carm.
460 2974 501 2999 14.
514 2974 559 2999 24.
591 2965 608 2994 i.
627 2974 651 2994 e.
683 2965 760 2995 Parvi
775 2967 928 3004 temporis,
949 2973 980 2996 ut
1001 2968 1039 2998 ait
1055 2970 1166 3005 Aeron;

3 3010 5 3020 .

73 3001 118 3032 vel
127 3001 219 3032 Brevis
227 3002 290 3032 vitae
302 3023 310 3036 ,
332 3008 362 3031 111
373 3001 523 3040 Porphyrio
534 3003 736 3040 interpretatur.

0 3047 5 3065 ῑ.
56 3037 166 3069 Donum
177 3061 185 3075 ‚
205 3039 272 3069 Non
282 3039 414 3069 durabile.
435 3040 497 3070 Sen.
509 3040 624 3079 Hippol.
636 3044 662 3071 6.

0 3083 7 3097 >¹
57 3072 182 3115 Epistola.
204 3077 263 3107 Cic.
278 3087 301 3107 1.
316 3079 368 3107 Att.
383 3087 409 3113 9.

0 3124 3 3140 ι
58 3113 198 3145 Excursus.
219 3115 292 3153 Virg.
306 3126 333 3151 4.
346 3115 446 3152 Georg.
461 3123 522 3152 194.

0 3171 13 3176 ..
57 3150 114 3182 Fila
122 3152 255 3183 breviora.
277 3153 362 3183 Ovid.
375 3164 398 3188 ς.
415 3153 495 3183 Trist.
511 3163 552 3183 10.
566 3151 611 3189 46.

56 3188 157 3220 Flores.
191 3191 257 3221 Hor.
266 3200 293 3221 2.
309 3191 399 3221 Carm.
413 3193 448 3227 35
457 3201 498 3228 13.
519 3192 590 3221 Sunt
598 3192 644 3229 qui
652 3189 687 3221 ad
696 3202 721 3221 v.
731 3187 809 3222 Rosae
822 3190 968 3230 epitheton
980 3193 1112 3224 referunt.

0 3230 7 3253 ἱ
56 3226 136 3258 Foliis
146 3228 315 3258 brevioribus
323 3238 420 3258 ornare
429 3228 559 3266 aliquem.
599 3230 668 3260 Hor.
683 3240 707 3260 1.
722 3230 805 3268 Epist.
822 3241 864 3266 19.
876 3235 921 3261 26.
951 3231 1055 3261 Minori
1064 3242 1168 3264 corona

0 3312 9 3329 Γ

0 3348 5 3368 Ι

0 3498 6 3513 i
15 3509 17 3511 .

0 3425 8 3442 ε’
30 3404 31 3407 ¹
55 3412 145 3447 Frons.
167 3417 287 3447 Martial.
301 3418 349 3447 lib.
366 3427 392 3454 4.
410 3428 447 3453 42

74 3266 186 3296 decores
196 3267 287 3296 Schol.
309 3267 328 3296 i.
344 3276 368 3296 e.
393 3267 503 3296 Parcius
515 3267 620 3297 laudes.

55 3300 162 3337 Forma.
183 3302 267 3334 Ovid.
283 3314 306 3340 5.
320 3304 389 3334 Met.
400 3314 465 3341 457.
485 3305 522 3335 de
531 3304 653 3336 Lacerta.

56 3339 182 3371 Formn'a.
205 3342 253 3372 Sil.
267 3341 326 3372 Ital.
338 3353 364 3378 4.
379 3351 443 3379 7³4·
904 3381 912 3387 ·
1010 3382 1016 3388 ι

132 3379 204 3409 Pelle
211 3389 311 3415 moras,
331 3380 420 3410 brevis
431 3379 469 3410 est
477 3380 570 3418 magni
579 3380 689 3410 fortuna
699 3380 808 3411 favoris.
903 3390 922 3411 1.
937 3390 962 3411 e.
984 3381 1048 3412 Cito
1063 3384 1166 3415 transit.

57 3453 167 3485 Fructus
175 3455 222 3485 hic
232 3455 321 3485 brevis
333 3456 473 3485 homullis.
495 3455 603 3487 Luc-ret.
617 3455 664 3486 lib.
676 3465 700 3494 3.
712 3466 776 3493 925.

56 3490 138 3521 Furor
148 3494 194 3523 ira.
217 3494 283 3523 Hor.
298 3504 320 3523 1.
333 3493 415 3531 Epist.
426 3504 454 3523 2.
464 3497 509 3524 62.

0 3535 2 3549 ³
56 3528 201 3560 Gaudium.
221 3532 285 3561 Seri.
303 3531 401 3561 octav.
413 3543 440 3567 4.
620 3568 631 3571 ,

1 3574 3 3576 ·
55 3566 147 3604 Gyarae
160 3569 261 3599 breves.
281 3569 379 3605 Juven.
393 3579 415 3599 1.
428 3570 482 3599 Sat.
492 3577 537 3607 73.
577 3569 649 3600 Sunt
667 3570 715 3608 qui
732 3568 813 3600 subst.
830 3567 885 3600 effe
903 3574 1005 3609 putant
1014 3570 1145 3603 Brevibus
1157 3593 1166 3609 ,

45 3625 47 3628 -
73 3606 177 3635 aresto
197 3606 300 3636 Brevia.
328 3617 354 3644 q.
378 3607 407 3636 V.
429 3617 506 3637 mox.

55 3641 128 3680 Gyro
140 3644 263 3674 breviore
273 3644 358 3674 flesti.
379 3645 443 3674 Seri.
457 3644 571 3683 Hippoi.
586 3653 610 3681 3.

32 3691 33 3694 ¹
56 3676 146 3710 Herba
160 3681 263 3719 lapathi
277 3682 374 3712 brevis.
397 3682 464 3712 Hor.
477 3693 502 3712 2.
516 3683 602 3712 Serm.
616 3693 641 3718 4.
657 3692 702 3719 29.

55 3716 112 3748 ilex
125 3718 242 3750 brevior.
279 3720 343 3750 sen.
360 3720 451 3750 OEth.
467 3730 507 3758 ¹3·
528 3720 612 3788 {agit
623 3721 675 3765 alta
689 3719 923 3788 fllammaspinus‚
943 3720 1165 3761 &roburteriax,

552 3765 563 3787 t
592 3768 699 3789 reviori
712 3768 758 3788 ex.

55 3789 112 3822 Iter.
132 3789 215 3822 Ovid‘.
230 3804 253 3824 1.
274 3794 311 3824 de
319 3794 424 3831 Ponto,
440 3807 466 3831 4.
485 3801 529 3832 32.

38 3867 40 3869 Ι
55 3826 143 3860 Latus.
163 3831 230 3861 Hor.
247 3842 269 3862 1.
282 3833 367 3862 Serm.
380 3843 407 3862 2.
426 3843 470 3870 93.

55 3865 162 3897 Litium.
185 3869 250 3898 Hor.
265 3881 287 3899 1.
301 3870 390 3900 Carm.
405 3875 446 3907 36.
464 3874 505 3900 16.
537 3872 554 3900 i.
567 3880 591 3900 e.
616 3870 692 3901 brevi
703 3876 830 3908 tempore
845 3870 955 3900 durans.
976 3871 1070 3903 Schol.

38 3903 41 3932 ἓ
53 3899 140 3934 Litus.
179 3905 267 3935 Tacit.
281 3917 323 3941 14.
336 3909 405 3938 Ann.
415 3917 460 3944 29.
475 3909 619 3946 Navesque
629 3909 776 3939 fabricatur
784 3908 870 3946 plano
879 3907 959 3938 alveo
969 3910 1096 3941 adversus
1105 3911 1167 3943 bre-

72 3950 106 3972 ve
114 3940 181 3972 litus
192 3945 217 3973 δι
227 3943 370 3975 incertum.

39 3997 41 4005 ι
56 3975 204 4010 Brevissimi
213 3981 298 4011 loculi
309 4005 317 4018 ‚
338 3984 509 4022 Repositoria
526 3984 555 4012 in
571 3984 670 4021 quibus
686 3983 801 4013 monilia
815 3991 947 4020 magnum
963 3986 1165 4027 patrimonium

38 4034 41 4068 «ἢ
73 4019 206 4055 aequantia
216 4019 362 4052 servantur.
374 4021 687 4053 AnnotavitRhenan.in
698 4021 1011 4052 lib.Tertull.deHabitu
1021 4024 1161 4056 muliebri.

1253 287 1358 320 Mensa.
1383 291 1448 320 Hor.
1462 291 1497 321 de
1510 292 1571 322 Arte
1579 292 1652 323 Poet.
1671 299 1730 329 ¹98·

1253 326 1393 358 Mensura.
1419 330 1503 359 Ovitl.
1515 341 1540 365 9.
1558 331 1627 361 Met.
1642 337 1704 368 788.

1253 364 1340 395 Mora.
1363 367 1425 395 Seri.
1436 367 1537 396 Tro-ad.
1561 374 1586 401 8.

1253 400 1326 431 Mus.
1349 405 1432 432 Ovid.
1445 414 1470 433 2.
1486 405 1551 434 Fast.
1567 416 1628 442 574.

1253 438 1377 469 Occasio.
1418 441 1482 470 Ter.
1494 442 1562 472 Eun.
1579 453 1603 477 ³-
1618 454 1641 479 5.
1659 453 1700 480 57.
1725 444 1764 473 An
1775 452 1826 481 ego
1842 443 2014 477 occasionem
2029 448 2097 479 mihi
2108 449 2271 485 ostentatam
2282 478 2289 492 ,
2311 463 2369 489 tam

1272 476 1382 506 brevem
1393 500 1400 512 ,
1423 486 1479 508 tam
1493 487 1631 517 optatam,
1653 482 1880 520 taminsperatani
1889 486 2043 515 amitterem
2053 488 2066 515 ‘2

1253 514 1343 551 Opus.
1366 515 1450 544 Ovid.
1473 528 1513 551 ις,
1530 518 1610 554 Epist.
1623 530 1648 553 4.

1332 553 1382 587 An,
1408 554 1456 581 nisi
1468 554 1575 590 legisses
1585 556 1703 585 auctoris
1717 557 1831 586 nomina
1842 557 1969 595 Sapphus
1979 582 1986 595 ‚

1392 589 1453 619 Hoc
1463 591 1545 620 breve
1557 593 1674 623 nescires
1686 595 1758 623 unde
1765 596 1870 624 veniret
1882 606 1952 634 opus
1964 599 1977 626 ⁶?

1252 625 1318 655 Ora.
1342 623 1448 656 Luci-et.
1463 628 1509 657 lib.
1522 640 1546 662 4.
1563 640 1623 666 179.
1717 647 1788 653 —-—
1801 640 1831 661 ut
1840 633 1927 663 brevis
1939 645 1985 664 ora
2000 642 2110 667 teratur.

1252 663 1352 692 Poenae.
1377 666 1551 703 Sen.OEdip.
1561 675 1601 696 i2.
1624 667 1700 697 Itane
1709 676 1764 698 tam
1775 671 1881 708 magnis
1894 671 1988 702 breves
1999 683 2096 711 poenas
2107 676 2254 710 sceleribus
2263 680 2369 713 solvis?

1252 700 1363 729 Pondus
1374 724 1381 735 ‚
1404 712 1453 738 pro
1465 703 1595 740 Corpore.
1618 705 1685 734 Hor.
1699 716 1723 735 2.
1737 708 1822 737 Serm.
1836 718 1860 737 2.
1875 718 1917 745 37.
1976 727 2051 733 ——·—
2061 714 2134 750 Quia
2145 715 2312 749 scilicetillis

1344 739 1483 774 Maiorem
1494 741 1597 770 Natura
1611 744 1727 772 niodum
1735 745 1824 780 dedit,
1836 745 1878 774 his
1890 747 1971 777 breve
1982 751 2101 786 pondus.

1251 775 1398 813 Praecepta.
1417 815 1422 820 ι
1440 778 1499 806 Cic.
1518 788 1538 807 1.
1552 779 1586 807 de
1598 780 1673 808 Orat.
1694 791 1753 816 ¹45·
1778 783 1847 812 Nam
1869 784 1905 812 de
1924 787 2032 816 actione
2054 791 2080 818 ἃ
2097 790 2132 819 de
2146 793 2281 823 memoria
2301 805 2373 832 quae.

1271 813 1336 842 dam
1348 814 1456 849 brevia,
1478 815 1524 844 sed
1537 826 1635 854 magna
1646 827 1710 846 cum
1722 822 1918 851 exercitatione
1928 833 2065 863 praecepta
2074 829 2215 864 gustatam.

1251 850 1356 880 Sermo.
1379 852 1464 881 Plaut.
1480 853 1541 882 Mil.
1556 866 1582 889 4.
1597 864 1622 882 2.
1637 864 1681 890 ²9-

1251 888 1346 926 Sigilla
1358 889 1459 918 brevia.
1484 891 1568 920 Ovid.
1580 896 1605 921 6.
1620 892 1686 921 Met.
1702 896 1747 926 86.
1784 896 2021 929 ———-Cerramina
2031 909 2149 938 quatuor
2162 905 2241 934 addit

1333 926 1411 956 Clara
1422 927 1517 958 colore
1530 928 1577 958 suo
1589 951 1597 964 ‚
1618 929 1749 959 brevibus
1762 931 1888 963 distincta
1900 936 1999 972 sigillis.
2077 942 2095 969 i.
2115 951 2138 971 e.
2170 929 2261 974 Parvis
2277 945 2358 984 signis

1270 963 1316 993 seu
1328 965 1503 1002 imaginibus.
1526 967 1561 995 de
1573 966 1690 996 Palladis
1701 968 1765 998 tela.
2364 969 2373 984 '

1252 1001 1392 1032 Solamen.
1416 1003 1480 1032 Seri.
1494 1003 1592 1033 octav.
1604 1013 1628 1041 3.
1651 1005 1668 1034 S
1691 1015 1719 1035 es
1731 1015 1786 1035 una
1796 1008 1874 1042 mihi,
1888 1014 1986 1047 totque
1996 1014 2132 1045 malorum
2144 1016 2224 1048 breve
2237 1017 2359 1052 solamen

1253 1039 1382 1069 Somnus.
1422 1040 1487 1070 Sen.
1501 1041 1603 1071 Troad.
1616 1045 1640 1071 6.
1685 1044 1808 1081 revisque
1818 1046 1890 1077 feffis
1902 1047 2013 1079 somnus
2023 1052 2143 1091 obrepsit
2152 1058 2239 1093 genis.
2364 1045 2370 1053 ῃ

1254 1077 1389 1114 Spatium.
1414 1077 1522 1108 Lucret.
1536 1079 1584 1109 lib.
1598 1091 1625 1116 4.
1644 1084 1706 1110 162.

1344 1116 1378 1145 Et
1388 1126 1439 1145 ceu
1448 1117 1535 1146 multa
1546 1118 1620 1147 brevi
1633 1117 1721 1155 spatio
1735 1118 1894 1150 submittere
1906 1123 1991 1153 debet

1345 1153 1461 1183 Lumina
1476 1155 1524 1184 Sol
1536 1177 1544 1190 ‚
1565 1161 1597 1185 ut
1608 1157 1805 1194 perpetuosint
1819 1160 1914 1189 omnia
1927 1160 2021 1199 plena.

1251 1189 1384 1220 Stultitia.
1408 1192 1474 1221 Hor.
1489 1204 1516 1227 4.
1534 1193 1624 1222 Carm.
1642 1203 1684 1224 12.
1698 1204 1742 1231 27.

1345 1228 1433 1259 Misce
1447 1230 1588 1260 stultitiam
1604 1232 1724 1262 consiliis
1736 1232 1849 1263 brevem
1862 1243 1869 1263 :

1383 1266 1472 1296 Dulce
1484 1269 1521 1297 est
1532 1269 1655 1307 desipere
1668 1271 1695 1299 in
1706 1270 1780 1300 loco.

1255 1303 1379 1334 Summa.
1403 1305 1522 1335 Martial.
1535 1306 1581 1335 lib.
1604 1317 1644 1336 12.
1661 1313 1706 1345 67.

1252 1340 1366 1378 Syllaba
1382 1342 1435 1372 sive
1450 1343 1529 1373 litera
1540 1344 1646 1380 brevis,
1668 1346 1713 1375 cui
1734 1346 1904 1378 contrarium
1923 1348 2017 1388 Longa
2034 1351 2077 1381 vel
2096 1354 2239 1391 producta.
2261 1357 2321 1390 Cic.
2343 1361 2374 1390 in

1273 1379 1350 1408 Orat.
1367 1390 1426 1415 159.
1448 1380 1569 1419 Inclytus
1581 1383 1701 1413 dicimus
1713 1384 1789 1414 brevi
1800 1386 1888 1423 prima
1899 1386 1993 1424 litera,
2014 1389 2124 1421 insanus
2134 1394 2278 1431 producta.

1252 1415 1380 1455 Tempus
1392 1419 1483 1448 breve.
1509 1420 1580 1457 Virg.
1602 1431 1643 1450 10.
1662 1422 1723 1451 AEn.
1734 1427 1799 1458 467.

1450 1472 1524 1477 ———
1538 1458 1621 1488 breve
1633 1460 1659 1488 &
1672 1460 1850 1498 irreparabile
1865 1466 1977 1501 tempus

1350 1491 1489 1524 Omnibus
1503 1496 1541 1524 est
1556 1496 1628 1526 vitae.
1958 1519 1961 1521 >

1252 1528 1394 1573 Tempore
1405 1531 1492 1574 brevi.
1533 1532 1593 1563 Cic.
1604 1543 1630 1564 2.
1645 1533 1727 1565 Tusc.
1744 1546 1768 1572 ς,
1791 1537 1879 1574 Atque
1889 1537 2039 1569 Oratorum
2051 1541 2165 1578 quidem
2175 1541 2235 1574 laus
2245 1545 2284 1575 ita
2295 1546 2377 1579 dueta

1272 1568 1307 1596 ab
1317 1567 1417 1597 humili
1433 1571 1510 1600 venit
1522 1571 1557 1600 ad
1567 1571 1705 1602 summum
1719 1582 1726 1603 :
1749 1581 1780 1603 ut
1791 1575 1846 1611 jam
1867 1576 1966 1613 (quod
1982 1585 2077 1608 natura
2092 1580 2145 1610 fert
2155 1583 2184 1610 in
2195 1584 2324 1614 omnibus
2340 1586 2378 1616 fe-

1271 1615 1301 1634 re
1311 1606 1413 1641 rebus)
1430 1607 1567 1638 senescat:
1593 1609 1723 1647 brevique
1735 1619 1863 1650 tempore
1877 1614 1913 1643 ad
1930 1615 2050 1646 nihilum
2062 1625 2176 1649 ventura
2187 1621 2322 1653 videatur.

1251 1642 1339 1672 Terra
1349 1643 1511 1675 brevissima.
1535 1647 1602 1676 Plin.
1620 1648 1701 1685 Epist.
1715 1655 1779 1683 282.

1252 1680 1399 1711 Vasculum
1420 1682 1617 1714 brevissimum.
1640 1686 1741 1716 Pallad.
1756 1689 1790 1717 de
1805 1687 1838 1718 R.
1850 1688 1882 1718 R.
1904 1700 1928 1726 ς.
1940 1696 1960 1720 t.
1974 1696 2001 1725 8.

1251 1718 1307 1749 Ver
1320 1718 1414 1749 breve.
1437 1720 1523 1751 Ovid.
1539 1732 1562 1752 1.
1582 1722 1652 1753 Met.
1669 1734 1730 1761 117.

1346 1756 1450 1795 Perque
1462 1758 1585 1796 hiemes,
1607 1761 1755 1799 aestusque,
1776 1764 1802 1792 &
1818 1764 1967 1801 inaequales
1981 1765 2152 1807 Autumnos‚

1279 1832 1284 1838 ι
1348 1794 1383 1838 Et
1397 1795 1478 1826 breve
1490 1797 1544 1836 Ver
1553 1820 1561 1834 ,
1584 1798 1677 1837 spatiis
1692 1801 1784 1839 exegit
1795 1808 1924 1838 quattuor
1934 1813 2047 1835 annum.

1253 1831 1311 1862 Via.
1335 1831 1409 1870 Virg.
1430 1844 1454 1870 9.
1472 1834 1529 1865 Ecl.
1549 1845 1594 1872 23.

1280 1908 1286 1914 .
1345 1871 1442 1915 Tityre
1452 1894 1460 1907 ,
1481 1873 1550 1903 dum
1561 1875 1646 1904 redeo
1659 1897 1667 1911 ‚
1689 1875 1780 1906 brevis
1798 1876 1836 1906 est
1846 1878 1889 1907 via
1900 1901 1908 1914 ‚
1931 1879 2011 1917 pasce
2023 1881 2151 1920 capellas

1253 1907 1304 1937 Via
1314 1907 1423 1938 brevior
1438 1912 1542 1940 mortis.
1565 1912 1660 1942 Tibul.
1675 1923 1698 1943 1.
1715 1922 1757 1944 10.
1768 1926 1793 1950 4.
1808 1915 1882 1954 Nep.
1898 1922 1940 1951 18.
1957 1923 1983 1951 8.
1998 1929 2023 1954 5.

1252 1945 1303 1975 Via
1313 1945 1475 1977 brevissima.
1498 1949 1581 1980 Ovid.
1598 1961 1622 1986 5.
1642 1951 1711 1981 Met.
1725 1962 1790 1989 253.

1252 1982 1355 2022 Vipera
1371 1985 1470 2015 brevis.
1493 1986 1560 2017 Hor.
1573 1988 1661 2026 Epod.
1679 2000 1703 2025 5.
1721 2000 1763 2025 ις.

1346 2021 1463 2053 Canidia
1474 2024 1603 2056 brevibus
1612 2027 1754 2065 implicata
1768 2029 1879 2068 viperis.

1251 2059 1322 2090 Vita.
1350 2060 1433 2090 Ovid.
1449 2071 1473 2098 3.
1490 2062 1558 2093 Met.
1575 2074 1635 2100 124.

1251 2099 2014 2173 vitam‘lissffissssbcfssigffev³ioiail'ffi3'sa-”lsi‘fi‘2j”vem

1251 2173 1340 2203 Breve
1351 2174 1440 2204 facere
1453 2163 1582 2214 aliquid·
1603 2178 1661 2208 Οἱς.
1672 2179 1701 2208 in
1713 2152 1859 2217 Sallust.3}.
1881 2152 1944 2217 Jziin'
1954 2181 2027 2212 dabo
2039 2192 2153 2222 operam
2163 2195 2249 2224 vquam
2257 2188 2380 2219 maxime

1292 2218 1391 2241 otuero
1404 2234 1411 2248 ,
1436 2220 1467 2242 ut
1477 2214 1559 2244 breve
1568 2215 1598 2244 id
1615 2216 1723 2246 faciam.

1253 2250 1273 2278 A
1298 2249 1394 2279 solute.
1429 2250 1487 2280 Cic.
1505 2262 1546 2282 11.
1563 2253 1616 2282 Att.
1631 2263 1656 2291 7.
1679 2255 1764 2285 Breve
1779 2255 1890 2286 faciam.

1251 2287 1345 2317 Brevis
1356 2287 1409 2318 effe
1421 2288 1516 2319 laboro
1532 2313 1540 2326 ‚
1562 2291 1693 2322 obscurus
1705 2293 1750 2322 fio.
1773 2293 1840 2324 Hor.
1853 2295 1889 2325 de
1901 2294 1963 2324 Arte
1974 2295 2048 2326 Poet.
2060 2306 2105 2333 ας.

1252 2326 1294 2355 Ad
1305 2326 1386 2369 breve
1398 2336 1404 2355 :
1428 2327 1540 2357 subaud.
1553 2329 1688 2368 Tempus.
1700 2331 1775 2360 Suet.
1791 2331 1934 2367 Tiber.68.
1948 2333 2014 2364 Erat
2024 2336 2231 2373 praegrandibus
2241 2338 2340 2374 oculis,
2352 2341 2380 2370 δε

1250 2364 1816 2441 13ιὲιὲεἳιιὲοέοηῖῐτυΙ-ῗὲῗῖξεῃέῃφίξὶυπεῑὶἓηι
1831 2372 1857 2401 6<
1865 2371 1894 2400 in
1906 2371 2034 2440 tenebgliss
2039 2374 2177 2416 viderent,
2187 2375 2235 2405 sed
2243 2378 2277 2406 ad
2284 2377 2380 2407 breve.

1460 2427 1465 2432 .
1549 2428 1555 2434 .
1586 2428 1593 2434 .
1657 2417 1664 2435 1
1690 2429 1696 2436 ,
1730 2417 1755 2436 0.
1791 2430 1797 2436 .
1892 2424 1968 2431 —---
2030 2421 2069 2441 cis

1345 2440 1376 2469 ln
1388 2413 1471 2471 bregve
1483 2447 1510 2472 te
1522 2443 1584 2481 cogi
1596 2465 1604 2478 ‚
1625 2416 1711 2481 qfimm
1723 2445 1824 2483 plenus
1835 2445 1948 2484 languet
1959 2455 2073 2478 amator.

1248 2476 1283 2507 In
1299 2477 1385 2513 brevi,
1407 2478 1464 2509 scil.
1477 2480 1627 2518 Tempore.
1649 2481 1709 2512 Cic.
1724 2483 1759 2512 ad
1773 2483 1871 2513 Ot‘tav.
1894 2484 1920 2514 O
1931 2486 2057 2516 miseram
2067 2488 2094 2517 61
2105 2487 2220 2519 inbrevi
2231 2495 2290 2520 'tam
2307 2490 2379 2521 cele=²

1267 2524 1326 2544 rem
1347 2517 1373 2545 &
1387 2523 1444 2546 tam
1455 2528 1555 2548 vanam
1567 2519 1646 2557 Reip.
1659 2523 1912 2552 commutationem
1925 2525 1931 2552 Ε

1249 2551 1346 2589 Brevi7
1368 2554 1423 2584 abl.
1442 2557 1467 2585 &
1484 2556 1645 2596 subauditur
1663 2564 1797 2596 tempore.
1827 2559 1885 2590 Cic.
1899 2569 1925 2598 7.
1948 2560 2021 2592 Verr.
2044 2562 2124 2593 Brevi
2143 2564 2236 2602 postea
2254 2566 2293 2596 est
2306 2577 2380 2597 mor-

1267 2597 1342 2621 tuus.
1364 2592 1450 2622 Plaut.
1462 2593 1534 2624 Rud.
1546 2594 1617 2632 prol.
1631 2606 1672 2631 ςς.
1697 2596 1802 2641 Poteffe
1811 2596 1853 2626 ibi
1872 2608 1938 2628 eum
1953 2599 2032 2630 brevi
2053 2601 2112 2631 fieri
2131 2603 2256 2633 divitem.
2297 2605 2377 2637 Brevi

1268 2630 1494 2698 {grtbadgtsffiliilg
1506 2633 1756 2709 gpgdieeqrggssgaltsi..
1794 2672 1865 2710 Quae
1875 2673 1943 2704 dirae
1954 2675 2030 2704 brevi
2047 2675 2081 2705 ab
2093 2677 2223 2708 omnibus
2232 2678 2285 2709 diis
2295 2691 2377 2710 exau-

1268 2706 1353 2741 ditae,
1364 2714 1406 2773 1'tiit
1415 2706 1523 2774 ξεξνὶτεῑ
1531 2708 1588 2746 ipse
1598 2709 1629 2738 in
1643 2709 1723 2740 suum
1737 2711 1900 2749 sanguinem
1911 2712 2075 2743 effecerunt.
2098 2714 2192 2746 Livius
2204 2717 2240 2746 de
2254 2719 2375 2755 quodam

1269 2753 1341 2780 rege.
1393 2767 1398 2773 .
1449 2768 1454 2774 .
1565 2767 1567 2769 .
2116 2768 2117 2772 =

1248 2781 1344 2811 Adeffe
1355 2781 1439 2812 brevi.
1461 2783 1545 2813 Ovid.
1556 2793 1583 2820 3.
1594 2784 1629 2814 de
1640 2784 1718 2815 Pont.
1732 2795 1758 2821 4.
1773 2796 1816 2821 99.
1840 2787 1921 2817 conf:
1936 2787 2010 2826 Nep.
2023 2799 2049 2820 2.
2062 2801 2089 2826 4.
2101 2801 2128 2827 4.
2146 2791 2205 2822 Liv.
2223 2802 2243 2822 r.
2257 2803 2283 2828 9.

1249 2819 1327 2849 Brevi
1339 2841 1347 2855 ,
1369 2820 1431 2850 adv.
1455 2821 1507 2851 sive
1518 2821 1571 2851 abl.
1587 2832 1641 2860 pro
1659 2823 1722 2853 adv.
1743 2823 1821 2854 idem
1832 2824 1985 2863 significans
1996 2828 2071 2864 quod
2083 2828 2178 2859 Paucis
2189 2831 2279 2860 verbis
2291 2854 2299 2867 ,
2321 2833 2375 2863 live

1265 2857 1399 2925 Breviter&
1441 2858 1499 2903 Cic.
1513 2869 1564 2898 pro
1581 2861 1684 2891 Caecin.
1700 2871 1746 2898 94.
1781 2861 1903 2893 Tametsi
1918 2871 1996 2894 extra
2013 2865 2126 2896 causam
2139 2868 2197 2903 est,
2217 2878 2375 2906 percurram

1267 2902 1361 2925 tamen
1400 2906 1466 2927 revi.

1248 2933 1435 2963 Circunseribi
1448 2937 1475 2965 &
1484 2935 1594 2966 definiri
1606 2936 1696 2967 brevi.
1737 2936 1795 2966 Cic.
1830 2948 1861 2968 ro
1872 2939 1946 2970 Sext.
1958 2949 2003 2978 97.
2031 2941 2087 2971 Sed
2108 2951 2195 2980 genus
2218 2945 2375 2977 universum

1267 2973 1318 3008 (ut
1334 2972 1449 3002 tollatur
1458 2974 1554 3010 error)
1573 2973 1649 3005 brevi
1658 2974 1805 3005 circunscri
1826 2977 1836 3005 i
1851 2978 1877 3006 &
1888 2977 1998 3008 definiri
2008 2980 2105 3017 potest.

1248 3009 1319 3076 Cpm
1343 3009 1408 3054 leiti
1416 3010 1505 3041 brevi.
1544 3011 1604 3042 Cic.
1623 3023 1647 3042 1.
1664 3013 1700 3043 de
1709 3014 1786 3043 Orat.
1805 3024 1867 3050 190.
1890 3015 2161 3055 Nunc2comp1ecrar
2180 3020 2256 3056 quod
2270 3028 2374 3059 propo-

1281 3057 1309 3076 ui
1340 3058 1406 3078 revi.

1247 3085 1349 3115 Dicere
1360 3085 1465 3123 aliquid
1476 3086 1604 3117 brevibus
1614 3110 1622 3124 ‚
1639 3089 1665 3118 &
1677 3088 1808 3119 Brevibus
1823 3099 1838 3119 a
1858 3100 1903 3121 ere
1909 3101 1921 3128 ›;
1939 3092 2011 3122 dixit
2021 3092 2118 3122 Cicero
2129 3103 2184 3129 pro
2194 3104 2227 3124 eo
2237 3095 2313 3132 quod
2324 3096 2372 3128 alii

1268 3124 1367 3152 dicunt
1380 3124 1443 3153 Uno
1453 3124 1551 3154 'verba
1593 3122 1668 3162 [2152
1681 3126 1794 3164 ἔραχέων.
1816 3100 1903 3159 Hi&

1249 3160 1366 3190 Docebo
1377 3161 1462 3191 brevi.
1486 3162 1588 3193 Phaedr.
1601 3165 1677 3202 praef.
1695 3164 1744 3194 lib.
1763 3175 1787 3201 3.
1804 3175 1846 3202 31.

1249 3199 1407 3237 Proponere
1415 3200 1502 3236 brevi,
1522 3201 1627 3238 Synon.
1635 3202 1767 3232 Breviter.
1781 3204 1856 3234 Aust.
1867 3204 1902 3233 ad
1912 3204 2033 3235 Herenn.
2045 3217 2071 3240 4.
2085 3208 2127 3241 36.
2140 3203 2277 3238 Traniitio
2289 3218 2371 3241 voca-

1268 3243 1386 3304 runpuae
1396 3239 1613 3275 quumostendit
1623 3240 1742 3270 breviter
1753 3242 1822 3278 quid
1833 3242 1939 3271 dietum
1948 3243 1986 3277 sit,
1995 3244 2128 3281 proponit
2137 3244 2206 3275 item
2217 3246 2292 3277 brevi
2302 3251 2371 3287 quid

1269 3284 1323 3304 con
1336 3285 1351 3304 e
1373 3282 1460 3306 uatur.

1249 3285 1428 3351 Responcliere
1443 3313 1528 3344 brevi.
1570 3314 1628 3345 Cic.
1641 3324 1665 3352 3.
1678 3315 1753 3346 Fam.
1765 3321 1791 3351 8.
1814 3315 1985 3347 Faciendum
1995 3317 2064 3347 mihi
2082 3322 2196 3358 putavi,
2218 3329 2250 3353 ut
2264 3325 2322 3355 'tuis
2339 3327 2372 3358 li-

1269 3352 1334 3380 teris
1348 3351 1424 3381 brevi
1436 3352 1640 3390 responderem.

1249 3388 1348 3423 Brevi,
1369 3389 1449 3419 aliter
1461 3397 1619 3428 acceptum.
1655 3391 1729 3421 Gen.
1749 3391 1796 3420 lib.
1811 3401 1852 3427 13.
1875 3400 1936 3429 cap.
1950 3398 1992 3428 17.
2026 3391 2088 3422 Fuit
2109 3400 2203 3426 autem
2225 3398 2370 3439 AEschylut

1266 3434 1325 3456 non
1339 3427 1414 3457 brevi
1421 3429 1563 3465 antiquior
1572 3429 1711 3466 Euripide.
1734 3429 1761 3457 h.
1773 3439 1797 3458 e.
1819 3429 1912 3467 Longe
1928 3430 2074 3466 antiquior.

1249 3464 1360 3500 Brevis,
1382 3475 1418 3494 m.
1441 3465 1486 3495 vel
1502 3466 1588 3495 Breve
1599 3488 1606 3501 ‚
1629 3476 1656 3496 n.
1679 3466 1842 3496 substantive
1852 3477 1903 3510 pro
1915 3467 2021 3510 Libello
2038 3469 2153 3506 ponitur
2170 3472 2320 3510 aliquando
2335 3479 2369 3510 -in

1268 3512 1323 3540 quo
1338 3503 1408 3547 quid
1417 3502 1547 3547 scriptum
1558 3504 1604 3547 est:
1627 3503 1645 3533 l.
1661 3505 1709 3534 ul‘t.
1724 3505 1759 3532 de
1770 3504 1902 3548 con.'}1sci
1915 3505 2033 3534 debitor.
2053 3507 2083 3535 ‘in
2095 3507 2125 3537 C.
2145 3508 2217 3540 inter
2230 3513 2369 3548 chartulas

1266 3540 1427 3576 confiscati,
1448 3541 1538 3570 breVis
1550 3542 1663 3578 quidam
1674 3542 1990 3578 asseveraturinventus·‚

1961 2031 2038 2062 conf.
2051 2031 2173 2064 coiuber
2188 2033 2277 2074 supra..

2011 3545 2057 3580 qui
2075 3546 2189 3577 nomina
2207 3550 2367 3586 debitorum

1268 3579 1433 3608 contineret.
1458 3579 1596 3617 Lamprid.
1609 3580 1644 3608 de
1656 3580 1730 3608 Alex.
1748 3589 1807 3617 cap.
1820 3589 1864 3608 21.
1887 3580 2106 3612 Militessuosfic
2117 3583 2197 3615 scivit
2208 3609 2216 3622 ‚
2239 3591 2306 3620 utin
2321 3602 2369 3622 cu-

1268 3615 1364 3645 biculo
1377 3616 1492 3646 haberet
1507 3617 1603 3646 breves
1613 3618 1793 3646 &numerum
1813 3618 1976 3655 &tempora
1993 3619 2181 3652 militantium.
2206 3625 2314 3663 Vopisc.
2336 3629 2367 3661 111

1269 3654 1360 3684 Aurel.
1381 3664 1441 3692 cap.
1458 3658 1500 3690 36.
1517 3654 1617 3688 Breve,
1639 3655 1746 3691 inquit,
1765 3655 1912 3684 nominum
1925 3655 2092 3695 conscripsit.
2114 3661 2230 3695 [immo
2241 3665 2369 3705 Brevem,

1269 3698 1300 3721 ut
1312 3702 1369 3729 ρῳ.
1385 3694 1422 3721 Ac
1434 3692 1547 3721 brevem
1558 3691 1624 3728 legit
1634 3691 1751 3728 fingulis.
1764 3691 1810 3720 Sic
1821 3693 1850 3721 in
1861 3692 1968 3722 Bonoso
1979 3703 2002 3723 c.
2018 3705 2027 3723 1
2036 3695 2145 3731 §.Juxta
2155 3698 2267 3732 brevem
2276 3704 2370 3741 legeri-

1270 3730 1414 3766 dum,quia
1422 3729 1791 3764 stibjicitAErevismunerum
1800 3730 1858 3759 suit.
1864 3730 1989 3760 Omnino
1996 3733 2026 3761 111
2035 3738 2224 3775 n.g.exempla
2232 3741 2367 3776 desidero.

1250 3765 1346 3796 Brevia
1354 3768 1494 3805 speciatim
1504 3766 1603 3796 Pontif.
1617 3766 1697 3795 Rom.
1712 3766 1839 3804 Epistola:
1850 3768 1970 3798 barbaris
1980 3770 2095 3800 demum
2102 3772 2199 3805 seculis
2210 3777 2265 3808 dici
2276 3790 2370 3814 coepe.

1270 3812 1344 3835 runt.

1250 3842 1355 3876 Brevia,
1367 3850 1424 3870 um.
1441 3839 1553 3874 Vadosa,
1565 3850 1615 3877 per
1623 3850 1683 3877 quae
1695 3841 1839 3879 posi-umus
1851 3843 1963 3874 vadere.
1972 3846 2010 3874 ait
2019 3847 2206 3889 Serv.adVirg.
2215 3853 2318 3885 r.IEn.r
2327 3867 2368 3893 1ς,

1343 3880 1374 3908 Ιῃ
1386 3879 1478 3906 brevia
1490 3878 1616 3914 &Syrtes
1625 3887 1712 3915 urget.
1808 3881 1862 3909 i.e.
1889 3881 1920 3911 In
1941 3883 2032 3913 brevia
2051 3886 2181 3922 Syrtium.
2203 3891 2277 3922 Serv.
2298 3894 2358 3925 ibid

1270 3916 1480 3952 ubi&reliquos
1493 3914 1615 3953 interpp.
1639 3915 1669 3944 V.
1692 3917 1767 3946 conf.
1785 3917 1865 3955 supra
1884 3919 1978 3958 Gyarae
1989 3921 2095 3953 breves.
2361 3919 2368 3927 ’

1250 3954 1475 3984 Breviali'ttorum
1489 3953 1637 3982 nudantur.
1658 3953 1749 3984 Tacit.
1763 3958 1789 3984 6.
1807 3958 1877 3985 Ann.
1893 3967 1936 3994 33.

1250 3992 1347 4021 Brevia
1356 3990 1502 4019 Profundis
1513 3991 1633 4028 opponit
1643 3991 1733 4021 Tacit.
1750 4003 1772 4022 1.
1785 3994 1855 4022 Ann.
1866 4005 1909 4031 70.
1931 3997 2029 4034 Neque
2042 4020 2048 4033 ,
2067 3999 2172 4036 inquit,
2193 4000 2310 4035 discerni
2320 4018 2370 4045 po.

1271 4036 1361 4058 terant
1373 4029 1479 4058 incerta
1490 4028 1524 4058 ab
1533 4028 1629 4059 solidis
1641 4051 1649 4065 ‚
1670 4029 1762 4060 brevia
1776 4041 1791 4060 a
1804 4032 1961 4069 profundis.
1983 4037 2059 4067 cons.
2070 4037 2135 4067 Sen.
2144 4039 2226 4077 Epist.
2237 4051 2282 4072 22.

2296 4081 2373 4113 Vada
