2641 4187
553 129 581 164 A
675 130 705 165 C
804 133 836 168 U

106 212 133 242 «Sc
150 212 269 241 excitato
288 218 414 242 movetur
425 211 509 240 sono:
540 211 692 248 gravissimo
705 218 799 242 autem
812 214 858 243 hic
875 214 978 244 lunaris
991 220 1072 252 atque
1088 216 1206 246 infimus.

87 249 201 278 Stridor.
227 250 290 279 Hor.
308 261 329 278 1.
347 249 401 278 Oti.
415 259 457 283 34.
477 259 516 283 ¹5-

89 287 229 316 Tinnitus.
253 288 334 316 Ovid.
351 298 373 319 ς.
392 286 459 315 Met.
473 295 537 319 204.

88 324 223 354 Ululatus.
247 324 335 353 Catul.
351 324 440 360 Epigr.
455 323 489 351 de
502 323 683 361 Berecynthia
694 325 721 353 Sc
734 324 793 362 Aty.

89 362 158 391 Vox.
182 362 263 391 Ovid.
279 371 301 396 3.
319 362 386 390 Met.
399 371 461 394 224·
486 360 549 389 Hor.
565 370 588 394 3.
608 360 662 389 Od.
676 372 702 395 4.
718 370 740 396 3.

89 401 208 429 Acutum
221 409 341 428 cernere.
376 399 406 428 ld
420 398 474 431 est,
496 398 589 426 Acute.
618 398 685 426 Hor.
704 408 725 426 1.
741 399 795 428 Sat.
812 409 835 435 3.
852 405 895 429 26.

166 436 264 472 ‘Quum
280 444 326 466 tua
340 436 482 473 pervideas
498 435 586 464 oculis
605 435 675 464 mala
691 435 784 472 lippus
799 438 929 474 inunclis,

171 474 226 502 Cur
241 475 269 502 in
284 474 437 503 amicorum
450 473 523 501 vitiis
536 480 591 501 tam
606 473 695 502 cernis
710 480 832 508 acutum,

169 512 262 547 Quam
275 519 321 540 aut
335 511 443 548 aquila,
465 517 511 539 aut
524 510 634 547 serpens
647 511 810 548 Epidaurius
819 513 832 540 ⁸?

91 548 178 579 Triste
190 551 215 578 ἃ
228 556 341 578 acutum
353 548 484 577 resonare.
508 548 574 577 Hor.
591 559 610 576 1.
628 549 681 577 Sat.
696 554 720 582 8.
737 559 781 584 41.

52 587 176 617 Aoum
185 596 215 615 -s
225 597 238 615 τ’
247 598 255 614 1
265 597 285 616 N
295 597 311 615 A
324 609 331 621 ,
364 585 547 622 [ἐξυοὶκανῖυι]
580 587 664 615 Arbor
675 587 712 615 cst
731 586 849 624 Pyrastro
862 587 953 617 similis
963 611 970 623 ,
996 588 1102 627 spinosa
1117 587 1196 616 valde
1206 610 1214 623 ,

92 626 119 654 ἃ
135 625 249 661 exigua,
274 624 372 653 baccas
383 623 487 661 profert
505 624 605 661 myrti,
634 623 746 661 plenas,
776 624 886 659 rubras,
912 626 1019 661 fragiles
1038 627 1148 656 &intus
1166 635 1218 654 nu-

90 661 199 691 cleum:
223 662 344 691 radicem
357 661 615 690 liabetinultitidam
627 662 680 690 alte
692 661 916 691 descendentem.
951 664 1072 693 l‘)ioscoi·.
1091 664 1136 692 lib.
1154 673 1174 691 1.

52 699 265 735 Acu‘ruLus,
287 710 318 733 a,
341 709 398 728 um.
420 699 518 728 dimin.
549 699 679 735 [ὁξᾶῶι]
711 699 767 728 Cic.
784 709 808 735 3.
825 700 859 728 de
877 701 937 730 Nat.
959 702 1038 731 Deos.
1054 712 1079 738 7.
1117 701 1215 730 Breves

91 738 117 767 ἃ
128 737 251 766 acutulas
263 737 463 766 concluliones.
498 737 528 766 ld
539 737 577 766 est
587 759 594 771 ,
616 736 793 773 Aliquantum
806 745 912 773 argutas
925 742 950 768 ἃ
961 739 1082 769 subtiles.

53 776 125 804 Aoo
135 784 180 803 'ru
190 786 228 803 ιε
238 798 245 810 ,
267 775 334 804 Adv.
358 775 466 812 August.
481 774 599 804 Consels.
613 784 634 809 3.
649 783 673 808 7.
715 774 797 810 Qiali
813 776 923 804 acutule
935 778 1073 807 movebar.

54 814 100 842 Ae
112 823 127 841 u
138 822 183 841 TA
194 822 246 842 Lis
258 835 265 847 ,
291 822 315 841 e.
348 819 395 848 ut,
425 812 574 841 Terminus
586 811 711 849 lapideus
727 812 745 841 si
765 813 847 842 fuerit
862 813 960 843 crallus
974 815 1097 845 acutalis.
1134 813 1218 843 Fron-

89 851 139 879 tin.
155 850 190 880 de
202 850 301 880 Colon.
319 861 346 888 p.
363 860 422 887 132.
442 861 490 888 per
502 850 637 879 Coelium.

51 888 124 917 Λευ
133 898 179 916 ΤΛ
188 898 206 916 ·r
215 898 267 924 us,
284 899 307 922 a,
322 898 378 918 um.
403 888 495 925 Veget.
508 887 542 916 de
552 887 592 916 Re
603 887 662 916 Vet.
679 897 701 916 1.
715 896 757 916 22.
782 887 885 924 Sagitta
897 888 1006 919 cotibus
1016 890 1087 919 bene
1098 894 1214 918 acutata.

51 927 102 956 Ac
112 935 130 954 υ
140 935 160 954 Τ
170 936 184 954 Ε
195 948 203 961 ,
225 927 339 955 Acutius
349 949 356 961 ,
380 926 546 955 Acutillime.
577 925 643 954 Adv.
674 924 786 961 [ὀξέως]
822 925 852 954 ld
868 927 922 960 est,
945 928 1088 957 Subtiliter
1102 929 1127 956 Sc
1143 927 1219 964 inge'-

88 963 173 993 mose.
208 970 238 993 ut
253 965 339 993 Acute
358 963 505 1002 explicare.
542 963 599 992 Cic.
620 973 642 992 1.
661 962 740 992 Acad.
779 963 866 992 Acute
880 964 1053 1002 respondere.
1093 965 1168 994 Idem
1189 965 1218 992 in

89 1000 175 1030 Laelio
196 1006 221 1031 6.
260 1002 309 1031 Vel
329 1001 455 1039 responsa
474 1007 554 1030 acute
575 1000 741 1030 ferebantur.
779 1002 938 1032 Acutillime
959 1013 990 1032 ac
1011 1001 1217 1041 diligentillime

87 1038 198 1077 scripta.
222 1039 278 1069 cic.
295 1051 317 1075 ς.
334 1040 405 1068 Verr.

89 1079 177 1107 Acute
195 1078 333 1116 colligere.
364 1076 422 1106 Cic.
437 1086 460 1105 1.
476 1076 511 1104 de
524 1075 600 1105 Orat.
617 1085 677 1112 143.
720 1075 816 1113 Quum
833 1077 921 1107 multa
932 1078 1076 1115 colligeres
1088 1087 1146 1107 non
1158 1087 1218 1106 mo-

109 1115 147 1144 do
159 1117 240 1145 ac'ute
249 1137 257 1151 ,
278 1115 324 1144 sed
335 1115 418 1143 etiam
430 1113 548 1143 ridicule
560 1123 591 1143 ac
603 1114 700 1143 facete.

90 1153 188 1188 Acute,
201 1157 349 1190 arguteque
360 1152 507 1185 conjicere.
531 1151 562 1181 ld
574 1152 620 1186 est,
636 1152 832 1187 Conjetfturam
843 1152 941 1181 facere.
964 1153 1020 1182 Cic.
1036 1154 1064 1182 in
1074 1153 1159 1183 Bruto
1172 1161 1214 1187 53.

111 1191 182 1227 Quis
195 1197 275 1228 putet
284 1196 330 1219 aut
340 1189 509 1219 celeritatem
518 1190 624 1227 ingenii
638 1189 667 1218 L.
682 1190 767 1219 Bruto
779 1189 819 1218 illi
832 1190 983 1219 nobilitatis
994 1193 1086 1220 vestrae
1097 1191 1216 1230 principi

108 1229 225 1258 defuiss'e
234 1230 247 1257 ‘2
268 1229 314 1265 qui
327 1228 361 1256 de
372 1234 458 1256 matre
474 1226 622 1257 suavianda
630 1237 665 1256 ex
677 1227 791 1257 oraculo
803 1227 937 1265 Apollinis
947 1236 1004 1257 tam
1020 1236 1100 1258 acute
1111 1236 1218 1265 argute-

108 1274 164 1303 ·que
173 1266 332 1301 conjecerit,
344 1266 390 1301 qui
400 1264 534 1294 summam
544 1266 720 1303 prudentiam
732 1265 906 1294 simulatione
917 1266 1036 1296 stultitiae
1046 1268 1155 1301 texerit,
1165 1268 1216 1296 Sec.

90 1304 177 1334 Acute
186 1326 192 1338 ,
214 1310 363 1340 arguteque
375 1303 548 1340 respondere.
581 1304 639 1333 Cic.
651 1313 702 1341 pro
715 1303 806 1332 Coelio
820 1309 845 1337 8.
885 1304 913 1332 Si
931 1305 999 1334 mihi
1011 1306 1046 1334 ad
1057 1305 1116 1334 haec
1126 1312 1217 1339 acute,

108 1349 258 1379 arguteque
272 1341 452 1378 responderit.

89 1379 209 1414 Sonare,
231 1379 276 1408 cui
290 1379 414 1408 Graviter
424 1379 519 1408 sonare
531 1379 692 1417 opponitur.
716 1378 774 1408 Cic.
788 1379 816 1407 in
831 1379 926 1408 Somn.
942 1379 1015 1418 Scip.
1030 1390 1072 1409 11.
1112 1380 1217 1409 Natura

96 1416 161 1451 ,fert
172 1425 202 1446 ut
214 1424 338 1446 extrema
348 1426 382 1446 ex
394 1416 478 1446 altera
488 1423 566 1455 parte
577 1418 692 1454 graviter
702 1439 710 1453 ,
732 1427 767 1447 ex
779 1416 863 1446 altera
874 1425 966 1446 autem
980 1424 1060 1447 acute
1070 1417 1176 1447 sonent.

88 1455 130 1485 Ali
152 1456 200 1484 uid
218 1456 340 1485 tractare.
373 1454 431 1484 Cic.
449 1467 472 1484 z.
490 1456 524 1484 de
540 1455 645 1484 Invent.
664 1459 705 1484 16.
746 1455 801 1485 Sed
819 1455 873 1484 illae
890 1457 1001 1485 tenuius
1021 1458 1048 1486 ἃ
1066 1456 1173 1485 acutius
1192 1456 1218 1485 Sc

108 1493 137 1523 su
158 1493 234 1522 tilius
247 1495 406 1522 tractantur.

51 1529 272 1560 Acu‘rmTOR
283 1553 291 1564 ,
312 1531 374 1560 oris.
399 1533 435 1559 m.
466 1530 523 1567 Qui
539 1535 656 1560 'acutum
668 1530 768 1560 reddit.
791 1530 851 1560 Vet.
864 1530 947 1561 Closs.
965 1527 1075 1563 o'awnvif
1086 1554 1095 1568 ,
1115 1531 1220 1561 Samia-

92 1570 164 1605 rius,
186 1569 339 1605 Cotiarius,
359 1569 510 1598 Acutiator.

53 1607 206 1637 ΑεῦΜεΝ
217 1630 224 1643 ,
244 1608 306 1636 inis.
330 1617 357 1636 n.
381 1608 466 1643 [σἰκὲ,
485 1607 562 1639 ὀξύτης
573 1626 580 1638 ,
599 1606 696 1639 &Syme
707 1627 714 1639 ,
730 1602 755 1632 π)
773 1606 833 1641 ὀξὺ]
858 1606 971 1635 Nomen
982 1607 1015 1636 ab
1026 1608 1103 1638 Acuo
1114 1629 1121 1642 ,
1142 1607 1220 1636 vide-

90 1651 136 1674 tur
146 1646 256 1684 proprie
267 1645 433 1675 Mucronem
444 1644 594 1682 significare
604 1666 611 1679 ,
634 1651 664 1673 ut
675 1645 799 1673 Acumen
812 1644 912 1679 cultri,
933 1651 981 1673 aut
993 1645 1060 1683 styli.
1093 1645 1176 1675 Ovid.
1188 1657 1215 1681 4.

90 1683 163 1713 Met.
179 1693 238 1721 579.
277 1683 318 1712 De
332 1683 458 1712 cruribus
470 1683 568 1712 Cadmi
578 1682 659 1711 verfis
672 1683 701 1711 in
715 1682 832 1711 caudam
844 1683 985 1721 serpentis.

170 1721 302 1751 Paulatim
315 1722 395 1750 tereti
408 1721 551 1750 sinuantur
564 1721 693 1749 acumine
706 1730 794 1749 crura.

88 1758 179 1789 Rostri
190 1756 289 1789 avium.
320 1759 388 1788 Plin.
404 1758 452 1788 lib.
470 1769 511 1787 10.
532 1768 592 1795 cap.
608 1766 651 1794 71.
690 1758 748 1787 Alia
759 1758 889 1787 dentibus
900 1759 1075 1796 praedantur,
1097 1757 1150 1788 alia
1166 1767 1218 1787 un-

107 1797 209 1834 guibus
221 1820 227 1832 ,
248 1797 300 1826 alia
313 1798 388 1827 rostri
399 1797 559 1826 aduncitate
571 1802 688 1834 carpunt
698 1818 705 1831 ,
733 1795 786 1825 alia
799 1796 946 1825 latitudine
959 1804 1059 1832 ruunt,
1083 1796 1135 1825 alia
1153 1806 1218 1825 acu—

108 1835 185 1864 mine
196 1842 338 1864 excavant.
376 1835 451 1864 Hinc
467 1835 653 1872 auspiciorum
665 1843 751 1871 genus
763 1834 909 1863 deducunt
921 1834 1068 1870 nonnulli,
1092 1834 1168 1872 quod
1182 1843 1217 1863 ex

107 1873 290 1902 Acuminibus
306 1873 450 1902 dicebatur
460 1895 468 1908 ,
488 1873 523 1901 ad
536 1873 612 1909 quod
627 1872 735 1901 Plautus
747 1871 852 1901 alludat
864 1872 942 1911 Epid.
958 1883 982 1902 2.
998 1883 1022 1902 2.
1046 1872 1103 1911 ipso
1116 1872 1218 1910 princi-

109 1912 175 1949 pio,
198 1911 233 1940 de
244 1921 299 1948 quo
310 1912 473 1949 interpretes
485 1910 579 1949 plura:
609 1920 680 1947 quan
702 1920 766 1939 uam
777 1910 805 1938 in
821 1911 874 1939 hoc
889 1911 1059 1948 exponendo
1076 1911 1129 1939 ritu
1142 1916 1218 1939 tanta

108 1949 148 1978 est
158 1949 336 1978 Eruditorum
347 1949 474 1978 dilsenlio
485 1971 492 1983 ,
513 1955 544 1977 ut
555 1948 635 1985 quale
648 1959 680 1976 au
695 1949 798 1985 picium
811 1948 864 1977 hoc
875 1949 974 1983 fuerit,
997 1948 1067 1978 nihil
1078 1948 1179 1978 habere
1190 1947 1216 1977 se

109 1986 176 2016 certi
189 1988 305 2016 fateatur
316 1986 419 2017 Delrio.
434 1998 460 2023 4.
486 1986 578 2024 Disqu.
595 1986 669 2023 Mag.
686 1996 745 2024 cap.
763 1996 786 2015 2.
804 1996 849 2024 qu.
864 1996 888 2023 7.
906 1986 969 2016 secl.
984 1996 1010 2016 2.
1027 1997 1054 2024 p.
1073 1990 1133 2021 560.
1157 1986 1217 2023 lege

108 2024 150 2061 Jo.
164 2025 266 2054 Meurs.
278 2025 373 2054 Exere.
389 2026 455 2054 Crit.
468 2025 503 2054 ad
516 2024 594 2062 Epid.
612 2035 633 2053 1.
649 2034 672 2059 3.
689 2024 812 2053 Turneb.
831 2025 937 2053 Advers.
950 2033 994 2061 27.
1013 2034 1054 2054 12.
1073 2024 1143 2053 Coel.
1157 2023 1219 2053 Cal-

107 2071 187 2101 cagn.
203 2074 225 2092 1.
238 2073 283 2100 qu.
296 2063 427 2100 Epist.51.
450 2064 478 2093 ἃ
489 2063 568 2098 cujus
579 2063 633 2096 iam
645 2062 728 2091 verba
740 2062 865 2091 describo
874 2083 882 2097 ,
904 2063 1018 2092 Valtrin.
1033 2062 1068 2092 de
1079 2062 1120 2092 Re
1130 2061 1215 2091 milit.

106 2101 188 2131 Rom.
205 2111 227 2130 1.
240 2106 266 2130 ό.
283 2111 309 2139 p.
323 2105 367 2130 26.
390 2101 420 2130 id
435 2101 595 2138 Auspicium
608 2099 688 2137 quale
701 2101 802 2135 fuerit,
831 2098 977 2130 obscurum
990 2101 1036 2130 est.
1077 2100 1215 2130 Nonnulli

106 2139 158 2175 (in
174 2139 215 2169 his
231 2138 402 2173 Turnebus)
422 2139 594 2172 existimant,
617 2146 724 2167 veteres
739 2148 773 2167 ex
792 2140 919 2167 acumine
933 2138 1117 2176 spiculorum,
1143 2138 1217 2176 pilo-

107 2187 186 2211 rum,
206 2177 368 2214 enfiumque
379 2177 456 2215 spem
475 2176 561 2206 Praelii
576 2178 743 2206 &eventum
753 2176 847 2205 solitos
859 2176 1007 2214 auspicari,
1028 2177 1105 2205 verbi
1123 2176 1213 2210 causa,

108 2214 128 2245 fi
141 2214 315 2253 splenderet,
336 2215 353 2244 fi
368 2214 490 2244 retusum
504 2225 561 2243 non
572 2214 655 2249 elset,
678 2214 695 2243 si
711 2224 768 2243 non
783 2214 943 2250 sordidum,
963 2214 982 2243 fi
1000 2222 1058 2243 non
1072 2214 1158 2244 hebes
1168 2235 1176 2249 ,
1197 2214 1215 2243 li

106 2253 250 2282 horrorem
262 2253 403 2290 quendam
413 2263 468 2291 prae
479 2252 505 2282 se
516 2253 607 2282 ferret.
646 2252 752 2281 Coelius
767 2252 952 2290 Calcagninus
968 2259 1048 2290 putat
1058 2252 1111 2282 esse
1121 2275 1129 2287 ,
1150 2262 1216 2281 cum

105 2290 186 2329 super
195 2291 280 2320 hastas
291 2290 373 2320 stellae
384 2298 549 2329 apparerent
557 2313 564 2326 ,
586 2290 642 2328 pila
653 2291 748 2320 ardere
759 2291 917 2320 viderentur
927 2314 934 2325 ,
957 2291 992 2319 de
1004 2290 1103 2328 quibus
1112 2291 1175 2320 Sen.
1187 2291 1217 2319 in

106 2328 171 2358 Nat.
188 2329 289 2366 Qpoest.
304 2330 331 2358 St
344 2328 412 2358 Plin.
451 2329 542 2366 Aliqui
555 2329 590 2357 ad
604 2329 798 2358 Geomantiam
810 2329 949 2362 referunt,
969 2339 1030 2366 quae
1041 2329 1216 2358 acuminibus

106 2366 146 2396 ita
157 2373 301 2396 exercetur
310 2388 318 2402 ,
341 2374 371 2396 ut
383 2369 552 2404 punctorum
563 2367 678 2404 paritas,
692 2367 835 2404 imparitas
845 2389 851 2401 ,
873 2367 1023 2403 obliquitas
1032 2389 1039 2401 ,
1061 2367 1215 2404 quadratio,

110 2403 261 2435 decussatio
273 2404 418 2443 spectetur.
442 2405 510 2434 Haec
520 2405 667 2434 Valtrinus.
689 2404 778 2434 Cerda
789 2415 854 2434 vero
864 2405 972 2434 Comm.
986 2405 1016 2434 in
1028 2404 1099 2442 Virg.
1113 2410 1136 2435 6.
1151 2405 1213 2435 AEn.

111 2453 172 2480 199.
193 2443 210 2472 f.
224 2446 259 2472 62
281 2466 287 2472 .
325 2443 516 2478 Sententiam,
537 2443 643 2480 inquit,
665 2443 753 2472 refero
769 2444 803 2472 ad
823 2443 926 2472 Pullare
943 2442 1216 2480 Auspiciumrergo

107 2481 242 2510 Acumina
271 2487 322 2510 unt
339 2481 432 2510 Rostra
443 2482 534 2510 avium
545 2503 552 2516 ,
574 2491 609 2510 ex
624 2481 741 2518 quibus,
761 2481 779 2509 fi
798 2482 865 2517 quid
877 2481 927 2509 tibi
942 2482 1071 2516 caderet,
1096 2481 1148 2511 aus
1164 2482 1218 2510 icia

108 2519 272 2549 dicebantur
287 2519 358 2548 sumi
375 2529 410 2548 ex
424 2519 600 2548 acuminibus
611 2541 618 2553 ,
649 2519 679 2548 id
697 2519 753 2554 est,
783 2520 872 2548 rostris
885 2520 987 2550 avium.
1019 2519 1084 2548 vide
1098 2526 1130 2549 ut
1143 2491 1216 2549 lianc

108 2567 168 2586 rem
181 2557 235 2586 late
247 2557 370 2595 explicet
385 2558 522 2586 Antonius
534 2557 629 2587 Clarus
642 2557 672 2586 in
688 2568 730 2587 12.
743 2557 812 2587 Tab.
829 2560 881 2587 &c-

90 2595 216 2625 Acumen
228 2594 293 2625 nasi.
325 2595 435 2625 Lucret.
449 2595 497 2624 lib.
510 2601 535 2624 6.
559 2605 637 2630 1191.

173 2632 338 2671 Compreffae
352 2643 448 2669 nares,
469 2633 524 2662 nasi
540 2633 667 2671 primoris
681 2642 809 2662 acumen.

90 2670 146 2701 Sed
163 2671 334 2708 frequentius
349 2671 450 2709 legitur
466 2681 516 2709 per
534 2671 725 2708 metaphoram
739 2672 845 2700 dictum
860 2681 866 2699 :
906 2677 938 2700 ut
961 2671 1085 2701 Acumen
1101 2671 1216 2709 ingenii.

110 2709 229 2745 Quintil.
241 2708 288 2738 lib.
305 2720 328 2744 ς.
344 2719 404 2747 cap.
418 2719 442 2747 7.
480 2710 603 2739 Acumen
615 2710 745 2738 naturale.
770 2709 827 2739 Cic.
845 2720 867 2738 1.
880 2709 960 2739 Tusc.
978 2720 1020 2745 19.
1059 2709 1153 2746 Quem
1164 2710 1218 2740 effe

110 2755 210 2784 negas,
230 2747 352 2777 eundem
366 2747 420 2777 effe
436 2748 511 2777 dicas
523 2757 529 2777 ς
554 2747 599 2777 ubi
611 2747 649 2776 est
658 2757 776 2776 acumen
788 2748 892 2776 tuum‘.>

91 2784 210 2822 Saporis.
232 2784 299 2814 Plin.
314 2785 362 2814 lib.
379 2795 420 2822 14.
439 2794 498 2823 cap.
513 2795 557 2815 20.
597 2785 629 2814 Et
643 2785 744 2823 saporis
756 2786 882 2822 quaedam
893 2786 1030 2814 acumina.

91 2823 235 2866 Acumen,
254 2833 304 2866 pro
316 2823 396 2859 Astu,
417 2823 540 2859 vafritia,
561 2823 720 2853 calliditate.
749 2823 817 2853 Hor.
834 2834 857 2853 1.
874 2823 956 2861 Epist.
980 2832 1022 2860 17.
1047 2835 1090 2860 55.
1127 2823 1220 2854 Mere-

110 2867 187 2890 tricis
200 2870 336 2890 acumina.

90 2898 157 2929 Sine
173 2899 300 2928 acumine
311 2899 406 2928 homo.
434 2898 492 2928 Cic.
505 2909 530 2928 2.
552 2899 586 2928 de
599 2899 662 2929 Nat.
679 2899 762 2929 Deor.
776 2908 821 2937 74.
861 2898 996 2937 Epicurus
1014 2899 1070 2929 fine
1089 2900 1219 2930 acumine

109 2935 169 2966 ullo
181 2959 189 2972 ,
210 2936 266 2966 sine
277 2936 443 2967 authoritate
452 2959 460 2973 ,
482 2937 538 2966 fine
552 2937 656 2975 lepore.

90 2974 225 3012 Argutum
236 2974 336 3010 judicis
346 2984 472 3005 acumen.
493 2975 525 3005 ld
535 2976 582 3010 est,
594 2975 741 3013 ingenium
749 2974 858 3004 subtile.
875 2975 941 3004 Hor.
955 2974 990 3004 de
1001 2975 1063 3004 Arte
1073 2975 1216 3015 Poet.364.

89 3012 209 3050 Argutiae
227 3014 253 3042 Sc
272 3022 399 3042 acumen.
434 3013 492 3043 Cic.
508 3014 537 3042 in
558 3013 634 3043 Orat.
653 3024 713 3043 110.
752 3012 832 3043 Nihil
852 3012 935 3051 Lysiae
952 3012 1102 3045 subtilitate
1124 3017 1218 3052 cedit,

109 3050 181 3080 nihil
197 3051 310 3088 argutiis
327 3052 353 3080 Sc
368 3052 497 3081 acumine
513 3051 658 3090 Hyperidi.

88 3088 270 3126 Ingeniorum
281 3099 407 3119 acumen.
429 3089 487 3118 Cic.
498 3099 549 3127 pro
561 3089 670 3119 Flacco.
701 3088 804 3118 Graecis
820 3098 878 3118 non
888 3088 981 3118 adimo
994 3088 1127 3121 sermonis
1141 3091 1220 3130 lepo-

109 3136 168 3156 rem
178 3149 186 3162 ,
206 3126 383 3164 ingeniorum
395 3137 513 3156 acumen
523 3149 531 3162 ,
552 3128 665 3156 dicendi
679 3128 798 3164 copiam.

89 3163 164 3195 Leve
182 3165 284 3194 mentis
302 3175 420 3194 acumen
434 3165 567 3194 discurrit.
593 3165 690 3195 Claud.
705 3165 740 3194 de
750 3164 832 3203 Rapt.
846 3164 966 3203 Proserp.
980 3174 1006 3194 2.

89 3203 217 3270 Αὲυηιὶεη
234 3203 358 3233 Stertinii
384 3202 490 3233 delirat.
541 3203 575 3233 Id
592 3203 648 3240 est,
678 3203 825 3232 Stertinius
851 3202 937 3232 homo
955 3209 1060 3234 acutus.
1102 3203 1171 3234 Hor.
1194 3215 1218 3235 1.

154 3241 172 3270 il
187 3264 193 3270 .
211 3250 252 3270 12.
267 3250 311 3270 20.

90 3251 151 3309 Sui}
159 3288 278 3308 acumen
295 3278 355 3316 styli
367 3277 456 3308 subire
468 3278 662 3309 &succedere
695 3278 752 3308 Cic.
771 3289 794 3308 1.
814 3279 849 3308 de
861 3278 937 3308 Orat.
954 3289 1015 3315 151.
1057 3280 1220 3316 Omnesque

108 3316 270 3352 sententiae,
294 3316 432 3354 verbaque
450 3318 544 3347 omnia
563 3327 623 3354 quae
639 3316 703 3346 sunt
721 3318 855 3354 cujusque
871 3317 996 3354 generis,
1026 3319 1147 3347 maxime
1159 3318 1222 3347 illu-

110 3354 172 3384 stria
181 3377 189 3390 ,
215 3354 264 3384 sub
275 3364 392 3384 acumen
408 3354 468 3392 styli
479 3354 595 3384 subeant
605 3356 631 3384 ἃ
650 3355 800 3384 succedant
809 3355 917 3384 neceffe
928 3355 973 3384 est.
1015 3354 1105 3385 Ducla
1116 3356 1154 3385 est
1164 3366 1221 3386 rne-

111 3393 228 3431 taphora
245 3403 260 3422 a
277 3392 354 3430 Stylo
365 3415 372 3427 ,
394 3403 449 3430 quo
464 3393 493 3421 in
505 3392 605 3422 tabulis
619 3392 785 3422 scribebant.

93 3430 376 3498 Afiniover{acqme11
384 3431 484 3460 chartis
496 3431 605 3460 Graecis.
631 3430 664 3460 ld
675 3431 727 3467 est,
749 3431 895 3469 Ingenium
907 3431 942 3460 ad
952 3431 1037 3460 libros
1049 3430 1218 3461 Graecorum.

142 3478 179 3498 or.
192 3479 217 3498 2.
276 3469 356 3497 i1.1.
374 3472 434 3498 161.

89 3479 274 3535 Aeuminibul}
287 3506 340 3535 suis
352 3505 378 3535 se
393 3512 588 3545 compungunt
602 3505 748 3536 dialectici.
778 3506 834 3536 Cic.
849 3516 873 3535 2.
895 3506 930 3535 de
946 3506 1022 3536 Orat.
1039 3512 1100 3543 158.

92 3541 185 3573 Habet
193 3554 311 3573 acumen
323 3544 382 3573 haec
392 3545 592 3583 interpretatio.
616 3545 673 3573 Cic.
688 3554 713 3573 2.
732 3545 768 3574 de
780 3545 857 3574 Orat.
870 3554 933 3581 257.

92 3581 212 3611 illudere
227 3581 343 3617 alicujus
357 3592 484 3612 acumen.
519 3582 576 3611 Cic.
594 3593 615 3611 1.
633 3583 668 3611 de
681 3582 757 3611 Orat.
774 3592 834 3618 143.
1127 3612 1131 3617 ,

55 3619 131 3648 Act]
141 3622 209 3649 ΜΪΝ
219 3630 235 3649 o
250 3642 258 3654 ,
279 3629 316 3649 as.
339 3617 456 3656 [ὸξόνω]
486 3620 605 3649 Acutum
625 3620 705 3649 facio.
737 3620 859 3649 Laetant.
877 3620 912 3648 de
929 3619 1031 3657 Opific.
1045 3623 1070 3649 6.
1109 3620 1141 3650 In
1156 3631 1221 3658 qua-

92 3657 262 3695 drupedibus
277 3656 370 3687 alitem
382 3664 547 3687 conteXtum
560 3658 643 3696 spinae
658 3668 672 3687 a
688 3657 796 3687 summo
815 3659 905 3696 capite
916 3659 1070 3687 deductum
1081 3681 1088 3695 ‚
1109 3658 1220 3697 longius

92 3703 170 3724 extra
181 3705 281 3733 corpus
293 3696 407 3730 eduxit,
429 3698 455 3725 &
468 3697 637 3725 acuminavit
652 3697 681 3724 in
693 3696 819 3725 caudam.

55 3732 157 3762 Aoum
167 3737 319 3769 ιΝᾸτυε,
341 3733 401 3768 Adj.
425 3730 552 3770 [Juniis]
576 3734 632 3770 Qui
643 3743 762 3763 acumen
772 3734 873 3763 habet:
898 3738 946 3767 ut,
967 3732 1070 3763 Telum
1080 3735 1221 3764 acumina-

91 3776 160 3800 tum.
190 3770 258 3800 Plin.
272 3770 320 3800 lib.
339 3781 380 3799 11.
397 3781 457 3809 cap.
470 3781 495 3801 2.
519 3773 544 3801 ἃ
557 3771 605 3800 lib.
623 3777 663 3806 18.
682 3781 742 3809 cap.
757 3782 798 3808 35.

55 3807 103 3837 Ac
112 3819 158 3837 um
168 3820 175 3836 1
185 3818 206 3836 N
215 3819 233 3837 A
242 3819 256 3836 s
265 3819 274 3836 1
284 3819 300 3837 υ
309 3819 336 3843 s,
352 3819 368 3838 a
377 3831 384 3844 ,
406 3819 463 3838 um.
495 3815 527 3838 ut
543 3809 622 3840 Mola
632 3810 816 3845 acuminaria,
835 3809 916 3838 armis
927 3807 983 3838 scil.
995 3809 1136 3839 acuendis.
1157 3810 1217 3839 Vet.

91 3845 207 3884 Interpr.
221 3846 299 3876 Statii
312 3846 348 3875 ad
364 3856 389 3882 3.
402 3847 493 3876 Theb.

55 3883 101 3913 Ac
109 3894 129 3912 u
138 3894 151 3912 Ρ
160 3894 173 3912 Ε
181 3895 198 3912 D
208 3895 216 3912 1
226 3894 243 3913 υ
251 3894 262 3913 s
272 3906 279 3917 ,
302 3881 440 3920 [ὀξύπες]
469 3883 613 3914 dicebatur
623 3907 630 3919 ,
651 3885 703 3914 Cui
715 3885 887 3922 praecipuum
901 3890 959 3913 erat
968 3883 997 3912 in
1007 3885 1145 3914 currendo
1157 3895 1220 3916 acu-

91 3931 157 3950 men
168 3922 281 3959 pedum.
306 3921 407 3951 Festus.
441 3921 549 3951 Lucilio
562 3923 599 3951 est
611 3923 719 3960 Agipes.
747 3923 821 3952 conf.
837 3922 995 3952 Dacerium.

55 3958 290 4027 ACUIVDIU'P’
311 3959 339 3989 ii.
362 3969 389 3989 n.
413 3959 497 3990 Gloss.
516 3960 603 3990 Graec.
618 3960 676 3990 Lat.
692 3957 826 3994 οξυπυδῖοι,
846 3959 1024 3998 acupedium.

179 4004 230 4026 or..
267 4020 273 4026 .

1647 142 1931 178 acu
2377 163 2424 198 49

1267 219 1379 264 Acus».
1400 223 1445 264 us.-
1463 222 1479 251 s.
1504 222 1631 258 [enlin]
1652 222 1696 252 Est
1716 223 1948 259 (inquitl'estus)
1970 226 2031 261 Qua
2043 226 2215 263 sarcinatrix,
2237 228 2280 258 vel
2290 231 2371 259 etiam
2384 242 2427 260 or-

1307 266 1392 301 natrix
1410 268 1501 288 utitur.
1528 260 1602 288 Valla
1615 261 1660 289 lib.
1682 271 1703 289 1.
1742 262 1813 291 Acus
1828 262 1929 290 dicitur
1949 274 2001 299 qua
2017 265 2101 293 velles
2114 264 2272 295 ilai-ciuntur.
2303 268 2358 296 Cic.
2376 279 2423 304 pro

1306 296 1405 338 milon.
1427 302 1469 325 66.
1509 298 1614 326 Vulnus
1633 299 1660 326 in
1681 298 1781 333 latere,
1809 300 1884 335 quod
1902 310 1953 328 acu
1971 307 2105 337 punctum
2126 303 2281 338 videretur,
2304 315 2353 342 pro
2370 307 2425 335 ictu

1306 335 1462 366 541«aner
1481 336 1578 370 putari.

1307 370 1379 412 Acus¹
1396 381 1444 406 pru
1466 372 1499 399 lia
1519 383 1572 408 qua
1588 374 1707 402 ornatrix
1727 374 1813 403 utitur
1829 374 1863 402 ad
1876 374 2072 404 discernendos
2085 377 2207 414 capillos.
2238 379 2355 416 Apuleio
2369 382 2425 410 Cri-

1326 408 1402 435 nalis.
1430 408 1474 449 lib.
1489 415 1512 439 8.
1530 420 1555 445 p.
1570 420 1631 445 207.
1654 411 1752 445 Juven.
1765 422 1789 440 2.
1806 413 1860 441 Sat.
1873 421 1896 440 2.
1914 422 1956 447 94.
2328 413 2330 415 ¹

1384 444 1430 473 lile
1442 447 1620 486 -luperciliuin
1639 449 1748 478 madida
1763 450 1878 486 fuligine
1895 452 1999 478 tactum

1381 481 1502 524 (ihil-qua
1518 485 1645 519 producit
1661 496 1719 514 acu.
1850 487 1929 516 Mart.
1946 487 1963 516 l.
1982 497 2021 520 14.
2043 488 2091 525 Ep.
2104 499 2148 525 24.

1383 518 1401 546 Ἰ
1411 529 1472 560 emi
1487 529 1520 547 ne
1537 521 1639 549 madidi
1653 523 1757 551 violent
1773 523 1940 557 bombycina
1954 525 2052 560 crines,

1328 592 1333 596 ἡ
1404 592 1410 596 ἡ
1425 556 1498 590 lugat
1510 568 1572 599 acus
1586 565 1668 600 tiu-ms
1679 582 1686 593 ,
1709 558 1888 598 liiltine.itqr'1e
1901 572 2002 591 comas.
2023 563 2059 592 ΕΝ
2073 565 2183 595 emend.
2195 565 2293 604 scalig.
2312 568 2427 599 Videtur

1327 592 1355 620 id
1369 592 1421 620 elle
1433 594 1506 629 quod
1521 594 1707 625 Dilcriminule
1721 599 1771 626 live
1786 599 2002 629 l)il'cemiculuin
2013 601 2124 631 dicitur.

1309 631 1380 670 Acus
1396 630 1491 658 aliena.
1517 632 1600 660 Ovid.
1615 643 1639 661 2.
1659 634 1723 662 fast.
1738 645 1797 672 577.

1308 667 1416 703 Aliyriu.
1449 667 1544 696 Claud.
1561 669 1595 697 de
1608 670 1746 700 Pha-nice.
1779 673 1806 701 V.
1827 675 1896 703 Acus
1910 676 2077 706 Semiramia.

1310 704 1426 746 Comere
1443 714 1605 734 comasacu.
1637 708 1755 742 Quintil.
1773 709 1816 738 lib.
1833 721 1856 739 2.
1877 723 1936 750 carp.
1954 725 1976 748 ς.

1309 741 1460 784 Imminere
1473 742 1527 770 lina
1540 752 1686 786 per-acum.
1709 746 1776 787 Cels.
1791 747 1836 787 lib.
1851 759 1874 783 7.
1892 761 1950 787 cap.
1967 761 2005 788 ¹7-
2037 752 2158 788 Quidam
2170 763 2217 790 per
2228 763 2307 783 acum
2319 755 2428 787 duobus

1330 778 1392 821 ¹¹¹¹.¹.⁸
1405 779 1439 807 nd
1450 789 1532 807 imum
1546 779 1627 822 baim]
1641 784 1771 823 immillis,
1792 787 1825 812 lic
1838 787 1964 824 utrinque
1974 790 2107 824 vinciunt,
2117 792 2353 826 quemadmodum
2374 798 2416 823 &c

1310 816 1449 850 Traucere
1462 827 1521 846 acu.
1544 817 1613 846 Cell.
1629 817 1675 846 lib.
1689 829 1713 855 7.
1731 830 1789 857 cap.
1803 831 1826 857 7.
2357 816 2363 829 ’
2421 818 2426 824 '

1310 855 1366 883 Acu
1380 854 1525 884 trunluere.
1549 855 1617 884 Cels.
1631 855 1678 884 lib.
1693 866 1717 892 7.
1735 868 1793 893 cip.
1807 869 1830 894 7.

1310 892 1381 921 Acus
1393 901 1515 935 emerita.
1537 892 1635 928 ‚Juven.
1648 896 1701 936 Sat.
1716 898 1741 922 6.
1753 902 1815 930 498.
1840 896 1868 924 ld
1880 897 1933 931 est,
1951 899 1988 926 Ab
1999 901 2089 929 (illicio
2101 902 2226 932 cosmetae
2238 906 2263 934 ὑὲ
2274 907 2417 937 ornatricis

1328 940 1490 973 qmecrincs
1507 940 1557 959 acu
1576 939 1733 972 concinnat.
1777 933 1846 961 Num
1859 935 1904 970 qui
1917 935 2077 969 juvenalem
2091 939 2124 967 de
2142 940 2311 972 sarcinatrice
2323 931 2428 974 leiilill‘t'-

1329 967 1499 1004 {ulpicantur
1509 991 1516 1003 ,
1539 978 1554 996 a
1565 968 1650 998 muns
1662 970 1687 998 ἃ
1700 970 1798 998 (initiis
1810 971 1914 1000 absunt.
1949 973 2095 1003 l’urrlialius
2109 977 2134 1004 in
2149 978 2244 1008 Lluud.

1311 1004 1415 1048 Idalia,
1434 1005 1466 1034 ab
1480 1006 1566 1035 idalio
1579 1006 1617 1043 Cy
1642 1007 1660 1034 ri
1674 1008 1787 1044 oppido.
1823 1008 1918 1037 Claud.
1938 1009 1982 1038 lib.
1999 1021 2022 1040 2.
2040 1013 2073 1040 de
2087 1013 2162 1050 liupr.
2178 1016 2295 1055 Prolerp.

1311 1042 1442 1072 Maeonia.
1483 1044 1514 1072 ld
1535 1044 1592 1076 est,
1636 1044 1716 1082 „ydizt
1761 1045 1831 1074 Nam
1850 1046 1916 1083 Lydi
1936 1047 2055 1076 lanificio
2073 1053 2098 1079 ὅ,
2118 1053 2231 1082 [elisum
2251 1056 2428 1087 usumzixime

1329 1080 1496 1110 claruerunt.
1544 1081 1624 1111 Unde
1644 1090 1702 1111 orta
1724 1083 1762 1111 est
1780 1083 1872 1112 fiibulu
1896 1086 1931 1113 de
1953 1086 2073 1115 Arachne
2096 1091 2212 1122 regionis
2230 1092 2302 1122 illius
2322 1095 2413 1130 puella

1329 1128 1390 1155 quae
1406 1129 1469 1147 cum
1487 1118 1594 1148 Pallade
1607 1120 1718 1148 certasse
1731 1121 1840 1150 dicitur.
1878 1122 1992 1157 Seneca,
2125 1119 2131 1123 .
2422 1118 2430 1129 ³

1386 1156 1447 1185 Nec
1465 1157 1587 1185 Maeonia
1605 1158 1747 1195 distinguit
1763 1169 1823 1188 acu.

1310 1193 1424 1223 Nilotis.
1465 1194 1497 1223 ld
1511 1195 1732 1237 estflffigyptia,
1754 1196 1796 1225 vel
1813 1197 1849 1225 ob
1868 1197 2036 1234 przecipuam
2053 1199 2173 1237 ffigyptii
2193 1203 2241 1232 lini
2261 1204 2430 1237 bonitatem:

1330 1231 1375 1298 {gl
1386 1232 1461 1268 quod
1473 1232 1595 1270 AEgyptii
1605 1234 1699 1263 multis
1712 1233 1781 1263 liciis
1792 1235 1940 1272 polymitus
1952 1236 2036 1265 vestes
2047 1244 2139 1267 texere
2152 1239 2305 1271 docuerint.
2330 1243 2429 1274 Lucan.

1342 1280 1349 1298 1
1372 1293 1378 1298 .
1396 1280 1437 1298 10.

1312 1307 1442 1345 Obliqua.
1472 1307 1570 1343 ,Juven.
1583 1317 1609 1337 2.
1625 1308 1680 1337 Sat.
1694 1319 1736 1345 94.

1311 1345 1481 1388 Semiramia.
1506 1345 1624 1388 Marti-al.
1641 1346 1687 1376 lib.
1703 1352 1728 1379 8.
1746 1352 1789 1380 28.
1821 1346 1919 1381 idest,
1942 1348 2101 1386 Babylonia.
2139 1350 2212 1381 Nam
2224 1353 2366 1389 Babylonii
2381 1360 2432 1396 pri..

1331 1384 1370 1413 mi
1382 1394 1508 1413 omniurn
1524 1384 1644 1412 dlversos
1658 1384 1764 1413 colores
1779 1385 1967 1416 intexuerunt.

1392 1421 1482 1450 Texta
1497 1421 1658 1451 Semiramia
1672 1432 1731 1459 qua:
1746 1423 1883 1451 variantur
1898 1433 1958 1453 acu.

1312 1458 1427 1488 Tenuis.
1458 1459 1541 1488 Ovid.
1555 1472 1581 1494 4.
1601 1459 1682 1497 Epist.
1695 1469 1738 1497 72.

1310 1498 1368 1527 Acu
1382 1498 1504 1535 pingere.
1532 1497 1615 1526 Ovid.
1629 1501 1653 1527 6.
1670 1498 1739 1527 Met.
1754 1507 1796 1533 23.

1388 1535 1450 1564 Sive
1467 1535 1521 1564 levi
1540 1540 1656 1564 teretem
1674 1535 1796 1565 versabat
1813 1535 1916 1573 pollice
1934 1536 2034 1572 fusum,

1387 1573 1441 1602 Seu
1460 1573 1592 1611 pingebat
1609 1583 1679 1610 acu,
1704 1573 1784 1603 scires
1802 1583 1818 1602 a
1834 1573 1943 1603 Pallade
1961 1574 2082 1606 doctam.

1330 1610 1377 1640 Vir
1398 1634 1403 1640 .
1421 1621 1460 1640 11.
1478 1611 1539 1640 ffin.
1557 1620 1620 1648 777.

1379 1621 1476 1678 gneius
1488 1658 1539 1677 acu
1552 1649 1669 1678 tunicas.
1745 1649 1855 1679 Servius
1865 1671 1873 1685 ,
1903 1649 1935 1679 Id
1948 1650 1986 1679 est
1995 1672 2004 1686 ,
2026 1650 2153 1680 Habebat
2166 1652 2267 1681 vestem
2280 1652 2438 1689 Plirvgionis

1330 1693 1388 1715 arte
1406 1687 1565 1724 perfectam.
1763 1681 1793 1705 α·
2334 1686 2340 1690 ’
2351 1684 2359 1691 i

1310 1724 1379 1753 Rem
1399 1735 1450 1754 acu
1468 1724 1596 1761 tetigisti,
1627 1724 1702 1761 apud
1716 1723 1800 1754 Plaut.
1814 1724 1886 1753 Rud.
1902 1735 1924 1759 ς.
1946 1734 1970 1754 2.
1993 1735 2034 1761 19.
2073 1726 2104 1755 ld
2117 1728 2172 1762 est,
2193 1726 2263 1756 Rem
2275 1728 2358 1765 ipsam
2371 1731 2438 1758 divi-

1329 1763 1414 1797 nasti,
1434 1762 1504 1791 nibil
1520 1763 1656 1791 aberrans.
1698 1761 1814 1791 Perinde
1829 1763 1901 1800 quasi
1920 1763 1994 1792 dicas
2006 1786 2013 1798 ,
2043 1764 2206 1801 lplillimum
2224 1771 2360 1803 punctum
2377 1769 2435 1796 atti-

1330 1800 1397 1837 gisti.
1438 1801 1509 1829 Nam
1527 1799 1707 1829 minutillima
1724 1805 1827 1838 puncta
1844 1801 2013 1830 denotantur
2030 1812 2090 1831 acu.

1310 1838 1401 1868 Pilum
1414 1839 1509 1867 nevilti
1519 1860 1527 1873 ,
1552 1848 1628 1866 nunc
1639 1847 1689 1866 acu
1704 1848 1774 1876 opus
1785 1839 1830 1867 est.
1872 1838 2008 1867 Proverbii
2021 1840 2119 1869 faciem
2130 1840 2231 1876 habet,
2257 1851 2342 1878 quum
2359 1842 2436 1878 figni-

1328 1876 1442 1905 ficamus
1489 1876 1555 1905 Non
1573 1875 1634 1904 satis
1655 1875 1708 1904 effe
1728 1876 1858 1913 coepisse,
1887 1877 1936 1905 nili
1954 1878 2011 1914 pari
2028 1878 2159 1908 industria
2177 1878 2312 1916 perficias.
2365 1882 2437 1910 Citat

1328 1914 1383 1949 Jul.
1408 1913 1504 1943 Pollux
1515 1923 1550 1942 ex
1564 1914 1709 1951 Hermippi
1729 1918 1843 1949 Μοίρας.
1873 1914 1904 1943 V.
1925 1914 2024 1944 Erafin.

1310 1953 1398 1982 Acurn
1416 1951 1569 1981 invenisses.
1600 1952 1675 1989 apud
1689 1951 1774 1981 Plaut.
1794 1952 1871 1981 Men.
1883 1961 1908 1980 2.
1928 1962 1949 1981 1.
1969 1961 2007 1988 13.
2094 1970 2130 1974 —
2141 1953 2158 1982 fi
2173 1963 2253 1983 acum
2269 1955 2352 1984 credo
2364 1966 2435 1993 quae-

1330 2000 1403 2019 reres
1413 2012 1421 2024 ,
1445 1999 1526 2018 acum
1540 1989 1695 2019 inveniffes.
1758 1989 1938 2018 Proverbiulis
1950 1989 2102 2028 hyperbole
2112 2013 2120 2025 ,
2142 1992 2177 2020 de
2191 2002 2220 2021 re
2234 1993 2380 2030 diligenter
2392 2005 2435 2023 ve-

1328 2029 1432 2065 stigata.
1472 2027 1544 2056 Nam
1556 2037 1620 2056 acus
1636 2028 1752 2057 inventu
1767 2027 1947 2063 difficillima,
1969 2029 2045 2065 quod
2057 2028 2093 2057 ob
2103 2030 2283 2067 exiguitatem
2300 2031 2379 2061 facile
2390 2032 2437 2061 sal-

1333 2067 1372 2096 lat
1387 2065 1484 2094 oculos
1501 2066 1656 2102 quaerentis.

1273 2106 1345 2136 Acu
1356 2114 1385 2139 S,
1407 2104 1424 2132 i.
1447 2113 1482 2132 m.
1506 2103 1585 2132 Piscis
1597 2113 1700 2140 genus,
1722 2103 1757 2132 de
1770 2113 1824 2140 quo
1837 2103 1956 2133 Martial.
1972 2102 2020 2133 lib.
2039 2114 2080 2133 10.
2096 2113 2139 2142 37.

1386 2141 1420 2170 Et
1435 2141 1516 2170 satius
1535 2148 1634 2170 tenues
1650 2141 1751 2170 ducere
1770 2141 1859 2170 credis
1877 2151 1950 2171 acos.

1311 2179 1365 2210 Hic
1376 2180 1459 2208 etiam
1477 2179 1581 2208 Belone
1598 2189 1613 2207 a
1630 2179 1730 2208 Graecis
1742 2179 1861 2213 dicitur,
1884 2186 1931 2209 aut
1943 2179 2046 2216 Raphis
2065 2186 2095 2208 ut
2106 2179 2213 2209 Dorion
2223 2181 2368 2217 meminit,
2390 2188 2437 2211 aut

1329 2217 1441 2247 Abienis
1458 2226 1489 2246 ut
1507 2216 1654 2254 Diphilus,
1678 2217 1715 2246 est
1733 2216 1812 2246 Piscis
1828 2217 1945 2254 longus,
1975 2218 2067 2246 tenuis
2083 2219 2109 2247 S.-
2120 2218 2206 2253 levis,
2231 2219 2316 2248 rostro
2334 2218 2433 2255 subtili,

1328 2263 1411 2285 acuto
1425 2258 1607 2293 porrectoque
1627 2254 1682 2284 fine
1696 2254 1826 2283 dentibus
1837 2277 1844 2290 ,
1874 2255 1954 2284 dorso
1974 2254 2092 2284 caeruleo
2109 2256 2144 2285 ad
2161 2256 2248 2286 viride
2265 2256 2432 2293 inclinante,

1329 2301 1426 2323 ventre
1446 2293 1567 2329 argentei
1582 2293 1683 2322 coloris
1694 2315 1702 2326 ,
1723 2303 1799 2321 nunc
1816 2293 1927 2322 Venetis
1938 2292 2050 2322 Acicula
2060 2302 2246 2331 nuncupatus.
2280 2295 2429 2325 Mallarius.

1329 2332 1399 2362 Plin.
1418 2331 1466 2360 lib.
1481 2342 1505 2367 9.
1522 2341 1582 2368 cap.
1596 2341 1638 2366 51.
1676 2331 1746 2359 Acus
1760 2331 1813 2360 live
1826 2331 1925 2360 belone
1943 2340 2015 2359 unus
2025 2331 2141 2368 piscium
2153 2332 2311 2362 dehiscente
2321 2341 2434 2371 propter

1329 2369 1541 2401 multitudinem
1560 2375 1657 2403 utero,
1687 2369 1768 2406 parit.
1816 2369 1870 2398 Hic
1890 2368 1923 2398 ab
1942 2369 2042 2398 eodem
2061 2368 2130 2399 Plin.
2162 2369 2211 2399 lib.
2234 2379 2276 2407 32.
2305 2380 2364 2408 cap.
2389 2381 2430 2399 11.

1329 2408 1478 2438 Aculeatus
1494 2407 1573 2445 piscis
1583 2429 1591 2442 ,
1612 2406 1716 2435 Belone
1730 2406 1839 2436 dicitur.

1272 2446 1365 2476 Acus
1376 2468 1384 2481 ,
1407 2446 1468 2475 eris.
1491 2455 1517 2474 n.
1542 2445 1603 2480 Est,
1625 2451 1657 2473 ut
1673 2445 1711 2473 ait
1728 2444 1892 2481 Priscianus,
1914 2445 1990 2484 quod
2003 2445 2090 2474 Graeci
2107 2444 2224 2472 σκύξοιλον
2237 2447 2264 2475 &
2277 2444 2368 2481 ἕχηςωι
2386 2456 2433 2475 vo-

1310 2490 1383 2513 cant.
1425 2483 1456 2513 Id
1473 2483 1510 2512 cit
1521 2505 1528 2517 ,
1557 2482 1771 2519 Purgamentum
1788 2483 1881 2512 tritici.
1914 2484 1995 2513 Varro
2007 2483 2042 2512 de
2057 2483 2091 2512 R.
2105 2483 2137 2512 R.
2154 2482 2201 2512 lib.
2215 2493 2239 2519 3.
2282 2485 2353 2513 Acus
2371 2483 2434 2513 sub-

1309 2522 1488 2552 sternendum
1502 2520 1610 2558 gallinis
1622 2520 1847 2560 parturientibus.
1879 2521 1957 2551 Idem
1970 2523 2000 2551 in
2016 2531 2038 2550 1.
2069 2522 2140 2550 Acus
2159 2523 2187 2550 in
2207 2531 2267 2550 area
2283 2522 2428 2551 excutitur.

1308 2560 1389 2591 Idem
1400 2559 1500 2588 eodem
1515 2568 1575 2597 cap.
1590 2568 1631 2595 52.
1655 2558 1723 2587 Cato
1734 2559 1769 2587 de
1780 2558 1811 2587 l’..
1824 2558 1856 2588 R.
1871 2570 1931 2598 cap.
1948 2571 1990 2596 54.
2021 2559 2092 2588 Acus
2103 2559 2270 2596 stibaginum.

1308 2599 1381 2628 Acus
1391 2599 1473 2627 etiam
1489 2598 1517 2625 in
1530 2597 1548 2626 f.
1562 2606 1624 2633 gen.
1637 2606 1687 2634 pro
1699 2597 1799 2625 eodem
1812 2598 1933 2634 ponitur.
1967 2597 2060 2627 Festus
2070 2619 2078 2631 ,
2104 2596 2191 2626 l'aleae
2206 2597 2289 2626 etiam
2306 2597 2430 2634 quaedam

1329 2637 1364 2665 de
1381 2636 1520 2665 frumento
1539 2644 1603 2664 acus
1620 2635 1760 2664 dicuntur.
1793 2634 1930 2665 Columel.
1946 2635 1994 2665 lib.
2007 2645 2032 2664 2.
2049 2644 2109 2672 cap.
2128 2645 2168 2665 ιο,
2209 2634 2361 2664 Duriffima·
2375 2635 2432 2671 qui·

1330 2675 1394 2704 dem
1410 2684 1476 2703 acus
1488 2672 1595 2702 resectae
1606 2672 1789 2710 separataeque
1806 2681 1887 2702 erunt
1898 2684 1912 2703 a
1930 2673 2115 2708 cudentibus,
2137 2673 2251 2701 minutae
2267 2683 2330 2702 vero
2341 2695 2348 2707 ,
2370 2682 2429 2710 quae

1330 2714 1365 2742 de
1382 2712 1483 2749 siliquis
1495 2721 1560 2740 cum
1572 2710 1633 2739 faba
1645 2710 1821 2745 resederunt,
1843 2711 1921 2741 aliter
1934 2712 2117 2741 secernentur.
2149 2710 2281 2748 [legend.
2298 2713 2393 2741 meru.

1310 2749 1454 2781 Exercitus
1467 2749 1728 2786 quoqueinstrue'tio
1739 2771 1745 2783 ,
1776 2749 1846 2778 Acus
1864 2750 1982 2784 dicitur,
2010 2750 2085 2786 quod
2097 2759 2127 2778 ea
2143 2758 2204 2786 pars
2215 2748 2333 2777 militum
2351 2747 2431 2776 vehe-

1330 2788 1497 2818 mentillima
1516 2788 1554 2816 est
1575 2787 1611 2815 ad
1630 2786 1736 2815 hostem
1760 2786 1982 2821 vulnerandum,
2012 2787 2140 2816 acumine
2166 2786 2293 2815 telorum.
2330 2786 2428 2815 Festus.

1331 2825 1459 2863 [Falsum
1470 2825 1523 2854 esse
1532 2847 1540 2860 ,
1562 2826 1589 2854 δε
1599 2828 1676 2851 aciem
1689 2834 1753 2854 cum
1769 2835 1814 2851 acu
1828 2826 1962 2854 confundi
1975 2832 2144 2854 monuerunt
2159 2824 2264 2862 pridem
2277 2823 2328 2852 Viri
2339 2823 2427 2852 Docti.

1330 2865 1461 2895 Ceterum
1476 2869 1551 2892 totus
1569 2863 1590 2892 is
1607 2861 1677 2892 Festi
1694 2862 1773 2891 locus
1787 2862 1862 2892 foede
1877 2870 2022 2901 corruptus
2037 2862 2153 2892 videtur.

1275 2905 1343 2934 Aes
1354 2913 1367 2930 κ
1377 2907 1393 2932 ὃ
1402 2913 1439 2932 su
1450 2912 1462 2931 s
1472 2924 1480 2937 ,
1502 2912 1533 2936 a,
1551 2910 1608 2930 um.
1634 2898 1785 2937 [ἀχνςώδης
1794 2922 1802 2935 ,
1830 2898 2007 2935 maanaim]
2035 2907 2065 2929 ut
2077 2899 2206 2930 Acerosus
2218 2899 2304 2937 panis.
2337 2897 2368 2927 Id
2383 2898 2430 2933 est,

1312 2941 1379 2971 Non
1394 2940 1449 2969 fine
1464 2939 1559 2978 paleis
1598 2938 1699 2968 Festus.

1312 2978 1460 3009 Acerosum
1477 2987 1595 3016 panem,
1617 2976 1686 3005 farre
1701 2976 1792 3005 minus
1804 2982 1937 3014 purgato,
1958 2986 1990 3006 ac
2002 2975 2125 3005 sordibus
2139 2985 2154 3004 a
2169 2973 2430 3016 candidqseparato,

1332 3017 1484 3046 dicendum
1504 3021 1609 3044 veteres
1622 3021 1800 3052 putaverunt.
1832 3015 1905 3044 Non.
1920 3026 1943 3050 5.
1964 3025 2008 3051 97.
2047 3013 2132 3050 Quod
2149 3013 2171 3042 is
2184 3011 2311 3041 desumlit
2326 3021 2361 3040 ex
2381 3011 2433 3041 Lu-

1331 3055 1388 3084 cilii
1401 3054 1480 3084 Farre
1491 3052 1609 3082 aceroso.
1647 3052 1723 3081 Talis
1735 3052 1789 3081 ess‘e
1801 3052 1869 3081 solet
1879 3053 1958 3090 panis
1969 3052 2126 3081 ordeaceus.

1275 3093 1323 3123 Ac
1332 3103 1370 3122 ER
1379 3103 1395 3121 o
1406 3115 1414 3128 ‚
1435 3102 1487 3121 are.
1520 3092 1591 3120 Cum
1605 3089 1691 3128 paleis
1703 3090 1824 3119 miscere.

1276 3132 1297 3161 A
1305 3141 1323 3160 c
1332 3140 1345 3159 ε
1354 3142 1367 3159 1<
1378 3135 1395 3160 Ᾰ
1404 3140 1422 3159 τ
1433 3140 1449 3158 υ
1458 3140 1470 3159 s
1478 3152 1485 3165 ‚
1509 3140 1523 3158 a
1533 3151 1540 3163 ,
1562 3138 1618 3157 um.
1642 3129 1788 3157 Aceratum
1799 3128 1888 3157 lutum
1896 3150 1903 3163 ,
1925 3137 1990 3157 curn
2000 3127 2084 3165 paleis
2095 3125 2211 3154 mistum.
2236 3125 2330 3155 Festus
2341 3126 2367 3154 &
2377 3125 2435 3168 No-

1313 3169 1376 3198 nius
1394 3168 1460 3197 ibid.
1502 3167 1758 3203 [Distinguendum
1773 3167 1897 3195 videtur:
1924 3167 2066 3195 Aceratum
2079 3185 2086 3197 ‚
2108 3163 2196 3192 lutum
2208 3173 2272 3192 cum
2283 3163 2368 3201 paleis
2384 3173 2436 3192 nn-

1314 3207 1395 3241 stum,
1417 3213 1447 3236 ut
1460 3205 1633 3235 Substantive
1646 3203 1775 3233 sumatur.
1816 3204 1919 3234 Eadem
1936 3204 2022 3232 forma
2036 3202 2253 3237 marmoratum,
2274 3204 2432 3236 Arenatum,

1314 3245 1422 3282 aliaque
1435 3243 1573 3280 ejusmodi
1589 3241 1749 3271 efferebant.

1276 3283 1297 3313 A
1307 3293 1351 3312 cu
1359 3292 1371 3312 s
1380 3294 1388 3310 ι
1397 3294 1413 3310 L
1421 3293 1440 3311 A
1449 3292 1466 3311 u
1476 3292 1488 3311 s
1497 3304 1505 3317 ,
1526 3280 1696 3310 Athenienlis
1707 3280 1802 3310 Romae
1813 3279 1910 3308 ludum
1922 3278 2028 3316 aperuit
2038 3277 2209 3307 Rhetorices.
2242 3277 2264 3306 V
2265 3276 2434 3306 olaterranus

1315 3330 1350 3350 ex
1370 3320 1462 3350 Suida.

1277 3360 1298 3388 A
1307 3369 1324 3388 C
1332 3369 1350 3387 U
1358 3369 1370 3388 s
1379 3368 1398 3387 *r
1407 3370 1413 3386 ι
1423 3368 1456 3387 01
1467 3380 1475 3393 ‚
1497 3359 1512 3393 [
1523 3355 1632 3388 Ᾰκεςιηρὶ
1644 3357 1658 3391 ]
1678 3355 1741 3384 sunt
1751 3355 1896 3384 Auditores
1907 3376 1914 3389 ,
1935 3352 2028 3390 quales
2038 3358 2116 3381 erant
2129 3351 2256 3390 discipuli
2267 3352 2433 3390 Pythagorae.

1314 3395 1365 3426 Ille
1383 3397 1459 3425 enim
1477 3405 1492 3424 a
1508 3395 1562 3424 suis
1581 3394 1752 3424 auditoribus
1769 3400 1799 3421 ut
1820 3393 1964 3420 minimum
1979 3391 2124 3420 biennium
2136 3391 2281 3428 exigebat,
2310 3401 2365 3428 quo
2382 3390 2436 3420 illis

1315 3441 1425 3463 tantum
1439 3434 1534 3463 audire
1544 3455 1552 3467 ,
1574 3442 1631 3461 non
1645 3432 1728 3461 etiam
1742 3431 1817 3467 loqui
1832 3429 1940 3458 licebat.

1277 3473 1565 3505 Aoum-smmi,
1601 3470 1628 3499 V.
1652 3478 1808 3498 acures.

1277 3511 1299 3539 A
1309 3520 1325 3539 c
1335 3520 1353 3539 υ
1361 3520 1380 3539 Τ
1389 3514 1428 3539 TA
1437 3532 1445 3544 ,
1469 3508 1624 3545 [Axima]
1645 3507 1781 3544 Hispaniae
1793 3505 1855 3534 urbs
1873 3503 1911 3533 est
1921 3503 2062 3541 Stephano
2072 3525 2080 3539 ,
2101 3504 2180 3540 cujus
2192 3503 2290 3534 incolae
2306 3504 2436 3533 dicuntur

1315 3548 1336 3577 A
1345 3558 1360 3577 c
1368 3558 1387 3577 u
1394 3557 1414 3576 T
1422 3557 1441 3576 A
1450 3557 1470 3576 N
1480 3558 1497 3576 1.

1277 3586 1325 3615 Ac
1336 3595 1425 3615 υἰίΑ
1435 3607 1454 3620 „
1465 3586 1480 3620 [
1491 3580 1610 3619 Α’ωτῖιι]
1637 3583 1663 3612 Ρ.
1678 3581 1779 3611 Vitellii
1794 3589 1870 3610 uxor.
1902 3578 1991 3608 Tacit.
2005 3583 2030 3608 6.
2045 3579 2117 3609 Ann.
2131 3590 2175 3617 47.

1277 3625 1447 3657 Acu'rvs,
1475 3621 1636 3651 V.ACUO.
2373 3654 2378 3659 ¹

1277 3663 1300 3692 A
1309 3671 1326 3690 c
1334 3671 1352 3689 v
1361 3673 1376 3689 L
1385 3671 1401 3689 o
1412 3670 1431 3689 Ν
1440 3683 1447 3695 ,
1462 3660 1507 3689 seu
1519 3660 1611 3697 potius
1625 3659 1645 3687 A
1655 3666 1697 3686 cv
1706 3667 1721 3683 L
1730 3665 1746 3683 0
1756 3665 1767 3684 s
1776 3678 1783 3689 ,
1803 3654 1906 3683 Sin-225⁴
1918 3654 2010 3684 Suidae
2018 3677 2025 3690 ,
2044 3655 2159 3684 Fructus
2169 3654 2206 3683 est
2218 3654 2290 3683 Ilicis
2301 3654 2431 3683 foeminae.

1315 3698 1384 3728 Plin.
1400 3698 1445 3727 lib.
1462 3703 1502 3726 16.
1519 3707 1577 3734 cap.
1592 3700 1616 3724 6.
1646 3695 1753 3724 Dicitur
1763 3693 1846 3722 eriam
1860 3693 1912 3721 hoc
1926 3693 2039 3721 nomine
2051 3694 2154 3721 tructus
2166 3693 2268 3721 arboris
2279 3692 2432 3728 cujusdam,

1315 3747 1376 3774 quae
1388 3736 1507 3764 mediam
1524 3733 1661 3770 quandam
1678 3740 1803 3760 naturam
1819 3731 1927 3759 obtinet
1944 3731 2016 3759 inter
2027 3730 2106 3759 suber
2117 3732 2143 3760 ἃ*
2155 3740 2305 3767 quercum,
2327 3740 2385 3767 quae
2398 3729 2434 3757 ob

1315 3775 1345 3803 id
1356 3773 1516 3805 Phellodrvs
1528 3778 1648 3799 vocatur.
1679 3769 1768 3798 Ruell.
1785 3768 1831 3797 lib.
1848 3779 1870 3797 1.
1887 3777 1946 3806 cap.
1961 3773 2004 3804 89.

1277 3813 1299 3842 A
1308 3822 1325 3842 c
1334 3822 1376 3840 γι
1386 3821 1402 3839 o
1411 3821 1422 3839 s
1433 3832 1441 3844 ,
1470 3805 1515 3838 seu
1537 3812 1556 3837 A
1565 3818 1581 3837 c
1592 3819 1609 3836 υ
1618 3819 1633 3836 L
1642 3817 1658 3835 ο
1667 3818 1679 3836 s
1688 3829 1696 3842 ,
1719 3807 1821 3836 'mv-vnce»
1840 3806 1964 3835 Homero
1974 3828 1981 3840 ,
2010 3805 2093 3834 Glans
2113 3805 2197 3842 iligna
2217 3805 2274 3834 est:
2303 3813 2396 3832 verum
2409 3804 2434 3832 δε

1314 3859 1365 3888 pro
1385 3847 1518 3886 pudendo
1537 3846 1667 3883 ponitur,
1697 3854 1712 3873 a
1731 3844 1926 3878 similitudine,
1956 3843 2192 3880 quemadmodum
2220 3842 2333 3871 balanus
2353 3841 2434 3869 etiam

1315 3887 1416 3916 dicitur
1433 3896 1448 3913 a
1463 3884 1578 3913 Caleno.
1614 3883 1645 3911 V.
1665 3882 1730 3912 Cael.
1744 3882 1862 3919 Rhodig.
1879 3881 1927 3910 lib.
1941 3893 1966 3917 4.
1984 3891 2042 3918 cap.
2056 3884 2080 3910 6.

1278 3925 1376 3954 Acw
1387 3933 1405 3951 n
1417 3933 1434 3950 A
1446 3932 1474 3953 s.
1505 3923 1519 3956 [
1535 3918 1662 3955 Α’κίίὼκ]
1687 3920 1833 3959 Oppidum
1853 3920 1891 3949 est
1906 3920 1935 3948 in
1954 3918 2054 3948 Dorica
2070 3917 2216 3956 tetrapoli,
2245 3924 2275 3946 ut
2292 3927 2325 3946 ex
2344 3917 2436 3946 Theo-

1316 3970 1424 4000 pompo
1439 3960 1522 3989 refert
1535 3958 1700 3996 Stephanus.
1876 3994 1900 4024 G
2301 3993 2321 4022 Α

2332 4001 2348 4020 c
2356 4001 2373 4019 γ
2384 4001 2397 4020 a
2407 4002 2436 4020 o,
