2604 4222
209 106 277 139 390
697 93 726 127 C
826 93 863 127 ,L'
963 91 990 124 L

265 174 361 211 Regit.
384 175 503 205 sustinet.
542 175 658 203 Servius.
681 174 789 203 Dicitur
800 175 825 202 Sc
836 174 870 202 de
882 172 1001 206 Atlante,
1022 180 1037 199 a
1052 178 1107 206 quo
1123 168 1280 198 fabulantur
1292 176 1359 205 poe-

266 218 300 241 tae
312 212 408 241 ca’lum
422 213 554 242 sustineri.
578 213 648 248 Virg.
662 215 686 241 6.
704 212 764 241 [ΕΠ.
781 220 844 246 797.

247 249 367 278 Vertitur
376 250 482 279 ceeiurn.
508 251 578 285 Vive.
593 260 616 278 2.
637 249 695 279 AEn.
708 258 772 282 250.
1148 280 1153 285 ,
1252 279 1258 284 .

292 287 409 316 Vertitur
421 290 523 317 interea
537 286 635 316 calum
651 309 658 322 ,
682 288 707 316 δε
721 286 776 314 ruit
789 285 904 314 Oceano
919 291 985 311 nox.
1001 318 1006 324 .
1081 279 1201 323 Vertitur
1216 302 1224 313 ,
1251 290 1267 307 1.
1284 289 1307 308 e.
1329 279 1361 307 ln

267 325 347 354 aliam
369 326 468 354 faciem
482 332 676 354 commutatur.
715 322 784 351 Alias
800 323 875 350 enim
896 322 949 349 hoc
963 317 1108 355 epitheton
1121 317 1180 346 cazh
1194 324 1362 354 perpetuum

268 362 315 390 est.
353 363 472 400 Ideoque
484 363 623 398 subjungit
634 384 641 395 ,
663 360 853 390 RuitOceano
866 367 930 386 nox,
970 357 1035 385 Haec
1045 355 1102 384 fere
1115 355 1233 384 Servius.

251 399 330 428 Volat
342 401 434 429 medio
446 400 513 429 czeli.
537 399 607 437 Virg.
621 412 646 433 4.
666 399 726 427 ffin.
741 403 800 431 ¹84-
1158 429 1163 434 .

250 437 349 467 Vivere
360 439 425 466 telle
438 437 513 466 caelo.
534 438 552 465 i.
567 447 590 465 e.
615 437 645 465 ln
655 441 766 472 aperto,
787 435 824 462 ita
835 439 865 462 ut
875 431 944 460 nihil
956 431 1026 460 clam
1042 429 1097 459 effe
1110 428 1178 459 velis
1194 439 1290 458 eorum
1303 439 1362 466 quae

270 485 339 511 agas.
362 476 424 503 Sen.
438 476 464 503 in
479 474 592 511 Hippoi.
607 485 632 507 4.
1133 505 1138 510 ι
1324 505 1329 510 “

213 510 236 541 C
246 523 268 540 ε
280 524 294 540 ι,
305 522 336 541 ns
348 522 365 539 vr
377 524 385 540 1
395 522 407 540 s
418 534 425 546 ‚
447 522 470 541 e.
492 511 646 547 [ἐφαίνεθ’]
667 508 753 546 Quod
765 517 799 537 ex
811 506 879 537 caelo
893 506 940 536 est.
962 511 993 536 ut
1005 528 1013 541 ‚
1034 504 1153 535 Caelestis
1164 514 1250 534 arcus.
1291 504 1361 534 le.

248 550 296 579 lib.
316 560 357 578 12.
372 559 431 578 can.
445 559 460 577 2
484 571 491 578 .

249 587 370 616 Caelestia
384 560 494 623 auguria
509 590 628 619 vocant,
650 583 745 620 Quum
756 582 884 612 fulminat
898 603 906 618 ,
928 588 974 611 aut
985 587 1073 612 tonat.
1094 581 1135 613 Ex
1147 580 1232 610 Festo.
1258 579 1288 609 V.
1311 579 1364 609 Bu-

266 624 367 659 lenge-s.
381 624 415 652 de
430 624 526 660 Augur.
540 632 599 659 cap.
615 632 656 652 ις.
689 621 692 625 ’

250 662 339 691 Animi
350 661 476 690 caelestes.
497 660 567 696 Virg.
583 671 604 687 ι.
620 659 682 688 AEn.
699 668 741 692 15.

389 714 426 719 —
436 704 554 726 tantaene
563 697 661 725 animis
673 695 900 725 caelestibusirae?
994 695 1012 724 i.
1030 703 1054 724 e.
1077 694 1138 724 Diis
1151 693 1263 730 superis.
1285 692 1359 721 δεῖν.

251 736 341 772 Aoum,
353 735 459 764 Piuviae.
474 733 531 764 Liv.
545 734 622 768 liba.
636 744 678 767 3ο.
700 734 831 763 Siccitate
843 743 877 762 eo
891 742 964 762 anno
975 732 1126 771 plurimum
1142 731 1294 760 laboratum
1305 730 1359 759 est:

267 783 318 802 nec
330 774 447 802 caelestes
461 773 546 801 modo
556 772 704 800 defuerunt
713 781 806 808 aquae:
835 771 881 800 sed
892 778 962 801 terra
974 780 1084 808 quoque
1097 770 1224 807 ingenito
1244 769 1362 797 humore

267 820 350 847 egens
363 832 370 843 ,
392 811 437 839 vix
449 810 482 839 ad
514 819 631 838 erennes
642 809 748 839 suffecit
758 818 864 838 amnes.

248 849 323 877 Aula.
347 848 431 876 Ovid.
447 859 469 877 1.
509 847 554 876 ast.
573 857 632 883 139.

247 885 292 915 Dii
305 885 431 914 caelestes.
472 885 529 914 Liv.
543 884 590 913 lib.
610 895 630 914 1.
645 894 689 922 32.
710 884 812 922 Diique
822 893 920 914 omnes
934 882 1072 918 caelestes.
1093 892 1198 919 vosque
1207 881 1361 917 terrestres,

263 932 368 958 vosque
380 922 480 952 inferni
492 945 499 957 ,
520 922 624 952 audite.

244 960 325 989 Dona
338 961 404 989 aerii
418 961 516 990 mellis.
538 961 611 998 Virg.
622 971 647 996 4.
664 960 763 997 Georg.
779 969 803 989 x.

244 998 382 1027 Flammae.
406 997 513 1027 Lucret.
526 997 572 1027 lih.
593 1009 616 1034 ς.
634 1007 712 1034 1093.

244 1035 316 1072 Ignis
331 1035 444 1065 caelestis
456 1036 588 1065 fulminis.
611 1036 717 1065 Lucret.
730 1034 777 1064 lib.
789 1044 815 1064 2.
828 1039 889 1069 384.

243 1073 284 1103 lra
299 1074 410 1102 caelestis
423 1096 430 1108 ,
452 1084 502 1111 pro
516 1074 567 1103 Dei
579 1075 625 1103 ira.
650 1073 704 1102 Liv.
716 1072 766 1101 lib.
780 1083 806 1101 2.
816 1073 880 1102 Sen.
892 1071 981 1101 OEth.
995 1081 1020 1107 4.

242 1110 379 1148 Legiones
391 1111 509 1141 caelestes
520 1112 574 1141 illae
583 1112 746 1148 divinaeque.
769 1110 827 1139 Cic.
842 1121 865 1146 5.
882 1109 1002 1147 Philipp.
1018 1114 1062 1144 28.

241 1149 325 1178 Mens
337 1171 345 1182 ,
367 1149 475 1179 Divina.
498 1149 582 1179 Ovid.
596 1159 618 1178 1.
638 1149 703 1178 Fast.
717 1157 778 1183 534.

239 1187 358 1217 monitis
377 1186 528 1217 caelestibus
551 1187 655 1224 aliquid
673 1195 771 1223 agere,
794 1185 812 1214 i.
824 1194 847 1213 e.
868 1184 1002 1213 Divorum
1019 1183 1098 1219 jussu.
1121 1183 1206 1213 Ovid.
1222 1192 1265 1218 ¹4.
1285 1182 1356 1213 Met.

259 1233 322 1262 293.
336 1225 371 1253 de
384 1224 475 1262 Ulyss‘e
484 1248 491 1259 ,
687 1240 724 1245 ·—-
734 1221 900 1259 monitisque
911 1222 990 1252 simul
1003 1221 1155 1252 caelestibus
1168 1222 1253 1251 intrat

331 1262 380 1292 ille
395 1262 511 1292 domum
521 1262 622 1292 Circes.

239 1300 350 1330 Nec‘tar.
374 1300 458 1332 Ovid.
468 1311 494 1336 4.
510 1299 579 1330 Met.
594 1308 658 1336 252.

239 1338 336 1374 Origo.
360 1338 430 1375 Virg.
446 1342 472 1368 6.
492 1339 554 1369 AEn.
571 1347 635 1374 730.

239 1376 324 1405 Ortus
337 1376 458 1406 caelestis.
481 1375 598 1412 Quintil.
612 1375 660 1404 lib.
675 1382 699 1411 3.
716 1383 776 1411 cap.
789 1383 815 1410 7.

239 1413 279 1443 Os
296 1414 410 1443 caeleste.
450 1413 553 1443 Patere.
566 1414 613 1442 lib.
624 1423 649 1442 2.
663 1416 707 1447 64.
730 1411 841 1442 Tullius
851 1410 1049 1448 fulgentissimo
1066 1411 1092 1441 δι
1106 1409 1205 1440 caelesti
1226 1419 1274 1440 ore
1284 1409 1356 1440 lace·

258 1451 335 1481 rabat
346 1452 505 1481 Antonium.
528 1453 544 1480 i.
557 1460 581 1480 e.
603 1450 789 1480 Diserriffnnis
797 1449 979 1478 orationibus.

236 1488 470 1557 Pabulascielestia.
492 1489 575 1519 Ovid.
587 1499 613 1524 4.
626 1488 695 1518 Nlet.
707 1498 771 1525 ²¹7·
792 1487 838 1517 Sic
850 1487 1012 1517 ambrosiam
1021 1492 1112 1521 vocat,
1125 1484 1260 1524 pabulum
1271 1495 1355 1523 equo-

256 1537 317 1556 rum
348 1538 364 1556 ο
377 1537 407 1556 is.

235 1564 322 1602 Plagae
332 1565 450 1594 caelestes
460 1587 468 1599 ‚
489 1564 577 1610 Regio
586 1563 706 1594 caelestis.
729 1562 813 1593 Ovid.
829 1572 870 1592 12.
883 1561 951 1592 Met.
965 1572 1011 1596 40.

235 1602 363 1640 Prodigia
373 1603 489 1632 caelestia
499 1624 506 1637 ,
528 1603 549 1632 h
563 1602 631 1632 caelo
641 1609 721 1637 nata,
742 1607 789 1631 aut
800 1599 957 1631 Caelestium
970 1601 1018 1630 ira.
1040 1599 1114 1637 Virg.
1128 1602 1153 1628 6.
1166 1597 1227 1628 AEn.
1243 1607 1305 1635 379.

236 1640 374 1678 Regnum.
395 1641 477 1670 Ovid.
492 1650 514 1669 1.
527 1640 599 1670 Met.
614 1649 675 1676 ¹5²·

234 1679 407 1715 Religiones.
446 1675 535 1708 Tacit.
553 1688 575 1707 1.
591 1678 660 1707 Ann.
675 1686 717 1706 11.
740 1676 870 1706 Ceterum
884 1676 1023 1714 sepultura
1036 1684 1115 1705 more
1124 1674 1263 1718 *per-festa,
1283 1680 1354 1704 tem-

252 1717 333 1754 plum
342 1718 368 1746 St
378 1716 497 1746 caelestes
508 1715 655 1752 religiones
664 1716 863 1745 decernuntur.
885 1715 902 1743 i.
915 1724 938 1743 e.
960 1714 1089 1743 Honores
1102 1713 1199 1741 divim.

232 1754 383 1792 Sapientia.
406 1754 473 1783 Hor.
489 1764 511 1783 1.
526 1753 609 1791 Epist.
623 1762 646 1789 3.
656 1761 701 1790 27.
723 1753 794 1789 Quae
805 1762 820 1782 a
834 1751 986 1782 caelestibus
1002 1752 1138 1790 originem
1151 1750 1239 1780 duxit.

232 1792 345 1822 Semine
353 1791 451 1821 caelesti
463 1792 604 1821 oriundus.
623 1792 732 1821 Lucret.
745 1791 795 1820 lib.
807 1800 832 1821 2.
845 1800 909 1826 990.

231 1830 327 1860 Solum
338 1830 452 1859 caeleste.
474 1830 559 1859 Ovid.
573 1840 593 1859 1.
610 1830 679 1860 Met.
692 1838 736 1866 73.

312 1868 385 1897 Astra
395 1873 493 1897 tenent
505 1867 611 1897 caeleste
622 1867 711 1897 solum
725 1888 733 1901 ,
753 1865 905 1904 formaeque
915 1865 1043 1896 deorum.

230 1905 321 1944 Stirpe
330 1905 432 1935 caelesti
446 1912 559 1935 creatus.
583 1906 666 1935 Ovid.
686 1916 709 1934 1.
725 1904 794 1934 Met.
805 1908 868 1941 760.

230 1942 277 1972 Vir
287 1943 408 1973 caelestis.
434 1944 517 1973 Ovid.
535 1954 557 1973 1.
572 1943 652 1973 Trist.
666 1952 691 1980 3.
703 1951 747 1980 37.
768 1943 814 1972 Sic
829 1947 911 1971 vocat
924 1940 1083 1978 Augustum.

228 1981 324 2011 Virum
337 1982 366 2010 in
378 1982 499 2011 dicendo
508 1981 643 2011 caelestem
653 1987 734 2010 vocat
744 1980 907 2009 Ciceronem
919 1978 1038 2016 Quintil.
1050 1978 1096 2008 lib.
1113 1987 1155 2007 10.
1169 1987 1230 2015 cap.
1239 1985 1265 2007 2.
1310 2013 1316 2020 .

228 2018 276 2048 Vis
284 2019 405 2049 caelestis.
437 2020 495 2049 Cic.
511 2029 536 2049 2.
551 2020 586 2048 de
599 2019 688 2048 Divin.
703 2027 747 2055 93.
770 2018 807 2048 Ut
826 2018 843 2046 fi
862 2018 919 2054 jam
938 2016 1125 2046 concedamus
1143 2015 1268 2052 aliquid,
1289 2023 1348 2044 vim

247 2057 383 2086 caelestem
390 2057 425 2086 ad
435 2067 482 2086 eos
492 2058 538 2094 qui
550 2058 657 2086 interra
667 2057 818 2094 gignuntur
826 2056 976 2093 pertinere,
985 2053 1177 2084 confitendum
1187 2054 1218 2082 sit
1225 2052 1344 2089 illis,&c.

230 2094 358 2129 Caeleste,
381 2094 525 2125 ablativus.
547 2095 632 2125 Ovid.
648 2099 690 2124 16.
706 2093 789 2131 Epist.
803 2103 866 2130 277.

320 2133 384 2164 Hoc
394 2133 464 2162 mihi
484 2134 571 2169 (nam
582 2132 675 2162 recolo
686 2133 698 2166 )
718 2132 778 2161 fore
790 2138 822 2161 ut
831 2141 847 2161 a
857 2130 962 2161 caeleste
972 2129 1067 2168 sagitta

358 2170 435 2208 Figar
447 2193 455 2206 ,
477 2176 535 2200 erat
544 2180 627 2200 verax
636 2169 784 2200 vaticinata
794 2169 877 2198 soror.

228 2207 372 2244 caelestes,
391 2209 430 2246 pl.
451 2208 573 2237 absolute
586 2218 638 2246 pro
657 2207 714 2237 Diis
725 2207 839 2244 superis.
860 2206 919 2235 Liv.
933 2214 957 2234 1.
969 2207 1012 2235 16.
1034 2203 1159 2234 Caelestes
1171 2203 1208 2233 ita
1218 2201 1297 2232 velle.

226 2247 330 2277 Invisus
342 2246 493 2276 caelestibus
503 2268 511 2281 ,
532 2246 629 2282 Quem
637 2244 726 2283 superi
735 2245 864 2274 oderunt.
887 2244 957 2279 Virg.
971 2253 994 2272 1.
1013 2243 1075 2273 AEn.
1087 2251 1150 2278 391.

225 2284 317 2315 Mater
330 2284 466 2313 caelestum
476 2306 485 2320 ,
506 2283 610 2321 Cybele
621 2290 709 2312 mater
720 2283 847 2312 deorum.
868 2281 952 2311 Ovid.
966 2291 993 2316 4.
1006 2280 1072 2310 Fast.
1086 2283 1150 2317 276.
1292 2308 1299 2313 ,

226 2321 332 2390 NlSuInus
353 2321 507 2352 caelestum:
529 2324 547 2352 i.
562 2332 587 2351 e.
613 2321 748 2351 Deorum.
773 2320 918 2350 Caelestum
928 2341 936 2355 ,
963 2328 1015 2356 pro
1035 2317 1198 2348 Caelestium.
1230 2316 1296 2346 Stat.
1318 2324 1342 2345 1.

266 2370 272 2388 1
287 2370 311 2389 v.
324 2369 349 2390 2.
366 2369 402 2389 20
424 2382 430 2389 .

225 2397 345 2435 Templa
355 2371 503 2427 caessstiim.
525 2397 634 2428 Lucret.
650 2396 699 2426 lib.
712 2399 738 2426 6.
753 2405 832 2434 1272.

224 2435 357 2466 Voluntas
368 2435 521 2465 caelestium.
561 2435 620 2465 Cic.
634 2445 660 2470 4.
676 2434 798 2472 Philipp.
815 2442 858 2463 10.
890 2432 919 2463 Si
931 2432 1007 2462 enim
1015 2437 1109 2461 tantus
1125 2428 1273 2459 consensus
1285 2439 1344 2459 om.

241 2474 322 2503 nium
336 2473 389 2503 [ine
400 2474 439 2502 im
462 2472 520 2502 ulsu
534 2474 649 2503 deorum
659 2472 714 2502 esse
724 2482 782 2502 non
791 2472 900 2511 potuit,
922 2471 990 2509 quid
1010 2469 1048 2499 est
1063 2468 1139 2506 quod
1154 2468 1189 2497 de
1199 2467 1343 2497 voluntate

241 2511 390 2541 caelestium
402 2511 438 2540 du
460 2512 527 2540 itare
540 2511 681 2549 possumus
690 2512 704 2540 ἰ)
1101 2544 1107 2550 ⁶

223 2549 337 2585 iniquos
348 2549 464 2579 caelestes
474 2548 573 2578 facere.
596 2549 613 2578 i.
626 2558 651 2578 e.
673 2548 759 2578 Iratos
770 2547 895 2577 reddere.
918 2545 1003 2576 Ovid.
1018 2549 1044 2578 8.
1056 2543 1140 2582 Epist.
1152 2548 1198 2580 87.

223 2587 322 2617 Colere
332 2587 459 2617 caelestes.
499 2587 557 2616 Cic.
570 2595 597 2616 2.
614 2586 650 2617 de
665 2586 759 2624 Legib.
775 2595 816 2622 19.
839 2584 941 2620 Divos,
963 2585 990 2613 &
1008 2591 1056 2612 eos
1073 2582 1118 2620 qui
1138 2580 1256 2611 caelestes
1273 2579 1342 2610 sem-

240 2634 291 2662 per
303 2625 387 2654 habiti
401 2647 409 2659 ,
430 2623 554 2654 colunto.

222 2663 343 2694 Tentare
354 2662 482 2692 caelestia:
505 2663 522 2692 i.
535 2672 560 2692 e.
577 2661 692 2698 Aggredi
703 2671 745 2691 res
755 2660 862 2690 honore
872 2658 970 2688 caelesti
981 2656 1224 2689 &immortalitate
1233 2656 1339 2699 dignas.

241 2701 309 2730 Hor.
325 2711 347 2730 1.
361 2700 443 2738 Epist.
460 2709 501 2736 17.
513 2708 558 2735 34.
602 2699 713 2735 [lmmo
727 2699 861 2728 summam
877 2698 902 2726 &c
913 2697 967 2726 diis
983 2705 1079 2734 parem
1094 2695 1258 2724 felicitatem
1276 2695 1342 2723 aile-

245 2739 291 2775 qui
306 2761 313 2772 .
335 2746 365 2768 ut
386 2738 526 2773 Attingere
537 2735 634 2767 cet-lum
645 2737 751 2775 digito,
770 2736 799 2764 in
821 2743 964 2764 cretum.
1060 2771 1076 2777 ..
1115 2770 1120 2776 ⁸
1211 2770 1216 2775 Π

222 2776 422 2806 Caelestiffimus
432 2798 440 2811 ,
461 2776 559 2812 superl.
581 2774 656 2804 unde
669 2773 885 2804 Caelestiffimum
895 2782 926 2802 os
936 2771 977 2802 Μ.
989 2770 1078 2801 Tullii
1089 2770 1241 2804 Ciceronis,
1263 2769 1339 2813 apud

240 2814 374 2844 Patercul.
390 2813 438 2842 lib.
451 2823 476 2843 2.
491 2816 536 2842 66.
575 2812 658 2842 Paulo
670 2819 734 2842 ante
745 2812 822 2840 idem
832 2810 975 2840 Ciceronis
987 2819 1017 2839 os
1029 2813 1174 2838 vocaverat
1189 2806 1340 2845 Fulgentis-

240 2853 373 2881 limum&
385 2851 499 2881 caeleste.
537 2849 639 2880 Rursus
654 2849 702 2878 lib.
713 2850 814 2879 eodem
824 2870 832 2883 ,
853 2857 877 2877 c.
893 2857 953 2883 104.
988 2847 1114 2877 Protinus
1128 2845 1162 2875 ab
1184 2845 1338 2883 adoptione

239 2889 332 2919 missus
343 2899 407 2918 cum
418 2899 452 2918 eo
464 2888 608 2918 Praefedlus
618 2887 780 2924 equitumin
799 2886 986 2921 Germaniam,
1001 2883 1136 2914 successor
1154 2882 1240 2912 officii
1252 2883 1337 2925 patris

238 2928 313 2961 mei,
335 2924 576 2956 caelestillimorum
588 2926 646 2959 eius
658 2934 775 2962 operum
786 2933 835 2961 per
844 2932 932 2952 annos
948 2924 1097 2952 continuos
1118 2930 1219 2964 novem
1243 2922 1339 2958 praele-

240 2967 301 2994 clus
310 2973 357 2993 aut
369 2964 472 3001 legatus
485 2986 493 2999 ‚
513 2964 650 3001 spectator
661 2985 669 2998 ,
690 2964 716 2992 ἃ
727 2972 777 2999 pro
784 2970 867 2999 captu
878 2961 1079 2990 mediocritatis
1089 2969 1156 2989 meze
1168 2959 1277 2995 adjutor
1287 2958 1335 2987 fui.

183 3003 352 3033 Gffltizs'ri
364 3011 394 3038 s,
415 3002 447 3031 is.
470 3002 488 3031 f.
509 3000 598 3031 Subst.
620 2999 679 3030 Dea
694 3000 825 3029 Afrorum.
849 2998 919 3035 Lege
938 2998 973 3028 de
984 3008 1016 3027 ea
1029 2998 1097 3027 Petr.
1117 2996 1257 3040 Pithoeum
1268 2996 1337 3026 Sub-

218 3041 298 3070 seciV.
313 3050 336 3070 x.
347 3050 373 3076 4.
395 3039 507 3069 Selden.
524 3039 558 3068 de
570 3038 628 3068 Diis
638 3038 712 3076 Syris
721 3059 729 3073 ‚
751 3047 777 3067 2.
788 3045 814 3067 2.
835 3035 906 3074 Lips.
917 3035 998 3073 Epist.
1010 3035 1111 3072 Quaest.
1124 3034 1171 3064 hb.
1183 3044 1261 3071 5.ep.
1273 3044 1318 3063 22.

182 3077 204 3108 C
213 3089 237 3108 ω
245 3089 261 3106 L
270 3089 284 3107 E
293 3088 305 3107 s
315 3088 335 3106 ‘r
345 3088 362 3107 u
372 3088 384 3107 s
392 3099 400 3112 ,
420 3078 439 3107 i.
461 3087 498 3106 m.
519 3076 594 3106 Deus
607 3076 682 3105 idem
693 3097 700 3109 ,
722 3074 940 3112 quemvidentur
952 3074 982 3102 in
991 3079 1111 3110 utroque
1128 3072 1192 3101 sexu
1206 3071 1336 3101 collocas-

218 3116 255 3150 se,
266 3122 298 3145 ut
306 3115 374 3145 alios
386 3115 463 3150 deos,
475 3115 601 3153 gentiles.
613 3112 732 3144 Tertull.
748 3111 860 3150 Apolog.
878 3122 901 3141 c.
917 3112 1036 3146 12.(24.)
1058 3111 1214 3154 Unicuique
1223 3110 1336 3148 provin-

219 3154 268 3183 ciae
280 3155 305 3183 δ’(
319 3153 424 3182 civitati
441 3151 504 3182 suus
518 3153 591 3182 Deus
601 3152 655 3185 est,
678 3157 708 3180 ut
720 3150 804 3187 Syriae
820 3149 953 3183 Astartes,
976 3155 1007 3177 ut
1029 3148 1131 3177 Arabae
1158 3147 1283 3183 Drsares,
1305 3153 1335 3176 ut

217 3191 322 3222 Norico
334 3190 452 3221 Belenus
463 3212 471 3226 ‚
493 3198 523 3220 ut
535 3191 629 3220 Africae
640 3188 779 3218 Caelestus.
802 3186 840 3216 Al.
854 3186 981 3215 Caelestis.
1018 3186 1107 3221 Hujus
1122 3184 1228 3214 Caelesti
1238 3186 1335 3215 memi-

217 3229 259 3257 nit
272 3228 379 3266 Ulpian.
391 3229 432 3258 tit.
447 3238 492 3258 22.
508 3229 569 3265 ejus
580 3227 641 3257 libri
655 3249 664 3263 ,
692 3227 739 3264 qui
752 3224 907 3254 inscribitur
916 3223 1004 3253 Tituli
1019 3232 1054 3253 ex
1068 3232 1186 3260 corpore
1210 3223 1332 3262 Ulpiani.

219 3265 301 3295 Hunc
318 3266 441 3296 Laetam.
459 3266 476 3296 l.
494 3278 516 3296 1.
533 3276 556 3296 c.
572 3275 614 3302 15.
637 3265 759 3295 Uranum
769 3268 858 3293 vocat.

180 3301 230 3331 Car
242 3305 381 3333 ιιωὸιᾼ
393 3326 400 3339 ,
421 3314 452 3333 ae.
475 3314 498 3333 c.
522 3302 660 3340 [ἀμνίων]
682 3301 827 3331 Habitator
843 3298 912 3329 caeli.
934 3298 1005 3336 Virg.
1017 3308 1043 3328 2.
1058 3298 1120 3328 AEn.
1134 3300 1198 3333 641.

308 3341 356 3371 Me
371 3341 388 3370 si
403 3341 532 3372 caelicolae
544 3340 693 3370 voluissent
706 3341 808 3368 ducere
819 3338 913 3367 vitam.

216 3376 322 3407 Omnes
334 3379 462 3408 caelicolae
472 3401 480 3414 ,
501 3388 600 3408 omnes
609 3378 705 3416 supera
716 3377 782 3406 astra
792 3381 928 3405 tenentes.
952 3373 1025 3416 Virg.
1035 3375 1061 3416 6.
1081 3372 1142 3402 AEn.
1151 3378 1213 3410 787.

216 3414 339 3444 Genitrix
353 3416 524 3451 caelicolum,
542 3426 593 3454 pro
606 3414 815 3449 Caelicolarum,
837 3411 949 3450 Cybele.
971 3411 1018 3441 Sil.
1031 3410 1078 3440 hb.
1092 3419 1135 3447 17.

214 3451 337 3481 Maxima
348 3454 595 3489 crelicolumjuno.
618 3452 718 3483 Catuli.
731 3456 775 3486 68.
794 3457 854 3488 138.

215 3488 275 3518 Rex
286 3490 439 3520 caelicolum
454 3513 461 3527 ,
483 3492 620 3530 Juppiter.
644 3491 717 3528 Virg.
733 3500 756 3526 3.
773 3489 835 3519 AEn.
847 3497 892 3518 21.
1132 3523 1138 3529 Ι
1308 3523 1314 3528 ¹

215 3526 351 3555 Caelicolze
364 3529 446 3558 etiam
456 3530 542 3558 Sectae
559 3539 662 3558 nomen
675 3528 749 3565 apud
759 3527 881 3563 Judaeos,
894 3523 1053 3555 Essenorum
1066 3528 1168 3560 Ρῡῐΐῐθ,
1179 3531 1234 3559 ‘3¹10
1245 3528 1327 3560 Pem-

230 3571 279 3592 net
288 3563 397 3595 Titulus
410 3567 517 3596 eucine
529 3567 630 3602 Judaeis
641 3568 666 3596 Sc
678 3565 822 3596 Czclicolis.
845 3563 876 3593 V.
887 3560 1259 3599 Scalig.Elench.Trihaeres1·i
1268 3560 1326 3589 Ser-

231 3601 329 3667 ἱῗιτίῗζηί
336 3612 426 3669 ttssapjxg
431 3614 452 3632 1.
473 3603 656 3670 ῗῑῙᾳὺΡᾶςᾶᾳίε
667 3603 755 3639 Juciaei
766 3612 815 3641 per
827 3601 987 3631 convicium
995 3599 1164 3629 vocabantur
1176 3598 1321 3627 Caelicolae.

256 3661 262 3667 .
307 3649 333 3667 ar
368 3662 374 3669 .
430 3651 555 3670 ver.1.
606 3663 612 3670 .
645 3651 679 3670 .2
738 3663 745 3670 .

174 3675 197 3706 C
206 3686 229 3705 Ε
239 3677 274 3704 Li
283 3687 296 3704 r
305 3685 318 3704 a
326 3686 342 3704 a
353 3699 360 3711 ,
381 3678 484 3708 dicitur
499 3651 798 3716 Atlas5,⁹q¹i1eni‹i>⁹eetae
817 3676 925 3714 fingunt
939 3674 1037 3704 caelurn
1051 3672 1188 3703 sustinere.
1210 3672 1281 3709 Virg.
1295 3675 1321 3701 6.

208 3714 270 3744 AEn.
281 3723 345 3749 797-
538 3732 575 3737 —
583 3716 629 3745 ubi
642 3717 742 3745 melnes
752 3715 824 3744 Atlas

288 3751 374 3779 Axem
388 3750 502 3780 humero
516 3758 627 3789 torquet
638 3753 721 3783 stellis
731 3751 892 3782 ardentibus
899 3756 1004 3788 aptum.

207 3788 309 3818 Manus
329 3788 454 3817 caelifem.
483 3789 521 3818 De
540 3790 677 3826 Hercule,
698 3791 804 3820 Seneca
822 3791 851 3819 in
871 3789 951 3818 Herc.
965 3788 1016 3816 fur.
1029 3796 1054 3816 v.
1068 3791 1131 3822 528.
1161 3784 1236 3822 Quia
1246 3784 1322 3815 idem

225 3835 296 3854 onus
306 3825 455 3860 aliquando
466 3826 555 3855 subiit.

167 3863 190 3894 C
199 3874 222 3892 ε.
233 3875 247 3891 L
259 3875 265 3891 ι
276 3873 293 3891 c
303 3872 342 3891 uu
356 3873 371 3890 u
382 3872 394 3891 s
405 3884 413 3896 ,
434 3872 449 3891 a
460 3884 467 3896 ,
487 3873 545 3892 um.
568 3863 641 3893 Caelo
652 3865 767 3900 genitus.
802 3864 882 3901 Apul.
897 3863 932 3893 de
943 3862 1052 3892 Mundo
1064 3871 1092 3899 p.
1107 3869 1148 3897 57.
1174 3859 1321 3898 Caeligenm

203 3900 295 3932 stellae.
336 3900 414 3930 Est&
426 3901 536 3931 Saturni
547 3902 692 3938 epitheton
701 3923 709 3937 ‚
733 3902 797 3938 quia
810 3902 915 3932 Caelum
924 3907 1033 3939 patrem
1042 3899 1147 3930 habuit.

1923 87 1951 120 C
2049 87 2086 121 ΠΕ
2183 88 2213 123 R

1416 163 1438 193 C
1449 175 1471 192 με
1482 175 1497 192 r⁴
1507 175 1515 192 1
1526 175 1541 192 t.
1552 175 1568 192 o
1579 175 1624 200 qu
1636 175 1653 194 u
1663 175 1674 194 s
1686 188 1693 198 ,
1714 176 1744 199 a,
1761 176 1815 195 um,
1839 166 1984 196 Commod.
1995 167 2117 196 infime..
2132 171 2177 198 60.
2200 169 2365 202 Caelilcnuus
2378 170 2472 204 Esaias.

1417 202 1438 230 C
1448 213 1471 230 ιτ,
1484 214 1497 229 1.
1508 213 1514 229 ι
1527 212 1537 228 Ρ
1548 212 1563 229 o
1574 212 1592 230 'r
1604 212 1616 230 F.
1629 213 1646 231 Ν
1656 214 1677 237 s,
1695 204 1774 232 entis.
1800 204 1881 233 l'liut.
1896 205 1961 234 Pers
1975 216 1998 238 ς.
2012 216 2034 234 1.
2048 215 2071 236 z.
2091 205 2189 242 iiiique
2202 207 2246 235 alii
2258 218 2355 235 ornnem
2364 204 2556 244 cislipotentes.
2602 215 2604 227 '

1417 240 1438 268 C
1449 250 1486 267 sui
1505 242 1541 267 ir
1552 249 1586 268 ns
1597 261 1604 273 ,
1628 250 1682 269 um.
1705 240 1837 276 [syna]
1859 243 1914 278 Qui
1932 242 2029 271 esium
2048 243 2181 272 hib'tmt.
2205 245 2343 277 ildiec‘tive
2355 248 2380 275 ἃ
2392 247 2558 279 substantive

1454 277 1492 314 pl.
1507 287 1622 306 nurnero
1634 278 1754 307 obvium.
1778 279 1881 308 Ennius
1892 281 1965 317 apud
1976 281 2032 308 Cic.
2045 289 2069 308 2.
2082 280 2116 309 de
2126 281 2217 310 Divin.
2232 292 2291 316 ¹04.

1529 315 1583 351 Ego
1595 316 1681 344 Deum
1693 326 1778 352 genus
1790 316 1843 345 ell'e
1854 317 1958 354 semper
1969 318 2044 352 dixi,
2067 319 2092 346 S<
2101 318 2190 347 dicam
2203 320 2333 350 Coclitum.

1456 352 1569 380 Creator
1577 353 1706 382 c'clirum.
1732 354 1878 391 Epitheton
1890 354 1974 390 Jovis.
2000 355 2063 384 Sen.
2077 355 2189 393 Hippol.
2203 362 2228 390 8.

1454 391 1576 418 Gratiam
1587 391 1702 419 reddere
1717 391 1860 421 caelitibus.
1884 392 1978 421 Tibul.
1989 392 2035 421 lib.
2048 401 2072 421 2.
2090 403 2110 422 ῑ.
2125 397 2167 428 36.

1454 426 1569 461 Cir—lire,
1592 427 1719 464 singulari
1738 438 1872 465 numero,
1894 430 1956 459 casu
1977 430 2141 466 auferendi,
2170 431 2271 468 legitur
2291 432 2366 470 apud
2385 421 2561 470 Ovid.4.,de
2598 412 2603 442 'i

1473 465 1509 494 Po
1544 487 1552 494 .
1584 488 1590 494 .
1642 488 1649 494 .

1512 468 1638 539 inmlg
1650 509 1742 532 tamen
1753 504 1831 540 potui
1841 504 1876 533 de
1887 503 1974 533 caelite
1985 526 1993 539 ,
2019 504 2102 534 Brute
2111 527 2120 540 ,
2142 506 2248 535 recenti

1510 577 1579 606 stum
1588 539 1679 570 Vestra
1686 540 1785 578 procul
1795 542 1897 579 positus
1907 551 2018 571 carmen
2027 543 2057 571 in
2064 553 2111 572 ora
2120 543 2195 573 dedi.

1453 586 1705 657 Rge'igniscaelitibus
1716 615 1818 653 pulsus.
1838 617 1857 646 i.
1868 625 1893 646 e.
1913 615 2079 646 Caelestibus.
2111 617 2195 648 Ovid.
2212 628 2236 647 1.
2249 617 2316 648 Fast.
2334 628 2379 656 23.
2412 618 2500 656 Hujus
2515 620 2563 653 no.

1473 660 1619 682 minativus
1629 653 1734 683 leitia
1744 654 1809 683 effer
1818 676 1825 688 ,
1849 654 1866 683 si
1876 654 1989 691 usquam
2001 655 2180 684 inveniretur.

1416 688 1468 718 Ca
1480 692 1513 717 Li
1526 699 1541 717 r
1552 700 1568 718 u
1578 699 1589 718 s
1599 712 1606 724 ,
1628 691 1696 720 Λᾶν.
1717 691 1848 728 significat
1857 692 1877 721 E
1889 692 1955 721 caelo
1967 701 1974 721 ε
1997 692 2065 721 sicut
2077 692 2221 728 Divinitus,
2242 693 2262 722 A
2275 691 2342 723 Deo.
2365 694 2558 733 Hieronymus,

2290 542 2415 574 Caelitem
2425 551 2505 576 vocat
2513 546 2562 579 Au.

1452 728 1499 755 vit.
1514 727 1587 756 Pauli
1599 737 1683 757 erem.
1695 739 1734 766 pr.
1749 728 1878 759 Tandem
1890 729 1994 759 caelitus
2005 730 2150 767 inspiratus
2161 752 2169 766 ,
2188 730 2326 769 praecisam
2340 731 2430 761 morsu
2441 732 2559 770 linguam
2592 738 2594 747 '

1451 765 1480 793 in
1502 764 1649 795 osculantis
1660 765 1685 796 se
1695 767 1794 796 faciem
1803 768 1909 806 expuit.
1953 767 1984 797 V.
2006 767 2197 806 Ammian.23.
2210 769 2425 800 22.&La6tant.
2437 780 2463 806 4.
2472 780 2499 800 2.

1826 831 2127 891 c'AEM

1413 947 1652 983 CAEMENTUM‚
1674 947 1692 977 i.
1706 958 1734 993 τι.
1752 950 1823 988 plur.
1855 951 1973 988 [χάλιξ]
1995 951 2154 988 crementa,
2175 953 2248 991 quali
2269 953 2455 990 Caedimenta‚
2476 964 2491 984 a
2505 955 2560 987 Ca.
2586 977 2598 988 ..

1452 987 1564 1015 dendo:
1594 985 1656 1016 sunt
1668 986 1786 1024 Lapides
1798 989 1855 1018 caesi
1867 990 1949 1019 rudes
1963 992 1989 1019 Sc
2005 991 2155 1026 informes3
2177 1001 2235 1020 non
2249 997 2342 1022 tamen
2352 992 2491 1028 quadrati:
2512 994 2558 1025 alii
2585 1002 2589 1026 ,“

1450 1034 1515 1053 vero
1527 1030 1627 1053 vocant
1637 1023 1754 1061 Lapides
1766 1027 1848 1056 rudes
1861 1029 1887 1057 Sc
1899 1028 2033 1058 informes
2044 1030 2069 1058 ἃ
2083 1038 2139 1057 non
2153 1029 2244 1059 caesos.
2286 1029 2316 1060 V.
2339 1030 2426 1060 Pitisc.
2438 1030 2503 1061 Lex.

2591 784 2594 802 l

2590 835 2592 851 l

2588 928 2591 937 >

1450 1062 1623 1091 Caementum
1633 1083 1642 1098 ,
1660 1062 1743 1101 Opus
1752 1064 1841 1107 ipsum
1854 1065 2043 1096 construetum
2065 1067 2214 1097 crementis.
2235 1066 2304 1097 Plin.
2315 1067 2363 1097 lib.
2376 1071 2419 1105 36.
2441 1077 2501 1106 cap.
2512 1077 2556 1101 22.
2586 1076 2588 1105 ζ
2602 1086 2604 1090 .

1469 1100 1488 1128 E
1502 1099 1614 1136 reliquis
1624 1098 1744 1138 pallidus
1753 1123 1761 1135 ,
1782 1112 1811 1131 1n
1822 1110 1957 1132 caemento
1967 1114 2027 1133 raro
2038 1103 2121 1134 utilis.

1448 1136 1622 1166 crementum
1633 1138 1728 1167 molle.
1750 1139 1852 1169 Vitruv.
1869 1140 1918 1170 lib.
1930 1150 1955 1170 2.
1988 1141 2020 1171 V.
2042 1151 2059 1171 0
2071 1152 2113 1170 RD
2124 1151 2291 1172 mantus.

1449 1175 1606 1209 Czementa,
1627 1175 1743 1205 Materia
1760 1187 1812 1214 qua
1821 1177 1851 1207 fit
1862 1178 2019 1209 aedificium.
2061 1179 2125 1217 Ulp.
2144 1180 2174 1208 in
2189 1179 2207 1209 l.
2229 1181 2440 1219 Redemptores.
2464 1182 2498 1212 D.
2517 1182 2556 1215 De

2581 1167 2587 1218 ζ
2600 1193 2604 1214 ,ι

1467 1214 1505 1242 rei
1519 1213 1656 1242 vendicat.
1681 1213 1882 1252 Redemptores
1893 1216 2003 1253 quisuis
2013 1217 2155 1247 caementis
2172 1218 2326 1253 aedificant‚
2346 1220 2434 1249 statim
2445 1229 2556 1251 caemen-
2599 1231 2604 1253 ε

1467 1257 1494 1280 ta
1506 1251 1611 1280 faciunt
1619 1261 1716 1280 eorum
1725 1274 1733 1287 ,
1750 1253 1778 1280 in
1788 1263 1905 1290 quorum
1914 1254 1971 1283 solvo
1983 1254 2128 1284 aedificant.
2150 1257 2205 1293 Q?
2220 1256 2362 1294 fhurmffent
2372 1259 2401 1285 de
2409 1260 2518 1287 marim.
2582 1276 2586 1295 .-
2598 1272 2604 1290 ε

1410 1287 1433 1318 C
1442 1299 1493 1332 reru
1502 1299 1517 1317 a
1527 1299 1573 1317 ΝΤ
1583 1298 1602 1318 Α
1612 1310 1620 1324 ,
1641 1299 1672 1318 τε.
1694 1289 1712 1319 f.
1736 1289 1841 1320 Ennius
1852 1313 1860 1327 ‚
1880 1291 1985 1327 Labat„
2006 1292 2136 1322 labuntur
2145 1293 2223 1329 saxa,
2246 1301 2380 1324 caementa
2397 1295 2479 1325 cadit.
2501 1295 2556 1326 No.
2579 1298 2604 1327 ..ἱ

1448 1336 1510 1355 nius
1523 1335 1545 1363 3.
1559 1336 1605 1362 42.
1623 1326 1711 1356 Mero.
1734 1327 1909 1359 Lababuntur
1919 1329 1981 1359 saxa
1991 1352 1999 1366 ,
2021 1337 2160 1360 caementae
2173 1331 2285 1361 cadunt.
2583 1326 2604 1344 '¹'

1409 1363 1432 1393 C
1442 1375 1463 1392 ze
1474 1376 1492 1392 M
1504 1374 1517 1392 E
1525 1374 1545 1393 N
1554 1374 1574 1393 *r
1585 1374 1605 1393 A
1615 1374 1632 1393 R
1640 1375 1649 1393 1
1659 1376 1670 1393 1
1681 1386 1698 1408 ‚¹
1713 1363 1908 1408 [ρριλιωᾶΐμει]
1928 1369 2058 1397 dicuntur
2069 1368 2273 1398 Caementorum
2282 1391 2289 1405 ,
2310 1369 2366 1399 hoc
2382 1370 2421 1400 est
2432 1370 2556 1402 aedificio.
2567 1358 2604 1415 *iili

1447 1412 1509 1445 rum
1521 1412 1580 1439 quae
1597 1411 1632 1431 ex
1643 1402 1782 1446 lapidibus
1793 1403 1854 1434 sunt
1864 1427 1871 1440 ,
1892 1406 2036 1435 structores
2045 1427 2053 1442 ,
2074 1416 2144 1444 quos
2155 1406 2256 1437 Fabros
2265 1409 2398 1438 murarios
2407 1409 2552 1447 appellans.
2575 1415 2604 1451 4η

1448 1440 1611 1477 Hieronym.
1633 1440 1763 1477 Paulino,
1784 1442 1867 1480 Epist.
1884 1453 1945 1480 103.
1962 1454 1985 1472 c.
1998 1448 2023 1473 6.
2578 1440 2604 1476 ⁴⁸5¹

1409 1477 1463 1507 CAE
1471 1489 1491 1506 M
1501 1488 1514 1506 a
1522 1487 1543 1507 N
1552 1488 1571 1506 *r
1581 1488 1591 1506 1
1601 1487 1622 1506 T
1631 1488 1642 1506 1
1652 1487 1672 1507 u
1680 1488 1692 1507 s
1702 1498 1710 1509 ‚
1724 1488 1740 1507 a
1750 1501 1759 1514 ‚
1780 1489 1837 1510 um.
1860 1481 1920 1517 Adj.
1943 1482 2109 1517 [χωλιίειῶ]
2129 1481 2215 1519 Quod
2224 1489 2362 1512 caemento
2373 1483 2553 1516 constructum
2573 1478 2604 1531 §.i

1446 1516 1504 1559 est.⁴
1517 1516 1623 1545 Vitruv.
1634 1515 1792 1560 lib.2.-cap.
1802 1523 1828 1551 8.
1850 1518 1944 1556 ltaque
1955 1519 2018 1557 pilis
2032 1519 2165 1558 lapideis,
2187 1520 2327 1550 struituris
2349 1521 2488 1559 testaceis,
2507 1532 2553 1561 pa.

1442 1553 1559 1583 neribus
1569 1560 1744 1583 caementitns
1753 1576 1761 1591 ,
1782 1555 1944 1586 altitudines
1954 1559 2095 1587 extruc‘tae.

1444 1592 1618 1635 Crementitia
1627 1592 1819 1636 fundamenta.
1840 1594 1991 1630 Jabolenus
2002 1595 2059 1625 inl.
2081 1595 2139 1632 Qui
2150 1595 2266 1625 domum
2277 1595 2309 1626 D.
2330 1595 2436 1627 Locati.
2475 1597 2500 1627 Is
2514 1598 2551 1629 vi.

1462 1639 1543 1658 emus
1554 1639 1638 1667 quum
1648 1630 1798 1673 aedificaret
1809 1632 1837 1660 in
1845 1632 1893 1661 suo
1903 1654 1911 1668 ,
1932 1639 2035 1663 terram
2046 1633 2074 1662 in
2083 1644 2144 1663 eam
2154 1643 2255 1670 aream,
2276 1634 2396 1673 amplius
2407 1645 2489 1673 quam
2495 1635 2552 1667 fim-

1462 1668 1902 1710 damentacaementitialocatoris
1911 1677 2005 1706 erant,
2026 1671 2174 1709 congessit,
2190 1673 2241 1701 ἃς.

1443 1705 1632 1749 Caementitius
1640 1715 1721 1748 rivuS.
1760 1707 1870 1745 Ulpian.
1881 1708 1939 1738 inl.
1960 1709 2080 1738 Servius.
2102 1709 2136 1739 D.
2152 1710 2187 1739 de
2199 1709 2283 1740 Rivis.
2304 1710 2414 1740 Servius
2426 1712 2452 1741 Sc
2464 1709 2550 1741 Labeo

1460 1743 1598 1779 scribunt,
1620 1742 1639 1772 si
1652 1753 1758 1787 rivum,
1781 1746 1826 1782 qui
1837 1746 1963 1775 abinitio
1974 1754 2097 1776 terrenus
2107 1747 2189 1776 fuerit
2200 1769 2209 1782 ‚
2230 1748 2278 1784 qui
2289 1757 2386 1786 aquam
2397 1758 2454 1779 non
2462 1749 2551 1779 comi·-¹

1458 1782 1545 1812 nebat
1556 1803 1564 1817 ,
1586 1788 1784 1812 caementltium
1796 1784 1863 1814 velit
1877 1784 1982 1815 facere:
2007 1785 2181 1815 audiendum
2189 1782 2252 1815 effe.

1830 1872 2122 1923 QAEN

1401 1967 1426 1999 C
1435 1978 1460 1997 „e
1468 1977 1489 1997 N
1497 1978 1512 1997 ιι
1521 1990 1530 2005 ,
1551 1966 1669 2005 [Kouni]
1688 1966 1760 1999 Urbs
1771 1969 1843 2000 circa
1852 1967 1940 2001 sinum
1951 1969 2076 2002 Laconiae
2088 1992 2096 2007 ‚
2116 1970 2254 2001 Taenaron
2267 1976 2332 2001 ante
2339 1977 2444 2001 vocata.
2479 1971 2547 2004 Hinc
2561 1951 2576 2002 ⁸¹

1440 2007 1559 2037 Caenites
1569 2014 1664 2044 portus
1674 2009 1749 2045 apud
1759 2008 1829 2038 Plin.
1840 2008 1890 2039 lib.
1899 2019 1926 2045 4.
1939 2019 1999 2047 cap.
2012 2021 2035 2044 ς.
2072 2009 2107 2039 Et
2126 2009 2241 2039 Caeneus
2254 2009 2344 2039 dietus
2358 2009 2396 2039 est
2405 2009 2547 2048 Jupitenb
2559 2009 2573 2049 oi}

1438 2045 1724 2082 Ovidio.9.Met.136.
1744 2046 1838 2075 Victor
1847 2047 2127 2077 abOEchaliaCaeneo
2142 2048 2213 2076 sacra
2221 2047 2334 2085 parabat
2399 2047 2469 2077 Vota
2478 2048 2545 2084 Jovi.

1439 2084 1454 2118 [
1462 2084 1527 2113 erc
1537 2083 1592 2112 fere
1604 2083 1726 2113 Hermol.
1737 2084 1772 2112 ad
1781 2083 1850 2114 Plin.
1890 2086 1946 2114 Sed
1958 2086 2120 2116 Schoeniten
2134 2092 2247 2123 portum
2261 2086 2336 2122 apud
2350 2084 2419 2114 Plin.
2438 2085 2561 2116 restituit=

2561 2166 2565 2196 l

1439 2122 1524 2150 Hard.
1536 2131 1561 2158 q.
1574 2121 1605 2150 V.
1644 2121 1870 2151 Cenaeus‘autem
1882 2122 1990 2161 Jupiter
2010 2133 2025 2152 a
2040 2123 2140 2152 Cenaeo
2157 2123 2268 2152 Euboeae
2288 2123 2336 2152 ins.
2359 2124 2545 2161 promontorio

1437 2159 1528 2234 fflgtgisss
1538 2159 1685 2226 gffiegggp
1697 2170 1713 2189 a
1725 2158 1817 2196 Caene,
1829 2160 1883 2190 five
1894 2160 2037 2199 Ctenepoli
2047 2183 2054 2197 ,
2065 2161 2084 2191 i.
2096 2171 2121 2191 e.
2133 2161 2249 2191 Taenaro
2259 2161 2340 2191 Novo
2350 2162 2396 2191 seu
2406 2161 2543 2198 Restituto,

1400 2234 1423 2264 C
1432 2244 1455 2263 εἰ
1465 2244 1485 2263 N
1495 2245 1509 2264 ε
1518 2257 1526 2270 ,
1548 2234 1637 2264 Insula
1646 2235 1771 2272 quaedam
1782 2244 1864 2273 parva
1874 2236 1902 2265 in
1912 2237 1979 2265 mari
1991 2235 2102 2272 Siculo,
2121 2236 2151 2265 in
2164 2236 2280 2266 Africam
2292 2235 2366 2267 versa
2378 2258 2386 2273 ,
2406 2236 2544 2268 cuivicina
2566 2255 2568 2259 ν
2602 2240 2604 2246 “

1437 2273 1475 2301 est
1489 2272 1591 2303 Gaulos
1604 2275 1630 2302 &a
1644 2273 1742 2302 Melite
1754 2295 1762 2309 ,
1782 2274 1849 2303 teste
1868 2273 1957 2303 Plinio
1979 2274 2026 2303 lib.
2042 2284 2066 2311 3.
2079 2284 2139 2312 cap.
2151 2279 2177 2309 8.
2517 2298 2519 2301 -

1400 2310 1422 2340 C
1430 2321 1454 2339 pa
1465 2320 1484 2339 Ν
1495 2321 1510 2340 ιι
1519 2321 1537 2340 υ
1548 2321 1569 2339 Μ
1588 2310 1812 2340 Promontorium
1824 2333 1832 2347 ,
1854 2312 1882 2341 V.
1906 2322 1924 2341 c
1932 2322 1945 2341 ε
1957 2322 1977 2340 Ν
1986 2323 2009 2340 AE
2018 2322 2036 2340 U
2045 2323 2076 2342 M.

1398 2348 1421 2378 C
1430 2359 1454 2377 Αἰ
1463 2358 1482 2376 Ν
1493 2358 1506 2377 Ε
1515 2359 1532 2377 υ
1542 2358 1553 2377 s
1565 2370 1573 2383 ,
1596 2349 1713 2378 duarum
1723 2349 1884 2386 syllabarum
1893 2372 1901 2385 ,
1924 2351 2067 2386 [Καινεὺς]
2088 2349 2119 2379 V.
2142 2359 2191 2378 ωε
2201 2358 2240 2378 Νι
2249 2359 2270 2379 s.

1397 2386 1453 2416 ΟΕ
1464 2396 1575 2421 Nica,
1598 2386 1723 2416 Thracia:
1738 2388 1822 2424 regio.
1863 2388 1931 2417 Plin.
1944 2387 1991 2417 lib.
2005 2398 2031 2422 4.
2046 2397 2106 2425 cap.
2123 2398 2165 2417 11.
2196 2387 2273 2417 Intus
2284 2387 2378 2425 Bizye,
2396 2397 2444 2417 arx
2453 2373 2540 2426 regum
2550 2392 2565 2456 1
2603 2419 2604 2424 ,

1435 2424 1561 2454 Thraciae
1572 2446 1580 2459 ,
1599 2434 1614 2454 a
1625 2424 1707 2454 Terei
1717 2425 1820 2454 nefasto
1829 2426 1946 2455 crimine
1957 2424 2043 2455 invisa
2052 2425 2248 2455 hirundinibus
2256 2447 2265 2462 ,
2285 2427 2362 2464 regio
2375 2426 2542 2462 Caenicareo-

1433 2462 1510 2491 Ionia
1520 2461 1688 2500 Flaviopolis
1696 2484 1704 2498 ,
1716 2465 1767 2492 Sec.

1397 2500 1574 2529 Cffiui'rsss
1594 2507 1689 2538 portus
1701 2522 1708 2535 ,
1748 2500 1780 2530 V.
1803 2509 1916 2531 efflue.

1397 2538 1420 2568 C
1430 2549 1454 2566 ῆι.
1465 2548 1484 2567 N
1495 2548 1522 2567 rs
1531 2560 1538 2572 ‚
1561 2539 1694 2573 [Koara]
1716 2538 1784 2568 Elati
1796 2538 1917 2576 Lapithae
1926 2539 1978 2568 fuit
1986 2537 2041 2568 filia
2049 2560 2059 2575 ,
2079 2548 2139 2576 quae
2150 2548 2166 2568 a
2176 2537 2311 2576 Neptuno
2329 2537 2476 2576 compressa
2489 2536 2538 2568 hoc

1433 2576 1540 2614 proemii
1550 2576 1650 2613 petiit,
1671 2583 1701 2605 ut
1712 2577 1740 2605 in
1751 2577 1842 2606 virum
1853 2584 2019 2607 mutaretur:
2041 2577 2116 2614 quod
2126 2577 2196 2606 adeo
2211 2586 2269 2605 non
2281 2585 2350 2613 aegre
2366 2586 2382 2605 a
2393 2575 2446 2605 deo
2461 2577 2494 2605 im

1434 2662 1513 2681 neus.

1433 2727 1559 2765 Neptuni
1577 2727 1713 2756 beneficio
1729 2729 1758 2756 in
1775 2737 1853 2758 avem
1866 2734 1988 2757 mutatus
2002 2728 2049 2759 est.
2089 2727 2220 2757 Fabulam
2237 2727 2322 2756 habet
2338 2727 2420 2757 Ovid.
2436 2726 2482 2757 lib.
2495 2734 2534 2757 ιι.

1431 2765 1500 2795 Met.
1515 2765 1578 2795 Fab.
1590 2776 1616 2801 4.
1632 2765 1704 2803 Virg.
1714 2768 1738 2794 6.
1752 2766 1812 2796 AEn.
1824 2771 1889 2801 448.

1585 2819 1621 2823 —
1633 2804 1775 2839 &juvenis
1786 2804 1925 2841 quondam
1934 2825 1941 2838 ,
1962 2812 2038 2832 nunc

1485 2840 1586 2870 Rursus
1595 2841 1620 2870 St
1631 2842 1660 2869 in
1671 2848 1792 2871 veterem
1802 2842 1858 2871 fato
1867 2841 1992 2871 revoluta
2000 2841 2122 2877 figuram.

1430 2877 1506 2908 Caeni
1519 2900 1526 2913 ,
1546 2879 1666 2907 vocandi
1679 2878 1753 2908 casus
1770 2889 1784 2908 a
1795 2879 1969 2908 nominativo
1980 2878 2078 2908 Caenis.
2102 2878 2186 2909 Ovid.
2201 2886 2243 2907 12.
2257 2877 2328 2908 Met.
2339 2885 2405 2914 470.

1492 2916 1525 2945 Et
1535 2922 1579 2951 te,
1601 2916 1695 2952 Caeni,
1715 2917 1822 2946 feram?

1669 2954 1876 2989 [Kmuoqga'mu]
1899 2954 1986 2983 Dietae
2000 2952 2062 2983 sunt
2081 2953 2184 2997 Αηίἰβι
2205 2952 2342 2991 Dorippes
2356 2952 2417 2982 filiae
2434 2951 2529 2986 OEno,

1391 2954 1630 2984 CAENo‘rROPAE
2550 2957 2551 2964 ¹

1428 2992 1546 3028 Spermo
1556 3012 1564 3026 ‚
1587 2993 1613 3020 ὁὶ
1628 2975 1699 3021 Elais
1709 3013 1718 3027 ‚
1740 2992 1812 3028 quasi
1825 2992 1856 3022 ln
1868 3001 1952 3021 novas
1966 2991 2067 3021 formas
2078 3001 2173 3020 omma
2194 2998 2347 3025 vertentes,
2370 3000 2403 3019 eo
2423 2987 2530 3028 quodid

1428 3030 1484 3059 illis
1502 3029 1689 3066 impertiverat
1710 3029 1866 3067 Dionysus,
1888 3035 1918 3058 ut
1937 3030 2068 3065 quicquid
2090 3035 2250 3065 tangerent,
2271 3029 2299 3057 in
2316 3029 2436 3058 triticum
2449 3023 2529 3056 statim

1427 3073 1594 3101 verteretur,
1618 3068 1644 3096 ἃ
1654 3068 1768 3102 vinum,
1789 3077 1820 3096 ac
1829 3067 1930 3096 oleum.
1955 3066 1992 3095 Ex
2006 3066 2215 3103 brehlilmnntiq.
2229 3067 2333 3102 Lect7.
2345 3075 2405 3103 cap.
2418 3075 2457 3100 ις.
2467 3070 2528 3094 extr.
2541 3062 2556 3112 1

1427 3105 1514 3148 [Hzec
1528 3105 1641 3149 quidem
1652 3104 1722 3148 ille..
1750 3105 1804 3134 Sed
1821 3114 1912 3148 errore
1929 3104 2051 3147 nominis
2063 3105 2203 3147 ¹deceptus
2223 3105 2347 3147 videtur,
2368 3104 2473 3133 Oenotr
2507 3110 2526 3144 {e
2540 3113 2547 3152 f

1426 3152 1522 3177 ennn,
1542 3143 1693 3177 οιιοτςέπαι,
1714 3152 1732 3171 1.
1751 3152 1775 3171 e.
1798 3141 2121 3171 Vmimutatricesdiclze
2133 3142 2194 3170 sunt
2210 3142 2266 3170 tlnu
2279 3141 2348 3170 hliae.
2375 3141 2403 3170 V.
2426 3149 2482 3177 quae
2508 3147 2528 3168 1-
2546 3149 2549 3174 s

1427 3182 1447 3209 ri
1458 3180 1533 3208 doeti
1545 3180 1579 3208 ad
1591 3180 1609 3208 l.
1625 3190 1647 3209 1.
1662 3187 1730 3209 extr.
1753 3179 1825 3209 Diei.
1839 3179 1960 3209 Cretens.
1973 3180 1997 3208 Sc
2009 3179 2092 3208 Ouid.
2104 3178 2122 3208 l.
2140 3187 2180 3215 13.
2194 3179 2258 3208 Fab.
2269 3189 2295 3214 4.
2308 3179 2482 3208 adnotarunt.
2540 3157 2544 3210 l

1386 3218 1410 3248 C
1418 3229 1442 3247 με
1452 3227 1473 3246 N
1483 3227 1521 3246 γε
1532 3239 1539 3250 ,
1562 3217 1695 3252 [Kourias]
1716 3217 1799 3247 Italire
1810 3217 2034 3255 promontorium
2043 3217 2081 3246 est
2091 3239 2098 3251 ,
2118 3216 2196 3254 quod
2207 3216 2348 3246 adversum
2361 3216 2474 3246 habet&
2483 3221 2526 3251 op·
2565 3211 2578 3228 '‘

1422 3255 1541 3293 positum
1554 3254 1680 3284 Pelorum
1690 3255 1718 3283 in
1729 3255 1823 3284 Sicilia
1838 3264 1856 3284 x
1866 3266 1892 3283 11
1912 3255 2060 3284 stadiorum
2070 3254 2227 3297 intervallo.
2249 3254 2318 3284 Plin'.
2333 3254 2381 3284 Lib.
2393 3263 2418 3291 3.
2433 3253 2522 3290 cap-‚6-
2556 3279 2563 3288 ‚

2560 2332 2564 2353 ἶ

2560 2354 2566 2375 i?

2559 2588 2573 2605 l:

1434 2614 1534 2649 travit,
1555 2620 1586 2642 ut
1595 2615 1677 2643 etiam
1689 2613 1920 2644 invulnerabilem
1932 2614 2128 2650 essevoluerit,
2149 2620 2299 2651 vocataque
2316 2614 2408 2651 postea
2426 2614 2476 2643 fuit
2505 2622 2539 2647 ,ae-
2558 2617 2571 2647 ζ’

1554 2652 1610 2687 Qui
1618 2652 1733 2681 tandem
1742 2653 1771 2681 in
1782 2652 1901 2682 tumultu
1912 2652 2089 2689 Lapitharum
2100 2659 2197 2682 contra
2207 2651 2361 2681 Centauros
2371 2673 2378 2686 ,
2399 2660 2482 2688 quum
2492 2651 2538 2681 fer-
2557 2658 2565 2683 j.

1433 2699 1465 2719 ro
1476 2689 1566 2718 occidi
1578 2699 1634 2718 non
1646 2689 1751 2727 posset,
1773 2690 1903 2720 arborum
1923 2690 2052 2727 congesto
2065 2699 2162 2728 aggere
2181 2688 2323 2727 oppressus
2341 2690 2366 2718 &
2380 2689 2536 2724 suffocatus,
2549 2686 2555 2767 Ι

2556 2721 2557 2730 l

2555 2738 2557 2750 l

2051 2802 2156 2832 femina
2166 2802 2282 2832 Caeneus
2289 2824 2297 2838 ,
2549 2783 2555 2828 l

2548 2845 2572 2859 ,..

2548 2864 2550 2884 l

2559 3112 2563 3125 i

2572 1530 2581 1558 i:

2576 1560 2583 1598 l

2570 1604 2591 1675 ’41ῗῄ-

2569 1687 2591 1745 ij

2575 1745 2579 1755 ι

2571 1764 2594 1813 20¹

2577 1817 2579 1824 ι

2575 1833 2578 1840 ι

2571 1859 2577 1873 *i

1422 3294 1578 3331 Stephanus
1587 3302 1734 3330 perperam
1745 3292 1864 3323 Insulam
1875 3293 1948 3323 facit.
2433 3324 2448 3330 l
2583 3293 2604 3350 fit

2587 3331 2602 3354 u

1811 3379 1840 3414 c
1935 3378 1973 3414 Ε
2066 3377 2091 3415 P
2536 3376 2540 3388 ·
2582 3364 2604 3404 ΡΨ

2575 3407 2600 3436 ,χεο

1381 3451 1405 3481 C
1414 3462 1437 3480 aa
1445 3461 1459 3480 P
1467 3461 1487 3481 A
1508 3452 1614 3482 Canina
1625 3474 1633 3488 ‚
1653 3451 1748 3481 Herba
1759 3450 1857 3480 eadem
1866 3460 1930 3481 oum
1939 3450 2077 3481 Pelecino.
2118 3450 2150 3480 V.
2172 3459 2187 3479 1>
2196 3459 2234 3479 BL
2242 3460 2257 3480 E
2265 3460 2282 3480 c
2292 3461 2301 3479 1
2313 3459 2333 3478 N
2344 3459 2362 3480 u
2372 3459 2393 3480 ε.
2430 3455 2433 3461 “
2573 3437 2604 3470 *hi

1381 3490 1500 3526 Cym,
1527 3490 1675 3520 mcum.
2567 3482 2604 3546 ’,ἓξ

1379 3528 1401 3557 C
1410 3539 1432 3555 a.
1443 3538 1456 3556 Ρ
1466 3538 1486 3562 1,
1508 3526 1625 3563 [εἴληφα]
1648 3526 1814 3557 Praeteritum
1825 3535 1840 3555 a
1852 3525 1950 3564 Capio,
1961 3527 2045 3564 capis.
2058 3526 2191 3557 Scribitur
2204 3525 2304 3555 reftius
2316 3525 2371 3554 line
2381 3521 2521 3562 diphthofl-
2567 3541 2572 3548 ·

1417 3576 1461 3601 go,
1502 3566 1532 3594 V.
1556 3575 1679 3594 capro.

1377 3603 1432 3632 (ὲκ
1443 3613 1518 3639 Plo,
1540 3601 1691 3638 [κωπίω]
1712 3608 1869 3638 cognomen
1878 3600 1930 3630 fuit
1944 3602 2033 3638 gentis
2043 3600 2179 3636 Serviliae,
2200 3609 2255 3637 quo
2266 3598 2370 3629 familia
2385 3598 2442 3628 haec
2449 3601 2516 3627 cete·
2566 3601 2574 3633 2,

1414 3641 1451 3669 ris
1464 3650 1479 3669 a
1489 3640 1639 3677 gentilibus
1650 3638 1877 3675 distinguebatur.
1915 3639 1984 3668 Sunt
1992 3640 2068 3669 enirn
2081 3640 2107 3668 ἃ
2116 3638 2222 3668 Servilii
2238 3637 2343 3671 Ahalae,
2366 3635 2460 3670 Caseae,
2471 3632 2516 3663 .Fi-
2531 3667 2532 3670 Ἴ

1413 3679 1543 3712 denates,
1565 3677 1697 3713 Gemini,
1719 3676 1854 3710 Glauciae,
1884 3675 2014 3713 Globuli‚
2036 3676 2134 3711 Prisci,
2156 3674 2248 3710 Rulli,
2269 3674 2390 3710 Strueti,
2404 3673 2511 3705 Tum,
2530 3683 2531 3712 g
2566 3678 2572 3686 ”

1414 3716 1498 3744 Vatiae
1511 3717 1561 3745 ἃς.

1413 3753 1465 3781 Cn.
1476 3753 1607 3782 Servilius
1622 3752 1717 3790 Caepio
1729 3773 1737 3786 ,
1758 3749 1812 3780 cos.
1833 3750 1885 3779 fuit
1896 3760 1960 3781 cum
1973 3750 2008 3787 Q-
2031 3750 2164 3788 Pompejo
2175 3771 2183 3786 ,
2203 3750 2318 3779 auctore
2337 3746 2450 3778 Caffiod.
2467 3745 2514 3782 Ap·
2529 3762 2531 3767 ν

1440 3791 1531 3825 iano,
1554 3790 1648 3825 Vellej.
1661 3790 1713 3819 l.2.
1730 3798 1774 3818 21.
1797 3790 1823 3818 ἃ
1839 3787 1962 3827 succellit
1982 3789 2017 3824 Q.
2033 3789 2117 3819 Fabio
2136 3789 2165 3817 in
2185 3787 2330 3825 Hispania,
2351 3794 2429 3823 quam
2446 3783 2510 3812 duce

1430 3800 1554 3856 Viriatho
1563 3828 1755 3861 rebellantem,
1768 3835 1802 3854 eo
1812 3835 1861 3863 per
1872 3826 1981 3854 iniustas
1993 3826 2107 3861 sublato,
2120 3826 2237 3864 pacavit.
2261 3824 2364 3853 V.Flor.
2375 3823 2393 3852 l.
2408 3831 2432 3851 2.
2441 3828 2508 3864 0:¹7·

1427 3864 1500 3901 Epit.
1515 3865 1571 3895 Liv.
1587 3865 1605 3894 l.
1620 3875 1662 3900 54.
1680 3864 1768 3893 'Eutro
1791 3873 1833 3898 .4.
1846 3871 1871 3899 7.
1914 3863 2003 3898 [Aliis
2011 3872 2104 3894 tamen
2115 3865 2138 3893 is
2149 3863 2185 3900 Q.
2196 3861 2327 3892 Servilius
2341 3860 2398 3896 est,
2417 3865 2510 3897 qulan·
2526 3863 2529 3897 ἦ

1430 3912 1468 3933 no
1478 3902 1601 3939 sequenti
1611 3912 1675 3932 cum
1685 3902 1716 3931 C.
1730 3901 1758 3931 l:
1786 3901 1813 3930 io
1824 3900 1876 3930 cos
1887 3900 1947 3930 fuit.

2418 3931 2510 3971 (μοι
2565 3922 2585 3966 ‡÷·
