2600 4177
517 90 547 126 C
643 92 678 127 O
777 90 808 126 R

133 171 242 209 eorus,
263 172 398 202 Mensurae
418 181 524 210 genuS‚
545 173 572 202 ἃ
587 181 643 201 vox
661 172 800 201 Hebraica
816 171 872 207 est,
896 181 956 209 quae
969 172 1128 202 medimnos
1149 170 1255 200 Atticos

154 221 239 240 unum
253 212 278 240 &
289 211 472 247 quadraginta
483 210 572 247 capit,
593 216 625 238 ut
640 209 776 248 josephus
789 210 834 238 lib.
850 219 874 243 ι.
887 212 1086 247 Antiquitatum
1098 210 1198 239 scribit.

97 248 145 278 Co
156 253 214 277 κῑΝ
227 258 264 277 us
276 270 283 283 ,
305 248 348 277 vel
367 248 416 276 CA
428 258 446 276 υ
457 251 521 275 ain
533 257 550 275 u
561 256 572 275 s
584 268 591 277 ,
613 256 643 281 a,
665 257 722 276 um.
746 247 973 282 ndj.G1-atiusin
985 248 1091 285 Cyneg.
1114 257 1138 276 v.
1152 256 1214 283 300.

228 286 327 314 Verum
337 285 384 314 ubi
397 284 518 314 Caurino
531 284 795 321 perstrinxitfrigore
806 284 910 321 vesper.

95 322 118 352 C
127 323 144 351 ὅ
154 332 168 350 ιι
178 333 197 351 u
207 333 219 352 s
227 333 245 352 c
255 333 272 351 o
283 345 291 357 ‚
311 324 328 357 [
337 321 442 357 άςροὲπἹω
452 342 461 356 ,
476 320 582 355 ςιλέόω]
597 324 650 350 are.
671 322 833 359 Splendere.
847 322 905 352 Cic.
923 332 946 358 3.
959 323 995 352 de
1003 322 1079 352 Orat.
1094 331 1105 352 1
1113 333 1124 358 ς
1132 332 1156 358 ς.
1165 321 1256 352 Flam-

134 369 179 388 ma
192 361 261 389 inter
275 360 363 388 nubes
373 359 495 387 coruscat
506 380 514 392 .,
536 358 633 388 caelum
647 361 917 390 tonitriicontremit.

132 397 264 426 Flammae
276 396 421 426 coruscant
430 397 533 433 apices.
555 396 623 425 Stat.
639 407 679 426 12.
693 397 783 427 Theb.
795 406 860 433 432.

132 435 250 472 Fulgore
260 434 381 472 quodam
392 433 546 462 coruscare.
570 434 642 471 Virg.
658 445 685 469 4.
706 436 803 471 Georg.
815 441 861 469 98.

324 485 362 490 ——
371 470 484 500 elucent
494 471 553 501 aliae
565 494 572 505 ,
593 473 620 502 δε
630 472 737 510 fulgore
748 472 901 503 coruscant.
983 471 1025 503 De
1034 471 1142 510 apibus.

131 509 206 547 Ignis
218 506 350 538 coruscat.
373 508 445 546 Virg.
459 520 482 544 ς.
499 509 562 539 AEn.
574 513 618 544 ⁶4·

131 545 231 576 Pennis
241 555 315 582 apes.
339 545 411 584 Virg.
425 558 452 581 4.
468 547 568 584 Georg.
584 556 629 583 73.

131 583 208 614 Telis
217 582 386 620 facibusque.
412 583 498 614 Valer.
515 594 536 613 1.
550 586 650 623 Argon.
665 588 730 621 60³.

131 621 263 658 Clypeus.
286 620 382 650 Claud.
402 625 427 651 6.
450 622 521 651 Pane
543 645 549 651 .

129 657 280 688 Coruscare
289 668 470 694 mucronem,
492 659 525 689 Vi
548 670 615 691 rare.
635 660 683 690 Sil.
694 659 743 690 lib.
766 667 809 697 17.
823 669 888 697 459.

132 695 252 726 Hastam.
275 696 346 734 Virg.
361 707 402 727 ιι.
415 698 476 728 IEn.
489 707 554 733 431.

326 750 364 755 —-
372 736 488 772 oditque
497 744 588 765 moras
598 757 607 771 ,
627 734 787 772 hastamque
797 735 932 766 coruscat.

132 771 244 802 Telum.
267 771 340 809 Virg.
354 782 396 802 12.
409 774 469 803 AEn.
480 778 545 810 887.

90 807 278 845 CoauscANs,
288 811 368 840 antis.
380 816 419 845 ut,
433 810 554 848 Clypeus
562 810 717 839 coruscans.
729 808 874 839 Claudian.
885 811 921 840 de
936 808 1047 839 Consul.
1061 809 1168 839 Honor.
1182 817 1255 845 349.

90 846 167 876 Coa
178 857 216 877 us
227 852 299 891 οξτ
309 858 361 882 107
382 848 452 878 onis.
473 848 492 877 f.
514 847 682 886 Fulguratio.
704 847 792 877 Solin.
803 857 864 887 cap.
877 852 922 879 66.
945 847 1076 885 (Salmas.
1090 856 1132 884 53.
1146 848 1158 884 )
1178 847 1206 877 Si
1215 856 1256 877 re-

153 891 218 914 ente
229 886 371 916 minaverit
385 885 548 915 coruscatio,
771 900 773 903 ·

141 923 446 953 ‹ulmineacoruscatio.
469 924 550 953 Mart.
562 919 668 960 Capell.
683 928 706 957 ς.
721 925 782 958 ¹3⁶·

131 961 264 990 immanis
276 961 439 991 coruscatio.
463 961 572 999 Vopisc.
583 960 655 990 Caro
668 969 729 997 cap.
742 965 769 994 8.

92 997 116 1028 C
127 1008 143 1027 o
154 1008 168 1026 R
179 1008 196 1027 u
207 1008 219 1028 s
229 1002 270 1028 cx
280 1010 300 1027 rr
310 1008 352 1028 RN
361 1021 368 1034 ,
389 1000 452 1029 inis.
476 1009 503 1028 n.
525 999 612 1028 Idem.
630 998 709 1035 Apul.
725 998 760 1026 de
770 997 830 1027 Deo
842 997 948 1029 Socrat.
964 1009 992 1038 p.
1006 1007 1050 1036 43.
1073 997 1255 1037 Rapidiffimo

130 1035 319 1066 coruscamine
330 1037 426 1067 lumen
438 1037 589 1066 candidum
605 1036 788 1065 intermicare.

90 1072 168 1103 coa
178 1083 217 1103 us
228 1083 292 1104 cus
304 1097 312 1110 ,
334 1085 364 1109 a,
386 1085 442 1104 um.
466 1075 528 1111 Adi.
551 1073 718 1110 [εὶς-μάθω]
739 1072 940 1110 Resplendens.
961 1075 1033 1113 Virg.
1047 1083 1074 1105 π.
1090 1074 1152 1105 IEn.
1173 1082 1235 1111 333.

323 1128 360 1134 -—
370 1114 418 1142 stat
427 1113 490 1142 ferri
502 1113 576 1142 acies
587 1120 722 1141 mucrone
731 1111 846 1140 corusco

218 1149 319 1180 Stricta
328 1172 337 1185 ,
359 1157 452 1188 parata
461 1151 536 1180 neci.
631 1148 702 1179 lbid.
723 1158 784 1185 17²·

221 1187 274 1217 Vix
289 1188 408 1226 politum
423 1189 513 1218 castris
524 1187 700 1217 simulacrum
712 1207 721 1223 ‚
743 1186 830 1217 arsere
839 1186 957 1218 coruscae

221 1225 388 1256 Luminibus
398 1226 518 1255 flammae
531 1225 653 1255 arrectis.

127 1263 203 1294 Auro
215 1264 351 1294 coruscus.
375 1264 445 1301 Virg.
458 1274 484 1299 9.
497 1263 559 1293 AEn.
578 1266 641 1299 163.

127 1300 204 1332 Luce
215 1302 353 1332 coruscus.
377 1301 448 1339 Virg.
461 1311 487 1330 2.
502 1301 639 1336 AEn.47o.

225 1339 335 1369 Exultat
345 1339 406 1369 telis
418 1361 426 1374 ‚
451 1337 552 1369 &luce
563 1338 692 1368 coruscus
702 1337 800 1368 ahena.

127 1376 235 1414 Capitis
245 1377 351 1413 insigne
361 1376 477 1407 corusci.
498 1377 566 1406 Stat.
581 1387 606 1413 ς.
619 1376 710 1407 Theb.
727 1385 789 1414 572.
811 1375 854 1406 De
862 1375 1126 1415 serpentequodam.

127 1414 257 1452 Fulgura.
281 1415 388 1445 Lucret.
404 1414 452 1444 lib.
467 1425 490 1450 ς.
507 1419 572 1450 ²9⁶-

128 1454 212 1490 Ignis.
235 1453 302 1483 Hor.
318 1463 340 1483 1.
353 1453 443 1482 Carm.
458 1461 502 1489 34.
515 1456 541 1482 6.

126 1490 319 1528 Lampadibus
329 1490 448 1520 coruscis
457 1490 573 1520 densum
582 1489 685 1520 funale.
710 1490 795 1521 Ovid.
809 1499 853 1522 12.
864 1489 936 1520 Met.
949 1498 1014 1528 247.

127 1528 220 1564 Radii.
242 1529 328 1558 Ovid.
342 1539 366 1558 1.
385 1529 454 1558 Met.
468 1532 533 1565 768.

126 1566 184 1596 Sol.
207 1565 281 1604 Virg.
298 1576 320 1596 r.
341 1567 441 1605 Geor-g.
455 1575 520 1604 233.

75 1617 77 1619 ·
126 1604 207 1634 Tela.
227 1604 291 1634 Seri.
305 1605 416 1643 OEdip.
433 1615 475 1640 14.

125 1642 243 1673 Tractus
253 1643 435 1673 flammarum.
457 1643 560 1673 Lucan.
573 1641 621 1672 lib.
633 1651 660 1672 2.
672 1650 738 1680 271.

128 1680 185 1710 Viri
196 1681 322 1718 ferroque
332 1690 462 1717 auroque.
483 1681 551 1710 Stat.
563 1691 591 1716 4.
607 1680 699 1710 Theb.
715 1688 778 1717 175.

129 1719 176 1748 Vis
186 1719 312 1748 fulminis
325 1718 445 1749 corusca.
467 1718 525 1749 Cic.
537 1729 563 1748 2.
575 1718 656 1748 Tusc.
667 1728 712 1748 21.

88 1757 140 1787 Co
149 1767 165 1786 a
176 1767 194 1786 υ
203 1767 214 1786 s
222 1766 240 1786 c
249 1758 262 1786 ἱ
270 1768 283 1786 i·
291 1767 306 1786 iz
315 1767 332 1786 R
343 1779 351 1790 ,
373 1766 388 1786 a
402 1779 411 1792 ‚
431 1766 489 1787 um.
510 1756 591 1787 Mart.
604 1756 710 1794 Capell.
732 1755 896 1786 Corusciferi
907 1755 1047 1793 laquearia
1055 1755 1125 1786 caeli.

88 1795 292 1830 Couusawi,
322 1794 354 1824 V.
376 1804 530 1825 eonium,
554 1794 588 1824 H.
600 1795 639 1824 St.

87 1833 113 1864 C
122 1844 138 1863 o
147 1843 164 1862 R
173 1842 189 1863 v
198 1843 215 1862 υ
226 1842 238 1863 s
250 1855 258 1868 ,
278 1833 298 1862 i.
319 1842 356 1862 m.
378 1831 502 1869 [κὸεφξ]
523 1833 587 1862 Avis
602 1837 679 1862 nota.
701 1831 733 1861 V.
756 1831 922 1861 Plin.io.12.
935 1831 993 1861 Cic.
1010 1841 1033 1861 1.
1044 1832 1080 1861 de
1091 1831 1155 1862 Nat.
1168 1830 1252 1862 Deor.

129 1881 160 1907 13
169 1882 192 1907 5.
215 1870 304 1901 Milvo
314 1871 353 1900 est
366 1871 509 1908 quoddam
521 1870 627 1899 bellum
643 1869 716 1907 quali
727 1869 851 1899 naturale
861 1879 925 1899 cum
936 1870 1046 1910 corvis..

125 1910 235 1939 Corvus
247 1918 283 1939 eX
297 1904 383 1953 κέφξ,
404 1915 434 1938 ut
458 1908 557 1938 Suidas
577 1909 606 1937 in
625 1906 753 1943 Kongr&
765 1928 776 1944 ,
795 1906 886 1943 Κόςζες
909 1904 959 1942 γὲς
979 1913 1068 1938 when
1086 1907 1191 1943 Ρωμαῖοι
1210 1907 1255 1935 τὲς

145 1946 272 1983 migma,
294 1948 316 1984 ,ς
334 1947 387 1974 'amr
402 1943 448 1973 >bo-3
469 1943 488 1974 ἓ
513 1945 619 1982 κράζειν.
656 1945 817 1976 Dicendum
825 1945 917 1975 fuisset
928 1945 1023 1975 Graece
1035 1944 1143 1982 κςόζαιξ.
1164 1945 1200 1976 Η.
1213 1945 1253 1976 St.

124 1984 240 2023 Loquax
250 1994 358 2014 corvus.
381 1984 467 2014 Ovid.
479 1993 505 2013 2.
520 1984 589 2013 Met.
604 1992 634 2020 53
643 1994 666 2018 ς.

126 2023 233 2054 corvus
241 2029 335 2053 cantat
345 2022 379 2052 ab
390 2022 464 2052 laeva.
488 2021 574 2051 Plaut.
588 2023 617 2051 in
628 2020 688 2051 Aul.
701 2031 728 2056 4.
745 2029 770 2057 3.
789 2031 813 2050 1.
835 2058 841 2064 .

206 2061 272 2091 Non
282 2067 387 2090 temere
398 2060 436 2090 est
446 2082 454 2094 ,
476 2060 552 2097 quod
564 2069 662 2090 corvus
673 2064 766 2088 cantet
774 2058 843 2088 mihi
853 2063 929 2088 nunc
940 2057 975 2088 ab
985 2057 1052 2087 laeva
1062 2067 1158 2099 manu.
1203 2059 1255 2090 va.

144 2099 218 2129 nitas
227 2099 406 2137 auguriorum
416 2097 536 2136 auspicia
546 2106 695 2128 corvorum
705 2096 790 2126 fausta
810 2106 826 2126 a
835 2097 932 2126 dextra
940 2118 948 2132 ,
970 2106 985 2126 a
1006 2096 1073 2125 laeva
1090 2096 1206 2126 infausta
1216 2098 1257 2133 ja-

144 2137 243 2167 trabat.
285 2137 381 2173 Itaque
401 2145 490 2173 quum
512 2143 604 2174 partes
623 2135 721 2165 mundi
737 2134 771 2164 ab
791 2141 854 2164 ortu
871 2133 1023 2172 auguribus
1033 2133 1168 2164 Romanis
1181 2134 1257 2166 laevae

142 2175 233 2206 effent
243 2197 251 2208 ,
272 2175 403 2205 Horatius
413 2174 517 2212 scripsit
529 2196 537 2210 ,
563 2183 586 2210 3.
601 2174 691 2203 Carm.
704 2181 749 2209 27.
763 2182 806 2202 ιι.

219 2213 353 2244 Oscinem
363 2222 478 2242 corvum
491 2222 574 2250 prece
584 2210 719 2242 suscitabo
730 2233 738 2244 ,
885 2247 892 2254 .
940 2248 947 2254 .
1080 2234 1084 2237 ,

321 2250 393 2280 Solis
411 2250 446 2280 ab
465 2257 537 2280 ortu.
655 2248 694 2279 Ut
702 2248 809 2279 seilicet
819 2248 873 2278 iter
884 2247 1042 2278 institutum
1054 2252 1139 2279 cantu
1156 2247 1205 2279 suo
1215 2249 1258 2279 di.

144 2289 237 2320 rimat.
259 2288 299 2319 Ex
312 2288 456 2318 Turnebo.

123 2328 250 2358 Crocitat
262 2336 370 2357 corvus.
394 2327 495 2356 Auctor
504 2324 666 2356 Philomelae
683 2334 709 2353 v.
720 2329 765 2358 28.
778 2343 790 2349 κ

123 2366 157 2397 ln
167 2375 249 2396 cruce
256 2364 371 2403 pascere
378 2373 480 2394 corvos
491 2385 499 2399 ,
526 2363 566 2393 est
575 2362 731 2401 Suspendio
742 2361 844 2400 puniri.
867 2361 934 2391 Hor.
950 2370 973 2391 1.
983 2360 1067 2398 Epist.
1081 2364 1124 2392 16.
1133 2366 1180 2399 48.

123 2404 245 2435 Ridetui·
253 2412 351 2433 corvus
360 2403 432 2432 inter
443 2402 556 2431 Ledaeos
566 2401 667 2430 olores.
689 2400 811 2430 Martial.
825 2410 848 2430 i.
863 2409 908 2436 54.
929 2398 1060 2429 Proverb.

124 2442 269 2473 Exercitus
280 2450 436 2471 corvorum.
459 2439 531 2477 Virg.
552 2449 574 2468 1.
595 2439 695 2477 Georg.
711 2443 773 2474 382.
1025 2474 1031 2480 .
1154 2474 1161 2481 .

124 2479 258 2511 litantem
270 2488 385 2509 corvum
397 2477 538 2507 deludere.
564 2477 632 2507 Hor.
643 2487 669 2506 2.
682 2477 770 2507 Serm.
787 2485 812 2513 ς.
823 2477 868 2512 ς6.
889 2473 925 2505 V.
944 2474 1049 2513 Adagia
1059 2472 1171 2505 Erasini.

123 2518 217 2549 Oscen
229 2527 337 2547 corvus.
361 2516 427 2546 Hor.
447 2525 471 2552 3.
486 2516 576 2545 Carm.
587 2524 633 2552 27-
648 2525 691 2545 11.

123 2557 249 2587 Ovantes
260 2562 379 2593 gutture.
402 2553 475 2592 Virg.
488 2563 511 2583 i.
526 2553 627 2591 Georg.
641 2561 706 2589 423.

122 2595 251 2627 Corvus,
274 2593 363 2622 Piscis.
386 2592 454 2622 Plin.
466 2591 513 2621 lib.
524 2601 567 2627 31.
582 2601 643 2629 cap.
659 2601 701 2620 11.

121 2633 230 2663 Corvus
241 2631 372 2661 estetiam
389 2630 529 2659 Machinae
545 2639 650 2667 genus,
672 2638 728 2666 quo
745 2627 776 2657 iri
796 2626 940 2658 navalibus
965 2624 1066 2664 praeliis
1087 2626 1255 2664 utebantur,

139 2671 218 2708 quod
228 2668 358 2699 describit
368 2668 463 2706 Polyb.
477 2677 500 2697 r.
513 2677 558 2697 22.
582 2667 714 2697 Meminit
731 2667 818 2696 ctiam
838 2666 914 2696 Curt.
925 2676 952 2701 4.
975 2674 1002 2694 2.
1025 2675 1068 2695 ιι.
1092 2667 1121 2696 &
1134 2677 1160 2702 4.
1174 2675 1255 2703 3.24.

145 2709 177 2738 V.
200 2708 306 2738 Vitruv.
321 2717 363 2736 io.
379 2716 421 2741 ¹9·
441 2707 467 2736 &
487 2705 553 2735 Lex.
564 2705 715 2735 Vitruvian.
732 2714 760 2742 p.
774 2714 817 2740 32.
983 2740 989 2747 ·

124 2746 210 2778 Stella
221 2746 306 2776 etiam
317 2744 420 2774 dicitur
429 2744 535 2773 Corvus
545 2764 552 2774 ,
573 2753 634 2781 quae
647 2743 722 2773 estin
733 2743 823 2772 cauda
829 2741 936 2779 anguis.
957 2740 1062 2771 Vitruv.
1076 2752 1102 2778 9.
1115 2750 1142 2778 7.

89 2786 113 2817 C
124 2794 189 2815 osv
198 2789 211 2814 ῑ
221 2794 242 2814 Ν
251 2793 291 2813 us
303 2805 312 2819 ,
332 2793 364 2817 a,
386 2791 443 2812 um.
464 2781 528 2818 Adg.
548 2778 725 2818 [wanii&]
746 2780 868 2811 Corvina
879 2779 1006 2817 nigredo.
1028 2779 1107 2818 Apul.
1117 2779 1166 2810 lib.
1179 2789 1206 2810 a.
1220 2780 1257 2810 de

150 2823 167 2852 {i
192 2824 268 2852 .Aur.
308 2843 314 2850 .
330 2830 358 2850 ii
386 2842 391 2849 .

86 2824 602 2896 coivfflusssizii’pcsvgwognomento
616 2856 708 2886 dietus
717 2855 755 2886 est
764 2854 942 2890 M.Valerius‚
952 2854 990 2884 ob
1004 2855 1141 2885 auxilium
1154 2866 1259 2894 propu-

122 2899 344 2934 enationemque
355 2896 429 2926 corvi
445 2895 519 2925 alitis
537 2895 573 2925 sic
589 2895 681 2924 didius
691 2916 700 2928 ,
721 2894 767 2923 cui
778 2893 892 2923 statuam
904 2893 986 2923 divus
1002 2894 1136 2930 Augustus
1149 2895 1179 2923 in
1193 2895 1255 2924 foro

123 2932 174 2968 fsuo
183 2936 356 2967 statuendam
366 2934 482 2967 curavit,
503 2933 533 2962 in
542 2934 622 2970 cujus
635 2932 727 2970 capite
737 2932 815 2961 corvi
826 2930 1002 2960 simulacrum
1013 2931 1060 2966 est,
1077 2932 1125 2967 rei,
1140 2942 1254 2970 pugnae»-

125 2985 182 3012 que
189 2973 405 3004 monimentum.
429 2971 578 3001 Historiam
586 2972 723 3008 integram
732 2969 796 2998 vide
808 2970 883 3007 apud
894 2969 1016 2999 Gellium
1028 2969 1079 2999 lib.
1092 2979 1118 3005 9.
1135 2979 1195 3008 cap.
1210 2980 1253 3001 ii.

126 3013 209 3051 Apud
220 3012 275 3042 Liv.
290 3020 315 3047 7.
330 3014 374 3040 26.
398 3008 486 3039 Valer.
500 3018 524 3045 3.
540 3018 566 3038 2.
579 3012 604 3038 6.
627 3008 694 3038 Fast.
707 3007 826 3044 Capitol.
849 3007 954 3037 Corvus
971 3007 1094 3044 dicitur,
1114 3018 1174 3038 non
1190 3008 1257 3038 Cor.

126 3053 219 3082 vinus.
259 3049 334 3079 Male
348 3046 461 3083 Κόεςιῶι
469 3046 543 3086 apud
554 3046 629 3077 Suid.
646 3046 674 3076 in
692 3046 814 3081 ἀμύοῑευ.

88 3090 114 3120 C
124 3101 140 3119 o
150 3100 166 3118 R
176 3099 193 3119 v
204 3099 222 3118 u
232 3097 244 3117 s
256 3109 265 3123 ,
286 3086 410 3124 [κόρᾳξ]
430 3085 514 3116 Mons
524 3085 562 3115 est
572 3086 602 3114 in
611 3083 719 3116 AEtolia.
741 3082 830 3113 Strab.
840 3080 889 3113 lib.
902 3091 928 3118 9.

87 3127 138 3158 Co
147 3138 162 3157 iz
173 3137 215 3158 vo
224 3136 241 3155 ιζ
251 3135 270 3155 υ
281 3136 302 3154 M
321 3125 416 3154 Portus
428 3146 435 3159 ,
456 3125 473 3160 [
483 3122 594 3159 xoeqiwu
612 3123 706 3159 λιμὴν]
730 3121 771 3152 De
789 3122 845 3151 hoc
860 3121 896 3151 fic
912 3118 1030 3157 Strabo,
1050 3118 1163 3151 Portum
1177 3122 1255 3154 enim

127 3165 269 3202 quendam
279 3163 309 3192 in
319 3163 427 3192 Oceani
439 3161 567 3191 litoribus
577 3159 738 3195 esse‚scribit
750 3182 759 3195 ,
781 3170 866 3197 quem
878 3160 1004 3190 Duorum
1012 3169 1162 3189 corvorum
1170 3160 1254 3198 vulgo

125 3203 291 3236 nominant,
313 3201 341 3229 in
351 3210 386 3230 eo
396 3199 510 3237 quidem
527 3200 598 3229 duos
613 3203 647 3236 ap
670 3207 746 3228 arere
765 3207 880 3233 corvos,
902 3196 1007 3227 dextris
1022 3197 1175 3227 albicantes
1193 3199 1253 3229 alis.

126 3241 275 3278 Quiigitur
289 3238 344 3268 ulla
355 3239 390 3268 de
400 3248 428 3267 re
438 3237 621 3267 controversia
680 3236 765 3266 abent
776 3258 783 3270 ,
805 3235 873 3265 illuc
880 3236 1031 3269 accedere,
1054 3237 1083 3264 in
1094 3235 1204 3265 sublimi
1215 3237 1256 3266 lo-

124 3275 377 3347 {5332331‘30‘122333
380 3273 1147 3351 ἐιιὲξέίᾛἒῗιιῖιῖοὲἓῖῗηῖἓηἑξῗὲέἕᾚῖιᾞ)ῗιῗιῗρεῖἕ
1147 3274 1256 3348 -Γὸἓυῗξὲ

125 3329 222 3385 alitem
236 3354 331 3391 lagana
345 3335 525 3418 diffipeqigr,
545 3350 625 3381 illum
642 3333 917 3381 victorem-evadere.
954 3350 1022 3379 Haec
1039 3349 1087 3380 ille
1098 3371 1106 3385 ,
1127 3359 1161 3380 ex
1181 3351 1257 3380 Arte.

159 3394 165 3399 '
220 3403 237 3421 o
277 3389 409 3421 utinuit
463 3389 499 3418 i.
531 3411 537 3418 .

89 3394 218 3460 angidv'og
226 3414 266 3459 A’s
279 3451 287 3465 ,
308 3400 388 3458 ansis,
411 3411 448 3456 iii.
471 3399 623 3463 [thv'ss'az]
644 3425 748 3456 Iasonis
760 3447 768 3461 ‚
788 3424 835 3455 seu
846 3424 1015 3465 Iasioniswvel
1032 3425 1090 3455 iasii
1100 3447 1108 3461 ‚
1130 3427 1156 3456 ἃ
1170 3425 1259 3465 Cybe-

126 3469 167 3499 les
178 3468 268 3502 filius,
289 3477 304 3497 a
316 3476 371 3503 quo
385 3464 560 3502 Corybantes
570 3463 637 3493 dicti
649 3462 720 3493 sunt.
744 3463 842 3493 Claud.
855 3474 882 3499 4.
903 3462 982 3493 Cous.
997 3464 1071 3494 Hon.
1088 3469 1150 3500 ¹48·

222 3506 289 3536 Non
303 3511 330 3534 te
346 3503 525 3542 progenitum
539 3501 689 3539 Cybeleius
700 3510 752 3531 aere
765 3510 869 3531 canoro

218 3543 354 3573 Lustravit
364 3540 497 3578 Corybas.
592 3539 640 3569 Sic
651 3539 701 3568 lib.
719 3550 742 3568 ι.
753 3540 788 3568 de
799 3539 881 3576 Rapt.
893 3536 1016 3576 Proserp.
1028 3543 1093 3573 208·

127 3580 299 3618 Corybantes
307 3575 491 3617 [Κορύζαωπς]
502 3576 621 3615 Cybeles
630 3577 846 3613 sacerdotes,qui
859 3577 934 3606 sacro
944 3578 1064 3614 correpti
1074 3578 1166 3607 furore
1181 3586 1258 3616 cym.

147 3619 209 3648 bala
220 3618 374 3657 pulsabant,
384 3616 531 3654 capitaque
542 3614 666 3645 saltando
678 3616 820 3650 justantes,
831 3613 901 3645 alios
912 3614 940 3644 in
951 3612 1067 3644 similem
1078 3615 1183 3645 rabiem
1195 3626 1258 3654 age.

146 3657 223 3686 bant.
247 3657 385 3686 Homerus
395 3654 550 3690 βητάςρφνηις
560 3659 649 3682 vocat.
667 3652 742 3683 Hinc
761 3653 866 3690 (inquit
874 3653 959 3682 Strab.
973 3652 1088 3689 libio.)
1108 3653 1153 3690 qui
1165 3656 1257 3692 capita

146 3694 272 3724 saltando
284 3694 404 3730 jactant,
426 3693 452 3721 8<
464 3691 587 3720 numinis
597 3690 762 3728 aspiratione
772 3690 902 3727 furiisque
913 3689 1052 3728 agitantur
1062 3713 1069 3724 ,
1091 3691 1257 3729 corybantas

146 3733 277 3762 dicimus.
318 3732 388 3761 Sunt
399 3730 447 3767 qui
456 3729 570 3759 Curetas
583 3730 608 3758 δι
621 3728 792 3767 Corybantas
805 3750 814 3764 ‚
839 3730 866 3758 δι
882 3728 1004 3758 Caberos
1015 3730 1041 3765 ἃ
1057 3728 1144 3758 ldaeos
1159 3729 1259 3768 Dacty-

145 3771 188 3800 los
205 3769 318 3799 eosdem
333 3768 387 3798 effe
402 3773 510 3806 putent.
540 3766 572 3795 V.
594 3766 686 3796 Schol.
701 3766 790 3803 Lysist.
805 3766 938 3804 Aristoph.
954 3772 1017 3803 558.
1055 3766 1150 3796 uictos
1164 3777 1258 3797 aurem

145 3807 395 3843 voluntavgu‘nsm
407 3828 415 3841 ,
438 3805 512 3842 quod
532 3804 570 3833 est
589 3811 675 3842 caput
689 3803 814 3833 saltando
832 3804 949 3840 jadiare:
976 3804 1021 3834 vel
1042 3804 1094 3840 (ut
1110 3804 1204 3835 Herm.
1226 3805 1257 3835 in

146 3846 218 3876 Cast.
231 3844 331 3880 sentit)
350 3854 365 3874 a
386 3854 423 3881 pu
446 3842 502 3872 illis
522 3842 669 3871 oculorum
687 3844 712 3872 δι
732 3842 830 3879 genis,
851 3851 918 3879 quas
940 3841 1028 3871 Graeci
1051 3840 1124 3877 &eye
1145 3850 1256 3873 vocant.

147 3885 253 3921 quippe
264 3883 311 3920 qui
327 3891 411 3918 quum
438 3882 498 3910 ovis
510 3881 636 3910 custodes
646 3879 750 3913 effcnt,
772 3889 830 3908 non
841 3880 927 3908 modo
940 3880 1090 3915 excubare,
1111 3879 1158 3908 sed
1174 3881 1260 3910 etiam

147 3920 355 3989 33C“³3⁰⁶⁰¹l{
363 3920 682 3995 ‘lla‘fflfffu‘ss‘iiilessssllt
701 3917 781 3993 ..¹33³
794 3916 1262 3993 35353325'0‘3.l;¹53?lffi²s55332

184 3970 269 3995 ιμςνᾳι
286 3980 295 3994 ,
317 3968 332 3989 e
747 3978 754 3987 ,

171 3996 192 4030 V
203 4006 221 4027 o
231 4006 259 4028 i..
299 3995 321 4029 l.

1716 90 1745 126 C
1843 94 1878 129 Ο
1968 94 1999 130 R
2408 115 2478 151 707

1376 169 1498 208 Iasonis,
1518 171 1574 201 five
1582 171 1694 202 lusionis
1706 175 1731 203 8(
1743 173 1861 211 Cybeles
1869 174 1958 204 filium
1969 174 2048 205 fuisse
2063 198 2071 211 ,
2092 186 2125 206 ac
2137 179 2214 210 simul
2225 191 2287 211 cuin
2302 183 2432 216 Dardano
2443 186 2482 217 sa.

1377 219 1423 239 cra
1435 211 1530 239 Matris
1541 212 1622 240 deum
1633 213 1660 240 in
1673 212 1814 249 Phrygiam
1827 213 1954 242 detuliss'e
1965 235 1973 248 ,
1995 213 2095 250 eosque
2107 220 2152 251 qui
2164 220 2191 247 in
2202 219 2338 251 sacrificiis
2349 223 2409 258 ejus
2420 227 2480 254 deae

1378 248 1541 277 incumbere
1552 249 1717 282 voluerunt.
1740 250 1775 278 de
1790 250 1837 279 suo
1853 253 1970 280 nomine
1993 251 2151 289 appellasse.
2190 256 2241 285 Alii
2261 269 2276 287 a
2294 260 2370 296 galea
2391 263 2481 292 dictos

1377 285 1476 327 volunt
1486 308 1493 319 ,
1516 296 1574 321 quae
1585 288 1679 315 Graece
1692 287 1758 321 iuievr
1770 288 1872 317 dicitur
1882 310 1890 324 ,
1912 289 1988 326 quod
1999 291 2090 326 galero
2104 293 2223 327 quodam
2234 299 2324 334 capita
2335 300 2401 328 tecti
2413 300 2483 329 insa-

1378 324 1484 352 niendo
1496 323 1634 354 luderent.
1659 324 1722 353 Hor.
1740 334 1762 354 1.
1776 325 1866 355 Carm.
1883 331 1926 357 16.
1941 333 1967 362 8.

1592 377 1628 382 —-
1638 372 1696 390 non
1710 371 1791 392 acuta

1448 398 1493 427 Sic
1503 399 1646 435 geminant
1656 401 1830 437 Corybantes
1839 411 1899 431 atra.

1323 431 1345 461 C
1354 442 1371 460 0
1381 442 1395 461 R
1406 444 1423 462 γ
1435 445 1476 478 ¹³ss
1487 446 1506 464 Ν
1518 446 1538 464 T
1548 448 1557 464 1
1567 446 1586 465 Α
1597 458 1604 470 ,
1625 438 1819 474 [rugosam-2]
1841 439 1913 470 Loca
1928 439 1991 469 sunt
2001 440 2080 471 sacris
2089 443 2116 472 dc
2128 442 2331 475 initiationibus
2343 447 2483 486 Coryban.

1360 477 1419 513 tuni
1430 473 1539 508 dicata,
1560 483 1620 510 quae
1636 484 1667 503 ea
1676 476 1763 505 forma
1773 477 1906 506 dicuntur
1918 499 1926 512 ‚
1947 488 1999 514 qua
2021 479 2245 517 psychomantia,
2268 484 2293 512 Sc
2314 485 2483 518 Necroinan.

1358 513 1404 537 na,
1420 510 1519 539 Strabo
1532 511 1646 555 1,.0.ji·0‘,
1666 524 1690 538 τε
1708 514 1854 550 Κοξνξαὶνπον
1869 516 1894 541 τὲ
1908 515 1975 552 ‹iva-33
1989 516 2113 554 Ᾱμαξιτᾶᾳ
2135 520 2173 547 τῆς
2194 521 2228 545 νῦν
2252 521 2421 557 ’Λλεξιιιᾶᾅιεων
2436 524 2485 562 λά.

1358 556 1404 580 29¹5
1421 544 1633 591 ι’βὺςξῖῐμινθιε.
1658 550 1731 579 Hinc
1747 552 1896 582 restituitur
1913 553 1990 583 locus
2008 556 2120 589 quidam
2136 558 2210 594 apud
2228 557 2347 589 Plinium
2369 562 2416 591 lib.
2440 574 2482 594 ir.

1357 592 1419 620 cap.
1433 594 1476 621 37.
1495 596 1580 629 cujus
1591 587 1673 616 verba
1682 588 1761 624 sunt,
1783 591 1860 626 Quin
1875 593 1900 621 ἃ
1911 593 2070 629 patentibus
2086 594 2230 625 dormiunt
2238 597 2363 635 lepores,
2389 600 2485 630 multi-

1358 622 1589 663 quehoiiiinum,
1612 634 1680 659 quos
1690 628 1850 664 corybantia
1858 630 2026 665 regrediunt.
2049 631 2066 660 i.
2080 641 2103 660 e.
2126 633 2206 669 Quos
2217 636 2376 673 corybantia
2389 639 2417 667 in
2451 640 2485 667 ri.

1359 658 1459 703 stinum
1475 661 1573 690 statum
1585 670 1735 706 revocant,
1757 666 1939 695 &restituunt
1958 668 2076 705 pristinae
2097 669 2226 707 sanitati,
2249 683 2334 710 quum
2354 676 2408 706 effe
2436 678 2483 706 ani

1358 704 1417 724 non
1430 698 1592 742 videantur,
1634 710 1660 728 ui
1671 703 1775 737 apertis
1791 704 1951 740 dormiant,
1973 715 2026 735 nec
2043 708 2262 740 conniventibus
2283 712 2380 742 oculis.
2422 714 2484 745 Nec

1310 769 1319 773 ς
1357 743 1423 763 'vero
1433 736 1577 772 quisquam
1587 737 1622 780 de
1644 746 1671 766 et
1681 739 1789 782 offendi
1805 741 1857 770 hac
1870 751 1938 771 voce
1956 742 2111 779 Regredio,
2132 747 2169 776 de
2189 757 2241 784 qua
2264 750 2326 779 vide
2346 752 2481 784 Nonium.

1356 770 1439 802 Porro
1448 773 1738 819 corybangium'sacris
1746 778 1850 808 multos
1863 780 1966 809 morbis
1976 780 2088 811 liberari
2102 783 2237 815 divinitus
2248 787 2372 819 immissis
2383 791 2483 828 opinio

1356 816 1423 838 erat.
1466 811 1496 841 ln
1507 812 1590 841 editis
1601 812 1702 849 legitur
1714 836 1722 850 ,
1743 816 1830 852 Quod
1842 816 2119 856 Graecicorybantian
2131 822 2229 853 dicunt
2240 846 2248 859 ,
2269 825 2316 854 sed
2336 828 2411 857 nullo
2423 828 2484 858 sen-

1357 846 1386 875 su
1398 868 1405 881 ,
1427 858 1511 884 quum
1524 849 1579 878 hoc
1588 851 1703 893 verbum
1716 854 1790 890 apud
1805 854 1915 884 Graecos
1928 856 2046 886 insanire
2056 879 2064 892 ,
2085 860 2112 888 δι
2127 859 2297 898 Corybantas
2309 864 2461 896 desiderare

1356 883 1412 913 hoc
1420 886 1460 929 est
1474 887 1573 916 Furere
1582 887 1724 932 fignihcet.
1767 891 1806 920 Ex
1817 892 1942 922 Turneb.
1959 903 2000 929 13.
2011 904 2056 929 24·
2080 896 2160 927 Hanc
2179 900 2367 935 conjecturam
2383 888 2482 935 vanani

1356 923 1383 951 ἃ
1395 922 1520 966 frivolam
1531 924 1585 954 effe
1594 926 1716 956 ostendit
1729 928 1839 960 Salmas.
1861 940 1887 967 p.
1904 936 1981 965 1086.
2001 932 2095 963 Exere.
2110 935 2177 965 Plin.
2201 937 2231 965 ln
2249 938 2320 969 Edit.
2342 941 2469 973 Harduin

1356 958 1456 997 legitur
1466 962 1545 999 Quos
1561 963 1716 1000 κοςυέοωπρῖν
1727 966 1813 995 Graeci
1830 967 1936 998 dicunt.
1960 969 1990 999 V.
2015 970 2149 1004 Harduin.
2168 974 2261 1006 inloc.
2473 964 2481 973 .

1317 994 1550 1029 CORYBAN'ri
1563 1010 1618 1035 us,
1640 1011 1672 1036 a,
1696 1012 1752 1032 uin.
1775 1005 1834 1039 Adi.
1859 1005 2067 1044 [κορυζσῑνπζῷ]
2088 1016 2119 1040 ut

1354 1073 1367 1080 υ
1448 1038 1693 1076 AEraCorybantia.
1735 1040 1806 1080 Virg.
1818 1052 1842 1078 3.
1858 1043 1920 1072 AEn.
1938 1054 1998 1075 iix.
2128 1032 2137 1047 ’

1316 1071 1340 1102 C
1349 1084 1368 1102 o
1377 1083 1391 1101 a
1401 1083 1443 1117 vu
1454 1085 1502 1104 iss
1512 1086 1531 1104 A
1542 1098 1551 1111 ,
1573 1087 1603 1105 ae.
1626 1077 1644 1105 f.
1667 1079 1824 1114 [καρύξω-οι
1833 1080 1854 1124 ].
1869 1081 1972 1112 Civitas
1982 1082 2022 1112 est
2039 1085 2068 1113 in
2079 1094 2145 1122 agro
2158 1086 2269 1125 Scepfio
2278 1111 2286 1125 ‚
2306 1091 2341 1119 ad
2362 1091 2482 1126 fluvium

1355 1111 1545 1179 geuxrliergttenki)
1555 1116 1610 1180 ,l-{r
1620 1125 1711 1145 Vicum
1723 1126 1923 1155 cognominem
1932 1142 1942 1156 ,
1963 1128 2046 1157 atque
2058 1124 2145 1154 etiam
2156 1131 2308 1157 torrentem
2321 1129 2483 1162 AEthaloen·

1387 1172 1392 1178 .
1441 1172 1446 1178 .
1499 1160 1525 1179 ra
1548 1175 1553 1180 .
1578 1162 1584 1179 i
1611 1175 1613 1180 .
1631 1163 1672 1182 io.

1317 1186 1340 1216 C
1350 1188 1492 1255 {iitigtixrpbs
1501 1190 1549 1256 '1·i‚'
1569 1199 1608 1261 ἔτι.
1626 1191 1644 1226 [
1655 1191 1769 1228 ΚόςυέΘυ
1782 1193 1797 1228 ]
1818 1193 1907 1225 Cretae
1919 1195 2013 1225 insulae
2024 1202 2247 1235 promontorium
2260 1225 2268 1239 ,
2290 1205 2371 1241 quus
2384 1208 2484 1238 merni-

1378 1235 1385 1253 i
1491 1249 1496 1255 .
1522 1236 1528 1255 i
1552 1250 1558 1257 .
1590 1250 1596 1257 .

1317 1261 1342 1291 C
1350 1272 1368 1291 o
1377 1272 1392 1291 a
1403 1273 1421 1292 ir
1430 1273 1448 1292 c
1458 1273 1472 1293 Β
1481 1274 1498 1293 0
1508 1274 1529 1293 N
1538 1287 1546 1300 ,
1569 1265 1654 1309 loniae
1663 1270 1890 1305 promontorium
1901 1293 1908 1304 ,
1932 1272 2012 1307 cujus
2022 1275 2151 1304 meminit
2164 1276 2231 1308 Plin.
2244 1277 2292 1309 lib.
2305 1290 2328 1315 ς.
2342 1291 2402 1320 cap.
2412 1293 2458 1318 29.

1317 1299 1368 1329 Co
1378 1310 1471 1330 nisce
1482 1312 1531 1347 uia
1548 1325 1557 1338 ‚
1579 1314 1596 1333 ι.
1619 1314 1646 1333 n.
1671 1306 1759 1336 Locus
1776 1308 1804 1335 in
1816 1318 1871 1345 quo
1884 1319 1986 1348 coryco
2003 1311 2098 1342 ludere
2113 1313 2242 1346 solerent.
2284 1317 2421 1350 Vitruvius
2433 1321 2482 1352 ubi

1352 1338 1391 1367 de
1402 1339 1549 1383 palaestris:
1571 1341 1628 1386 Sub
1641 1343 1739 1387 dextro
1753 1368 1759 1378 ‚
1781 1355 1932 1383 coryceum
1944 1371 1951 1382 ,
1974 1350 2076 1378 deinde
2088 1353 2219 1388 proxime
2238 1356 2423 1388 conisterium.
2451 1359 2483 1391 ln

1352 1377 1486 1407 omnibus
1495 1378 1552 1408 fere
1562 1378 1639 1409 libris
1652 1382 1812 1413 Corticeum
1828 1384 1945 1421 legitur.
1969 1385 2014 1416 sed
2035 1389 2140 1419 vitiose.
2186 1392 2258 1421 Hinc
2278 1395 2390 1430 quidam
2405 1396 2483 1426 Cori.

1352 1423 1438 1444 ceum
1452 1416 1604 1461 emendant
1614 1440 1622 1453 ,
1635 1428 1674 1463 'ri-t
1687 1420 1766 1450 locus
1781 1421 1812 1450 sit
1822 1423 1870 1451 ubi
1886 1423 1984 1460 puellae
1993 1425 2049 1455 sese
2059 1436 2190 1458 exercere
2204 1429 2289 1460 solitae
2305 1432 2392 1463 essent
2404 1445 2410 1464 z
2433 1435 2481 1465 sed

1354 1452 1479 1500 Coreum
1497 1461 1592 1492 potius
1613 1456 1669 1485 dici
1692 1459 1823 1488 deberet:
1846 1461 1891 1489 alii
1912 1463 2070 1499 Coureum,
2093 1473 2123 1494 ut
2141 1465 2174 1495 sit
2192 1470 2332 1499 tonstrina.
2374 1472 2484 1502 Turne.

1353 1489 1408 1520 bus
1428 1491 1603 1529 Coryceum,
1636 1494 1681 1524 vel
1704 1498 1781 1533 quod
1802 1498 1878 1527 idem
1898 1501 1935 1528 eil
1948 1523 1955 1534 ,
1988 1501 2145 1533 Coruceum
2166 1504 2249 1542 legit,
2271 1514 2301 1536 ut
2319 1509 2348 1537 in
2364 1520 2419 1546 quo
2435 1521 2484 1540 co·

1352 1538 1421 1572 iryco
1434 1529 1594 1574 luderetur:
1614 1532 1652 1561 de
1661 1543 1714 1569 qua
1724 1536 1925 1566 exercitatione
1935 1538 2060 1569 scribitur
2074 1541 2121 1570 ille
2130 1545 2205 1579 apud
2219 1545 2386 1577 Aristotelem
2400 1549 2483 1584 jocus

1353 1565 1403 1596 llb.
1417 1567 1648 1613 23Rhetor106n,
1669 1571 1747 1608 ὼαιι-ες
1767 1576 1901 1607 Φιλάμμων
1920 1576 2061 1613 ζυῃρμαχών
2081 1579 2119 1612 ’er
2131 1592 2238 1616 -κινςυκω,
2279 1583 2347 1614 lnde
2365 1590 2390 1616 &c
2407 1600 2483 1613 urv-

1353 1615 1466 1649 ww?
1475 1607 1551 1644 apud
1563 1607 1678 1653 Caelium
1692 1610 1870 1642 Aurelianum
1878 1613 1953 1642 Tarcl
1967 1615 2004 1643 lib
2028 1618 2054 1645 &
2065 1626 2124 1654 cap.
2135 1618 2185 1647 ult.
2200 1612 2272 1649 T‘um
2283 1623 2428 1657 volutatio,
2439 1603 2483 1654 in-

1350 1649 1431 1680 quit,
1451 1654 1480 1673 in
1492 1644 1612 1682 palaestra
1624 1656 1695 1691 varia
1709 1669 1717 1683 ,
1739 1658 1819 1686 quam
1829 1649 1917 1680 Graeci
1933 1652 2068 1683 celadiam
2080 1678 2087 1686 ,
2110 1657 2135 1684 ἃ
2145 1666 2226 1692 quam
2239 1664 2483 1696 enrycomachiam

1352 1689 1533 1726 vocaverunt.
1548 1683 1782 1716 Exercitationem
1796 1698 1907 1726 quoque
1918 1692 2047 1728 coryci&
2057 1693 2120 1729 pilae
2133 1704 2267 1726 memorat
2282 1699 2376 1728 Galen.
2394 1700 2431 1729 lib
2454 1712 2468 1730 2

1350 1719 1390 1747 de
1409 1719 1495 1750 Sanit.
1518 1722 1614 1765 tuend.
1636 1722 1740 1760 κῶξυκος
1753 1733 1846 1755 autem
1857 1727 1998 1758 sacculum
2008 1728 2142 1767 fignificat
2152 1755 2160 1768 ,
2181 1742 2211 1763 ut
2222 1736 2392 1773 pugillatorii
2407 1724 2484 1769 sollis

1352 1756 1435 1787 ludus
1447 1758 1504 1787 fere
1515 1759 1650 1803 videatur.
1681 1762 1720 1791 Ex
1737 1762 1860 1793 Turneb.
1876 1775 1919 1794 ιο.
1931 1775 1973 1796 ιο.

1312 1795 1339 1825 C
1349 1805 1365 1825 o
1375 1804 1390 1823 r:
1400 1804 1491 1825 reru
1501 1807 1522 1826 M
1533 1819 1541 1831 ,
1562 1807 1580 1841 ¹:
1603 1807 1633 1827 n.
1653 1800 1815 1837 [κωρύκων]
1837 1803 1935 1833 dimin.
1950 1805 1992 1834 est
2004 1815 2021 1834 a
2037 1806 2174 1844 κώρνκῶι,
2195 1811 2270 1847 quod
2287 1812 2420 1849 significat
2434 1814 2482 1844 Pe-

1352 1842 1409 1877 ram
1421 1855 1429 1868 ,
1451 1844 1505 1872 qua
1514 1842 1621 1879 equites
1633 1843 1748 1881 utuntur
1756 1839 1790 1868 ad
1800 1840 2053 1873 circumferendum
2069 1846 2199 1877 viaticum
2211 1870 2220 1883 ,
2242 1849 2286 1879 vel
2305 1851 2382 1881 aliud
2400 1854 2481 1889 quid-

1354 1881 1414 1915 vis,
1430 1873 1476 1901 vel
1498 1880 1582 1903 etiam
1597 1884 1761 1913 panarium,
1782 1879 1900 1915 quod&
1915 1879 2040 1914 βκλγὶὂιον
2063 1882 2150 1914 Graeci
2171 1887 2316 1924 appel-lant
2355 1889 2399 1920 vel
2420 1898 2479 1921 rete

1354 1919 1467 1947 capiens
1475 1920 1587 1956 panem.
1609 1912 1717 1943 Suidas.
2325 1911 2333 1925 ³

1312 1946 1338 1978 C
1348 1958 1365 1978 o
1375 1957 1390 1976 a
1399 1957 1420 1977 Y
1430 1957 1447 1977 c
1457 1958 1495 1978 us
1505 1971 1514 1983 ,
1534 1960 1553 1978 i.
1574 1960 1611 1993 m.
1635 1950 1810 1994 [Kaievn&e]
1831 1954 1916 1985 Mons
1923 1956 1961 1986 est
1970 1956 2137 1996 Pamphyliae
2145 1962 2300 1999 praecelsus,
2322 1975 2355 1994 ac
2364 1973 2479 2003 poi-tuo.

1352 1986 1397 2015 sus
1408 2008 1416 2021 ,
1437 1992 1521 2023 atque
1533 1987 1570 2017 ob
1580 1988 1610 2017 id
1624 1996 1773 2033 piratarum
1787 1991 1891 2023 insidiis
1899 2003 2090 2032 opportunus:
2113 2008 2182 2035 quos
2192 2000 2225 2029 ab
2236 2010 2269 2030 eo
2285 2010 2382 2032 monte
2395 2004 2484 2036 Corv-

1350 2033 1426 2067 eaeos
1441 2025 1587 2055 vocabant.
1629 2026 1664 2056 Hi
1684 2037 1786 2072 notam
1804 2030 1951 2061 insidiandi
1971 2034 2109 2064 rationem
2127 2039 2324 2074 excogitarant.
2346 2039 2482 2078 siquidem

1352 2061 1463 2099 dispersi
1474 2073 1523 2101 per
1533 2070 1629 2101 portus
1639 2065 1740 2103 Coryci
1749 2068 1863 2104 montis,
1875 2069 2027 2100 miscebant
2035 2071 2061 2101 se
2069 2075 2287 2110 negotiatoribus
2295 2100 2302 2113 ,
2325 2080 2482 2118 utquisque

1351 2100 1426 2130 forte
1440 2101 1586 2145 appulerat
1597 2124 1605 2137 ,
1627 2102 1864 2147 subauscultantes
1874 2129 1882 2142 ,
1904 2109 1930 2137 8:
1940 2109 2006 2145 quid
2015 2119 2106 2140 rerum
2118 2120 2280 2150 portarent,
2303 2118 2328 2146 ἅ
2339 2127 2394 2154 quo
2406 2120 2482 2148 navi-

1353 2147 1416 2176 gare
1429 2138 1625 2175 destinaffent,
1647 2141 1769 2179 denique
1789 2153 1843 2180 quo
1864 2151 1992 2183 tempore
2005 2148 2189 2180 decrevissent
2204 2151 2318 2183 solvere.
2360 2155 2430 2192 Quae
2451 2157 2482 2187 si.

1350 2176 1413 2220 mul
1424 2184 1507 2214 atque
1519 2186 1724 2222 cognoyeran-t‚
1746 2182 1944 2212 renuntiabant
1953 2186 2051 2222 pir-atis
2063 2196 2127 2216 cum
2139 2188 2238 2225 quibus
2250 2190 2411 2222 societatem
2425 2205 2483 2224 ma-

1351 2221 1509 2258 ritimorum
1526 2214 1738 2261 latrociniorum
1758 2219 1934 2251 exercebant.
1974 2223 2063 2260 Atque
2081 2225 2121 2254 ita
2140 2235 2190 2263 per
2205 2229 2378 2260 occasionem
2400 2231 2480 2262 fimul

1353 2252 1465 2283 adorti.
1485 2260 1647 2290 navigantes
1659 2254 1825 2292 spoliabant.
1867 2258 1937 2295 Quae
1950 2270 1992 2290 res
2002 2261 2052 2290 ubi
2065 2265 2265 2296 mercatoribus
2274 2267 2342 2297 esset
2353 2278 2482 2308 comper·

1353 2296 1382 2319 ta
1392 2310 1400 2322 ‚
1420 2290 1553 2328 pleraque
1575 2292 1772 2336 occultabant,
1806 2305 1839 2325 ac
1859 2296 2084 2334 dissimulabant,
2112 2301 2272 2333 insidiarum
2298 2313 2382 2336 metu.
2424 2309 2483 2338 Sed

1354 2338 1442 2365 quum
1460 2338 1496 2372 rie
1513 2328 1549 2358 fic
1567 2331 1681 2373 quidem
1698 2330 1818 2361 laterent
1829 2354 1836 2368 ,
1858 2333 2091 2367 subodorantibus
2105 2340 2200 2369 omi-iia
2219 2341 2358 2380 Corycaeis
2395 2355 2438 2375 res
2453 2347 2483 2376 in

1352 2365 1532 2404 proverbium
1541 2367 1628 2403 abiit,
1649 2368 1732 2398 Hunc
1742 2369 1888 2408 Corycaeus
1898 2372 2079 2409 auscultavit:
2101 2376 2137 2405 de
2155 2377 2194 2407 Re
2213 2367 2392 2411 vehementer
2408 2383 2483 2414 dissi.

1353 2403 1476 2447 mula-ta,
1497 2405 1669 2443 deprehensa
1686 2413 1789 2436 tamen.
1830 2408 1949 2448 Usurpat
1965 2411 2020 2441 hoc
2030 2413 2160 2450 adagium
2183 2416 2221 2445 M.
2236 2417 2347 2449 Tullius
2361 2430 2402 2450 io.
2426 2423 2481 2452 Att.

1353 2441 1438 2479 Epist.
1448 2442 1498 2474 ult.
1520 2443 1614 2480 ltaque
1623 2444 1737 2482 posthac
1751 2455 1808 2474 non
1818 2446 1934 2477 scribam
1951 2450 1985 2478 ad
1999 2458 2028 2480 te
2042 2452 2109 2488 quid
2123 2452 2244 2484 fadturus
2263 2456 2310 2486 siin
2320 2479 2328 2491 ,
2350 2457 2396 2487 sed
2413 2460 2483 2496 quid

1351 2479 1478 2546 {pegam
1501 2490 1601 2511 omnes
1613 2484 1740 2519 κωςυκοᾶοι
1753 2484 1886 2516 videntur
1898 2486 2052 2518 auscultare
2063 2499 2122 2526 quae
2135 2491 2242 2529 loquor.
2264 2494 2363 2525 Erasm.
2377 2497 2406 2526 in
2417 2498 2484 2527 Chi-

1367 2528 1392 2547 ia
1416 2540 1421 2547 .

1314 2553 1364 2585 Co
1376 2556 1493 2585 arcos
1504 2577 1512 2591 ,
1533 2556 1577 2586 vel
1596 2556 1772 2589 CoRchs
1783 2560 1833 2595 ‚i.
1856 2561 2254 2605 m.[1(e.5302<ou]0ppidum
2272 2570 2310 2598 est
2322 2571 2444 2608 Ciliciae‚
2466 2583 2483 2604 a

1353 2604 1408 2631 quo
1416 2603 1477 2638 {ion
1492 2593 1577 2632 longe
1587 2594 1660 2640 abest
1668 2595 1766 2639 specus
1776 2598 1911 2642 Corycius
1922 2621 1930 2634 ,
1951 2609 2051 2638 praeter
2061 2604 2113 2634 alia
2123 2606 2260 2636 mirabilia
2271 2609 2373 2644 multa,
2396 2611 2482 2641 etiam

1351 2641 1428 2676 croci
1441 2640 1577 2671 proventu
1589 2633 1699 2663 nobilis.
1740 2635 1934 2667 Meminerant
1951 2640 2034 2676 hujus
2051 2641 2222 2681 Pomponius
2236 2646 2310 2675 Mela
2348 2647 2460 2678 Solinus

1355 2669 1458 2699 Plinius
1471 2692 1480 2705 ,
1502 2670 1599 2700 Strabo
1610 2693 1618 2706 ,
1640 2671 1697 2702 alii.
2317 2668 2326 2682 ⁹
2469 2671 2480 2686 '

1314 2707 1365 2738 Co
1375 2717 1391 2752 3³
1401 2717 1494 2775 {pnite
1503 2717 1532 2744 s,
1553 2718 1584 2745 a,
1605 2719 1665 2740 um.
1686 2710 1747 2747 Adj.
1767 2711 1845 2743 Curt.
1860 2721 1920 2750 3.4.
1934 2724 1975 2745 ιο.
1997 2716 2148 2755 Corycium
2167 2729 2267 2751 nemus
2277 2743 2285 2758 ,
2307 2722 2355 2752 ubi
2367 2732 2482 2755 crocum

1375 2756 1380 2774 1
1423 2756 1430 2774 l
1479 2768 1486 2774 .

1354 2756 1461 2814 {focus
1473 2782 1610 2821 Corycius
1623 2807 1631 2819 ,
1654 2784 1736 2816 Cilix.
1759 2786 1826 2818 Hor.
1837 2798 1864 2818 2.
1881 2789 1968 2821 Serm.
1979 2802 2007 2828 4.
2020 2795 2066 2828 ⁶8-

1356 2822 1398 2851 De
1414 2821 1533 2858 Corycio
1544 2830 1641 2852 monte
1664 2823 1692 2852 V.
1715 2824 1768 2862 seq.
1780 2827 1898 2857 distion.

1317 2859 1340 2890 C
1348 2863 1365 2890 ὅ
1376 2870 1391 2888 R
1402 2860 1420 2888 ῖι
1432 2862 1469 2888 εἰ
1479 2869 1496 2887 o
1507 2869 1521 2888 R
1529 2869 1541 2889 s
1553 2881 1561 2894 ,
1587 2861 1734 2906 appellatae
1747 2863 1810 2894 sunt
1818 2865 1904 2896 Musae
1916 2876 1931 2896 a
1940 2867 2012 2897 colle
2021 2890 2029 2903 ,
2052 2869 2098 2899 vel
2108 2876 2188 2900 antro
2203 2873 2295 2909 potius
2312 2874 2431 2912 Corycio
2451 2876 2483 2906 in

1354 2895 1479 2927 Parnasso
1490 2897 1608 2935 Delphis
1618 2909 1764 2943 proximo,
1787 2903 1865 2939 cuius
1875 2906 2005 2935 meminit
2016 2908 2040 2935 8ι
2052 2906 2173 2938 Laertius
2193 2910 2221 2938 in
2239 2912 2294 2941 vita
2317 2912 2484 2951 Pherecydis

1353 2936 1381 2980 S.
1395 2946 1405 2964 i
1415 2936 1505 2980 ¹8·.&
1515 2935 1657 2974 Apollonii
1671 2937 1775 2969 Rhodii
1792 2941 1956 2978 expositorl.
1969 2953 1993 2972 2.
2005 2945 2103 2981 Argon.
2114 2956 2139 2975 v.
2153 2956 2215 2983 7¹3-
2229 2950 2274 2985 qui
2288 2959 2484 2987 nuncupatum

1353 2973 1425 3004 illud
1442 2983 1523 3017 aiunt
1541 2974 1696 3020 aNympha
1707 2977 1825 3015 Corycia
1836 3001 1844 3014 ,
1865 2981 1944 3015 cujus
1955 2982 1981 3011 ἃ
1995 2982 2130 3019 Apollinis
2145 2984 2283 3022 Lycoreus
2293 2987 2367 3017 filius
2376 2990 2430 3018 fuit
2439 3012 2446 3022 ,
2468 3001 2484 3020 a

1353 3022 1409 3049 quo
1422 3011 1523 3049 Delphi
1537 3012 1665 3049 Lycoreis
1676 3015 1815 3058 ζλνκωςᾶε)
1826 3020 1980 3055 nuncupati
1995 3019 2169 3051 sunt.Laertii
2182 3024 2263 3053 verba
2271 3025 2306 3054 de
2319 3026 2483 3059 Pherecydis

1353 3049 1518 3117 giorteffunt
1529 3049 1588 3117 haze
1600 3073 1608 3087 ,
1631 3051 1755 3089 Quidam
1769 3054 1924 3092 profectu-m
1941 3057 2074 3096 Delphos,
2099 3069 2114 3088 e
2126 3067 2222 3091 monte
2233 3062 2351 3101 Corycio
2362 3060 2483 3103 seipsum

1374 3098 1444 3124 ejeci
1468 3098 1483 3116 e
1494 3096 1558 3117 aiun
1575 3111 1580 3117 .
1620 3099 1626 3105 ‘

1316 3125 1339 3156 C
1348 3127 1365 3171 ζ)
1375 3136 1389 3170 ¹³.
1400 3127 1418 3155 ’ξι
1431 3136 1448 3154 ι)
1459 3135 1477 3169 A.
1488 3136 1523 3169 ¹1¹
1534 3135 1546 3155 s
1557 3148 1565 3159 ‚
1580 3127 1618 3170 js.
1640 3127 1659 3157 s.
1681 3123 1833 3171 [ιωςόᾶἓιλιε
1846 3129 1861 3165 ]
1883 3130 1976 3161 Herba
1996 3132 2034 3161 est
2046 3134 2118 3164 inter
2137 3136 2238 3166 nothas
2258 3139 2484 3171 nomenclaturas

1355 3163 1651 3207 Dioscoriditascriptas
1661 3187 1670 3201 ,
1689 3175 1771 3202 Cujus
1782 3173 1875 3197 tamen
1887 3171 2017 3199 meminit
2027 3172 2148 3203 Galenus
2158 3195 2166 3209 ‚
2187 3184 2304 3211 eamque
2313 3177 2410 3208 colicis
2419 3189 2486 3216 pro-

1354 3202 1428 3231 desse
1436 3201 1529 3231 scribit
1540 3201 1587 3232 hb.
1602 3213 1642 3232 11.
1666 3203 1791 3241 Simplic.
1812 3207 2011 3243 medicament,

1316 3240 1339 3270 C
1348 3250 1364 3269 o
1375 3249 1445 3269 iuri)
1456 3249 1501 3269 AL
1511 3250 1556 3270 LA
1569 3262 1577 3276 ,
1597 3250 1628 3270 ae.
1648 3241 1668 3271 s.
1691 3242 1839 3280 Oppidum
1853 3252 2021 3276 montanum
2032 3247 2062 3276 in
2073 3246 2173 3286 Lycia,
2194 3249 2230 3279 de
2241 3260 2296 3287 quo
2312 3251 2380 3283 Plin.
2394 3253 2443 3284 lib.
2456 3265 2483 3292 ς.

1320 3315 1343 3346 C
1353 3287 1555 3346 gzpi'rffatus
1565 3337 1574 3352 ,
1594 3317 1612 3346 -ἱ-
1635 3326 1672 3346 m.
1692 3318 1709 3352 [
1720 3313 1893 3363 Κοςῦᾇὶιλίξυ]
1916 3319 2000 3351 Mons
2012 3321 2087 3352 estin
2102 3325 2190 3354 trae‘tu
2207 3325 2322 3363 ripaque
2341 3328 2463 3358 Thrialia
2476 3352 2486 3367 ,

1357 3354 1432 3383 haud
1444 3354 1542 3393 procul
1554 3364 1568 3384 a
1582 3354 1767 3385 Pliarmacufis
1778 3356 1881 3393 insulis,
1897 3368 1911 3387 a
1922 3368 1977 3395 quo
1995 3370 2010 3389 e
2029 3361 2116 3391 tribus
2135 3373 2189 3392 una
2205 3363 2353 3401 Corydalia
2367 3368 2486 3399 ibidem.

1357 3394 1458 3422 Autstor
1469 3392 1567 3422 Strabo
1577 3392 1624 3422 li'o.
1642 3404 1668 3428 9.
1823 3426 1832 3438 x

1317 3427 1340 3460 C
1351 3431 1420 3474 ‘33³³'
1429 3440 1447 3459 ι)
1457 3433 1473 3459 Κ
1484 3442 1500 3459 L
1512 3440 1527 3458 u
1537 3440 1549 3459 s
1561 3452 1569 3465 ,
1584 3431 1609 3475 j.
1633 3441 1669 3460 m.
1689 3427 1869 3475 [υςυδδκλοε]
1893 3431 2004 3464 Nomen
2015 3435 2051 3465 est
2061 3438 2121 3466 avis
2136 3437 2230 3468 Servio
2249 3439 2278 3469 in
2291 3449 2316 3470 2.
2329 3441 2387 3472 Ecl.
2399 3443 2486 3481 Virgi-

1356 3468 1387 3497 lii
1398 3478 1438 3506 pr.
1462 3469 1533 3498 Sunt
1543 3478 1590 3505 qui
1602 3469 1734 3498 Alaudam
1747 3476 1971 3507 interpretentur.

1318 3505 1342 3536 C
1351 3508 1368 3536 ὅ
1379 3516 1394 3535 ii
1403 3507 1474 3535 Ῠοο
1484 3515 1504 3535 Ν
1517 3527 1524 3540 ,
1545 3507 1616 3550 onis.
1635 3517 1675 3550 ¹m.
1698 3500 1848 3543 [Koevol‘o'vj
1869 3509 1959 3539 Pastor
1974 3510 2126 3541 Theocrito
2143 3514 2168 3542 Sc
2180 3513 2300 3551 Virgilio.
2339 3517 2484 3555 Corydoni.

1355 3550 1569 3610 putanltnopien
1581 3545 1701 3574 inditum
1711 3545 1744 3574 ab
1754 3555 1807 3575 ave
1821 3546 1969 3585 Corydalo.
1995 3549 2024 3578 V.
2046 3550 2173 3580 Servium
2191 3552 2221 3581 in
2235 3554 2376 3592 principio
2388 3567 2414 3585 a.
2436 3558 2486 3586 Εε-

1367 3591 1411 3619 og.
1452 3591 1474 3610 ir
1496 3591 1501 3610 i
1517 3591 1543 3610 ii.

1318 3619 1392 3649 Con
1403 3591 1516 3653 iitugs,
1538 3619 1555 3648 i.
1576 3618 1595 3648 f.
1616 3619 1800 3662 [ἢθκλεωπκῆ
1818 3623 1914 3658 κᾳςύκ,
1939 3619 2030 3653 πυνῗτκῆ
2046 3626 2148 3662 weda]
2177 3627 2264 3657 Arbor
2277 3630 2304 3658 ἃ
2323 3630 2445 3667 fructum
2469 3641 2484 3661 a

1356 3657 1454 3686 nostris
1468 3656 1597 3686 Avellana
1606 3657 1715 3686 dicitur.
1741 3658 1808 3696 Virg
1822 3670 1848 3688 2.
1863 3660 1961 3699 Georg.
1972 3665 2017 3694 ⁶<-

1437 3694 1538 3723 Plantis
1552 3695 1645 3723 edurae
1654 3695 1741 3732 coryli
1754 3696 1911 3728 nascuntur.
1995 3698 2036 3729 AL
2060 3700 2183 3732 Etdurae.
2206 3700 2238 3733 V.
2260 3714 2335 3734 mox.

1357 3731 1454 3762 Densae
1464 3731 1561 3769 coryli.
1587 3731 1657 3769 Virg.
1674 3743 1696 3762 i.
1713 3734 1767 3763 Ecl.
1784 3744 1826 3769 14.

1357 3769 1448 3800 Durae.
1489 3770 1560 3813 Virg.
1574 3779 1600 3798 2.
1617 3769 1716 3808 Georg.
1731 3775 1775 3805 65.
1799 3772 1886 3802 Duras
1897 3780 1991 3803 autem
2008 3774 2081 3804 dixit
2100 3785 2158 3806 non
2177 3777 2213 3806 ad
2232 3777 2349 3816 Lignum
2361 3800 2371 3815 ,
2390 3779 2436 3809 sed
2447 3780 2482 3810 ad

1377 3808 1506 3837 Fructum
1521 3807 1640 3845 ipsarum
1651 3809 1781 3839 referens.
1804 3810 1925 3841 Servius.

1323 3881 1325 3883 ι
1358 3845 1486 3883 Fragiles.
1509 3845 1594 3875 Ovid.
1612 3855 1653 3875 ic.
1673 3846 1742 3876 Met.
1761 3858 1805 3882 95.

1321 3883 1344 3913 C
1355 3894 1395 3951 <ba
1403 3886 1470 3950 ydria
1480 3893 1527 3949 τέ)
1540 3894 1577 3949 ff,
1599 3893 1616 3952 ¹8
1640 3894 1667 3913 n.
1690 3885 1759 3920 [τῶν
1777 3884 1866 3922 wgo-23»
1885 3887 1999 3917 ww&
2011 3887 2027 3922 ]
2050 3887 2140 3919 Locus
2159 3890 2204 3919 ubi
2225 3891 2311 3929 coryli
2324 3891 2483 3922 nascuntur.

1390 3931 1416 3949 vi
1440 3943 1446 3949 .
1459 3930 1484 3949 2.
1522 3929 1535 3949 a
1563 3944 1567 3948 .
1584 3932 1596 3956 5
1621 3930 1645 3955 7.

1440 3957 1490 3990 ula
1500 3959 1587 3989 modo
1599 3959 1629 3989 in
1638 3958 1709 3991 silvis
1718 3960 1789 3991 inter
1799 3961 1922 4002 coryleta
1941 3963 2066 3999 jacebat,
2084 3965 2136 3995 διε.

1854 4000 1875 4030 U
1887 4010 1904 4031 u
1916 4011 1933 4031 u
1944 4011 1961 4031 u
1981 4011 2000 4032 2
2339 4003 2361 4034 C
2371 4014 2387 4033 o
2398 4013 2414 4032 ii
2425 4013 2443 4032 r
2451 4014 2486 4032 M-
