2604 4222
135 133 208 169 622
565 111 856 155 CON

176 208 244 240 bilia
254 216 396 238 vocamus.
435 204 490 235 Aut
501 201 700 239 Conceptivae‚
721 208 781 236 quae
800 193 948 238 quotannis
968 191 1081 229 quidem
1101 190 1223 225 fiebant,
1245 187 1295 218 sed

180 247 266 277 modo
278 247 352 280 hoc,
371 243 457 275 modo
470 241 673 278 illotempore,
694 243 726 265 ut
739 236 905 274 magistratui
918 231 1082 274 videbatur:
1103 227 1197 272 quales
1215 232 1294 256 erant

180 284 284 316 Latinae
293 283 367 313 feriae
378 304 386 317 ,
408 279 575 310 Sementinae
586 300 593 312 ‚
614 274 792 312 Compitalia,
814 274 840 302 δι
851 268 991 307 Agonalia.
1033 267 1205 310 imperativae
1216 274 1292 308 vero,

183 332 245 361 quae
256 321 404 359 quotannis
418 319 477 348 fieri
489 326 546 345 non
557 314 755 344 consueverant
765 333 773 345 ,
792 310 839 339 sed
855 313 967 351 propter
986 304 1177 348 valetudinem
1194 303 1295 347 Princi-

183 361 228 399 pis
266 366 314 389 aut
323 358 457 395 insignem
467 353 610 385 victoriam
622 373 630 387 ,
650 357 696 379 aut
706 349 789 378 etiarn
798 349 948 376 imminens
960 340 1117 388 periculum
1131 352 1145 370 a
1160 340 1297 377 magistra-

183 404 215 428 tu
226 381 440 435 imperabantur.
480 391 618 422 Nundinae
627 394 719 418 autem
729 407 737 421 ‚
758 386 831 415 feriae
847 388 923 412 erant
932 382 1093 425 rusticorum
1106 378 1195 413 causa,
1216 387 1294 406 nono

185 445 296 474 quoque
307 434 352 463 die
362 433 489 462 instituta:
498 452 506 465 ,
528 434 560 458 ut
569 436 653 465 quum
663 426 728 454 octo
739 423 837 452 diebus
847 422 903 463 ina
923 429 958 448 ris
973 417 1082 461 fuiffent
1093 439 1100 452 ,
1121 417 1157 446 ad
1176 416 1295 445 emenda

185 472 333 503 necessaria
343 480 417 500 nono
429 469 474 498 die
486 468 514 496 in
525 466 622 495 urbem
631 462 822 493 convenirent.
864 458 895 487 Vi
918 467 932 486 e
940 457 999 486 haec
1010 456 1090 485 latius
1101 454 1176 492 apud
1188 453 1297 484 Macro-

187 512 283 543 bium,
304 509 352 539 lib.
367 518 389 538 1.
401 507 508 536 Saturn.
519 513 579 541 cap.
594 505 635 531 1⁶.
656 499 730 542 cons.
754 508 832 542 rani
844 507 876 525 Ξ.
1175 529 1181 535 .
1211 529 1217 534 Π

148 548 172 579 C
180 559 197 578 o
206 559 225 578 N
235 558 252 578 c
261 558 274 577 ri
283 557 297 576 i>
306 557 324 576 τ
334 556 352 575 o
366 567 374 580 .
394 547 449 574 are.
470 544 603 578 frequent.
626 537 761 568 Arnobius
772 535 818 564 lib.
828 545 854 570 4.
867 530 994 577 adversus
1005 536 1101 575 gentes
1114 552 1122 564 ,
1138 526 1196 574 'His
1210 539 1239 557 in
1256 528 1299 557 lu-

185 596 247 617 cem
265 584 403 623 prodeunt
420 578 642 619 generationibus
660 576 699 605 dii
720 574 815 606 vestri,
837 571 937 615 quibus
958 569 1023 598 asini
1037 590 1045 603 ,
1069 577 1145 605 porci
1163 590 1170 601 ,
1192 575 1273 610 canes
1288 574 1296 594 ε

185 624 283 661 quibus
292 620 434 651 immunda
444 619 503 648 haec
513 616 603 646 omnis
613 619 792 651 conceptatur
808 611 833 641 δι
844 615 965 647 gignitur
975 613 1146 636 terrenarum
1155 604 1297 644 proluvie-a

186 660 353 692 bestiarum?

150 699 360 732 CoNcisus,
381 695 562 724 CONcisii.
601 685 634 719 V.
656 695 843 718 coNcino.

149 736 415 766 CONciro.are.
438 731 470 760 V.
494 736 688 761 couciiio,
710 725 833 754 concies.
1189 755 1195 761 ⁶

149 775 172 806 C
180 784 197 804 o
206 784 225 803 N
236 783 254 803 c
264 776 304 801 ιᾸ
312 782 332 800 Μ
342 781 359 800 o
369 793 376 805 ,
397 766 571 806 [νωιταζοάκ]
592 768 647 794 are.
668 763 756 793 Simul
768 761 893 791 clamare.
933 757 978 787 Est
991 761 1083 786 autem
1101 764 1214 794 proprie
1232 752 1298 784 Prae-

187 812 265 842 conis
274 809 389 839 verbum
402 829 409 842 ‚
429 806 503 844 quod
514 805 551 834 est
565 802 720 833 Praedicere.
731 800 825 844 *Plaun
843 798 929 828 Merc.
942 795 1011 833 prol.
1027 804 1069 830 5¹-
1107 831 1111 837 ,

278 841 595 877 Conclamaretotaurbe
612 841 637 870 ἃ
652 839 812 878 praedicere.
906 833 946 864 Al.
969 832 1181 863 conclamitare.
1218 829 1297 860 Idem

186 886 264 917 Men.
281 896 305 921 ς.
321 895 346 920 9.
360 892 405 920 93.
781 908 788 918 .

563 932 601 937 —
611 924 679 952 ergo
693 922 770 942 nunc
780 922 837 949 Jam
1007 946 1012 952 ⁸
1028 945 1033 950 Π

264 960 311 990 Vis
322 956 499 992 conclamari,
510 955 670 984 auctionem
681 952 741 981 fore
750 952 763 979 ‘2
859 948 918 978 Cic.
929 951 953 976 6.
966 945 1084 982 Philipp.
1094 953 1121 973 2.
1144 943 1239 980 Quum
1250 952 1298 971 vos

185 998 301 1029 universi
312 1020 320 1033 ,
341 1007 396 1026 una
411 1000 504 1025 mente
515 1000 597 1030 atque
610 1000 679 1021 voce
689 1011 697 1025 ,
718 989 819 1018 iterum
833 997 849 1017 a
863 996 907 1015 me
932 984 1120 1014 conservatam
1132 981 1186 1010 effe
1196 979 1297 1018 Remp.

184 1036 447 1104 Ccorii‘bllziirirlsiiiiltssocii
457 1070 551 1099 laetum
561 1066 655 1097 Paeana
665 1064 760 1095 secuti.
783 1063 906 1099 Virg.10.
922 1059 984 1091 AEn.
1000 1063 1064 1096 738.
1085 1057 1105 1087 i.
1118 1066 1143 1086 e.
1165 1056 1222 1086 Prae
1232 1063 1296 1093 gau-

206 1113 253 1141 dio
265 1110 419 1140 efferuntur
429 1108 557 1138 clamore.
681 1140 687 1146 .
784 1137 810 1143 Ἄ

186 1149 367 1181 conclamare
382 1169 390 1182 ,
410 1155 476 1176 cum
493 1142 635 1180 gerundio.
655 1139 728 1176 Virg.
740 1148 765 1168 2.
780 1144 840 1168 mn.
854 1143 919 1171 233.
980 1171 986 1178 ι

263 1185 431 1216 Ducendum
441 1182 475 1213 ad
485 1182 561 1211 sedes
571 1178 745 1209 simulacrum
757 1198 765 1211 ,
789 1174 949 1211 orandaque
960 1167 1030 1201 divae

267 1224 390 1254 Numina
401 1221 585 1251 conclamant.
812 1246 814 1248 ,
846 1249 852 1255 1
889 1248 895 1254 ⁴
942 1247 947 1253 ,

186 1262 398 1292 Cumindecora
411 1258 582 1289 exultatione
593 1252 774 1284 conclamant.
797 1246 916 1286 Quintil.
930 1246 978 1276 lib.
991 1255 1016 1275 2.
1033 1252 1094 1283 cap.
1109 1249 1136 1275 ὰ.

186 1300 366 1329 Conclamate
378 1299 476 1327 iterum
487 1295 582 1324 altiore
594 1300 672 1322 voce.
693 1288 781 1320 Catul.
792 1298 838 1325 40.
854 1291 897 1321 ¹8·
933 1283 1072 1314 Phalaecus
1083 1283 1129 1313 est.

186 1337 367 1367 Conclamare
377 1335 501 1364 adarma.
523 1332 580 1362 Liv.
593 1338 616 1366 3.
631 1338 675 1365 ςο.

186 1375 294 1406 Socios.
316 1370 573 1407 Ovid.3.N1et.73.

186 1409 433 1484 Cbcriglclinnalreqaefi
440 1421 472 1476 rb
485 1405 634 1474 Csaiii'igzell'
649 1410 722 1471 δίζε-εἷ’,
737 1449 760 1468 i.
780 1435 847 1468 Bell.
861 1430 933 1467 Gall.
945 1442 991 1471 47.
1004 1438 1073 1463 extr.
1104 1426 1186 1469 Quos
1208 1430 1296 1470 quum

205 1488 280 1524 apud
296 1486 321 1517 se
335 1487 364 1516 in
380 1487 421 1515 cal
436 1485 469 1514 ris
483 1481 626 1512 Ariovistus
643 1475 842 1520 conspexisset,
863 1474 986 1504 exercitu
996 1472 1044 1516 suo
1057 1470 1189 1509 praesente
1200 1492 1208 1505 ‚
1229 1479 1296 1513 con.

206 1525 351 1559 clamavit,
373 1523 438 1560 quid
451 1522 486 1551 ad
500 1520 526 1550 se
544 1517 691 1548 venirent?
731 1515 762 1545 ln
781 1513 841 1543 aliis
863 1510 1067 1549 exemplaribus
1088 1509 1128 1538 est
1145 1507 1295 1538 Clamavit.

204 1563 259 1593 Sed
272 1563 344 1592 hanc
354 1561 503 1590 lestionem
512 1562 602 1587 tuetur
613 1555 719 1585 Davies.
740 1563 766 1590 q.
780 1551 813 1581 V.

184 1600 299 1630 Planctu
309 1599 466 1629 conclamat
481 1602 594 1632 uterque
609 1591 731 1622 lsthmos.
754 1591 819 1619 Stat.
836 1591 862 1618 ⁶.
873 1583 972 1622 Theb.
987 1594 1030 1622 13·
1178 1616 1179 1620 Ἰ

186 1637 381 1672 conclamari,
399 1633 507 1673 imperf.
545 1631 754 1661 Conclamatum
772 1626 818 1657 est.
857 1624 922 1655 Ter.
940 1624 1009 1653 Eun.
1021 1632 1047 1652 2.
1059 1630 1084 1658 3.
1099 1630 1147 1666 54.
1174 1621 1293 1665 Desine,

203 1677 261 1712 jam
272 1674 476 1704 conclamatum
488 1671 533 1701 est.
574 1668 630 1698 Ubi
647 1668 789 1701 Donatus3
811 1663 1023 1706 Conclamatum
1034 1661 1087 1705 eit,
1115 1659 1295 1689 Transactum

202 1723 236 1743 ac
246 1713 361 1742 finitum.
384 1717 432 1746 ut,
453 1707 631 1739 Conclamata
640 1713 756 1743 corpora
770 1725 779 1738 ,
798 1711 858 1740 quae
874 1699 945 1729 nihil
960 1699 1057 1736 reliqui
1068 1707 1124 1734 Jam
1141 1697 1246 1727 habent
1258 1697 1295 1726 ad

203 1751 266 1781 vitae
277 1750 375 1779 officia.
398 1748 500 1778 Lucan.
517 1756 544 1776 2.
564 1754 609 1781 23.
717 1775 720 1778 ⁴
801 1756 838 1761 —
847 1747 962 1776 corpora
974 1736 1101 1781 nondum

277 1786 454 1817 Conclamata
461 1786 560 1821 jacent.
642 1781 696 1810 Aut
703 1778 916 1809 Conclamatum
925 1796 933 1810 ,
954 1775 1032 1813 Satis?
1042 1772 1216 1811 deploratum
1226 1794 1234 1807 ‚
1256 1770 1294 1817 sa-

201 1825 289 1863 risque
299 1824 476 1855 vociferatum
488 1821 538 1851 est:
561 1818 623 1857 quia
631 1819 754 1852 dixerat,
774 1817 800 1846 O
812 1815 1013 1856 infortunatum
1030 1811 1122 1841 senem
1135 1834 1142 1846 ,
1163 1810 1183 1839 si
1201 1811 1227 1853 ᾅ.
1244 1809 1291 1839 laic

152 1873 155 1878 ·
201 1872 292 1894 amare
305 1862 431 1901 coeperit.
453 1857 693 1896 Tanquamdicat,
715 1854 775 1891 „lam
784 1852 905 1883 occisum
915 1856 1021 1889 patrem
1041 1849 1155 1894 tandem
1178 1847 1291 1891 scu-nus,

200 1902 312 1939 jamque
321 1900 463 1929 deflemus.
476 1897 542 1927 Haec
553 1895 653 1925 Donat.
664 1893 772 1923 Servius
782 1897 875 1921 autem
886 1897 1030 1932 exponens
1041 1886 1113 1916 illud
1123 1890 1148 1915 6.
1158 1885 1290 1930 fEn.21{3.

264 1939 325 1968 Pars
336 1937 440 1968 calidos
452 1935 565 1968 latices,
589 1932 639 1962 ἃς.
723 1929 845 1963 Plinius,
866 1927 978 1963 inquit,
998 1935 1029 1954 in
1046 1923 1164 1968 naturali
1183 1923 1294 1952 historia

203 1976 271 2006 dicit
280 1976 351 2005 hanc
359 1974 413 2005 effe
422 1973 527 2003 causam
541 1977 573 2001 ut
589 1968 689 1999 mortui
707 1969 734 1997 δι
748 1966 837 1997 calida
853 1964 1000 1995 abluantur
1010 1985 1018 1999 ‚
1040 1964 1066 1993 ἃ
1083 1972 1132 2000 per
1150 1960 1294 2005 interval-la

202 2013 428 2044 conclamentur:
451 2010 524 2049 quod
542 2008 610 2038 solet
623 2006 787 2045 plerumque
805 2003 895 2033 vitalis
907 2001 1017 2039 spiritus
1034 1999 1159 2030 exclusus
1180 2005 1292 2042 putari)

203 2051 367 2082 &homines
377 2049 481 2079 fallere.
517 2046 644 2083 Denique
658 2045 740 2073 refert
754 2041 892 2084 quendam
912 2038 1082 2084 suppositum
1097 2046 1171 2075 pyrae
1185 2058 1194 2071 ,
1214 2037 1293 2065 adhi-

202 2089 267 2119 bitis
277 2088 385 2126 ignibus
396 2088 517 2116 erectum
527 2083 593 2119 else,
615 2091 667 2112 nec
683 2080 802 2119 potuisse
821 2078 938 2108 liberari.
978 2076 1061 2106 Unde
1077 2077 1103 2105 84
1117 2074 1294 2104 servabantur

202 2127 333 2157 cadavera
341 2127 404 2155 octo
416 2124 512 2153 diebus
523 2144 531 2157 ,
552 2123 577 2151 &
589 2120 678 2151 calida
691 2118 889 2148 abluebantur:
912 2116 938 2145 &
957 2115 1018 2153 post
1035 2113 1163 2156 ultimam
1182 2111 1294 2141 concla-

201 2165 354 2194 mationem
372 2160 611 2192 comburebantur.
637 2155 713 2187 unde
726 2155 810 2185 traxit
826 2153 974 2184 Terentius
985 2173 993 2188 ,
1016 2151 1131 2187 Desine,
1155 2159 1211 2186 Jam
1228 2159 1293 2179 con-

200 2202 349 2232 clamatum
360 2201 406 2230 est.
440 2199 505 2228 Haec
515 2197 632 2227 Servius.
1008 2225 1014 2232 ἡ
1182 2223 1185 2225 ,
1273 2226 1280 2233 ·

184 2239 362 2270 Conclamare
373 2236 434 2268 vasa
443 2258 451 2271 ,
472 2235 600 2265 Exercitu
610 2232 692 2262 castra
702 2235 811 2260 moturo
819 2251 827 2264 ,
849 2227 1015 2258 conclamari
1026 2225 1095 2270 solet
1106 2231 1138 2254 ut
1147 2224 1207 2265 vasa
1217 2226 1293 2255 colli-

201 2284 275 2315 gant.
315 2275 379 2305 Caes.
391 2285 413 2304 1.
426 2273 492 2303 Bell.
506 2272 586 2314 Civil.
601 2274 646 2300 66.
666 2270 731 2306 Quo
744 2268 855 2305 cognito
865 2266 971 2303 signum
987 2265 1046 2294 dari
1066 2263 1163 2300 Jubet,
1186 2265 1213 2294 &
1233 2264 1294 2294 vasa

201 2314 312 2344 militari
325 2322 401 2342 more
413 2310 589 2341 conclamari.
882 2344 884 2347 .
1216 2339 1221 2345 .

148 2353 170 2384 C
179 2363 196 2382 o
204 2362 223 2381 N
234 2362 251 2381 c
259 2363 275 2380 i.
285 2361 303 2380 A
313 2362 334 2380 Μ
346 2361 364 2379 A
372 2359 407 2378 τι
418 2359 436 2378 o
444 2371 452 2384 ,
472 2348 554 2379 finis„
563 2347 582 2376 f.
611 2343 799 2382 [υπς’όηα-ις]
819 2339 976 2372 Multorum
995 2338 1107 2369 clamor.
1128 2338 1191 2369 Sen.
1203 2338 1251 2368 lib.
1267 2349 1292 2369 1.

184 2390 219 2419 de
233 2388 389 2419 Clementia
402 2396 462 2424 cap.
477 2394 519 2415 12.
542 2383 575 2413 Et
589 2392 674 2421 quum
685 2381 732 2410 ille
747 2381 776 2410 in
787 2380 881 2410 vicino
896 2379 931 2408 ad
945 2377 1033 2407 aedem
1043 2376 1164 2421 Bellonae
1175 2376 1293 2413 sedens,

184 2426 335 2458 exaudisset
348 2424 600 2455 conclamationem
609 2426 652 2450 tot
661 2419 780 2463 millium
789 2416 837 2461 sub
847 2416 938 2454 gladio
955 2423 1127 2453 gementium
1136 2436 1144 2451 ‚
1161 2416 1211 2445 Sto.

184 2465 333 2498 Lamenta,
353 2461 596 2493 conclamationes.
616 2457 708 2488 Tacit.
720 2467 746 2492 4.
763 2455 830 2485 Hist.
849 2465 872 2484 i.
938 2486 942 2488 .
982 2497 984 2500 Α
1251 2495 1254 2498 y

148 2503 170 2534 C
178 2513 196 2533 o
204 2513 224 2532 N
235 2512 252 2531 c
262 2513 278 2530 L
286 2511 303 2531 A
314 2512 334 2530 M
343 2502 355 2530 ῑ
363 2510 383 2529 τ
392 2509 409 2529 o
418 2521 427 2535 ,
454 2496 669 2535 [affluendum]
688 2497 742 2524 ire.
769 2493 908 2531 frequent.
936 2489 1022 2521 Plaut.
1044 2490 1132 2521 Mete.
1155 2488 1228 2528 prol.
1249 2499 1293 2526 31.

185 2538 389 2570 Conclamitare
399 2543 456 2566 tota
469 2534 550 2570 urbe,
575 2535 601 2564 δι
611 2532 768 2571 praedicare.
862 2566 868 2573 ⁸
1185 2559 1188 2562 Δ

147 2578 170 2609 C
179 2588 195 2607 o
207 2588 225 2607 N
235 2587 253 2606 c
262 2588 278 2606 i.
288 2587 306 2605 A
316 2586 331 2605 o
343 2586 361 2605 o
371 2585 403 2610 o,
423 2574 440 2603 si
449 2596 456 2610 ,
477 2573 536 2603 sum
546 2594 554 2607 ,
574 2569 737 2608 [συγκλάω]
758 2570 812 2598 Ere.
841 2565 929 2597 Simul
947 2565 1075 2595 claudere
1085 2587 1093 2600 ,
1114 2564 1293 2596 concludere.

186 2615 276 2650 Unde,
297 2611 448 2643 Conclausa
461 2611 562 2640 semina
574 2608 648 2646 apud
660 2606 795 2636 Columel.
807 2605 854 2634 lib.
868 2614 892 2641 3.
909 2613 968 2642 cap.
986 2613 1028 2633 12.
1050 2602 1207 2641 Eademque
1217 2604 1295 2633 velut

186 2651 331 2682 conclausa
345 2651 516 2681 &coarctata
533 2647 636 2676 semina
652 2645 835 2682 comprimere
856 2648 938 2686 atque
953 2640 1127 2678 strangulare.
1163 2641 1219 2671 Sed
1237 2642 1295 2679 ple..

186 2699 302 2726 rumque
315 2688 440 2718 scribitur
449 2687 470 2716 C
478 2696 495 2715 o
503 2695 523 2715 N
533 2695 573 2714 ci.
583 2694 600 2713 u
611 2694 628 2712 D
638 2693 656 2712 o
667 2704 676 2718 ,
697 2681 774 2719 quod
801 2680 833 2724 V..
859 2680 938 2709 infra.
990 2714 998 2724 x
1120 2714 1126 2724 Ι
1225 2717 1237 2723 Ν

148 2728 301 2759 ΟοΝειΚ
313 2736 369 2761 vii,
390 2726 421 2754 is.
443 2734 470 2754 n.
491 2722 535 2753 vel
554 2722 800 2753 CoNccAvis,
821 2727 853 2747 is.
874 2717 893 2746 f.
915 2718 1011 2753 [μυχις
1033 2721 1178 2752 trunsum,
1200 2714 1295 2753 ὣηςες]

184 2766 222 2796 est
242 2766 253 2801 (
265 2763 396 2801 inquitad
407 2761 473 2792 Ter.
487 2761 555 2790 Eun.
571 2768 595 2796 3.
614 2769 638 2794 5.
652 2767 694 2794 35.
708 2755 854 2791 Donatus)
875 2755 1028 2798 Separatior
1046 2752 1124 2782 locus
1143 2755 1172 2782 in
1183 2755 1297 2783 interio-

184 2803 258 2833 ribus
267 2802 361 2832 tectis:
384 2800 427 2829 vel
441 2799 515 2836 quod
526 2798 596 2826 intra
607 2795 742 2825 eumloca
754 2793 840 2823 multa
850 2793 876 2822 &
887 2792 1015 2822 cubicula
1035 2790 1124 2820 clausa
1137 2791 1188 2820 sint
1206 2792 1297 2836 {³th-

184 2841 271 2871 rentia
281 2838 412 2869 triclinio.
423 2834 582 2869 Conclavia,
591 2833 793 2863 dicunturLoca
807 2840 865 2868 quae
877 2839 931 2860 una
941 2829 1018 2858 clave
1028 2828 1299 2865 clauduntur,inquit

185 2878 284 2908 Festus.
299 2877 327 2906 V.
341 2876 419 2906 infra.
434 2874 497 2904 Ter.
506 2873 605 2903 Heaut.
617 2882 641 2906 ς.
656 2879 733 2906 Lao.
754 2870 797 2899 Est
807 2868 875 2898 mihi
884 2867 989 2896 ultimis
1003 2866 1134 2896 conclave
1149 2867 1180 2895 in
1191 2867 1297 2897 aedibus

184 2915 322 2953 quoddam
331 2920 411 2943 retro.
432 2912 476 2942 Sic
487 2911 544 2941 Cic.
561 2920 583 2939 1.
594 2910 630 2939 de
641 2908 736 2938 Divin.
747 2911 792 2936 26.
813 2904 952 2948 Conclave
965 2904 1046 2940 illud,
1064 2903 1112 2933 ubi
1125 2910 1182 2934 erat
1190 2905 1296 2935 mansu.

185 2963 230 2982 rus
240 2975 247 2986 ,
269 2952 287 2981 si
298 2953 336 2981 ire
347 2949 504 2989 perrexisset
515 2970 524 2984 ,
544 2947 672 2986 proxima
685 2946 768 2975 nocie
779 2947 890 2973 corruit.

185 2990 366 3020 Committere
378 2988 404 3018 se
414 2989 442 3017 iri
453 2985 596 3017 conclave.
634 2983 666 3013 V.
690 2990 708 3012 c
717 2992 734 3012 o
743 2993 763 3012 Μ
774 2993 794 3011 Μ
805 2990 841 3025 ir
849 2989 870 3009 Τ
879 2989 909 3024 0'.
942 3017 948 3024 .
972 3016 990 3024 .-

184 3028 322 3058 Conclave
332 3027 430 3056 Cicero
441 3035 490 3063 pro
501 3022 638 3053 Triclinio
649 3019 712 3051 usus
723 3020 775 3054 est,
796 3018 861 3048 licet
877 3016 990 3047 triclinii
1007 3014 1144 3047 vocabulo
1163 3020 1255 3046 utatur
1266 3020 1292 3047 6.

204 3065 276 3094 Verr.
292 3070 333 3100 58.
359 3064 428 3093 Nam
444 3069 474 3092 ut
488 3063 516 3091 in
528 3059 630 3098 singula
641 3057 784 3087 conclavia
794 3078 802 3091 ,
824 3065 884 3092 quoe
894 3055 942 3084 iste
955 3065 1011 3084 nori
1020 3056 1105 3084 modo
1117 3055 1210 3098 Romae
1221 3076 1229 3090 ,
1246 3054 1293 3084 sed

203 3102 331 3132 omnibus
342 3101 370 3130 in
382 3101 456 3130 villis
467 3099 565 3134 habet,
585 3097 706 3127 tricenos
714 3095 799 3125 leetos
808 3094 914 3131 optime
928 3093 1022 3137 stratos
1034 3102 1096 3122 cum
1106 3099 1204 3122 ceteris
1213 3099 1293 3122 orna.

203 3141 302 3170 mentis
313 3139 432 3169 convivii
443 3142 584 3175 quaereret,
599 3135 716 3164 nimium
728 3132 814 3162 multa
826 3139 987 3175 comparare
996 3132 1142 3160 videretur.
1164 3130 1290 3161 Budaeus.

185 3178 351 3207 Convertere
361 3174 492 3205 conclave
504 3175 533 3203 in
548 3172 627 3203 usum
639 3171 749 3202 aediuin.
789 3169 918 3199 Neratius
929 3170 957 3197 in
972 3169 990 3197 l.
1004 3168 1088 3205 Quod
1100 3167 1240 3211 conclave.
1256 3169 1290 3212 D.

202 3215 236 3244 de
250 3215 355 3244 Damno
368 3214 471 3243 infecto
483 3235 490 3248 ,
515 3210 600 3248 Quod
616 3208 749 3239 conclave
769 3207 894 3237 binarum
912 3207 1013 3235 :edium
1031 3207 1161 3235 dominus
1180 3214 1215 3234 ex
1231 3205 1292 3235 aliis

202 3252 306 3282 aedibus
318 3253 346 3281 in
355 3252 466 3281 aliarum
478 3250 580 3279 :edium
593 3247 670 3277 usum
688 3246 843 3278 convertit,
864 3245 916 3274 &c
957 3243 1011 3272 Ubi
1028 3243 1167 3272 Conclave
1179 3264 1187 3278 ‚
1209 3242 1291 3272 Cubi-

204 3290 294 3319 culum
305 3289 347 3319 vel
358 3297 550 3326 quamcunque
560 3284 667 3316 aedificii
682 3290 787 3321 partem
796 3292 893 3312 vocare
902 3281 1013 3311 videtur
1024 3303 1032 3317 ‚
1054 3282 1088 3310 ad
1097 3280 1173 3319 quod
1184 3280 1290 3311 duabus

202 3327 322 3356 clavibus
332 3327 472 3356 acceditur
485 3347 492 3359 ,
514 3325 544 3354 id
555 3323 593 3353 est
608 3322 717 3352 duobus
731 3322 812 3350 ostiis.
834 3320 961 3349 Budaeus.

184 3363 296 3393 Currere
307 3374 354 3402 per
364 3371 453 3393 totum
464 3362 606 3392 conclave.
630 3361 693 3390 Hor.
705 3369 731 3388 2.
744 3359 830 3388 Serm.
843 3361 869 3387 6.
883 3367 893 3386 i
902 3367 912 3401 i
920 3366 944 3391 3.

183 3400 295 3430 Inferior
309 3404 428 3438 porticus
440 3403 466 3430 ἅ
477 3401 534 3436 ejus
544 3397 685 3428 conclavia
692 3397 762 3426 fiunt
774 3398 854 3426 reete.
879 3394 936 3424 Cic.
951 3403 974 3430 3.
987 3392 1022 3431 Ω,
1036 3392 1096 3423 frat.
1107 3403 1134 3429 4.

147 3438 169 3468 C
177 3448 193 3466 o
201 3448 221 3467 N
231 3448 248 3467 c
256 3450 271 3467 i.
281 3449 298 3467 A
307 3448 322 3467 v
335 3443 348 3467 ,ἶ
360 3449 378 3467 τ
390 3449 406 3467 υ
417 3449 439 3471 ε,
454 3448 478 3470 a,
498 3448 554 3467 um.
578 3435 751 3466 Conclavatae
760 3457 768 3468 ,
790 3433 952 3463 dicebantur
965 3432 1035 3468 Qiae
1046 3431 1094 3461 sub
1104 3431 1202 3460 eadem
1211 3436 1289 3460 crant

185 3476 267 3505 clave.
308 3476 403 3505 Aut’tor
413 3475 509 3505 Festus.
550 3476 565 3510 [
572 3473 668 3509 Scalig.
702 3472 851 3501 Conclavia
869 3470 943 3508 legit.
987 3470 1043 3507 Ego
1062 3469 1158 3499 malim
1172 3468 1289 3499 Concla.

183 3514 253 3542 viata
264 3535 272 3547 ,
291 3514 373 3542 velut
384 3516 411 3543 in
422 3513 502 3543 ffloff.
515 3512 559 3542 Gr.
576 3512 629 3541 Lat.
651 3510 796 3540 Conclava.
820 3509 850 3538 V.
871 3510 905 3537 ad
917 3507 970 3545 seq.
984 3508 1050 3539 dier.

147 3550 193 3579 Co
204 3560 221 3578 N
233 3560 250 3579 c
261 3561 276 3579 L
286 3561 303 3579 A
315 3560 346 3578 vi
358 3561 374 3579 u
385 3562 422 3585 Μ,
446 3552 461 3579 i.
485 3561 510 3580 n.
534 3546 650 3586 [μυχὲε]
673 3549 757 3577 ldem.
780 3546 974 3580 Planci-1114.
986 3555 1010 3574 2.
1023 3556 1067 3582 ²4·

271 3588 357 3617 Etiam
368 3591 466 3625 rogitas
476 3611 482 3620 .
504 3587 612 3616 sceleste
624 3587 710 3615 'nomo
721 3607 728 3619 ,
748 3587 793 3622 qui
805 3584 919 3621 angulos
930 3593 1027 3612 omnes

275 3625 395 3654 mearum
413 3626 512 3654 aedium
529 3627 555 3654 ἃ
578 3624 752 3654 conclavium
771 3622 837 3651 milii
862 3622 986 3659 pervium
1008 3619 1121 3650 facitis?
1209 3619 1286 3650 conf.

182 3660 265 3696 ejusd.
281 3662 356 3690 Most.
372 3673 394 3693 ι.
408 3673 432 3691 2.
449 3668 506 3695 158·
530 3662 667 3691 Vitruvius
677 3667 701 3689 6.
715 3672 738 3694 ς.
751 3669 790 3697 pr.
816 3661 886 3688 dixit
896 3659 1108 3688 Conclaviorum
1116 3656 1285 3687 altitudines.

182 3700 227 3728 ubi
239 3698 358 3727 l'luland.
374 3699 423 3728 Pro
434 3700 605 3729 conclavium
616 3701 721 3728 dietum
732 3700 778 3733 est,
800 3698 899 3727 variata
911 3698 1040 3726 flexione.
1080 3697 1094 3731 [
1108 3696 1186 3733 Apud
1200 3694 1284 3724 plaut.

181 3746 221 3773 pr.
235 3736 285 3764 loc.
308 3737 427 3765 Turncb.
441 3747 473 3765 ex
490 3737 548 3766 Mis.
569 3737 690 3766 Perviam
703 3737 786 3770 legit,
808 3735 986 3771 quomodo&
998 3735 1120 3763 Gronov.
1137 3733 1242 3762 edidit:
1257 3733 1286 3761 in

181 3774 330 3810 posteriore
341 3774 479 3802 manifeste
495 3784 520 3802 n.
535 3774 571 3811 pl.
583 3775 637 3807 est,
658 3777 755 3802 arceto
766 3774 912 3802 Cone-live.
954 3773 985 3801 Et
994 3772 1067 3808 apud
1081 3771 1182 3800 vitruv.
1195 3770 1286 3799 forsan

180 3820 254 3839 error
264 3812 308 3839 est.
350 3811 435 3839 Etiam
447 3812 474 3839 in
486 3811 566 3840 Glosst
580 3819 671 3840 tamen
686 3812 741 3840 Lat.
753 3811 797 3838 Gr.
815 3811 979 3843 conclavia,
1000 3810 1112 3837 amoime.
1149 3808 1203 3836 Sed
1212 3808 1287 3837 vide-

180 3855 222 3876 tur
239 3848 384 3881 legendum
404 3858 526 3876 συνοίκων.
549 3849 600 3884 [g.
624 3850 694 3877 Nam
712 3849 740 3876 in
759 3850 852 3876 Gnaeo
874 3848 928 3876 Lat.
948 3857 1072 3879 συιοωιικ,
1095 3846 1286 3881 Conchwum,

180 3885 341 3917 conclavia.
365 3885 460 3913 lnsula.
484 3885 511 3913 V.
533 3886 615 3914 Henr.
633 3886 726 3918 Stet-h.
741 3885 821 3914 Thes.
835 3886 876 3914 Gr.
900 3885 965 3913 rest.
988 3884 1122 3919 adjective
1134 3893 1237 3920 ponere
1248 3884 1288 3912 vi-

180 3923 254 3950 detui
268 3925 294 3949 iu
306 3923 468 3953 concini-ia.
492 3924 561 3958 quasi
576 3933 589 3951 a
605 3923 770 3951 Concluvius
782 3943 789 3954 .
811 3932 825 3950 a
837 3944 844 3956 ,
869 3932 937 3956 uin,
960 3922 1004 3950 vel
1022 3922 1188 3954 Conclavis,
1209 3930 1232 3949 e.

143 3958 190 3987 Co
201 3970 216 3986 N
229 3971 266 3988 ci.
277 3963 292 3987 ῦ
304 3970 320 3987 υ
331 3969 347 3987 o
358 3981 364 3993 ‚
388 3961 403 3987 si
416 3982 422 3991 .
445 3958 499 3987 sum
510 3982 516 3990 .
538 3961 700 3996 [cv7‹›.e‹'m,
725 3957 891 3995 cvlungoeim,
908 3960 1109 3993 avywmxxnebu,
1131 3958 1286 3993 omnnem,

180 4008 199 4021 ε’
211 3994 321 4031 “offlam
332 4018 340 4032 ‚
357 3998 481 4032 συνάψω]
503 4002 558 4027 ere.
579 3998 666 4027 Simul
676 3997 814 4026 claudere.

1829 101 1859 137 C
1956 103 1992 138 O
2088 103 2125 139 N

1387 186 1473 215 Auras
1484 181 1654 213 concludere
1662 180 1785 211 follibus.
1811 183 1879 212 Hor.
1903 193 1925 213 1.
1948 184 2071 220 Serm.4.
2087 194 2129 221 19.

1387 222 1563 252 Concludere
1575 222 1604 249 in
1614 230 1716 253 cavea,
1734 221 1813 254 navi,
1832 223 1883 250 dte.
1906 221 1992 251 Pluut.
2011 223 2092 252 Cure.
2107 233 2131 259 3.
2144 222 2190 257 80.

1580 274 1616 278 ——
1630 258 1692 295 quia
1704 259 1819 286 enimin
1830 268 1912 287 cavea
1925 260 1939 287 si
1953 260 2044 289 forent

1467 294 1602 338 Conclufi.
1620 333 1625 338 Ι
1697 294 1776 338 idem
1787 292 1860 325 Rud.
1873 306 1899 326 2.
1911 305 1934 333 3.
1949 302 1993 326 61.
2017 296 2124 327 Ibidem
2134 298 2164 326 in
2175 296 2467 336 naviconcluditipse.

1386 334 1604 400 Inteliligentiam
1618 342 1647 362 in
1659 343 1763 368 anim0‚
1774 334 1899 363 animum
1911 334 2046 364 conclusit
2054 336 2084 364 in
2093 344 2209 373 corpore
2220 335 2297 365 deus.
2323 335 2381 366 Cic.
2395 337 2430 366 de
2442 336 2510 365 Uni*

1407 383 1448 401 vet
1467 396 1470 399 .
1485 378 1510 403 8.

1387 408 1562 439 Concludere
1574 407 1599 436 se
1610 408 1639 435 in
1654 406 1762 436 cellam.
1785 408 1850 438 Ter.
1865 408 1940 438 adei.
1957 419 1981 444 4.
1996 419 2022 439 2.
2039 418 2081 445 13.
2409 441 2411 443 ,

1468 447 1537 475 Nam
1549 446 1655 480 mejam
1667 446 1694 474 in
1709 445 1808 475 cellam
1821 443 1940 483 aliquam
1953 456 2017 477 cum
2030 447 2076 477 illa
2086 446 2254 478 concludam
2265 470 2273 484 ,
2293 446 2323 477 id
2333 447 2506 479 tutIffiniu’st.

1405 483 1482 513 Plaut
1505 483 1590 513 Calin.
1609 493 1629 511 ι-
1646 493 1689 517 44.
1712 484 1886 513 Concludere
1905 482 1932 512 in
1947 485 2091 514 fenestram
2105 485 2228 515 firmiter.

1386 523 1544 588 lzpargum
1554 520 1694 557 quendam
1705 522 1730 550 ὃς
1742 522 1885 560 angustum
1894 521 1988 551 locum
2002 523 2176 553 concludere
2193 524 2239 560 jus
2249 522 2340 554 civile.
2364 522 2422 553 Cic.
2435 533 2456 552 1.
2473 523 2510 554 de

1429 571 1443 589 Ε
1464 570 1470 588 l
1495 583 1499 587 .
1518 568 1555 595 ¹7.

1386 571 1562 627 Congeludere
1570 595 1672 631 aliquo.
1693 595 1755 626 Ter.
1772 596 1841 627 Eun.
1856 607 1880 631 4.
1894 605 1920 633 3.
1930 606 1976 632 ²⁴·

1387 634 1547 664 concludar
1556 634 1618 662 huc.
1660 633 1722 662 Ter.
1737 635 1804 664 And.
1817 643 1877 672 2.3.
1891 644 1934 665 12.
1956 635 1993 665 Ut
2003 635 2036 664 ab
2046 632 2094 664 illa
2106 632 2259 671 excludar,
2280 632 2507 667 hucconcludar.

1409 673 1517 709 Legitur
1529 673 1554 701 ἃ
1574 672 1631 700 Hac
1644 672 1805 702 concludar.

1388 710 1562 740 Concludere
1577 719 1618 738 res
1630 710 1729 738 multas
1740 710 1767 738 in
1780 720 1866 739 unum
1878 708 1962 740 diem.
1983 710 2049 740 Ter.
2063 710 2133 739 Eun.
2150 720 2174 746 5.
2188 720 2213 744 9.
2235 718 2278 748 17.

1522 763 1559 767 -—
1569 756 1604 776 an
1613 747 1753 776 fortunam
1765 747 1922 778 collaudem
1937 771 1945 783 ,
1966 758 2026 784 quae
2040 747 2217 785 gubernatrix
2229 748 2283 777 fuit
2294 770 2304 783 ,

1467 785 1537 822 Quae
1550 791 1590 814 tot
1600 794 1641 813 res
1651 804 1658 819 ,
1679 790 1768 815 tantas
1777 807 1785 821 ,
1806 792 1862 815 tam
1871 792 2030 824 opportune
2042 787 2071 814 in
2083 795 2171 815 unum
2181 784 2317 816 conclusit
2328 783 2404 816 diem
2413 785 2428 815 ‘3

1388 824 1564 890 anplugere
1584 822 1706 859 aliquem
1723 824 1753 852 in
1777 824 1992 862 angustilsimam
2016 823 2165 853 formulam
2181 824 2342 863 sponsionis.
2374 824 2432 854 Cic.
2454 833 2510 863 pro

1433 872 1448 890 0
1464 871 1487 890 C.
1526 870 1580 889 om.
1601 871 1640 894 [ς.

1387 900 1488 966 OCrator
1499 897 1677 965 cgncguditur
1693 898 1723 928 in
1734 907 1767 928 ea
1784 921 1793 935 ,
1814 909 1874 936 quae
1887 899 1950 929 sunt
1966 900 1996 929 in
2008 899 2057 929 usu
2068 899 2216 930 civitatum
2230 898 2335 938 vulgari
2348 909 2381 930 ac
2397 899 2507 930 forenfi.

1433 938 1464 966 ic.
1481 947 1502 966 i.
1537 946 1551 965 e
1590 943 1638 965 rat.
1654 940 1712 965 160.

1387 975 1514 1009 Cingitur
1530 982 1612 1011 atque
1622 974 1800 1004 concluditur
1810 974 1869 1013 ipse
1886 981 1983 1013 portus
1991 974 2069 1004 urbe.
2093 974 2152 1006 Cic.
2165 983 2192 1011 7.
2203 973 2280 1004 Verr.
2293 984 2339 1010 ος.

1385 1012 1469 1042 Sulco
1481 1011 1651 1041 concludere
1662 1009 1756 1041 locum
1767 1014 1850 1042 tecto.
1865 1013 1938 1051 Virg.
1956 1023 1977 1042 i.
1987 1013 2049 1043 AEn.
2058 1021 2123 1049 429.
2144 1013 2164 1043 i.
2173 1021 2198 1043 e.
2212 1013 2254 1043 Ad
2264 1014 2378 1043 testum.
2388 1013 2509 1043 Servius..

1387 1051 1480 1080 Domo
1489 1047 1611 1085 aliquem
1627 1050 1807 1080 concludere.
1829 1051 1893 1080 Seri.
1909 1051 2025 1089 Hippol.
2037 1060 2064 1080 2.

1385 1087 1581 1123 Concludere,
1603 1097 1654 1124 pro
1665 1088 1812 1125 Obturare.
1833 1088 1921 1118 Valet.
1938 1099 1961 1118 r.
1979 1090 2079 1126 Argon.
2089 1093 2154 1124 480.

1384 1125 1584 1160 Concludere,
1604 1125 1705 1155 Finire.
1745 1125 1803 1156 Cic.
1813 1126 1849 1156 de
1860 1127 1968 1156 Amicit.
1983 1136 2026 1162 29.
2051 1125 2244 1163 Quamobrem
2256 1125 2291 1155 ad
2302 1125 2379 1156 illam
2387 1126 2510 1165 primam

1404 1165 1565 1198 redeamus,
1586 1162 2011 1202 eamqueipsamconcludamus
2020 1163 2179 1202 aliquando.
2201 1163 2328 1194 Budaeus.

1383 1198 1539 1269 Vgrborum
1560 1201 1713 1239 descriptus
1734 1202 1805 1232 ordo
1826 1202 1893 1233 alias
1909 1202 1963 1233 alia
1978 1202 2178 1233 terminatione
2198 1200 2385 1232 concluditur.
2408 1200 2467 1232 Cic.
2478 1201 2511 1231 in

1434 1245 1482 1268 rat.
1496 1249 1559 1268 200.

1383 1277 1564 1307 'Concludere
1574 1283 1656 1314 atque
1665 1286 1802 1314 perorare.
1827 1278 1885 1308 Cic.
1900 1288 1925 1308 2.
1938 1278 1973 1308 de
1985 1278 2062 1308 Orat.
2076 1286 2140 1315 307.

1383 1314 1561 1345 Concludere
1571 1324 1603 1344 ac
1614 1315 1729 1344 definire
1738 1317 1905 1347 orationem.
1945 1316 2002 1346 Cic.
2017 1320 2044 1347 6.
2059 1316 2135 1346 Verr.
2152 1323 2214 1351 115.
2244 1314 2283 1345 Ut
2298 1314 2450 1352 aliquando
2463 1320 2507 1344 to-

1403 1360 1461 1382 tam
1469 1353 1551 1389 hujus
1562 1353 1670 1391 generis
1681 1354 1838 1384 orationem
1847 1354 2015 1384 concludam
2024 1364 2056 1384 ac
2068 1354 2210 1384 definiam.

1382 1390 1561 1421 Concludere
1576 1390 1663 1420 multa
1674 1400 1731 1420 uno
1748 1391 1812 1422 fine.
1851 1392 1909 1422 Cic.
1921 1404 1947 1427 4.
1964 1392 2001 1422 de
2013 1392 2104 1423 Finib.
2123 1401 2166 1427 19.
2201 1390 2235 1420 Et
2251 1389 2308 1420 duo
2323 1389 2405 1420 nobis
2423 1399 2509 1428 opera

1403 1439 1455 1467 pro
1466 1438 1522 1458 uno
1533 1428 1710 1465 relinquunt,
1732 1436 1762 1458 ut
1781 1430 1834 1459 alia
1850 1430 1989 1461 sumamus
2002 1451 2011 1467 ‚
2031 1430 2088 1461 alia
2106 1434 2289 1469 appetamu8‚
2310 1429 2406 1468 potius
2425 1435 2509 1467 quam

1390 1477 1461 1503 ,uno
1478 1466 1534 1496 fine
1547 1467 1642 1496 omnia
1658 1465 1840 1498 concludant.

1384 1505 1672 1542 Argumentationem.
1695 1504 1753 1534 Cic.
1762 1506 1792 1534 in
1803 1506 1881 1536 Orat.
1895 1510 1957 1536 1‘22.

1386 1544 1587 1580 Argumentum
1596 1543 1713 1571 ratione.
1736 1542 1794 1573 Cic.
1807 1544 1837 1572 in
1848 1542 1926 1574 Orat.
1945 1552 2008 1580 137.

1383 1579 1587 1610 ‘Conclusurum
1596 1589 1641 1610 me
1653 1579 1706 1609 esse
1720 1581 1825 1611 crimen
1835 1582 2017 1612 decumarum
2027 1581 2161 1611 dixeram.
2184 1580 2243 1610 Cic.
2257 1590 2282 1616 ς.
2299 1579 2375 1610 Verr.
2388 1582 2451 1616 163.

1384 1616 1535 1684 Epistdlam
1546 1617 1728 1648 concludere.
1742 1618 1801 1649 Cic.
1815 1630 1842 1656 9.
1862 1622 1918 1650 Att.
1933 1630 1976 1650 ιο.
1987 1619 2141 1650 Concludis
2150 1618 2295 1658 epistolam
2305 1618 2444 1656 quandam
2454 1616 2509 1649 hoc

1405 1666 1451 1685 nio
1475 1666 1500 1685 o.

1384 1694 1549 1724 Extremum
1559 1690 1745 1724 concluditur.
1767 1693 1826 1725 Cic.
1841 1704 1884 1725 11.
1900 1697 1954 1726 Art.

1383 1730 1599 1768 Perorationem.
1623 1731 1681 1760 Cic.
1699 1732 1729 1761 in
1743 1732 1818 1762 Orat.
1836 1742 1898 1763 122.
2119 1764 2122 1767 Δ

1383 1770 1559 1837 Ξῗηεειὲῑῐεὲιῐ
1576 1769 1834 1836 οἰτὸιιηιῑεκίριίοηε
1861 1771 1981 1809 quadam
2004 1768 2248 1809 comprehendere
2269 1776 2303 1800 ac
2324 1765 2507 1801 concludere.

1421 1817 1465 1837 Λα.
1498 1817 1513 1836 e
1562 1815 1598 1836 ar.
1642 1814 1690 1837 rat.
1744 1831 1750 1838 .

1380 1844 1659 1882 Sententiasex-plere
1667 1818 1751 1884 attide
1761 1846 1941 1877 concludere.
1965 1847 2021 1876 Cic.
2034 1846 2063 1876 iri
2074 1846 2152 1877 Orat.
2168 1854 2230 1882 130.
2378 1877 2388 1889 ,

1383 1883 1497 1913 Versum
1507 1883 1676 1913 concludere
1686 1905 1695 1919 ,
1716 1885 1754 1914 est
1767 1884 1878 1915 Versum
1888 1885 2020 1924 perficere
2031 1884 2086 1914 suis
2097 1884 2220 1915 numeris
2231 1885 2257 1915 ἀ
2265 1882 2388 1923 pedibus
2398 1903 2407 1920 ,
2428 1878 2509 1916 nulla

1401 1922 1489 1951 etiam
1499 1921 1621 1951 adhibita
1630 1921 1774 1959 elegantia.
1798 1923 1863 1952 Hor.
1878 1933 1901 1952 r.
1918 1924 2003 1952 Serm.
2015 1935 2041 1957 4·
2052 1932 2098 1958 40·

1580 1975 1617 1979 —
1631 1969 1722 1997 neque
1733 1961 1812 1990 enim
1824 1960 1994 1991 concludere
2005 1960 2116 1991 versum

1381 2031 1384 2034 .
1464 1997 1575 2026 Dixeris
1584 1997 1637 2026 effe
1647 1997 1717 2027 satis.

1380 2035 1567 2065 Concluditur
1577 2036 1665 2065 verbis
1675 2036 1835 2072 interdicti,
1856 2035 2177 2075 proComprehenditur.
2200 2032 2258 2066 Cic.
2270 2042 2321 2074 pro
2339 2035 2443 2065 Caecin.
2457 2043 2502 2071 35.

1402 2073 1440 2103 Ea
1452 2073 1556 2102 tametsi
1567 2073 1656 2102 verbis
1667 2074 1809 2104 interdicti
1818 2080 1878 2105 non
1891 2074 2087 2105 concluditur:
2108 2079 2203 2104 tamen
2221 2074 2357 2104 sententia
2377 2073 2446 2110 juriS
2465 2079 2506 2102 at-

1404 2116 1458 2147 que
1474 2111 1635 2140 auctoritate
1647 2112 1790 2142 retinetur.

1384 2144 1455 2178 Laus
1465 2149 1600 2185 aequitatis
1612 2171 1620 2182 ,
1641 2150 1806 2187 integritatis
1814 2171 1823 2185 ‚
1843 2150 2002 2187 facilitatis,
2022 2149 2059 2180 ad
2068 2156 2226 2180 extremum
2235 2148 2368 2179 ludorum
2379 2147 2507 2187 volupta-

1403 2193 1433 2216 te
1442 2186 1628 2216 concluditur.
1651 2187 1707 2217 Cic.
1720 2198 1771 2226 pro
1782 2188 1893 2218 Mu'ren.
1907 2195 1954 2223 41.

1344 2223 1370 2256 C
1381 2234 1451 2255 oric
1463 2235 1477 2252 L
1488 2228 1526 2253 us
1537 2234 1593 2260 us,
1613 2222 1895 2263 [συγκεκλεισμῖύῶω]
1915 2226 2014 2257 Partic.
2034 2231 2084 2263 ut,
2104 2220 2243 2256 Conclusa
2264 2232 2344 2262 aqua.
2365 2222 2424 2254 Cic.
2432 2233 2459 2255 2.
2472 2223 2509 2255 de

1387 2263 1449 2293 Nat.
1462 2261 1542 2291 Deor.
1558 2271 1602 2292 ιο.

1386 2301 1471 2330 Corio
1481 2299 1616 2329 conclusae
1633 2310 1684 2330 res.
1703 2300 1813 2332 Lucret.
1827 2300 1876 2331 lib.
1890 2313 1915 2337 4.
1931 2310 1996 2338 934.

1464 2337 1668 2375 Proptereaque
1679 2338 1736 2368 fere
1751 2349 1794 2369 res
1804 2349 1903 2370 omnes
1916 2362 1924 2374 ,
1945 2348 1992 2370 aut
2005 2339 2082 2369 corio
2093 2337 2157 2368 sunt
2167 2360 2176 2374 ,

1464 2377 1517 2405 Aut
1525 2381 1589 2405 cute
1599 2376 1747 2409 conclusae.
1762 2379 1814 2407 διο.
1898 2377 1983 2408 Hunc
1993 2386 2088 2407 autern
2097 2374 2335 2406 mendosiffimum
2345 2372 2400 2405 esse
2408 2374 2504 2407 locum

1401 2418 1484 2443 notat
1495 2413 1644 2443 Lambinus
1657 2424 1665 2450 ;
1688 2416 1714 2444 &
1723 2415 1816 2445 Lectio
1830 2416 1859 2444 in
1866 2415 2012 2445 hodiernis
2022 2413 2193 2444 editionibus
2209 2414 2246 2444 sic
2256 2414 2407 2444 restituitur
2415 2435 2426 2450 ‚

1468 2452 1520 2481 Aut
1532 2453 1614 2481 etiam
1626 2453 1743 2482 conchis
1755 2475 1763 2489 ,
1784 2460 1831 2483 aut
1841 2453 1912 2483 callo
1922 2475 1930 2490 ‚
1951 2461 1999 2484 aut
2013 2453 2119 2483 cortice
2130 2453 2221 2482 tectae.

1387 2482 1478 2519 [ocus
1488 2490 1640 2520 conclusus.
1665 2490 1772 2520 Lucret.
1784 2491 1834 2521 lib.
1849 2502 1873 2527 4.
1887 2495 1952 2528 4⁶0.

1389 2527 1623 2564 Circumscriptio.
1649 2528 1706 2558 Cic.
1722 2530 1751 2557 in
1763 2529 1851 2559 Partit.
1865 2540 1908 2565 19.

1389 2564 1558 2594 Conclusum
1570 2567 1595 2595 Sc
1610 2566 1853 2604 comprehensum.
1884 2567 1916 2598 V.
1939 2577 1957 2597 c
1966 2577 1984 2596 o
1994 2575 2037 2600 ΜΡ
2045 2576 2061 2596 n
2068 2576 2084 2595 it
2092 2575 2113 2595 Η
2120 2573 2136 2595 it
2145 2571 2168 2595 N
2175 2575 2187 2595 s
2194 2571 2217 2595 u
2224 2575 2259 2599 M.

1384 2602 1558 2632 ‘Conclusum
1569 2604 1724 2641 opponitur
1734 2605 1757 2633 ei
1769 2605 1845 2642 quod
1859 2604 1960 2636 dicitur
1971 2604 2127 2642 Dispersum
2147 2607 2195 2633 au't
2208 2602 2368 2642 dissipatum
2400 2599 2460 2633 Cic.
2478 2612 2503 2633 1.

1409 2640 1444 2669 de
1462 2640 1537 2669 Orat.
1554 2647 1612 2678 187.
1637 2642 1742 2671 Omnia
1750 2642 1807 2672 fere
1822 2643 1957 2680 quae‘su'nt
1973 2640 2103 2673 conclusa
2118 2650 2195 2671 nunc
2206 2642 2311 2672 artibus
2321 2664 2330 2678 ,
2351 2636 2469 2679 dispersa
2481 2641 2509 2671 &

1408 2677 1535 2715 dissipata
1550 2679 1690 2715 quondam
1699 2680 1822 2710 fuerunt.

1389 2711 1542 2745 Perfectum
1555 2723 1636 2754 atque
1645 2717 1816 2748 conclusum.
1829 2718 1892 2748 Cic.
1902 2728 1929 2755 4.
1941 2717 2017 2748 Verr.
2028 2723 2073 2752 82.
2086 2717 2239 2747 Invenietis
2250 2716 2280 2746 id
2291 2716 2397 2747 facinus
2409 2722 2508 2747 natum

1410 2754 1573 2791 cupiditate,
1584 2757 1695 2784 auctum
1706 2765 1755 2793 per
1764 2756 1896 2794 stuprum.
1906 2755 2068 2786 crudelitate
2077 2756 2234 2794 perfeetum
2242 2761 2325 2791 atque
2334 2754 2507 2785 conclusum.

1352 2790 1375 2820 C
1384 2800 1401 2819 o
1412 2801 1430 2819 N
1439 2801 1456 2820 c
1466 2802 1482 2819 L
1492 2795 1509 2820 ῡ
1518 2801 1530 2821 s
1539 2802 1553 2821 E
1564 2813 1571 2827 ,
1595 2793 1662 2822 Adv.
1683 2790 1953 2830 [συφκειλωῶρως]
1974 2794 2032 2824 Cic.
2053 2794 2083 2823 in
2093 2792 2172 2824 Orat.
2188 2798 2249 2830 177.
2271 2793 2368 2828 Quum
2379 2814 2387 2827 ,
2407 2800 2439 2822 ut
2456 2792 2506 2828 fit,

1389 2829 1505 2858 fortuito
1514 2829 1584 2867 saepe
1593 2829 1697 2867 aliquid
1705 2831 1852 2868 concluse,
1872 2838 1992 2870 apteque
2011 2832 2145 2861 dicerent.
2167 2831 2195 2860 h.
2209 2841 2235 2861 e.
2255 2829 2440 2861 Numerosam
2459 2839 2508 2868 pes

1391 2866 1492 2895 riodon
1503 2867 1661 2897 funderent.

1353 2903 1376 2933 C
1385 2914 1402 2933 o
1412 2914 1430 2933 N
1441 2914 1458 2932 c
1470 2915 1486 2932 ru
1496 2914 1513 2933 u
1522 2915 1534 2934 s
1544 2916 1552 2933 i
1563 2914 1580 2934 o
1594 2927 1601 2940 ,
1623 2905 1694 2936 onis.
1716 2906 1734 2935 f.
1760 2906 1956 2942 [συμπέμπω
1966 2929 1974 2941 ,
1990 2903 2119 2939 know&
2133 2906 2149 2942 ]
2171 2906 2246 2936 Finis
2265 2907 2291 2936 ἃ
2302 2905 2448 2944 perfectio.

1391 2942 1474 2971 Vocis
1485 2943 1640 2972 moderatio
1651 2964 1659 2979 ,
1681 2946 1707 2973 ἃ
1719 2945 1867 2974 verborum
1877 2944 2028 2974 conclusio.
2050 2944 2110 2973 Cic.
2126 2953 2150 2979 3.
2162 2942 2198 2973 de
2209 2944 2290 2974 Orat.
2303 2951 2365 2981 179.

1387 2979 1537 3009 Conclusio
1556 2981 1657 3011 dicitur
1668 3003 1675 3017 ,
1706 2992 1788 3020 quam
1809 2982 1896 3012 Graeci
1917 2980 2024 3018 ἐπᾶλοῃρν
2033 3003 2042 3018 ,
2071 2979 2156 3011 nostri
2178 2982 2265 3011 r'nodo
2283 2981 2507 3017 perorationem,

1407 3019 1493 3047 modo
1505 3017 1657 3049 Cumulum
1669 3029 1779 3050 vocant.
1819 3019 1892 3050 Nam
1901 3021 2031 3050 cumulus
2043 3020 2153 3058 proprie
2165 3029 2281 3050 acervus
2289 3019 2345 3049 est:
2367 3019 2431 3049 &in
2440 3023 2508 3047 con-

1408 3055 1530 3086 clusione
1540 3058 1635 3087 omnia
1649 3058 1721 3095 quasi
1732 3059 1761 3087 in
1772 3062 1860 3088 u‘rium
1869 3066 2000 3088 acervum
2009 3058 2188 3096 colliguntur.
2206 3057 2310 3087 Perott.

1387 3092 1517 3124 Extrema
1532 3105 1593 3132 pars
1607 3097 1632 3125 Sc
1645 3095 1784 3125 conclusio
1794 3097 1915 3126 muneris
1925 3098 1951 3126 ἃ
1961 3096 2076 3132 negotii.
2117 3095 2176 3125 Cic.
2192 3105 2215 3125 1.
2228 3095 2265 3132 Q.
2276 3095 2336 3125 frat.
2353 3102 2377 3124 1.
2399 3088 2437 3123 Ut
2446 3097 2507 3122 ta‘n·

1406 3141 1488 3168 quam
1501 3138 1590 3170 poetae
1602 3134 1683 3167 boni.
1706 3134 1731 3163 ἃ
1741 3135 1848 3163 actores
1858 3134 1984 3164 industrii
1995 3133 2100 3168 solent,
2121 3133 2157 3162 sic
2166 3133 2235 3163 tuin
2245 3139 2369 3163 exta-ema
2383 3136 2464 3170 parte
2476 3131 2505 3162 ἃ

1407 3169 1585 3200 conclusione
1596 3172 1718 3200 muneris
1729 3181 1761 3201 ac
1772 3172 1878 3209 negotii
1892 3194 1900 3208 ,
1921 3170 2148 3209 diligentissimus
2158 3171 2201 3201 sis.

1387 3204 1480 3236 llcutae
1489 3203 1687 3238 conclusiones.
1710 3209 1831 3246 Quintil.
1843 3209 1892 3239 lib.
1907 3219 1933 3239 2.
1947 3219 2007 3247 cap.
2019 3214 2064 3239 20.

1380 3244 1473 3273 'Certae
1490 3246 1634 3276 &crebrae.
1658 3247 1778 3284 Quintil.
1791 3247 1839 3285 lib.
1858 3258 1881 3282 ς.
1892 3257 1954 3285 cap.
1970 3258 2012 3282 14.

1384 3282 1498 3311 Subtilis
1508 3305 1516 3318 ,
1538 3286 1564 3313 ἃ
1573 3285 1606 3313 ad
1617 3292 1722 3314 rnorem
1737 3285 1952 3315 Dialesticorum
1965 3285 2090 3315 formata.
2111 3281 2232 3323 Quintil.
2244 3281 2294 3313 lib.
2306 3286 2332 3319 7.
2340 3290 2407 3321 cap.
2417 3291 2446 3318 φ.

1384 3319 1468 3349 Nulla
1480 3322 1620 3351 conclusio
1632 3323 1684 3357 est,
1706 3321 1892 3360 assumptione
1904 3332 1963 3351 non
1972 3322 2108 3352 concessa.
2129 3322 2188 3351 Cic.
2199 3331 2225 3352 2.
2236 3317 2272 3350 de
2280 3319 2370 3350 Finib.

1382 3355 1445 3386 Una
1456 3359 1632 3389 conclusione
1642 3360 1723 3389 finiri.
1746 3361 1867 3397 Quintil.
1882 3360 1931 3390 lib.
1945 3370 1970 3396 3.
1983 3370 2043 3398 cap.
2059 3369 2084 3396 3.
2189 3394 2192 3399 .

1385 3395 1550 3432 Conclusio,
1572 3406 1622 3435 pro
1639 3399 2047 3436 Argumentationematione.
2069 3397 2129 3427 Cic.
2143 3407 2169 3432 4.
2186 3396 2325 3432 Acad.67.

1346 3431 1395 3461 Co
1407 3443 1424 3461 N
1436 3443 1526 3463 enus
1538 3445 1546 3462 i
1559 3436 1685 3465 uueur
1697 3446 1715 3464 A
1729 3458 1737 3471 ,
1757 3445 1789 3465 ae.
1809 3436 1829 3465 f.
1852 3435 1950 3466 dimin.
1972 3435 2031 3465 Cic.
2043 3446 2069 3470 4.
2090 3435 2171 3465 Acad.
2183 3439 2228 3470 Ἲς.

1382 3471 1556 3502 Contortulae
1586 3474 1713 3510 quaedam
1743 3476 1776 3503 ac
1805 3474 1921 3503 minutae
1950 3474 2111 3503 Stoicorum
2138 3468 2378 3502 conclusiunculae.
2399 3468 2459 3499 Cic.
2472 3474 2499 3499 a.
2548 3482 2549 3489 κ

1403 3506 1484 3538 Tusc.
1500 3519 1544 3544 42.

1345 3545 1368 3574 C
1379 3555 1396 3573 ο
1407 3555 1426 3574 N
1437 3556 1453 3574 c
1463 3558 1478 3574 L
1488 3550 1505 3575 ῦ
1515 3557 1527 3576 s
1538 3557 1554 3576 u
1567 3556 1578 3577 s
1590 3570 1598 3583 ,
1621 3549 1661 3578 us.
1682 3556 1720 3577 m.
1740 3545 1807 3577 Cael.
1823 3547 1912 3577 Aurel.
1944 3548 2028 3579 Tard.
2043 3558 2068 3578 1.
2080 3559 2107 3585 4.
2116 3552 2164 3585 77.
2187 3544 2327 3576 Conclusu
2337 3544 2472 3582 corporis.

1347 3581 1451 3613 CoNc
1463 3589 1622 3621 tusuaA,
1644 3595 1675 3615 ae.
1697 3586 1715 3615 f.
1738 3585 1843 3614 Vitruv.
1856 3589 1882 3615 6.
1899 3595 1940 3616 11.

1347 3620 1369 3650 C
1377 3630 1393 3649 o
1403 3630 1420 3648 N
1430 3632 1447 3650 c
1456 3627 1482 3650 oe
1492 3631 1512 3650 N
1522 3633 1551 3657 A,
1561 3632 1592 3652 ae.
1615 3633 1652 3652 in.
1675 3620 1849 3659 [ommes]
1861 3623 1918 3658 Qui
1928 3631 1985 3653 una
1993 3629 2057 3653 curn
2067 3621 2122 3652 alio
2130 3627 2231 3651 coenat.
2252 3618 2421 3656 Lucitapud
2430 3617 2500 3648 Fest.

1383 3656 1511 3696 Tapulla‚
1519 3666 1551 3689 ut
1561 3660 1741 3698 placetDuzae
1752 3658 2212 3695 &VoffiGlomLaeGraAvaemQ
2224 3657 2500 3693 Conviva,concena.

1348 3696 1394 3725 Co
1407 3706 1638 3732 NCOENA'rio,
1661 3699 1733 3728 onis.
1756 3698 1784 3734 f„
1799 3707 1829 3727 ut
1849 3699 2038 3738 Compotatio.
2059 3698 2119 3728 Cic.
2134 3707 2159 3733 9.
2174 3697 2248 3727 Fam.
2261 3705 2307 3733 24.

1348 3733 1567 3763 CoNcoer’ro
1584 3757 1592 3770 ,
1610 3739 1664 3765 are.
1688 3733 1812 3765 macrob.

1349 3771 1590 3808 CoNcoc'rio,
1613 3773 1642 3802 V.
1667 3780 1883 3809 CONCOQUO.
2018 3807 2021 3809 .

1346 3808 1530 3838 CON06Lo
1542 3819 1556 3837 a
1571 3832 1578 3844 ,
1600 3811 1662 3840 oris.
1689 3811 1749 3846 ndj.
1772 3807 1947 3850 [mmo]
1966 3808 2096 3847 Eiusdem
2106 3807 2228 3839 coloris:
2247 3814 2296 3845 ut,
2317 3805 2503 3837 Concolorci-

1386 3846 1481 3875 catrix.
1510 3846 1577 3876 Plin.
1593 3848 1642 3877 lib.
1661 3853 1705 3881 28.
1724 3857 1786 3885 cap.
1799 3858 1826 3882 ι).

1387 3884 1458 3912 Cum
1469 3884 1537 3912 foetu
1549 3885 1680 3914 concolor
1691 3885 1764 3914 albo.
1788 3885 1860 3922 Virg.
1873 3891 1899 3920 8.
1912 3885 1972 3915 AEn.
1984 3890 2030 3919 8²·

1385 3920 1448 3951 Flos
1460 3921 1494 3950 de
1504 3921 1636 3957 sanguine
1648 3922 1782 3951 concolor
1790 3930 1875 3952 ortus.
1897 3922 1982 3952 Ovid.
1998 3931 2039 3953 10.
2053 3921 2125 3954 Met.
2139 3930 2204 3960 735.
2227 3919 2264 3952 de
2282 3919 2420 3951 Adonide.

1381 3958 1524 3989 Concolor
1534 3960 1616 3991 estei.
1641 3960 1779 3992 Columel.
1791 3960 1840 3992 lib.
1854 3969 1881 3998 7.
1898 3969 1959 3999 cap.
1971 3968 1997 3998 3.
2411 3992 2459 4022 Co
2467 3998 2501 4021 N-
