2604 4222
177 70 251 98 210
599 55 623 88 A
721 51 756 86 N
851 50 881 85 T

296 139 387 173 Petti,
408 137 479 168 nihil
502 146 566 171 me,
586 136 655 165 sicut
675 139 774 168 antea,
795 134 871 167 iuvat

296 177 419 206 Scribere
436 175 582 205 versiculos
594 197 602 208 ,
620 182 712 202 amore
729 170 882 209 percussum
901 167 983 204 gravi.

217 215 303 245 Nunc
320 215 440 252 primum
459 216 485 242 δι
507 215 606 246 Antea,
628 210 763 240 contraria
782 208 833 236 sive
851 206 970 234 relativa.
990 203 1047 232 Cic.
1061 199 1246 243 5.Verr.135.
1268 197 1335 230 Non

238 253 293 282 hoc
303 262 377 280 nunc
386 251 593 288 priniumzuidit
610 249 730 286 privatus
740 246 774 274 de
790 245 903 272 inimico
915 264 923 277 ,
954 251 1015 270 reus
1037 240 1070 269 ab
1088 240 1260 268 accusatore:
1281 239 1337 274 jam

243 297 323 319 antea
340 290 369 317 in
386 289 450 317 sella
466 289 562 317 sedens
582 287 687 315 Praetor.
1059 314 1064 319 .

221 329 308 357 Antea
316 336 410 363 quum.
432 326 490 355 Cic.
506 335 546 359 ις.
560 326 602 352 Att
618 333 657 359 ¹7·
680 323 766 361 Antea
778 327 864 356 quum
874 327 922 355 per
932 316 1024 346 literas
1036 316 1117 345 Attici
1128 314 1211 343 nostri
1223 335 1231 349 ,
1247 313 1281 342 de
1292 317 1340 342 tua

240 365 361 398 sumnia,
382 365 433 393 ἂε.
460 363 559 391 certior
570 359 761 390 factuseslcm.

222 404 308 432 Antea
326 411 422 438 quam,
452 410 502 437 pro
523 401 590 428 Ante
609 406 698 433 quani.
740 394 798 423 Cic.
824 401 848 430 3.
874 393 927 422 Att.
963 392 1050 421 Antea
1065 398 1148 428 quarn
1162 390 1197 419 ad
1214 398 1259 418 me
1279 387 1341 417 scri-

263 439 362 469 sissetis.
961 449 966 454 -

224 450 311 507 Asitea
331 478 356 505 ἃ
372 475 481 510 Postea,
503 480 634 510 tanquam
657 469 781 499 Relativa
806 474 853 497 aut
870 468 1023 505 Reciproca
1041 466 1181 495 interdum
1202 464 1338 501 leguntur.

245 514 302 543 Cic.
317 524 339 542 1.
354 513 426 542 Fam.
439 523 463 548 9.
486 513 590 548 Appius
602 511 632 538 in
642 507 813 537 sermonibus
826 513 907 535 antea
916 504 1077 540 dictitabat,
1099 503 1192 542 postea
1212 503 1285 531 dixit
1304 508 1342 529 et-

244 554 296 581 iam
308 552 337 579 in
353 551 454 579 Senatu
464 549 564 587 paliuri.

223 591 294 655 Apte
312 590 337 617 ἃ
356 588 439 625 prius.
473 586 531 615 Cic.
549 596 590 621 ις.
616 585 671 614 Att.
683 592 725 620 13.
759 581 845 619 Quod
862 582 897 611 ad
918 587 945 610 te
956 587 1036 610 antea
1052 601 1067 615 ,.
1082 586 1163 616 atque
1182 578 1252 607 adeo
1267 576 1344 614 prius

257 627 293 655 cri
305 626 343 654 isi.

189 668 239 696 AN
249 673 268 692 ‘r
280 637 321 692 iila
331 672 347 691 c
357 671 404 690 Tu
415 671 426 690 s
438 683 446 696 ,
468 661 483 696 [
502 658 660 693 ωεεῶοιχθὰς
676 659 690 694 ]
712 658 810 687 Partic.
822 657 877 686 sine
886 657 981 691 verbo,
998 665 1032 684 ex
1047 655 1115 684 Ante
1125 655 1150 683 &
1164 653 1263 686 Atiust.
1279 650 1344 679 Prae-

224 702 338 731 teritum
349 699 495 735 significat:
519 706 566 732 ut,
590 698 720 726 Anteacta
728 697 791 725 vita.
823 695 880 724 Cic.
897 705 919 729 5.
939 694 1014 723 Verr.
1033 696 1094 728 146.
1116 691 1193 720 Nihil
1207 698 1286 727 putas
1302 697 1346 715 ra-

224 739 281 768 lere
292 739 319 766 in
333 737 441 771 iudiciis
453 736 642 771 conjecturam
652 757 661 770 ‚
682 734 753 764 nihil
763 733 947 771 suspicionem
958 754 966 767 ,
985 730 1055 760 nihil
1068 730 1200 759 anteacta:
1212 728 1275 757 vitae
1286 726 1343 755 exi-

224 776 418 805 stimat-ionem.

225 814 357 843 Anteacia
367 818 440 841 aetas.
461 810 569 840 Lucret.
583 809 631 840 lib.
646 820 670 840 1.
683 819 748 847 234.

226 850 358 880 Vetustas.
380 849 488 878 Lucret.
501 849 550 878 lib.
565 858 588 885 3.
603 854 665 884 985.

226 889 267 918 Ex
283 888 408 917 anteat‘ta
419 887 476 915 vita
494 887 583 915 facere
594 886 739 922 judicium.
762 884 820 914 Cic.
834 888 860 913 2'.
877 882 912 912 de
921 881 1028 911 Invent.
1044 883 1086 916 36.

226 927 363 955 Anteatstis
379 924 452 953 male
470 925 590 953 credere.
613 924 697 953 Ovid.
715 932 755 952 12.
775 922 843 951 Met.
862 931 922 953 115·
1330 950 1335 955 ¹

190 966 267 995 ANT
277 973 372 992 EAMB
383 965 424 991 ῠι.
434 972 451 991 o
461 984 469 996 ,
508 963 577 991 onis.
600 970 637 991 m.
661 963 676 998 [
690 957 835 996 πςοπτμπές
851 959 865 994 ]
886 958 919 986 ab
929 958 998 986 Ante
1009 952 1186 986 &Ambulare
1201 972 1209 987 ,
1229 951 1285 988 Qui
1301 949 1349 979 ali-

227 1011 310 1039 quem
338 1000 507 1038 superiorem
534 1000 646 1029 honoris
675 998 753 1028 causa
782 996 943 1035 praecedens
971 993 1127 1023 comitatur.
1157 989 1277 1020 Martial.
1299 988 1347 1017 lib.

230 1049 273 1069 10.
299 1049 343 1075 74.

307 1075 542 1106 Anteambulones
559 1077 585 1105 ὁὶ
599 1072 736 1110 togatulos
762 1073 833 1100 inter

308 1114 429 1143 Centum
451 1114 577 1143 merebor
597 1111 744 1150 plumbeos
765 1110 810 1138 die
829 1115 898 1138 toto.

229 1152 415 1182 Anteambulo
435 1152 558 1187 alicujus.
587 1148 705 1179 Martial.
728 1148 775 1176 lib.
797 1157 823 1175 2.
844 1151 885 1179 18.
1117 1178 1122 1184 .

309 1190 376 1220 Sum
399 1199 492 1219 comes
509 1188 566 1227 ipse
584 1195 647 1217 tuus
659 1209 666 1221 ,
697 1185 853 1220 tumidique
870 1179 1046 1212 anteambulo
1067 1187 1147 1216 regis.
1224 1177 1300 1207 Suet.
1321 1177 1351 1205 in

228 1227 309 1272 Vesp.
327 1237 387 1294 capl.
398 1237 424 1257 2.
445 1227 518 1257 Dum
529 1235 594 1256 eum
606 1224 762 1255 identidem
776 1232 824 1260 per
835 1219 1035 1251 contumeliam
1047 1215 1291 1247 anteambulonem
1301 1215 1353 1244 fra-

229 1271 301 1294 trisa
344 1276 359 1294 e
383 1271 417 1294 at.

229 1275 465 1332 Antegrigbulones
480 1298 769 1337 Atratidicipossunt‚
790 1297 837 1334 qui
852 1296 945 1325 Graece
956 1292 1176 1330 Codonophori‚
1196 1291 1215 1319 i.
1233 1299 1257 1319 e.
1284 1288 1352 1332 Tin-

248 1340 392 1370 tinnabula
403 1340 536 1377 gestantes
550 1349 556 1368 1
579 1338 654 1375 quod
677 1336 887 1365 honoratiorum
898 1333 995 1362 funera
1005 1330 1163 1369 praecedant
1177 1338 1241 1358 cum
1255 1328 1353 1357 tintin-

250 1378 368 1407 nabulis.
391 1378 430 1407 Ex
440 1377 551 1407 Budaeo.
590 1375 622 1404 V.
644 1374 731 1403 Pitisc.
742 1373 808 1402 Lex.
824 1372 900 1401 Hier.
913 1370 987 1407 Mag.
998 1371 1033 1398 de
1041 1368 1170 1397 Tintinn.
1182 1375 1206 1395 c.
1225 1375 1267 1395 10.
1280 1372 1348 1395 extr.

194 1417 217 1446 A
226 1425 246 1444 N
256 1426 276 1444 'r
287 1426 300 1445 1⁷.
310 1426 325 1444 s
335 1427 353 1444 A
363 1426 376 1444 s
388 1427 397 1444 1
406 1425 418 1445 s
430 1437 437 1450 ,
459 1415 490 1444 Id
505 1414 580 1451 quod
590 1413 646 1442 Bali
661 1412 821 1450 opponitur.
841 1409 915 1446 apud
928 1408 1030 1437 Vitruv.
1044 1416 1086 1434 10.
1101 1415 1142 1440 15.
1158 1405 1185 1434 ἃ
1197 1411 1238 1441 17.

194 1455 245 1483 AN
259 1463 296 1482 rs
305 1464 342 1482 ss
353 1464 369 1482 1.
378 1465 393 1482 r
402 1463 419 1482 o
431 1473 438 1485 ‚
458 1462 510 1481 are.
532 1450 614 1481 Gloss.
628 1450 672 1479 Gr.
693 1450 749 1478 Lat.
776 1447 922 1484 προπολεμῶ
933 1468 942 1480 ,
962 1442 1117 1474 Antebello.

195 1491 217 1522 A
226 1500 247 1520 N
256 1500 276 1520 T
285 1501 299 1520 iz
308 1494 350 1520 εᾸ
359 1501 379 1520 Ν
388 1502 397 1519 1
408 1501 419 1520 s
437 1512 445 1525 ,
466 1491 481 1526 [
496 1491 600 1525 προκύων
621 1488 635 1523 ]
655 1488 768 1517 Nomen
783 1485 883 1514 sideris.
906 1484 964 1513 Cic.
974 1493 999 1512 2.
1011 1483 1046 1511 de
1054 1481 1118 1510 Nat.
1131 1479 1214 1509 Deor.
1230 1487 1290 1515 114.

314 1531 482 1558 Antecanem
494 1549 503 1562 ,
527 1527 652 1563 Procyon
676 1525 758 1554 Graio
776 1524 822 1560 qui
839 1522 955 1551 nomine
970 1521 1063 1550 fertur.

196 1567 218 1596 A
226 1575 274 1596 NT
284 1577 297 1595 s
308 1576 325 1595 c
335 1577 353 1595 A
363 1576 383 1595 N
393 1576 413 1594 T
423 1576 441 1594 A
451 1576 472 1594 M
481 1575 495 1594 E
503 1574 523 1593 N
532 1574 552 1593 T
561 1574 579 1593 υ
588 1575 610 1593 M
619 1585 627 1599 ,
662 1564 681 1592 i.
708 1573 735 1591 n.
768 1560 854 1598 Quod
875 1566 940 1588 ante
966 1558 1073 1588 canitur
1083 1578 1091 1591 ,
1113 1555 1166 1585 sive
1183 1553 1352 1593 praecinitur.

233 1604 314 1642 Apul.
331 1604 450 1634 11.Met.
466 1613 493 1641 p.
507 1606 571 1632 261.
603 1601 718 1631 Interim
733 1600 869 1635 majorum
879 1599 1120 1626 antecantamenta
1128 1599 1265 1623 votorum.
1301 1591 1352 1620 Be-

234 1642 346 1672 roaldus
358 1652 364 1671 ε
388 1641 438 1676 Ut,
460 1640 621 1678 Anteloquia
630 1639 760 1668 dicuntur
771 1636 939 1675 praefamina,
951 1634 986 1663 sic
996 1635 1022 1664 ἅ
1032 1635 1279 1662 Antecantamenta
1291 1628 1354 1658 sunt

234 1679 283 1709 illa
293 1690 351 1717 quae
360 1680 546 1717 praecinuntur
559 1685 622 1706 ante
631 1683 695 1706 vota
703 1677 729 1706 ἅ
739 1684 835 1713 preces
845 1673 991 1711 legitimas.
1041 1670 1071 1700 V.
1100 1668 1154 1706 Jul.
1166 1668 1238 1698 Flor.
1249 1678 1276 1706 p.
1289 1676 1351 1704 370.

234 1717 350 1747 Pricaeus
362 1740 370 1753 ,
391 1728 416 1755 p.
435 1727 498 1753 245.
519 1716 585 1753 legit
600 1714 837 1744 Antecantauiina.

197 1755 249 1785 AN
259 1764 279 1784 ’r
288 1766 302 1784 E
311 1765 328 1784 c
337 1758 353 1784 Ᾰ
362 1765 375 1783 Ρ
385 1766 394 1783 1
405 1765 421 1784 ο
430 1777 437 1789 ,
460 1753 524 1792 εὲρί
535 1776 542 1789 ,
564 1760 677 1790 captum
687 1774 695 1787 ,
716 1753 731 1787 [
746 1748 912 1786 πςολκμζοὶνω
924 1770 932 1783 ,
955 1743 1039 1779 φῖιένω
1058 1745 1073 1781 ]
1096 1745 1149 1774 ere.
1182 1743 1334 1773 Praevenire
1343 1764 1352 1778 ,

235 1802 379 1830 occupare.
418 1793 509 1822 Tacit.
519 1803 544 1827 4.
563 1791 630 1820 Hist.
643 1794 688 1819 66.
726 1789 801 1825 Quia
812 1794 927 1825 pontem
939 1784 1025 1815 Mosae
1034 1783 1157 1813 fluminis
1167 1788 1354 1818 anteceperat.

233 1830 340 1860 Sallust.
356 1831 385 1859 in
395 1830 473 1859 Catil.
490 1840 549 1867 cap.
567 1840 609 1863 ςς.
632 1827 731 1857 Consul
750 1827 890 1864 optimum
900 1824 973 1853 factu
990 1829 1063 1851 ratus
1075 1822 1186 1850 nostem
1205 1818 1355 1857 quaeinsta-

235 1867 283 1897 bat
301 1876 481 1906 antecapere,
509 1866 613 1904 nequid
634 1876 668 1895 eo
688 1865 776 1903 spatio
799 1870 955 1892 novaretur.
995 1860 1065 1889 Ibid.
1088 1869 1148 1896 cap.
1166 1866 1208 1894 13.
1238 1857 1304 1886 Non
1316 1856 1356 1885 fa-

234 1915 311 1973 {nem
323 1915 369 1935 aut
379 1906 460 1941 sitim,
471 1915 560 1942 neque
573 1905 656 1942 frigus
666 1925 675 1939 ,
693 1911 784 1940 neque
795 1901 980 1930 lassitudinem
994 1897 1117 1936 opperiri
1131 1906 1138 1926 :
1158 1895 1206 1925 sed
1218 1906 1250 1925 ea
1259 1895 1355 1924 omnia

248 1951 411 1973 uxuanteca
432 1954 486 1973 ere.

236 1955 518 2019 Antecaperepmulta.
540 1979 645 2010 Sallust.
667 1978 727 2008 Cat.
738 1989 761 2008 c.
775 1986 817 2014 32.
839 1976 876 2005 Ac
895 1975 970 2013 prius
981 1983 1063 2011 quam
1073 1973 1196 2010 legiones
1206 1970 1357 2000 scriberen-

255 2026 310 2054 tur,
322 2020 408 2048 multa
417 2027 581 2057 antecapere
590 2041 598 2053 ,
614 2027 673 2055 quae
682 2016 757 2046 bello
766 2015 826 2045 usui
836 2014 937 2043 forent.
968 2010 989 2042 {2¹
1007 2010 1097 2041 Multa
1112 2011 1250 2047 expunxit
1260 2009 1334 2038 Cort.

237 2056 372 2095 Tempus.
394 2057 499 2088 Sallust.
511 2056 634 2094 Jugurth.
651 2065 711 2093 cap.
724 2064 769 2084 21.
804 2052 984 2088 Maximeque
993 2049 1122 2079 festinans
1132 2053 1242 2085 tempus
1251 2047 1355 2085 legato-

256 2105 318 2124 rum
327 2102 499 2133 antecapere.
520 2096 538 2124 i.
556 2104 579 2124 e.
603 2093 717 2130 Legatos
736 2090 894 2130 praevenire.

199 2133 249 2163 AN
259 2142 278 2161 T
289 2142 303 2161 s
313 2142 330 2162 c
340 2143 359 2161 A
369 2142 411 2162 PT
420 2143 437 2162 u
447 2143 459 2162 s
473 2155 481 2169 ,
502 2133 598 2162 Partic.
619 2129 816 2167 [προληφθέις]
836 2127 894 2157 Liv.
910 2137 934 2162 ς.
951 2131 994 2161 38.
1027 2124 1094 2154 Non
1107 2122 1171 2154 loco
1184 2121 1274 2152 castris
1289 2127 1355 2151 ante

240 2177 341 2209 capt0,
363 2180 421 2200 non
431 2172 597 2209 praemunito
607 2168 688 2198 valio.
726 2167 759 2197 V.
782 2167 890 2196 Gruter.
911 2164 1069 2194 &Gronov.

239 2209 410 2246 Anteceptus
426 2231 434 2243 ,
456 2211 539 2238 etiam
552 2207 662 2244 legitur,
683 2204 789 2235 silocus
799 2204 903 2233 mendo
913 2208 1000 2231 vacat.
1032 2200 1090 2230 Cic.
1110 2197 1181 2228 1.de
1191 2198 1256 2227 Nat.
1269 2198 1354 2227 Deor.

259 2256 320 2283 cap.
347 2250 389 2276 16.
421 2246 514 2283 Quam
533 2245 655 2284 appellat
672 2242 795 2280 πςόληψιι
815 2241 959 2279 Epicurus.
981 2240 999 2269 i.
1016 2248 1040 2268 e.
1062 2238 1244 2274 Anteceptam
1262 2237 1356 2266 animo

259 2285 300 2313 rei
314 2283 451 2322 quandam
460 2283 694 2313 informationem.

202 2323 224 2352 A
233 2331 306 2352 NTE
316 2325 357 2352 cf:
367 2333 385 2351 n
394 2332 411 2351 o
422 2344 431 2358 ,
460 2322 489 2351 ffi
501 2344 509 2357 ,
543 2320 628 2355 ssum,
659 2316 827 2355 [ngor‘gpefam
840 2318 856 2353 ]
883 2318 936 2346 ere.
984 2314 1064 2344 Idem
1088 2312 1164 2351 quod
1183 2311 1355 2347 praecedere,

238 2360 268 2389 h.
290 2369 314 2388 e.
336 2361 406 2389 Ante
423 2359 543 2397 aliquem
563 2357 701 2388 incedere.
733 2366 797 2385 cum
813 2355 870 2384 dat.
889 2353 933 2383 vel
954 2351 1042 2382 accus.
1065 2350 1239 2381 construitur.
1275 2347 1358 2378 Colu-

589 2394 797 2425 Ut·antecedat
818 2401 937 2430 gregem.
978 2391 1020 2420 De
1037 2389 1162 2426 magistro
1187 2387 1296 2426 pecoris
1316 2386 1358 2416 lo-

239 2396 305 2440 mel.
322 2397 370 2427 lib.
389 2407 414 2435 7.
435 2407 494 2435 cap.
512 2401 537 2427 6.

241 2443 342 2472 quitur.

240 2473 412 2502 Antecedere
430 2472 551 2510 aliquem
567 2471 663 2501 biduo.
685 2468 744 2499 Cic.
761 2479 802 2498 11.
814 2468 889 2497 Fam.
906 2476 947 2501 13.

241 2510 284 2539 Ad
295 2510 506 2578 exsplorandum.
533 2508 590 2540 Liv.
600 2519 624 2538 2.
637 2512 663 2538 6.
697 2508 796 2537 Brutus
808 2506 843 2535 ad
859 2503 1063 2543 explorandum
1082 2510 1147 2532 cum
1167 2501 1291 2539 equitatu
1310 2510 1357 2529 an-

262 2555 323 2577 tece
347 2554 376 2578 it.

243 2586 412 2615 Antecedere
432 2585 591 2624 quempiam
605 2584 712 2614 itinere.
735 2581 798 2612 Caes.
813 2591 838 2618 7.
862 2579 928 2610 Bell.
943 2578 1012 2609 Gall.
1028 2587 1069 2614 33.
1113 2577 1157 2606 Ne
1176 2581 1272 2606 contra
1283 2576 1359 2606 suam

261 2623 435 2652 voluntatem
451 2624 583 2652 dimicare
600 2626 744 2660 cogeretur
754 2642 762 2655 ‚
782 2619 888 2656 magnis
899 2617 1043 2647 itineribus
1054 2614 1206 2645 antecessit.

243 2662 413 2691 Antecedere
424 2683 432 2695 ‚
452 2669 500 2697 per
513 2660 633 2698 metaph.
652 2668 702 2698 pro
722 2657 909 2690 Antecellere,
923 2655 1059 2693 superare,
1074 2653 1218 2683 excellere.
1259 2651 1317 2681 Cic.
1334 2661 1356 2681 r.

263 2698 320 2729 Off.
341 2709 402 2734 105.
441 2698 584 2735 Quantum
594 2704 691 2727 natura
701 2696 823 2725 hominis
835 2693 988 2731 pecudibus
1005 2692 1171 2730 reliquisque
1182 2690 1272 2719 bestiis
1283 2696 1360 2718 ante-

263 2737 348 2767 cedit.
380 2735 444 2766 Caes.
461 2745 484 2772 3.
502 2735 569 2765 Bell.
586 2735 655 2765 Gall.
672 2740 699 2768 8.
731 2733 764 2762 Et
776 2732 889 2762 scientia
909 2737 990 2767 atque
1007 2729 1055 2759 usu
1075 2729 1247 2758 nauticarum
1268 2736 1360 2756 rerum

263 2780 376 2804 caeteros
397 2774 575 2803 antecedunt.
607 2773 665 2803 Cic.
686 2772 721 2801 de
732 2771 840 2801 Seneet.
856 2779 899 2806 59.
948 2768 1047 2806 Neque
1063 2768 1138 2797 enim
1149 2765 1239 2796 solum
1252 2765 1359 2794 honore

261 2811 503 2842 antecedentibus.

243 2851 415 2880 Antecedere
432 2849 529 2884 alteri,
550 2848 594 2878 vel
606 2847 721 2877 alterum
733 2850 819 2875 aetate.
842 2844 899 2874 Cio.
912 2842 946 2873 de
955 2842 1025 2872 Clar.
1037 2842 1114 2872 Orat.
1129 2848 1174 2877 82.

244 2888 371 2926 Aliquem
386 2894 464 2917 aetate
482 2888 508 2916 Sc
527 2886 576 2916 usu
593 2894 693 2915 rerum.
716 2884 774 2914 Cic.
789 2886 815 2912 6.
830 2882 904 2911 Verr.
918 2886 978 2917 ¹38-

244 2925 342 2956 Pretio.
363 2924 490 2955 Plin.lib.
511 2929 553 2954 16.
573 2934 634 2961 cap.
645 2934 672 2958 4.
701 2921 813 2951 Cedunt
822 2920 864 2949 his
880 2919 997 2948 murales
1007 2917 1176 2954 vallaresque
1188 2938 1196 2951 ,
1224 2916 1359 2950 &aureae‚

263 2973 419 3031 quagqupm
437 2963 528 3001 pretio
549 2961 754 2992 antecedentes.
791 2959 810 2988 i.
833 2967 858 2987 e.
880 2957 1060 2986 Pretiosiores.
1097 2955 1138 2984 De
1153 2954 1265 2984 coronis
1288 2953 1362 2982 mili-

261 3002 313 3031 tari
334 3012 366 3031 us
387 3011 403 3030 o
424 3001 506 3030 uitur.

244 3011 422 3069 Antecederg
446 3040 462 3075 [
479 3037 581 3075 wgoszsv
601 3037 616 3072 ]
636 3036 700 3073 quia
721 3033 916 3064 excellentiam
935 3031 1085 3068 significat,
1110 3030 1174 3059 ideo
1197 3029 1361 3058 construitur

264 3087 329 3106 curn
342 3077 404 3106 adv.
428 3086 487 3114 quae
499 3083 621 3112 compar.
639 3080 687 3103 aut
698 3071 797 3110 superl.
821 3070 933 3108 adjungi
943 3069 1046 3098 solent:
1068 3067 1157 3105 qualia
1173 3067 1252 3102 sunt,
1274 3066 1311 3095 Ut
1334 3068 1361 3095 ὃς

263 3113 323 3150 Ita,
344 3113 437 3144 Multo
455 3116 481 3144 Sc
500 3112 603 3150 Longe.
634 3111 693 3141 Cic.
709 3114 735 3140 6.
753 3109 826 3139 Verr.
849 3117 909 3144 143.
943 3107 979 3136 Ut
992 3107 1106 3143 quisque
1122 3105 1228 3134 honore
1246 3106 1363 3134 &cerate

263 3152 419 3182 antecedit:
441 3152 479 3180 ita
490 3151 596 3189 primus
608 3149 677 3179 solet
685 3148 731 3178 sua
741 3147 838 3185 sponte
850 3146 943 3174 dicere
953 3167 961 3180 ,
981 3143 1096 3179 &longe
1107 3143 1279 3172 antecedere.

246 3190 416 3220 Antecedere
429 3211 437 3225 ,
454 3197 519 3219 cum
540 3187 628 3218 accus.
648 3187 697 3216 rei.
724 3186 811 3217 Plaut.
831 3183 926 3214 Pseud.
949 3192 971 3211 1.
988 3192 1011 3218 5.
1026 3186 1086 3214 118.
1137 3180 1273 3210 Virtutem
1289 3179 1361 3217 regis

264 3227 408 3264 Agathocli
431 3226 612 3256 antecefferis.

245 3265 416 3294 Antecedere
427 3287 435 3300 ‚
457 3265 563 3294 dictum
574 3263 609 3293 de
620 3269 755 3300 tempore.

264 3303 361 3336 teriit‘?
390 3313 417 3331 n.
440 3300 504 3332 Non
518 3324 526 3336 ,
545 3311 642 3331 verum
656 3301 683 3329 ei
700 3300 759 3329 haec
769 3295 920 3327 antecessit.
949 3295 1081 3332 Loquitur
1096 3294 1130 3321 de
1146 3292 1293 3330 praestituta
1304 3293 1358 3321 die.

263 3338 332 3369 Plin.
344 3339 391 3369 lib.
412 3349 453 3376 13.
464 3349 524 3378 cap.
539 3345 563 3373 8.
585 3339 671 3368 Pomo
688 3335 878 3367 antecedentis
893 3333 959 3363 anni
978 3332 1110 3361 detracko.

246 3376 346 3407 Cibum
364 3377 470 3415 semper
487 3376 651 3406 antecedere
667 3376 752 3405 debet
768 3372 944 3405 exercitatio,
980 3372 1019 3399 ait
1032 3367 1102 3398 Cels.
1117 3367 1165 3396 lib.
1184 3377 1206 3395 1.
1225 3376 1285 3404 cap.
1299 3376 1324 3396 2.

209 3415 477 3450 ANTsci'soiins,
497 3415 593 3444 Partic.
621 3412 774 3450 [πςυέᾈν]
794 3418 841 3448 ut,
861 3408 1036 3440 Antecedens
1054 3415 1152 3436 annuS.
1175 3404 1240 3434 Plin.
1250 3405 1299 3434 lib.
1317 3413 1357 3440 13·

246 3462 305 3489 cap.
318 3458 344 3486 8.
366 3452 433 3481 Hor.
451 3462 475 3488 3.
496 3452 585 3481 Carm.
599 3461 624 3481 2.
643 3461 685 3486 31.

244 3490 419 3520 Antecedens
437 3489 582 3527 dignitate.
617 3489 674 3518 Cic.
686 3498 712 3518 2.
730 3487 765 3517 de
774 3486 881 3516 Invent.
894 3488 939 3514 66.

245 3527 419 3557 Antecedens
435 3528 461 3556 <Sc
482 3527 631 3563 insequens
642 3548 650 3561 ,
672 3526 816 3555 contraria.
848 3523 910 3552 Cic.
921 3518 957 3551 ad
971 3519 1067 3550 octav.
1090 3517 1123 3547 Et
1145 3527 1204 3554 quae
1217 3526 1275 3546 non
1291 3517 1360 3546 inse.

265 3574 351 3602 quens
361 3564 430 3593 hora
440 3565 625 3593 antecedente
639 3563 821 3593 calamitolior
831 3584 839 3596 ,
860 3561 926 3598 Pop.
938 3559 1019 3588 Rom.
1029 3556 1122 3585 illuxit
1130 3556 1144 3584 ’ἲ

244 3602 417 3632 Antecedens
430 3624 437 3635 ,
459 3601 627 3631 Praecedens.
646 3601 704 3631 Cic.
716 3602 752 3631 de
763 3600 852 3629 Partit.
869 3608 895 3636 7.
916 3597 975 3627 Alia
983 3605 1018 3624 ex
1038 3591 1286 3626 antecedentibus,
1307 3591 1360 3621 alia

263 3649 297 3668 ex
309 3638 550 3676 consequentibus.
702 3663 703 3666 ,

207 3677 378 3708 ANTizcss
389 3686 400 3705 s
411 3686 428 3705 υ
439 3686 450 3705 s
466 3698 474 3710 ,
503 3677 542 3706 sis.
565 3686 602 3705 m.
632 3677 647 3712 [
664 3673 790 3711 πρόληψις
806 3675 821 3709 ]
851 3683 900 3711 pro
916 3669 1120 3708 Anticipatione
1138 3668 1205 3706 poni
1228 3666 1361 3695 videtura

244 3715 308 3744 Sen.
319 3713 402 3751 Epist.
423 3723 482 3747 119-
514 3714 589 3744 Bene
606 3714 681 3742 credi
694 3713 744 3741 tibi
762 3712 833 3741 scio:
856 3711 947 3748 itaque
965 3710 994 3738 in
1013 3706 1182 3737 antecessum
1195 3703 1275 3734 dabo.
1299 3704 1315 3732 i.
1334 3714 1358 3733 e.

245 3753 400 3788 Antequa'm
417 3751 557 3780 debeatur.
594 3750 672 3779 Idem
685 3751 720 3779 de
728 3750 822 3779 Renes.
836 3749 882 3778 lib.
899 3759 924 3784 4.
941 3756 983 3783 32.
1006 3744 1072 3774 Aliis
1084 3744 1143 3782 post
1162 3743 1273 3780 longam
1285 3741 1361 3770 diem

244 3798 368 3827 repono,
388 3788 449 3817 aliis
461 3789 489 3816 in
500 3787 676 3817 antecessum.
716 3786 786 3816 Item
794 3786 875 3824 Epist.
891 3795 914 3822 7.
927 3792 996 3814 extr.
1023 3783 1062 3812 Ex
1077 3781 1175 3819 quibus
1190 3781 1246 3810 duo
1263 3777 1313 3809 tibi
1332 3780 1361 3807 in

245 3827 371 3856 debitum
381 3820 538 3854 solvuntur:
560 3826 673 3854 tertium
686 3824 710 3854 ii.
731 3823 897 3853 antecessum
914 3823 1018 3859 accipe.
1273 3850 1275 3852 ,

206 3866 284 3931 ΑΝΙΤ
293 3874 332 3931 she
342 3874 355 3892 s
365 3873 458 3930 3311113,
473 3873 498 3898 a,
514 3873 570 3893 uin.
590 3862 698 3892 Petron.
711 3871 770 3899 cap.
788 3871 829 3899 17.
856 3858 908 3889 Ubi
918 3857 1054 3890 antec-essii
1064 3855 1208 3887 latrocinia
1221 3854 1362 3886 didicistis.

243 3912 277 3933 a.
321 3908 401 3932 ntece
426 3911 479 3930 ura.

791 3260 854 3289 Ter.
870 3259 978 3288 Phorm.
1000 3266 1024 3293 3.
1040 3264 1066 3285 2.
1081 3265 1125 3290 40.
1145 3254 1242 3290 ,Iamne
1252 3245 1362 3292 ea'prae.

1398 835 1421 865 A
1429 844 1449 863 N
1459 845 1479 863 T
1488 844 1502 862 a
1514 844 1531 863 c
1540 844 1573 864 sss
1581 845 1593 864 s
1602 846 1611 863 1
1620 845 1637 864 ο
1649 857 1657 870 ,
1679 836 1750 865 b‘nis.
1770 835 1790 865 f.
1814 835 1977 872 [πςόζηριψ]
1998 834 2056 863 Cic.
2069 844 2092 863 1.
2103 832 2160 863 Off.
2174 843 2184 862 1
2193 843 2215 862 1.
2242 831 2445 870 Consequentia
2455 830 2577 868 cerni

1841 41 1869 76 A
1964 38 1998 74 N
2095 39 2126 75 T

1387 123 1408 153 A
1419 132 1439 152 N
1448 131 1467 151 T
1476 131 1491 151 a
1499 131 1516 150 c
1525 130 1539 150 a
1547 130 1558 150 s
1569 131 1580 150 s
1589 130 1605 149 o
1615 130 1631 149 R
1643 142 1651 156 ‚
1674 120 1736 150 ὅτίς.
1761 130 1797 150 m.
1821 123 1836 156 [
1848 120 2019 156 wgbdpnloe&]
2040 121 2097 157 Qui
2110 121 2261 151 antecedit.
2283 116 2355 149 Hirt.
2368 119 2403 149 de
2416 118 2436 149 B
2445 116 2488 149 ell.
2500 114 2544 152 Ast

1427 170 1490 201 cap²
1503 168 1544 188 12.
1576 158 1689 201 Interim
1701 166 1785 195 quum
1798 159 1850 192 iani
1862 159 1946 188 Caesar
1955 158 2109 197 progressus
2120 159 2184 188 esset
2198 169 2213 188 e
2230 158 2321 188 castris
2339 158 2447 186 circiter
2459 157 2542 188 millia
2579 179 2581 189 .

1427 198 1553 265 pastuum
1568 202 1629 229 tria,
1645 205 1693 233 per
1710 195 1893 233 speculatores
1905 198 1930 226 δι
1940 196 2123 225 antecessores
2142 197 2248 233 equites
2258 194 2401 224 nuntiatur
2415 195 2440 223 ei
2452 196 2542 232 copias
2579 202 2581 212 ¹

1449 235 1547 277 ostium
1556 232 1631 262 haud
1641 233 1723 269 longe
1738 243 1752 262 a
1765 233 1820 263 sese
1833 233 1908 263 visas.
1948 234 2024 263 Suet.
2036 235 2064 262 in
2075 233 2165 263 Vitell.
2176 243 2236 271 cap.
2252 242 2294 270 17.
2325 232 2481 269 Irruperant
2489 233 2543 267 jam
2578 242 2581 259 :

1429 281 1546 310 agminis
1558 270 1740 300 antecessores
1755 273 1780 301 Sc
1791 271 1896 309 singula
1905 272 2083 301 rimabantur.
2124 270 2237 307 [iidem
2249 269 2296 308 qui
2306 269 2376 299 infra
2388 269 2545 299 Antecursoa
2578 263 2582 292 ἶ

1431 319 1473 339 res
1493 316 1633 337 vocantur.
2500 311 2504 315 ’
2550 319 2552 322 >

1431 346 1589 390 Antecessor
1600 368 1608 379 ‚
1629 345 1704 374 Prior
1713 345 1881 382 magistratus
1893 369 1901 381 ,
1922 346 1969 377 cui
1980 345 2048 376 alter
2061 343 2203 381 succedit,
2235 345 2283 383 qui
2294 342 2359 374 alibi
2368 343 2497 373 Decessor
2506 341 2544 374 di'.
2579 359 2582 362 -

1451 392 1530 413 citur.
1560 382 1632 412 Paul.
1653 383 1670 412 1.
1685 393 1728 418 55-
1750 383 1783 412 D.
1800 385 1834 413 de
1843 384 1933 420 Judic.
2580 383 2582 392 '

1432 420 1621 452 Antecessores
1633 420 1661 449 in
1673 420 1764 449 edicto
1773 420 1928 457 Justiniani,
1942 431 1997 458 quo
2013 421 2081 458 juris
2092 420 2243 449 authoritas
2257 418 2443 453 confirmatur,
2454 417 2549 449 Homi.
2586 428 2588 430 ’

1451 469 1501 488 nes
1515 459 1608 496 legum
1623 459 1726 496 peritos
1735 460 1759 488 Sc
1772 458 1838 494 juris
1848 460 1964 495 (etiamsi
1975 468 2033 488 non
2042 458 2094 487 sint
2104 457 2278 495 professores)
2295 457 2351 486 dici
2359 455 2494 491 existimo,
2513 456 2545 486 aii
2581 454 2588 481 ·ἰ

1452 497 1576 539 lio-nore,
1623 496 1679 524 uod
1694 496 1752 525 aliis
1762 497 1807 533 qui
1820 497 1863 533 jus
1885 507 1943 526 nori
1953 497 2076 525 didicere
2088 495 2264 525 antecedant.
2303 495 2350 523 Sic
2362 492 2546 531 Apostolorum

1452 543 1594 577 principes
1631 533 1721 577 ertull.
1736 540 1817 563 vocat
1829 533 2028 568 Antecessores,
2045 541 2077 562 ut
2086 533 2134 562 lib.
2146 544 2169 569 5.
2181 533 2242 562 adv.
2252 532 2339 562 Marc.
2352 531 2444 567 Quam
2453 528 2550 561 Paulus.
2587 539 2589 541 '

1453 571 1536 614 sciret
1546 571 1572 600 se
1584 581 1642 600 non
1652 581 1680 599 in
1691 581 1809 614 vacuum
1818 572 1961 606 cucurisse,
1983 581 2066 608 quam
2077 571 2203 600 dexteras
2213 571 2238 599 ei
2250 570 2347 598 darent
2357 565 2569 603 antecessoresssss
2583 579 2586 584 ·

1454 611 1480 638 ἃ
1491 608 1537 637 lib.
1554 618 1576 637 1.
1609 608 1691 638 Tunc
1700 616 1822 647 primum
1834 619 1898 639 cum
1907 607 2121 639 antecessoribus
2131 607 2267 645 Apostolis
2281 606 2450 636 conferebat.
2488 605 2557 642 Nem
2582 630 2583 635 ,

1453 654 1520 690 vero
1530 655 1577 675 eos
1587 645 1671 676 laudo
1682 647 1729 684 qui
1741 648 1937 677 Antecensores
1949 646 2002 675 esse
2014 646 2166 683 legendum
2180 645 2361 678 contendant,
2371 651 2431 680 quae
2440 652 2494 672 vox
2503 641 2555 675 Laa:
2581 651 2584 678 ξ

1452 692 1520 728 tinis
1534 684 1694 727 hominibus
1710 684 1833 714 insolens
1849 687 1874 715 δι
1893 685 2017 714 inaudita
2028 684 2074 713 est.
2096 683 2169 712 Nam
2179 682 2357 720 Hesychium,
2374 682 2404 709 in
2416 690 2470 717 quo
2486 679 2562 713 dna}
2582 681 2586 710 :²

1454 732 1539 755 xevowe
1558 721 1684 764 scribitur
1694 744 1702 757 ,
1725 731 1783 751 non
1791 721 2034 760 satislocupletem
2050 721 2218 751 &idoneum
2228 720 2324 749 testem
2336 718 2467 753 arbitror,
2487 723 2561 750 curm

1453 759 1604 804 praesertim
1613 759 1697 789 verba
1706 759 1802 789 Latina
1812 770 1859 789 ore
1871 761 1966 790 Groeco
1982 759 2138 797 plerunque
2159 759 2316 796 corruptius
2336 756 2449 793 concipi
2458 752 2561 811 sciamgi

1460 797 1612 827 furnebus.
1660 797 1690 826 V.
1713 797 1779 827 Lex.
1801 798 1888 828 Pitisc.
2536 807 2553 831 3=
2562 795 2577 827 “,

1437 871 1644 938 causastrerum
1662 872 1756 909 videt,
1788 882 1939 911 earumque
1958 871 2113 910 progressus
2134 873 2160 901 &
2184 870 2257 908 quasi
2276 869 2476 900 antecessiones

1437 920 1535 947 ignora
1549 932 1555 938 .
2546 905 2550 912 '

1437 947 1630 977 Anteceslioin
1640 947 1719 990 locis.
1740 947 1801 985 Cic.
1812 950 1842 978 in
1851 948 1952 986 Topic.
1964 955 2006 984 53.
2037 947 2133 984 Quum
2143 946 2281 984 tripertito
2290 946 2373 982 igitur
2382 943 2510 974 distribua

1456 985 1535 1014 locus
1553 986 1616 1020 hic,
1638 996 1667 1014 in
1679 985 1909 1016 consecutionem
1921 1008 1929 1021 ,
1950 985 2184 1019 antecessionem,
2205 983 2425 1022 repugnantiam.

1401 1024 1423 1054 A
1432 1033 1452 1052 N
1462 1033 1481 1051 T
1492 1033 1506 1051 E
1515 1033 1532 1052 c
1543 1033 1575 1052 as
1584 1031 1643 1052 siv
1654 1033 1671 1052 υ
1681 1033 1693 1052 s
1705 1045 1712 1058 ,
1733 1033 1748 1053 a
1757 1046 1765 1059 ,
1787 1034 1843 1053 uni.
1867 1023 1973 1054 Tertul.
1991 1024 2027 1052 de
2040 1023 2113 1060 Virg.
2136 1021 2253 1051 Veland.
2268 1030 2327 1059 cap.
2340 1031 2366 1056 4.

1402 1066 1424 1094 A
1433 1071 1452 1090 N
1463 1071 1482 1089 T
1492 1070 1505 1089 s
1513 1070 1530 1089 c
1540 1071 1554 1089 F.
1564 1072 1580 1088 L
1588 1070 1628 1104 ις)
1640 1083 1649 1104 .'
1679 1062 1716 1090 ui.
1743 1063 1757 1097 [
1770 1061 1891 1098 ὑπεξέχω]
1922 1064 1977 1090 ere.
2000 1060 2137 1095 Praestarc,
2159 1059 2306 1089 excellere.
2576 1082 2577 1088 .

1440 1098 1708 1141 Antecellortibihac
1718 1107 1756 1128 re.
1778 1100 1836 1128 Cic.
1849 1109 1872 1128 1.
1891 1099 1948 1129 Off.
1963 1109 2005 1128 11.
2039 1098 2145 1128 Omnes
2157 1097 2306 1135 participes
2321 1095 2415 1125 sumus
2431 1094 2542 1124 rationi
2570 1099 2577 1118 «⁴

1458 1136 1674 1180 praestantiqeque
1690 1137 1748 1172 ejus
1763 1159 1771 1172 ,
1791 1147 1844 1175 qua
1862 1136 2054 1167 antecellimus
2070 1135 2170 1165 bestiis.
2546 1142 2561 1171 ¹3³

1439 1174 1590 1241 Antecelllq·
1603 1174 1682 1204 illum
1692 1174 1744 1204 hac
1760 1185 1800 1204 re.
1831 1175 1889 1205 Cic.
1898 1185 1950 1213 pro
1962 1174 2046 1204 Corn.
2058 1173 2134 1203 Balb.
2149 1183 2172 1203 1.
2203 1171 2261 1209 Qui
2275 1171 2434 1209 eloquentia
2443 1175 2569 1211 merny.

1463 1222 1497 1241 an
1512 1222 1560 1241 ece
1584 1222 1613 1241 is.
2546 1214 2575 1231 m*

1441 1249 1615 1280 Antecellere
1626 1249 1686 1279 aliis
1695 1251 1725 1279 in
1736 1260 1765 1280 re
1773 1249 1808 1280 ali
1829 1259 1879 1279 ua:
1900 1249 1977 1287 quod
1987 1251 2013 1280 ἃ
2022 1249 2147 1279 Praestare
2158 1249 2268 1278 dicitur.
2289 1247 2348 1277 Cic.
2363 1256 2387 1276 1.
2405 1245 2440 1276 de
2449 1243 2573 1278 Inni'ffi

1462 1298 1487 1324 5.
1508 1288 1600 1331 Quare
1609 1287 1770 1326 praeclarum
1779 1289 1818 1318 mi
1841 1288 1849 1317 i
1859 1288 1991 1325 quiddam
2001 1288 2111 1317 videtur
2120 1287 2237 1324 adeptus
2246 1287 2268 1315 is
2279 1285 2328 1322 qui
2336 1307 2344 1320 ,
2366 1294 2420 1322 qua
2427 1293 2456 1314 re
2468 1283 2506 1313 ho
2564 1278 2576 1302 ¹⁴*

1459 1335 1509 1355 nes
1523 1325 1613 1355 bestiis
1624 1325 1767 1364 praestent,
1789 1336 1821 1355 ea
1835 1326 1864 1354 in
1879 1335 1908 1354 re
1919 1325 2078 1355 hominibus
2088 1324 2152 1363 ipsis
2167 1323 2318 1354 antecellit.
2539 1319 2575 1351 ³⁴5

1442 1363 1617 1404 Antecellere
1627 1373 1691 1393 cum
1706 1364 1768 1393 adv.
1788 1364 1858 1393 sicut
1872 1364 1979 1393 dictum
1990 1363 2028 1392 est
2037 1364 2072 1393 de
2083 1362 2264 1392 Antecedere.
2287 1360 2346 1390 Cic.
2361 1369 2384 1389 1.
2403 1359 2439 1389 de
2448 1359 2570 1389 Sene‘1

1462 1405 1507 1445 64.
1530 1401 1617 1438 Quod
1627 1408 1658 1431 ut
1669 1401 1785 1439 quisque
1796 1409 1874 1431 aetate
1886 1400 2029 1431 antecellit
2039 1423 2047 1436 ,
2068 1402 2107 1430 ita
2115 1400 2258 1430 sententiae
2271 1398 2459 1436 principatum
2472 1404 2529 1426 ten
2540 1412 2544 1418 τ
2554 1395 2566 1433 'j

1462 1439 1521 1484 Cic.
1536 1444 1562 1468 6.
1585 1439 1660 1482 Verr.
1676 1445 1736 1473 118.
1758 1439 1830 1478 Quae
1838 1439 1922 1476 longe
1933 1440 2040 1469 caeteris
2049 1437 2230 1468 antecellunt.
2268 1437 2348 1467 Idem
2357 1445 2408 1475 pro
2417 1434 2490 1473 Lege
2533 1438 2570 1467 «ἶ

1461 1476 1510 1506 nil.
1534 1476 1624 1506 Facile
1634 1477 1763 1507 omnibus
1782 1478 1861 1506 terris
1872 1476 2028 1506 antecellat.
2561 1493 2564 1499 ·

1443 1514 1617 1544 Antecellere
1627 1514 1709 1552 longe
1716 1514 1760 1543 vel
1769 1514 1889 1544 multum
1897 1515 1980 1544 alicui
1988 1514 2068 1544 reiad
2079 1513 2227 1543 honorem.
2257 1511 2317 1541 Cic.
2329 1520 2381 1549 pro
2391 1509 2501 1540 Muren.

1462 1553 1529 1582 Non
1542 1553 1631 1582 solum
1641 1553 1688 1582 illa
1698 1552 1784 1590 gloria
1798 1553 1923 1582 militaris
1933 1553 2026 1582 vestris
2040 1551 2166 1581 formulis
2178 1557 2261 1588 atque
2279 1548 2435 1579 actionibus
2446 1548 2567 1587 antep‘'3.'
2579 1549 2581 1553 ”

1463 1590 1555 1620 nenda
1567 1591 1605 1620 est
1616 1612 1625 1626 ,
1652 1591 1832 1620 verumetiam
1846 1591 1961 1619 dicendi
1971 1589 2144 1619 consuetudo
2155 1589 2239 1626 longe
2250 1589 2276 1618 ἀ
2284 1586 2404 1620 multum
2415 1586 2458 1615 isti
2469 1587 2524 1617 vel·

1463 1629 1657 1658 exercitationi
1671 1628 1706 1657 ad
1715 1628 1851 1658 honorem
1864 1628 2016 1658 antecellit.
2536 1621 2577 1658 '⁵255ss

1445 1666 1590 1697 Antecelli.
1609 1666 1694 1709 Audi.
1716 1666 1751 1695 ad
1763 1666 1865 1696 Heren.
1877 1664 1925 1695 lib.
1938 1675 1963 1695 2.
1981 1676 2043 1704 cap.
2057 1675 2100 1702 30.
2135 1665 2176 1694 An
2189 1663 2222 1693 ad
2237 1673 2317 1701 pares
2327 1685 2335 1698 ,
2366 1662 2420 1691 hoc
2428 1661 2502 1690 estin
2511 1656 2573 1698 effi?

1464 1704 1529 1748 deni
1545 1703 1669 1747 partibus
1688 1704 1773 1747 animi
1784 1726 1792 1740 ‚
1811 1704 1951 1742 corporis,
1967 1704 2141 1733 fortunarum
2151 1702 2272 1740 positos:
2293 1711 2330 1730 an
2349 1700 2384 1730 ad
2401 1693 2565 1744 inferiores&-

1465 1752 1511 1780 qui
1525 1741 1654 1771 omnibus
1667 1741 1710 1770 lus
1721 1741 1802 1771 rebus
1811 1742 2036 1771 antecelluntur‘?
2540 1742 2554 1771 *ἶ*
2566 1734 2573 1751 ”

1408 1778 1430 1810 Α
1438 1789 1459 1809 N
1468 1790 1487 1808 T
1496 1790 1510 1809 13
1519 1790 1536 1809 c
1545 1790 1583 1823 ¹³.L
1593 1791 1609 1808 1.
1620 1789 1634 1808 13
1642 1789 1662 1808 N
1673 1789 1685 1809 s
1695 1800 1704 1815 ,
1733 1779 1831 1809 Partic.
1853 1779 1868 1815 [
1880 1779 1944 1815 ὁππξέ
1978 1780 2010 1814 ν]
2039 1778 2097 1808 Cic.
2115 1787 2166 1815 pro
2184 1777 2297 1807 Muren.
2310 1779 2354 1814 36.
2377 1775 2414 1812 Q.
2433 1774 2560 1810 Catulum

1446 1818 1619 1847 humanitate
1628 1839 1636 1853 ,
1657 1817 1790 1855 sapientia
1799 1839 1807 1853 ,
1836 1817 1993 1854 integritate
2005 1816 2227 1846 antecellentem.
2587 1807 2590 1815 ⁶

1409 1856 1458 1886 AN
1467 1866 1486 1899 Τ
1496 1866 1509 1884 11
1520 1865 1537 1885 c
1547 1865 1655 1884 oeN1u
1666 1866 1687 1884 M
1702 1877 1710 1890 ‚
1742 1852 1918 1891 [πξόὸκπνον]
1938 1855 2011 1892 quasi
2022 1876 2030 1889 ,
2051 1856 2120 1883 Ante
2138 1862 2267 1882 coenam:
2300 1851 2385 1881 Cibus
2401 1851 2473 1879 inter
2481 1858 2563 1887 pram*
2588 1854 2596 1875 t

1446 1894 1525 1923 dium
1537 1895 1563 1923 &
1574 1903 1685 1923 coenam
1694 1892 1753 1922 sum
1775 1899 1832 1922 tus:
1868 1892 1923 1922 alio
1940 1892 2054 1921 nomine
2065 1892 2209 1922 Merenda.
2242 1892 2260 1919 A
2282 1889 2319 1919 ul.
2333 1899 2359 1919 2.
2378 1888 2447 1918 Met.
2457 1897 2485 1925 p.
2500 1887 2555 1918 1211>

1446 1930 1556 1961 Prorsus
1564 1930 1732 1969 gladiatoriae
1767 1931 1855 1960 eneris
1865 1931 2031 1960 antecoenia.
2073 1930 2104 1959 V.
2126 1928 2195 1966 Lips.
2212 1928 2252 1958 Mi
2267 1938 2290 1957 c.
2304 1938 2326 1956 1.
2336 1927 2357 1956 Ε
2380 1949 2386 1955 .
2399 1929 2443 1961 6ς.
2458 1924 2556 1956 &Lex-
2588 1942 2593 1956 i.

1447 1968 1536 1999 Pitisc.
1589 1969 1620 1999 V.
1638 1968 1766 1999 &Isidor.
1788 1969 1806 1998 l.
1820 1978 1864 1998 20.
1876 1978 1900 1998 c.
1913 1978 1938 1998 2.
1956 1970 1981 1997 ὃ(
1996 1967 2066 1998 Lud.
2093 1967 2240 1997 Nonnium
2252 1967 2287 1995 de
2303 1964 2345 1994 Re
2379 1964 2415 1993 ib.
2432 1963 2451 1993 l.
2465 1973 2488 1992 1.
2500 1972 2568 2002 αφ..
2585 1961 2598 1993 s>

1410 2007 1432 2038 A
1440 2017 1462 2037 N
1472 2017 1491 2036 T
1501 2018 1514 2036 s
1525 2017 1542 2036 c
1553 2017 1570 2036 u
1580 2017 1595 2035 r.
1604 2016 1616 2036 s
1626 2016 1642 2036 o
1651 2017 1678 2042 a,
1699 2007 1763 2035 oris.
1783 2016 1820 2035 m.
1841 2007 2002 2042 [argon-thav,
2020 2005 2191 2041 πςσῷομῶ]
2212 2004 2246 2034 ab
2256 2005 2324 2033 Ante
2335 2003 2361 2032 ἃ
2377 2001 2484 2032 Cursor.
2495 1998 2560 2040 OQ,

1452 2055 1475 2074 1.
1483 2044 1550 2075 Bell.
1564 2044 1690 2074 Civil.16.
1707 2044 1748 2073 lbi
1760 2053 1824 2073 cum
1835 2043 2054 2074 antecursoribus
2065 2043 2174 2073 Caesaris
2184 2041 2278 2079 praelio
2288 2039 2440 2070 commisso.
2450 2032 2559 2074 ldemffi
2586 2039 2587 2043 ’

1448 2083 1515 2113 Bell.
1534 2082 1603 2112 Gall.
1625 2093 1671 2118 45.
1705 2081 1780 2112 Hora
1789 2082 1898 2111 circiter
1913 2082 1994 2111 tertia
2005 2082 2039 2111 ab
2053 2080 2274 2112 antecursoribus
2293 2079 2328 2108 de
2346 2077 2429 2107 craffi
2444 2077 2571 2108 adventu
2586 2078 2589 2115 ζ

1449 2122 1550 2151 certior
1567 2121 1606 2149 est
1621 2120 1716 2149 fat‘tus.
2586 2116 2589 2163 Ι

1412 2159 1434 2189 A
1444 2166 1463 2187 N
1471 2168 1491 2188 T
1500 2169 1514 2188 iz
1523 2169 1540 2188 c
1549 2168 1568 2187 u
1576 2168 1593 2187 11
1602 2168 1614 2187 s
1624 2168 1641 2187 o
1649 2168 1665 2186 R
1676 2169 1685 2186 1
1698 2168 1716 2187 u
1725 2167 1738 2192 s
1749 2180 1756 2193 ,
1777 2167 1807 2193 a,
1828 2166 1885 2187 um.
1907 2163 1939 2187 ut
1947 2179 1955 2192 ,
1976 2156 2164 2186 Antecursoria
2175 2154 2261 2193 potio.
2282 2153 2359 2191 Apul.
2373 2162 2398 2189 9.
2416 2152 2485 2182 Met.
2538 2159 2552 2179 ¹.

1412 2197 1461 2226 AN
1470 2206 1490 2225 T
1500 2207 1514 2225 iz
1526 2207 1543 2225 n
1554 2206 1567 2225 ε
1575 2206 1593 2225 x
1602 2205 1646 2224 ΤΚ
1655 2206 1674 2224 A
1685 2218 1694 2231 ‚
1715 2201 1771 2225 u‘na
1780 2205 1849 2225 voce
1858 2195 2022 2225 dicebantur
2032 2196 2058 2224 Sc
2071 2196 2140 2223 Aves
2152 2195 2177 2222 ἃ
2187 2192 2312 2221 fulmina.
2333 2190 2458 2229 J0.Bapt.
2473 2188 2560 2221 Bellus
2586 2167 2589 2219 1

1451 2235 1487 2264 de
1498 2235 1567 2264 Part.
1581 2233 1693 2271 Tenipl.
1703 2234 1801 2271 Augur.
1813 2243 1873 2271 cap.
1887 2243 1913 2270 7.
1956 2233 1986 2262 V.
2010 2232 2043 2261 Et
2054 2232 2119 2261 Lex.
2133 2230 2220 2261 Pitisc.
2236 2230 2265 2258 in
2286 2230 2307 2258 A
2317 2238 2382 2258 NTi
2394 2238 2411 2257 e
2421 2239 2450 2257 A.
2518 2235 2521 2238 ·
2541 2246 2547 2260 z
2586 2226 2589 2246 ³

1412 2272 1434 2302 A
1444 2282 1465 2302 N
1473 2282 1493 2301 Τ
1503 2282 1516 2301 ε
1527 2283 1543 2301 n
1552 2276 1565 2301 ῑ
1573 2282 1614 2301 co
1623 2294 1631 2306 ,
1652 2272 1699 2307 xi,
1720 2273 1796 2300 ctum
1806 2293 1814 2306 ,
1832 2271 1978 2307 [πςοεξέω]
1999 2273 2053 2300 ere.
2077 2270 2235 2299 Praedicere.
2259 2267 2318 2296 Cic.
2327 2276 2351 2296 2.
2367 2266 2403 2295 de
2412 2265 2505 2296 Divin.
2518 2270 2558 2302 171
2578 2248 2589 2304 i

1451 2311 1519 2340 Haec
1528 2310 1839 2348 quiantedicunt,qiiani
1851 2309 1986 2337 rationem
1998 2306 2243 2345 sequantur,vides.
2266 2305 2343 2334 Idem
2361 2313 2384 2333 1.
2396 2303 2559 2341 Philippac.
2586 2306 2589 2334 i

1451 2350 1539 2386 Atque
1554 2358 1607 2386 ego
1615 2347 1670 2377 hoc
1681 2347 1744 2376 dico
1756 2346 1790 2375 de
1801 2346 1915 2376 futuris:
1941 2347 2016 2383 quod
2025 2346 2063 2374 est
2074 2347 2217 2382 augbrum,
2226 2342 2449 2377 (aLAmicorum)
2460 2340 2561 2373 antedi-
2588 2374 2589 2381 ἵ

1452 2396 1514 2416 cere
1526 2396 1557 2415 ea
1568 2396 1628 2423 quae
1643 2385 1722 2414 vitari
1733 2384 1851 2422 possunt.
1893 2384 2060 2419 [Emendati
2071 2389 2166 2412 tamen
2178 2382 2290 2411 codices
2308 2379 2415 2409 divilini
2434 2372 2588 2416 scriptum*

1452 2424 1597 2459 exhibent,
1619 2430 1650 2453 ut
1664 2424 1690 2452 &
1701 2424 1769 2452 Ante
1777 2422 1954 2460 expectatum
1964 2431 2008 2459 ap.
2027 2420 2121 2458 Virgil.
2143 2421 2212 2449 Ante
2221 2419 2298 2448 saetis
2309 2427 2352 2455 ap.
2362 2417 2419 2446 Liv.
2433 2418 2484 2446 διο.
2531 2434 2538 2440 .
2548 2431 2558 2447 ,v
2588 2416 2589 2449 ζ

1415 2461 1436 2491 A
1445 2472 1464 2491 N
1474 2472 1494 2490 T
1504 2471 1543 2490 iin
1555 2472 1564 2490 1
1575 2471 1592 2491 c
1601 2470 1620 2489 Τ
1630 2471 1650 2504 u
1660 2470 1672 2490 s
1683 2482 1691 2496 ,
1711 2470 1727 2490 a
1740 2482 1748 2496 ,
1769 2469 1824 2502 um.
1846 2466 1878 2488 ut
1888 2481 1897 2494 ,
1917 2459 2078 2489 AntediCtus
2089 2457 2214 2496 perfuga.
2236 2457 2371 2486 Ainmian.
2388 2458 2429 2483 1⁶.
2443 2463 2485 2484 12.
2517 2472 2520 2473 ν
2540 2443 2576 2487 ss.

1414 2500 1464 2529 AN
1475 2509 1565 2529 Turio
1576 2521 1584 2535 ,
1613 2502 1668 2533 ῑνι,
1698 2499 1712 2534 [
1728 2509 1822 2534 προειμι
1838 2498 1853 2532 ]
1881 2501 1931 2526 ire.
1969 2496 2125 2526 Praecedere
2136 2517 2144 2531 ,
2175 2495 2228 2524 sive
2247 2492 2427 2523 antecedere.
2456 2491 2514 2522 Cic.
2533 2498 2561 2523 2ae
2586 2498 2589 2529 l

1452 2537 1510 2567 Off.
1527 2547 1587 2566 112.
1609 2536 1756 2566 Barbarum
1773 2535 1895 2564 distric'to
1912 2535 2005 2572 gladio
2015 2533 2130 2570 jubebat
2145 2533 2260 2563 anteire.
2550 2544 2551 2549 ¹

1453 2575 1563 2605 Anteire
1573 2574 1713 2604 vehiculo.
1735 2573 1811 2603 Suet.
1824 2574 1853 2602 in
1866 2573 1973 2610 August.
1988 2582 2048 2610 cap.
2058 2574 2103 2608 65.
2570 2568 2572 2570 ’

1452 2613 1566 2643 Anteire
1584 2621 1691 2642 ventos.
1714 2610 1760 2641 Sil.
1779 2611 1826 2640 lib.
1847 2614 1889 2640 16.
2554 2630 2556 2634 .

1451 2651 1564 2681 Anteire
1575 2672 1584 2685 ,
1606 2660 1655 2688 per
1667 2654 1789 2686 metaph.
1811 2658 1862 2686 pro
1873 2647 2045 2678 Antecellere
2055 2648 2081 2677 δι
2091 2645 2235 2683 anteponi.
2265 2644 2334 2674 Hor.
2349 2653 2370 2673 1.
2386 2640 2469 2681 Epist.
2483 2650 2508 2672 2.
2518 2649 2571 2680 702-
2587 2651 2589 2660 ‘¹

1469 2689 1602 2718 Strenuus
1614 2688 1712 2717 anteis.
1741 2686 1827 2716 Plaut.
1844 2686 1944 2724 Amph.
1967 2695 1992 2716 2.
2013 2696 2036 2715 1.
2056 2690 2098 2719 18.
2131 2683 2223 2712 Virtus
2237 2682 2367 2712 omnibus
2381 2682 2462 2711 rebus
2480 2674 2581 2729 mimi}

1472 2727 1606 2765 profecto.
1628 2725 1700 2762 Virg.
1713 2734 1738 2754 2.
1755 2724 1816 2755 AEn.
1829 2729 1873 2759 84.
2542 2716 2568 2749 ’ἕ

1533 2764 1591 2800 Qui
1609 2764 1731 2792 candore
1749 2763 1825 2791 nives
1843 2761 1997 2795 anteirent,
2021 2759 2141 2790 cursibus
2160 2767 2247 2788 auras.
2529 2755 2573 2789 ,ἐξ4

1454 2801 1566 2832 Anteire
1580 2802 1686 2830 caeteris
1699 2801 1807 2829 virtute.
1829 2799 1885 2829 Cic.
1899 2809 1924 2828 2.
1944 2799 2000 2828 Off.
2013 2808 2055 2835 37.

1452 2840 1563 2869 Anteire
1575 2839 1742 2869 claritudine
1752 2838 1869 2875 generis.
1891 2836 1982 2866 Tacit.
1999 2847 2039 2865 12.
2057 2836 2126 2865 Ann.
2140 2837 2165 2863 6.
2545 2850 2562 2863 .1

1451 2878 1564 2907 Anteire
1582 2883 1661 2906 aetate
1671 2898 1679 2911 ,
1700 2877 1716 2905 i.
1736 2886 1760 2905 e.
1789 2875 1878 2905 IEtate
1890 2875 2045 2912 praecedere
2056 2896 2065 2908 ,
2086 2873 2218 2908 majorem
2227 2877 2293 2900 natu
2302 2869 2362 2899 esse.
2393 2869 2453 2898 Cic.
2466 2878 2491 2905 9.
2504 2866 2561 2898 Phi·
2580 2892 2581 2897 ,

1473 2915 1542 2954 lipp.
1565 2915 1619 2944 Sed
1634 2924 1720 2951 quum
1744 2913 1852 2942 Servius
1871 2912 2004 2949 Sulpitius
2021 2918 2099 2940 aetate
2116 2909 2171 2939 illis
2184 2910 2308 2938 anteiret.
2568 2910 2578 2943 ’.-

1454 2952 1558 2982 Anteiri
1569 2952 1602 2982 ab
1613 2952 1681 2982 aliis.
1704 2951 1794 2980 Tacit.
1806 2960 1830 2979 2.
1843 2950 1909 2980 Hist.
1923 2960 1982 2979 101.
2004 2949 2189 2979 IEniulatione
2197 2948 2290 2981 etiam,
2311 2945 2478 2981 invidiaque,
2488 2941 2573 2979 neal}

1471 2991 1532 3020 aliis
1543 2991 1618 3028 apud
1631 2988 1770 3019 Vitellium
1781 2989 1960 3022 anteirentur,
1978 2986 2133 3025 pervertisse
2144 2985 2233 3022 ipsum
2243 2984 2382 3013 Vitellium
2390 2983 2526 3012 videntur.
2535 2999 2549 3019 ς,
2558 2974 2579 3013 “f

1416 3030 1806 3096 AigTit-sxpecTATuM
1836 3027 1906 3062 [πςό
1930 3026 1962 3051 τὲ
1987 3019 2214 3062 πςοσδῑδὶκημῖιῖκ]
2243 3022 2310 3051 Adv.
2337 3028 2423 3058 temp.
2455 3019 2522 3056 Virg.
2535 3023 2560 3055 ς,
2588 3016 2590 3061 J

1481 3076 1528 3096 eor
1549 3089 1554 3095 .
1625 3088 1630 3094 .
2564 3068 2567 3078 ²

1531 3071 1781 3141 sirstssgxpeaatum
1801 3099 1894 3138 positis
1905 3099 1950 3130 sed
1963 3100 1990 3130 in
2009 3100 2118 3135 agmine
2136 3098 2236 3128 castris.
2294 3095 2472 3129 UbiServius,
2487 3082 2562 3128 tint'eq

1454 3143 1642 3180 expectatum,
1657 3140 1738 3169 Diuo
1754 3139 1852 3168 citius:
1875 3138 1893 3167 i.
1910 3148 1934 3167 e.
1959 3140 2026 3167 Ante
2036 3147 2118 3174 quam
2130 3137 2188 3170 eius
2200 3135 2362 3172 expectetur
2371 3133 2513 3162 adventus.
2531 3129 2565 3163 Β

1455 3181 1493 3210 est
1501 3189 1555 3209 una
1566 3188 1628 3217 pars
1637 3177 1776 3207 orationis.
1796 3177 1821 3205 h.
1838 3185 1864 3205 e.
1884 3176 2061 3205 Adverbiuin.
2093 3174 2121 3203 V.
2145 3174 2209 3203 Pier.
2223 3175 2248 3202 oz
2260 3171 2339 3208 supra
2355 3172 2376 3199 A
2386 3180 2406 3198 N
2416 3179 2457 3198 Ta
2467 3179 2484 3197 D
2494 3178 2502 3196 1
2512 3174 2560 3197 co.

1417 3218 1466 3248 AN
1478 3227 1497 3246 Τ
1510 3227 1523 3246 Ε
1534 3228 1546 3245 11
1557 3226 1601 3245 AC
1611 3226 1630 3244 T
1641 3220 1686 3244 nivi
1699 3238 1707 3250 ,
1731 3216 1749 3244 i.
1769 3217 1796 3243 ri.
1824 3210 2069 3249 [⁷120ququon
2085 3212 2099 3247 ]
2132 3210 2189 3241 Liv.
2203 3220 2227 3247 7.
2244 3209 2309 3239 Bell.
2323 3208 2429 3237 Maced.
2443 3216 2484 3239 <3-
2513 3204 2566 3237 Vm'

1454 3255 1540 3284 modo
1550 3254 1578 3283 id
1589 3252 1682 3283 dicere
1694 3255 1719 3283 ἃ
1729 3250 1899 3281 conveniens
1908 3251 1962 3280 esse
1969 3250 2111 3280 antefatus
2124 3272 2132 3283 ,
2154 3249 2257 3278 dicent.
2297 3246 2412 3275 Videtur
2424 3244 2477 3273 esse
2495 3242 2570 3277 ὑ-’ὲιῖ
2588 3267 2590 3276 ,

1454 3302 1485 3323 ut
1501 3293 1605 3329 legatur
1620 3291 1656 3320 sic
1668 3311 1676 3325 ,
1698 3289 1879 3319 Ante-factis.
1902 3288 2004 3318 Vitruv.
2020 3299 2046 3324 9.
2065 3297 2090 3324 7.
2122 3286 2263 3316 Antefiieta
2276 3286 2302 3314 δι
2314 3284 2405 3313 futura
2420 3291 2454 3313 ex
2463 3278 2551 3311 ratio·
2578 3283 2590 3290 “

1455 3329 1617 3360 nationibus
1641 3328 1773 3358 astrorum
1792 3325 1938 3364 explicare.
2588 3348 2595 3355 ,,

1417 3369 1438 3399 A
1448 3379 1466 3398 N
1478 3378 1497 3397 T
1508 3378 1520 3396 a
1530 3379 1542 3396 ιτ
1553 3377 1571 3396 A
1581 3377 1598 3396 c
1607 3377 1626 3395 T
1636 3377 1653 3395 u
1663 3376 1674 3395 s
1685 3388 1693 3400 ,
1714 3376 1745 3400 a,
1766 3373 1823 3394 um·
1863 3363 1933 3392 Geli.
1952 3373 1992 3400 17.
2005 3373 2031 3400 7.
2063 3362 2161 3391 Utrum
2171 3369 2206 3390 ne
2218 3361 2247 3390 in
2257 3359 2388 3390 Postffitra
2397 3356 2483 3387 modo
2496 3356 2570 3393 fu„
2589 3371 2592 3376 v

1455 3406 1501 3435 lex
1510 3402 1614 3435 valeret
1631 3426 1639 3439 ,
1657 3414 1691 3433 an
1703 3404 1785 3433 etiam
1796 3403 1827 3432 in
1839 3401 1982 3430 antefacta.

1416 3445 1438 3474 A
1446 3453 1496 3472 ΝΤ
1504 3453 1519 3472 1³
1529 3454 1542 3472 r
1551 3444 1566 3472 ᾗ
1575 3453 1588 3470 s
1598 3452 1615 3471 o
1625 3464 1633 3476 ,
1654 3441 1704 3471 tuli
1715 3463 1724 3475 ,
1749 3441 1836 3469 latum
1845 3461 1852 3474 ,
1873 3439 1952 3468 ferre.
1975 3438 2045 3475 Virg.
2056 3440 2081 3468 6.
2095 3437 2152 3467 ffin.
2164 3440 2227 3473 677.

1533 3481 1610 3510 Dixit
1623 3502 1631 3514 ,
1653 3481 1679 3509 ἃ
1697 3477 1827 3508 antetulit
1845 3476 1969 3514 gressum.
2064 3475 2095 3504 V.
2119 3485 2138 3504 A
2147 3481 2166 3503 'N
2178 3484 2197 3502 T
2207 3484 2220 3502 E
2229 3483 2246 3502 c
2255 3483 2271 3501 r<
2282 3483 2295 3502 ε
2305 3482 2322 3501 o
2333 3481 2368 3500 10
2379 3481 2403 3499 s.

1455 3518 1605 3552 Anteferre,
1617 3517 1752 3551 Praeferre,
1763 3522 1942 3551 anteponere.
1974 3507 2152 3550 [remmia]
2173 3511 2232 3540 Cic.
2244 3521 2266 3547 3.
2284 3509 2421 3545 Tusc.46.
2441 3506 2561 3537 Tenuem
2596 3507 2599 3538 j

1472 3557 1576 3585 victum
1597 3554 1715 3584 antefert
1731 3551 1855 3590 copioso.

1454 3593 1597 3622 Anteserre
1613 3592 1730 3621 alterum
1746 3591 1824 3620 alteri
1834 3590 1868 3618 de
1881 3599 1908 3618 re
1918 3588 1982 3626 aliq.
2002 3588 2060 3617 Cic.
2076 3596 2126 3625 pro
2143 3586 2225 3616 Corn.
2237 3594 2280 3621 45.
2511 3616 2518 3623 .

1417 3631 1438 3661 A
1448 3641 1467 3659 N
1479 3641 1519 3660 Tit
1529 3642 1544 3659 L
1553 3634 1570 3659 A
1580 3640 1600 3659 ‘r
1611 3640 1628 3658 υ
1639 3639 1651 3659 s
1661 3652 1669 3664 ‚
1691 3631 1705 3665 [
1722 3623 1930 3664 neomuanpsslb&
1946 3626 1959 3660 ]
1982 3625 2076 3654 Partic.
2098 3624 2132 3653 ab
2151 3624 2301 3653 Anteferor.
2324 3621 2382 3651 Cic.
2399 3620 2435 3650 de
2445 3619 2571 3649 Provisis-⁴

1454 3667 1535 3697 Cons.
1548 3677 1591 3704 ²7-
1614 3667 1708 3704 Qiuin
1722 3667 1729 3695 i
1742 3666 1779 3695 ›se
1791 3665 1894 3694 caeteris
1906 3663 2035 3693 omnibus
2043 3662 2110 3692 esset
2121 3662 2200 3691 omni
2209 3661 2315 3690 honore
2326 3658 2469 3689 antelatus.

1417 3706 1703 3735 AN'rssFERENDo.
1736 3704 1793 3733 ior.
1813 3712 1838 3732 2.
1862 3701 1980 3739 Epist.1.
1998 3711 2036 3736 19.
2585 3681 2588 3722 1

1534 3742 1576 3771 Te
1601 3742 1697 3771 nostris
1718 3740 1850 3774 ducibus,
1871 3745 1899 3767 te
1921 3738 2007 3767 Graiis
2021 3736 2211 3767 anteferendo.
2586 3742 2588 3759 i

1419 3780 1440 3810 A
1450 3790 1470 3809 N
1480 3789 1499 3808 T
1509 3789 1521 3808 s
1530 3790 1543 3808 r
1555 3790 1563 3807 i
1573 3789 1591 3808 x
1602 3789 1618 3808 u
1628 3790 1649 3813 s,
1661 3790 1684 3813 a,
1700 3786 1755 3808 uni.
1767 3778 1871 3806 Vitruv.
1880 3786 1919 3804 10.
1930 3786 1939 3804 i
1948 3787 1970 3810 ς.
1991 3775 2114 3805 Antelixa
2126 3773 2244 3803 latitudo
2255 3770 2405 3802 foraminis.
2416 3769 2560 3803 Liv.2⁶.23.

1456 3817 1703 3854 Quaeinantelixis
1716 3817 1801 3845 erant.
1821 3816 1934 3850 &344
1959 3813 2083 3842 Antefixa
2094 3812 2316 3841 ficliliadeorum.
2360 3809 2390 3838 V.
2414 3808 2529 3837 Gronov.
2592 3806 2594 3812 '

1454 3854 1596 3887 antefixa.
1618 3854 1688 3890 Quae
1699 3863 1734 3884 ex
1751 3862 1836 3892 opere
1854 3850 1951 3890 figlino
1971 3851 2051 3881 tectis
2064 3849 2209 3887 affiguntur
2219 3847 2267 3878 sub
2285 3846 2432 3877 stillicidio.
2468 3841 2560 3873 Festus·

1477 3893 1508 3922 V.
1531 3891 1594 3922 Lex.
1610 3891 1697 3922 Pitisc.
2246 3890 2250 3897 ¹
2412 3884 2459 3914 AN
2469 3884 2562 3910 Trici·-
2586 3885 2588 3914 Ι

2592 3625 2604 3641 Η
