2604 4222
192 204 261 240 218
625 194 653 227 A
748 190 784 225 N
882 187 916 222 X

197 279 216 307 A
228 287 248 307 N
259 287 277 306 Τ
288 287 305 306 υ
315 287 331 306 R
341 287 358 305 A
372 299 379 312 ,
402 288 432 306 rs.
455 276 473 305 s.
495 275 588 305 Herba
599 297 606 305 .
627 273 698 302 forte
712 272 811 301 eadem
819 273 888 307 'quae
905 267 983 305 supra
1000 275 1020 294 A
1031 273 1051 294 N
1063 273 1081 292 vr
1093 272 1112 292 Η
1123 272 1139 291 o
1149 271 1165 290 s
1175 270 1203 289 A.
1223 258 1347 290 Marcell.

235 316 314 353 Emp.
328 325 387 353 cap.
401 321 424 348 8.
445 315 553 344 Tura&
563 320 658 341 antura
674 310 774 339 herbae.

197 355 349 383 AN’rus,
388 353 418 381 V.
441 360 608 381 ANTuus.

631 390 657 421 A
750 384 785 419 N
882 381 915 415 U

199 453 220 481 A
229 461 250 480 N
260 461 302 480 un
313 462 321 480 1
332 461 350 480 A
360 462 371 481 s
382 474 390 487 7
413 452 479 481 adis.
503 445 655 486 [duxeras]
678 446 694 475 A
709 443 872 482 quibusdam
883 443 986 472 dicitur
995 440 1091 475 herba,
1113 448 1173 476 quse
1186 437 1294 466 notiore
1304 445 1354 465 no-

235 490 312 518 mine
323 489 435 519 Convza
450 487 603 527 appellatur
614 508 621 520 ,
649 484 765 520 &vulgo
777 484 920 516 Ctmicarta,
943 481 988 509 seu
1009 480 1140 506 fulicarna.
1176 476 1286 518 Legitur
1294 474 1356 518 liaec

235 537 290 556 vox
308 528 335 556 in
347 523 512 564 quibusdam
522 523 690 555 Dioscuridis
700 519 906 556 exemplaribus
919 541 926 553 ,
946 527 1028 555 quam
1040 524 1133 545 tamen
1146 525 1160 557 a
1176 512 1355 557 peritioribus

236 565 308 594 inter
318 564 540 594 nomenclaturas
551 562 659 594 nothas.
670 558 791 594 salsoque
801 556 955 585 Dioscoridi
964 555 1109 584 attributas
1119 553 1174 582 sero
1185 560 1332 580 numerari.

199 603 219 632 A
230 613 249 631 N
260 607 277 631 ῦ
287 613 301 631 s
313 614 321 630 1
332 612 354 638 s,
367 603 399 636 is,
418 604 443 632 Sc
463 602 525 630 Telis,
548 599 600 635 [Ἃ
609 597 691 631 νεῶς]
711 595 905 631 AEgyptiorum
914 594 982 623 deus
993 615 1000 628 ,
1021 593 1067 630 qui
1078 593 1179 621 canino
1191 589 1282 626 capite
1294 589 1355 631 pin-

236 641 318 678 gitur.
369 641 451 669 Hunc
472 638 571 668 volunt
598 635 650 664 else
676 633 847 662 Mercurium
863 654 871 667 ,
901 632 965 669 quia
986 630 1058 660 nihil
1079 630 1117 658 est
1132 637 1200 658 cane
1222 625 1352 664 sagacrus.

236 678 344 707 Author
351 676 459 707 Servius
470 684 597 705 enarrans
608 671 678 701 illud
689 671 762 707 Virg.
771 675 796 703 8.
817 670 879 700 AEn.
893 674 956 705 698.
1109 704 1114 710 ·

317 716 561 752 Omnigenumque
581 711 665 740 deum
688 708 807 737 monstra
821 730 829 743 ,
850 709 876 737 Sc
900 707 1010 739 latrator
1025 704 1138 735 Anubis.

237 754 329 782 Amor.
347 763 355 781 1
381 776 386 781 .
405 764 444 780 11.

316 763 426 820 Per³tua
443 787 516 818 sacra
533 796 632 825 precor
643 807 652 822 ‚
676 796 727 824 per
746 783 882 814 Anubidis
897 793 945 812 ora
959 781 1082 812 verendi.

258 851 264 857 .
277 838 318 857 11.
358 839 379 857 ι.

238 837 250 864 3
315 839 383 895 'Aisa
396 865 458 901 Jovi
478 863 570 892 nostro
589 861 737 891 latrantem
749 869 892 898 opponere
908 858 1029 888 Anubin.

197 904 370 938 ANuLus,
414 903 443 932 V.
464 909 655 930 ANNULUS.

200 942 219 970 A
228 950 248 969 Ν
258 950 276 969 υ
286 951 331 1007 Llu
340 951 352 970 s
366 963 373 976 ,
390 937 692 1006 {mlviiusdmauritaniae
702 959 711 973 ,
731 936 807 974 apud
814 934 883 965 Plin.
896 934 946 964 lib.
957 940 983 968 8.
994 943 1054 971 cap.
1072 942 1095 962 1.
1116 930 1229 967 Legitur
1238 930 1267 958 in
1276 927 1354 958 MSS.

236 979 295 1007 Ami
311 988 348 1007 us.
415 1001 421 1007 .
472 988 499 1006 ar
522 998 529 1005 .

198 1017 244 1045 ΚΝ
256 1026 294 1045 us
306 1039 314 1052 ,
335 1018 376 1045 us.
396 1016 415 1045 f.
439 1017 454 1051 [
469 1016 540 1050 χοῶς
556 1014 571 1049 ]
592 1011 720 1042 Vetulam
729 1011 870 1049 significat.
892 1010 994 1044 Festus,
1007 1008 1079 1037 Anus
1091 1007 1165 1035 dicia
1178 1005 1216 1034 est
1227 1003 1260 1033 ab
1271 1012 1357 1032 anno-

234 1064 297 1083 rum
316 1053 516 1083 multitudine:
539 1052 672 1087 quoniam
691 1049 797 1087 antiqui
813 1058 869 1078 non
886 1045 1063 1086 geminabant
1087 1044 1285 1073 consonantes:
1312 1040 1356 1069 vel

235 1092 312 1129 quod
322 1092 377 1127 jam
388 1092 420 1120 sit
429 1091 484 1120 sine
497 1089 573 1119 sensu
591 1111 599 1124 ,
621 1088 667 1126 qui
679 1088 772 1117 Graece
782 1087 883 1116 dicitur
897 1086 942 1114 νές.
966 1084 1025 1113 Cic.
1044 1094 1066 1112 1.
1078 1082 1160 1112 Tuse.
1170 1087 1216 1117 48.
1238 1080 1308 1116 Quae
1319 1079 1357 1108 est

236 1140 304 1159 anus
314 1136 370 1159 tam
382 1127 468 1158 delira
480 1151 487 1162 ,
509 1138 568 1165 quae
579 1128 678 1155 timeat
692 1126 739 1155 ista
749 1127 762 1154 t?
783 1123 866 1154 Ovid.
883 1133 906 1159 3.
919 1122 985 1152 Fast.
995 1124 1058 1155 668.

317 1167 440 1205 Pauper,
462 1167 508 1195 sed
525 1165 619 1194 multae
640 1162 790 1193 sedulitatis
811 1172 888 1191 anus.

236 1206 323 1235 Anuis
333 1227 341 1241 ,
363 1205 499 1243 genitivus
511 1204 641 1240 antiquus
660 1212 710 1239 pro
721 1201 804 1230 Anus.
826 1199 899 1228 Varr.
912 1197 991 1232 Cato,
1001 1195 1045 1225 vel
1056 1196 1090 1224 de
1098 1195 1202 1224 Liberis
1213 1193 1356 1237 Ed-ucand.

252 1243 323 1282 ,Eam
336 1244 474 1272 nutricem
486 1247 597 1279 oportet
612 1240 665 1269 esse
678 1238 891 1268 adolescentem.
935 1235 1022 1265 Anuis
1039 1234 1115 1262 enim
1125 1240 1156 1262 ut
1164 1232 1271 1271 sanguis
1282 1231 1359 1261 dete-

256 1282 321 1315 rior,
337 1281 429 1310 siclae.
454 1280 495 1309 Ex
507 1278 609 1308 Nonio.
650 1277 681 1306 V.
703 1276 772 1306 Gell.
784 1276 833 1305 lib.
845 1287 871 1311 4.
886 1284 946 1311 cap.
962 1277 1006 1302 16.
1017 1271 1065 1302 ubi
1075 1271 1196 1302 abunde.

237 1316 346 1349 Annosa
356 1328 432 1348 anus.
457 1317 579 1347 Ovid.2.
604 1315 669 1344 Fast.
685 1324 746 1351 571.

241 1357 340 1386 Curva.
363 1356 446 1386 Ovid.
463 1366 485 1385 1.
497 1356 532 1384 de
544 1355 608 1383 Arte
618 1356 674 1381 Am.
693 1355 757 1388 766.

238 1394 332 1429 Delira
345 1404 423 1423 anus.
447 1393 504 1423 Cic.
518 1403 544 1421 2.
570 1392 605 1420 de
621 1390 714 1420 Divin.

237 1432 356 1470 Frigida.
386 1431 468 1462 Ovid*
480 1441 505 1465 ι.
527 1430 561 1459 de
577 1430 641 1458 Arte
659 1429 719 1458 Am.

239 1470 391 1500 Grandaeva
406 1472 431 1499 ἃ
443 1469 558 1498 defecta.
580 1468 643 1496 Sen.
657 1463 746 1496 OEth.
761 1475 805 1501 15.

237 1507 381 1538 Tremens.
409 1507 492 1536 Ovid.
506 1512 532 1540 8.
549 1505 618 1535 Met.
628 1507 693 1533 660.

238 1545 334 1576 Vivax.
356 1545 440 1574 Ovid.
455 1554 496 1579 13.
518 1543 587 1573 Met.
604 1552 665 1577 519.

239 1585 315 1613 Anus
327 1604 334 1615 ‚
355 1583 425 1621 plur.
438 1582 504 1612 Hor.
517 1580 607 1618 Epod.
625 1589 666 1617 17.
679 1582 723 1608 60.
744 1579 771 1608 ἃ
786 1576 904 1607 1.Serm.
915 1586 941 1611 4.
954 1580 997 1612 38.

239 1622 363 1652 Sumitur
378 1622 404 1650 ἃ
417 1621 570 1656 adjective:
591 1624 640 1653 ut,
664 1616 803 1655 Amphora
814 1624 891 1645 anus.
916 1612 1038 1644 Nlartial.
1060 1611 1108 1641 lib.
1123 1614 1149 1641 6.
1161 1619 1207 1648 27.

241 1659 343 1689 Charta
353 1669 428 1688 anus.
453 1656 552 1686 Catuli.
566 1659 610 1692 69.
626 1666 672 1692 45.

239 1696 324 1728 Fama
334 1706 411 1726 anus.
434 1696 511 1725 Idem
520 1704 564 1731 79.
579 1702 621 1722 10.

239 1735 322 1765 Ficus
342 1744 418 1763 anus.
441 1734 508 1762 Plin.
528 1743 569 1767 ις,
590 1742 631 1768 19.

241 1773 328 1803 Terra
340 1782 416 1801 anus.
441 1772 516 1800 ldem
531 1780 572 1799 17.
588 1781 611 1805 ς.
1169 1799 1174 1805 ι
1288 1798 1295 1805 ,

240 1809 286 1841 Est
294 1813 319 1840 &a
335 1812 417 1844 Anus7
429 1809 505 1838 Cutis
517 1807 646 1846 superans
656 1804 832 1840 umbilicum,
842 1804 921 1839 cujus
929 1813 1001 1841 rugae
1010 1801 1077 1831 senii
1088 1800 1226 1830 indicium
1242 1799 1358 1829 faciunt.

241 1847 354 1879 Tralate
366 1848 496 1884 fignificat
511 1845 710 1875 Emasculatum
724 1865 731 1878 ,
753 1843 924 1878 deformem,
950 1840 1080 1871 inutilem
1093 1850 1100 1869 ;
1124 1844 1155 1868 ut
1165 1837 1289 1868 observat
1297 1837 1361 1867 Bar-

260 1887 336 1916 thius
347 1886 376 1914 in
387 1886 494 1914 Comm.
506 1884 540 1913 ad
553 1882 650 1913 Claud.
662 1884 691 1911 in
700 1881 812 1918 Eutrop.
828 1891 850 1909 1.
867 1891 892 1916 9.

512 1938 550 1943 -—
563 1921 686 1950 trabeata
703 1929 752 1957 per
769 1919 851 1947 urbes

323 1962 482 1992 Ostentatur
500 1969 566 1989 anus
578 1980 586 1993 ‚
620 1958 789 1993 titulumque
804 1955 959 1985 effoeminat
975 1953 1051 1984 anni.

204 2002 381 2031 ANrcr'JLA
393 2022 400 2035 ,
424 2009 455 2028 ιε.
477 1999 491 2034 [
506 1996 607 2032 wadio·
624 1997 637 2032 ]
659 1996 757 2025 dimin.
785 1994 841 2023 Cic.
854 2004 904 2031 pro
913 1993 1001 2022 Flacc.
1025 1992 1147 2021 Aniculae
1156 1989 1273 2020 minime
1281 1989 1365 2027 suspi-

243 2038 322 2068 ciosae
331 2044 429 2076 purgat
437 2036 472 2066 se.
502 2036 566 2065 Ter.
581 2035 690 2064 Phorm.
708 2044 729 2062 1.
741 2042 767 2061 2.
780 2038 825 2067 48.
847 2034 874 2061 Sc
889 2031 956 2060 And.
974 2041 996 2060 1.
1010 2041 1036 2066 4.
1045 2041 1071 2066 4.
1106 2030 1176 2058 Hoc.
1194 2027 1292 2057 dimin.
1314 2037 1364 2065 per

242 2083 436 2113 contemptum
457 2074 569 2109 dicitur,
587 2073 655 2102 ficut
663 2070 839 2105 Muliercula,
855 2067 1043 2103 Aleretricula,
1064 2066 1267 2105 pauperculus:
1290 2065 1364 2103 quasi

242 2117 317 2144 ,Anus
328 2112 513 2149 abjefftiffima.
1082 2142 1087 2149 ι

243 2152 284 2182 Ab
295 2162 350 2181 anu
361 2150 476 2180 Anicula
485 2172 493 2186 ,
514 2148 646 2179 Anicella.
678 2147 761 2176 Varro
776 2144 795 2174 l.
810 2150 835 2179 8.
847 2155 874 2182 p.
887 2147 948 2174 116.
961 2153 1031 2174 meae
1043 2143 1109 2172 edit.
1120 2142 1201 2181 postr.
1222 2141 1258 2171 H.
1267 2142 1307 2171 St.

205 2191 258 2222 AN
269 2201 279 2218 1
290 2200 307 2219 e
318 2201 333 2218 L
343 2200 363 2217 A
375 2211 382 2224 ,
405 2198 435 2217 ae.
457 2188 475 2216 f.
519 2198 548 2216 ro
560 2185 673 2215 Anicula
684 2208 692 2219 ,
714 2183 878 2213 Prudentius
890 2183 979 2212 Perist.
994 2192 1035 2210 10.
1051 2191 1110 2217 149.

205 2230 372 2259 Aurerrr
385 2237 403 2255 A
415 2248 423 2262 ,
445 2236 475 2254 ae.
499 2197 516 2254 s.
539 2225 620 2254 Aliud
634 2221 817 2264 dimin.apud
830 2220 902 2250 Varr.
915 2227 941 2254 8.
954 2221 989 2263 de
1002 2219 1031 2248 L.
1048 2219 1077 2248 L.
1088 2230 1133 2255 45.
1145 2218 1243 2247 &Sen-
1253 2217 1304 2261 Ep.
1317 2225 1362 2253 77.

206 2267 324 2297 ANfLr
335 2274 365 2301 s,
388 2265 452 2300 e.‘[
469 2259 575 2299 maiis
587 2285 596 2299 ,
613 2257 710 2298 κακῶς
725 2260 741 2295 ]
762 2257 821 2295 AdJ.
840 2265 890 2295 ut,
915 2257 1003 2288 Anilis
1015 2263 1088 2286 aetas.
1111 2255 1248 2286 Columel.
1268 2255 1318 2285 hb.
1334 2265 1360 2285 2.

244 2313 441 2383 ἱὲιξῖῑεπεῖηῆες..
460 2339 534 2382 Virg.
546 2349 570 2374 9.
589 2336 651 2368 AEn.
662 2341 727 2371 489.

243 2378 362 2410 Fabulae.
386 2376 503 2414 Quintil.
515 2376 562 2405 lib.
577 2386 599 2404 1.
610 2385 670 2412 cap.
690 2379 716 2407 8.
737 2371 844 2417 Hor32.
856 2371 983 2416 Serm76.
996 2379 1040 2408 77.

246 2416 413 2447 Cleomedes
428 2414 446 2444 l.
458 2425 484 2444 2.
496 2414 531 2443 de
543 2414 679 2452 Epicuro:
704 2412 769 2437 Α’ὴλὰ
784 2421 833 2445 φας
850 2410 967 2445 pastum
987 2407 1088 2444 κοιῶδει
1106 2404 1235 2436 medear.
1275 2406 1365 2445 Nugae

264 2454 352 2485 aniles
363 2476 371 2488 ‚
394 2451 507 2488 ,μάθω
529 2452 602 2486 λῆξαι.
652 2450 684 2478 V.
707 2450 736 2477 in
746 2447 869 2484 Registro
888 2448 918 2476 in
935 2446 1020 2476 Lunae
1036 2445 1160 2475 defec'tus
1172 2467 1180 2480 ,
1197 2445 1232 2473 de
1248 2445 1366 2474 aniculis

264 2491 442 2527 credentibus
452 2490 525 2519 lunae
536 2489 676 2518 defecftum
688 2486 866 2523 contingere,
886 2485 917 2511 ὃτι
934 2482 1092 2520 cagamul&
1109 2481 1162 2510 &air
1174 2504 1182 2517 ,
1196 2483 1221 2508 αἱ
1242 2483 1365 2518 mesmes..

265 2541 310 2557 cas
334 2525 414 2559 ιἰυτνῗν.
436 2528 471 2558 Η.
489 2528 526 2557 St.
567 2526 708 2557 Incertum
719 2534 802 2561 quem
815 2526 956 2552 auctorem
975 2521 1133 2560 respexerit.
1155 2520 1235 2558 Apud
1257 2521 1316 2549 Cic.
1340 2530 1363 2549 1.

265 2567 348 2598 Tusc.
364 2577 408 2603 93.
441 2566 555 2603 Ineptiae
565 2564 661 2594 aniles.
683 2563 714 2592 V.
729 2560 864 2592 &Eram
874 2561 904 2590 in
913 2561 991 2590 Prov.
1011 2559 1191 2589 anicularum
1202 2557 1368 2588 deliramen-

265 2613 303 2636 ta.
328 2605 396 2634 Add.
413 2614 436 2632 r.
454 2603 578 2633 Timoth.
595 2613 621 2638 4.
636 2611 661 2639 7.

247 2643 347 2673 Paffus.
369 2642 452 2672 Ovid.
472 2652 512 2676 14.
526 2640 595 2670 Met.
614 2649 675 2676 533.

249 2681 384 2718 Quaestus.
405 2680 488 2709 Ovid.
503 2689 527 2715 9.
543 2678 609 2708 Met.
628 2681 692 2715 276.

248 2719 342 2755 Rugae.
365 2718 450 2747 Ovid.
467 2727 507 2750 14.
521 2716 588 2746 Met.
607 2719 652 2750 96.

248 2755 468 2794 Superstitiones.
492 2755 549 2783 Cic.
563 2764 588 2783 2.
600 2754 635 2782 de
647 2753 739 2783 Divin.
758 2761 818 2788 125.
838 2749 928 2780 Codd.
938 2749 1050 2779 emend.
1071 2746 1368 2786 Superstitionemim-

269 2793 363 2823 beciili
376 2793 461 2822 animi
473 2799 555 2830 atque
566 2791 655 2820 anilis.

250 2830 389 2863 Studium.
413 2831 483 2868 Virg.
495 2841 521 2865 4.
544 2830 605 2860 ffin.
623 2833 687 2864 641.

410 2885 447 2889 ——
466 2868 514 2897 illa
528 2867 643 2903 gradum
666 2866 755 2896 studio
774 2863 939 2903 properabat
954 2862 1029 2892 anili.

214 2911 235 2939 A
245 2919 266 2939 N
276 2920 284 2937 1
294 2909 356 2937 Li‘r
365 2917 384 2937 A
393 2917 405 2936 s
415 2929 423 2942 ,
444 2906 504 2935 Etis.
524 2905 543 2934 f.
566 2906 581 2940 [
596 2901 619 2931 τι)
634 2899 738 2939 7391&
752 2903 768 2938 ]
788 2903 865 2932 Sicut
875 2912 890 2931 a
900 2902 970 2931 Sene
979 2900 1103 2930 senectus
1115 2920 1123 2934 ,
1144 2898 1183 2929 ita
1192 2898 1226 2928 ab
1239 2899 1297 2928 Anu
1307 2898 1366 2928 ani-

251 2947 313 2976 litas
323 2946 465 2975 nominata
474 2944 520 2973 est.
541 2943 599 2972 [lid.
620 2952 661 2971 11.
675 2951 699 2971 2.
723 2940 798 2970 Cana
808 2939 925 2969 anilitas.
948 2937 1049 2968 Catull.
1060 2942 1104 2966 62.
1118 2948 1178 2966 102.
1203 2939 1229 2967 Sc
1243 2948 1286 2972 59.
1306 2940 1366 2966 162.

251 2983 483 3015 In(}loff.1s1dor.
505 2980 593 3010 Anilia
603 2980 640 3009 est
659 2980 800 3014 Amentia,
820 2978 939 3007 fatuitas.
968 2976 1068 3006 Malim
1086 2975 1124 3004 ibi
1140 2975 1298 3004 Anilitatem
1315 2974 1369 3004 effe

253 3024 364 3052 Anuum
374 3021 514 3050 delirium.
544 3028 578 3048 cx
590 3017 671 3047 Thes.
684 3016 754 3054 Lips.

216 3061 378 3095 ANirAs,
400 3059 460 3088 sitis.
482 3058 500 3087 f.
523 3057 610 3087 Idem.
633 3054 716 3085 Gloss.
738 3055 782 3083 Gr.
803 3053 862 3083 Lat.
884 3052 1005 3087 φθόης,
1027 3051 1127 3080 Anitas.

253 3100 367 3128 Anatem
379 3097 493 3126 exhibet
504 3118 512 3130 ,
532 3094 582 3124 nisi
598 3103 652 3123 vox
670 3091 801 3121 mendosa
812 3091 867 3120 est:
897 3091 1011 3119 Anatem
1031 3088 1160 3117 morbum
1175 3097 1280 3116 anuum
1297 3087 1372 3116 dice-

252 3136 328 3170 bant,
342 3137 366 3164 i.·
378 3145 402 3164 e.
427 3133 602 3168 Vetularum,
624 3131 692 3161 licut
704 3129 819 3159 Senium
829 3128 957 3158 morbum
966 3127 1072 3156 senum.
1094 3126 1162 3155 Add.
1174 3125 1302 3155 Elmenh.
1328 3125 1372 3154 ln-

253 3174 307 3202 dic.
321 3174 350 3202 in
361 3172 440 3211 Apul.
456 3182 482 3201 v.
495 3170 628 3200 Anilitari.

215 3211 236 3241 A
245 3221 265 3239 Ν
276 3222 290 3240 11
300 3221 316 3240 o
325 3233 333 3246 ,
354 3214 409 3240 Ere.
430 3209 558 3239 Vetulam
567 3207 633 3237 fieri.
655 3205 762 3235 Philox.
775 3203 858 3234 G10ff.
870 3204 897 3233 St
906 3201 980 3232 Flav.
992 3201 1088 3239 Caper.
1105 3201 1140 3230 de
1148 3201 1279 3239 Orthogr.
1290 3211 1331 3239 pr.

217 3250 237 3277 A
246 3258 267 3277 N
278 3259 311 3278 rs
322 3259 339 3277 c
348 3259 365 3277 o
375 3271 382 3282 ,
411 3251 464 3278 Ere.
488 3248 585 3284 Caper.
606 3245 675 3274 ibid.

217 3286 265 3315 AN
275 3297 308 3315 ir.
318 3288 379 3314 ῖϊο
390 3296 404 3314 R
419 3308 427 3321 ‚
449 3286 495 3315 ari.
517 3286 603 3314 ldem.
626 3282 701 3320 apud
712 3280 792 3318 Apul.
806 3280 840 3309 de
852 3278 961 3309 Mundo
976 3299 984 3312 ‚
1004 3287 1031 3314 p.
1046 3280 1089 3312 67.
1111 3282 1181 3305 extr.
1201 3276 1328 3318 Eliiienh.

217 3325 357 3352 Amnis
368 3333 403 3351 aa
418 3345 426 3357 ,
450 3324 514 3352 Adv.
537 3323 672 3359 [ma-uass
687 3320 703 3355 ]
727 3319 784 3348 Cic.
798 3327 820 3353 3.
838 3318 873 3346 (le
884 3318 945 3347 Nat.
957 3315 1039 3344 Deor.
1059 3324 1102 3349 92.
1126 3314 1223 3349 Neque
1239 3314 1268 3342 ld
1278 3314 1371 3343 dicitis

255 3360 435 3398 superstitiose
455 3367 481 3390 at
501 3370 536 3390 ue
553 3359 680 3389 aniliter:
701 3357 748 3387 sed
757 3354 868 3395 phyiica
880 3377 888 3391 ,
910 3352 1101 3390 constantique
1111 3352 1226 3380 ratione.
1248 3351 1265 3379 i.
1282 3361 1306 3380 e.
1326 3352 1373 3381 Se-

256 3398 378 3426 cundum
388 3398 475 3427 aniles
499 3397 698 3435 uperstitiones.

218 3435 237 3470 A
248 3445 267 3463 N
279 3446 286 3463 ι
296 3445 313 3463 c
325 3445 342 3463 υ
352 3446 368 3463 1.
376 3445 394 3463 A
405 3446 418 3463 n
427 3447 434 3463 1
443 3447 454 3463 ι.
463 3458 470 3468 ,
492 3446 515 3465 e.
540 3436 615 3464 [dem
624 3433 699 3472 quod
710 3431 805 3462 Anilis.
828 3428 1002 3468 Augustinus,
1014 3427 1110 3464 Quum
1121 3426 1179 3456 haec
1190 3425 1303 3463 loquor,
1315 3427 1372 3455 ani-

256 3472 356 3501 cularia
371 3472 421 3501 tibi
440 3473 569 3502 videntur
579 3472 638 3502 haec
646 3471 738 3500 verba.

219 3509 313 3539 ANrc
324 3519 341 3538 u
352 3520 367 3537 r.
377 3519 394 3538 o
404 3520 416 3538 s
428 3520 443 3538 υ
453 3520 464 3539 s
477 3532 484 3546 ,
505 3520 519 3539 a
533 3532 541 3544 ,
563 3520 619 3539 um.
641 3509 729 3539 Idem.
752 3507 782 3537 in
794 3504 902 3536 Cathol.
919 3504 963 3540 Jo.
986 3504 1021 3533 de
1040 3502 1136 3538 Janua.

219 3550 235 3576 Κ
245 3556 266 3576 N
275 3556 326 3580 US.
348 3547 364 3575 i·
385 3557 420 3575 m·
442 3548 457 3582 [
471 3544 578 3577 orem-12⁸5
588 3569 595 3581 ,
617 3546 670 3582 ’ἔδρα
684 3547 699 3582 ]
720 3546 757 3575 est
770 3545 865 3574 Exitus
875 3543 928 3572 sive
940 3542 1073 3571 Foramen
1093 3550 1133 3569 ³er
1142 3539 1217 3575 quod
1225 3546 1373 3568 evacuatur

256 3583 344 3613 alvus:
365 3583 417 3612 alio
430 3586 544 3614 nomine
559 3585 658 3613 l’odex.
670 3583 835 3618 Cic.9.Fam.
847 3591 892 3611 22.
906 3581 995 3610 Anum
1007 3551 1129 3616 appellius
1140 3577 1231 3605 alieno
1241 3577 1371 3606 nominc:

257 3631 305 3650 cur
316 3631 371 3649 non
388 3621 435 3650 suo
447 3623 563 3658 potius‘?
585 3622 653 3651 Cels.
669 3622 716 3651 lib.
730 3630 755 3658 7.
774 3630 834 3658 cap.
852 3629 894 3655 30.
916 3618 961 3647 Ne
970 3626 1039 3646 anus
1052 3616 1108 3654 ipse
1117 3614 1258 3652 suppuret.

220 3660 268 3689 AN
279 3669 287 3687 1
298 3668 317 3687 ’r
328 3668 342 3687 r.
352 3668 396 3687 Rc
406 3669 415 3686 1
426 3669 442 3687 u
452 3670 471 3687 Μ
483 3681 491 3693 ,
521 3660 537 3688 i.
557 3669 583 3687 n.
603 3659 630 3688 P.
652 3659 778 3689 Damian.
799 3668 823 3687 1.
843 3657 926 3694 Epist.
938 3666 964 3692 9.

629 3698 655 3731 A
751 3697 786 3731 Ν
885 3695 920 3729 Χ

220 3745 240 3773 A
251 3753 297 3772 Nx
310 3753 326 3771 A
340 3765 347 3777 ,
386 3743 534 3780 Oppidum
549 3744 577 3772 in
591 3754 637 3773 ora
650 3744 812 3780 Senonum,
832 3753 892 3781 quae
910 3749 973 3772 ante
994 3738 1140 3778 Callipolis
1158 3737 1320 3771 dicebatur,
1344 3743 1374 3767 ut

257 3780 350 3810 scribit
363 3779 430 3808 Plin.
445 3780 489 3809 lib.
504 3785 528 3809 6.
541 3791 601 3818 cap.
617 3791 657 3810 11.

219 3819 268 3849 AN
280 3827 296 3846 x
309 3828 316 3845 ι
329 3827 377 3850 us.
398 3828 412 3846 a
424 3839 431 3851 5
453 3827 508 3846 um-
533 3820 546 3853 [
562 3816 691 3853 ’ὣέιαλγᾶς
707 3819 721 3852 ]
742 3818 775 3847 ab
784 3819 878 3855 Ango,
900 3819 942 3851 is;
963 3826 1014 3855 pro
1026 3815 1141 3845 Solicito
1151 3819 1197 3842 aut
1206 3812 1306 3842 Moesto
1318 3812 1374 3841 fere

258 3855 399 3892 accipitur.
423 3855 532 3891 Proprie
541 3864 632 3883 tamen
641 3855 707 3891 quid
721 3856 751 3885 fit
764 3857 821 3885 Cic.
834 3868 860 3891 4.
882 3855 947 3885 Tus.
962 3864 1006 3891 27.
1017 3853 1137 3883 ostendit
1147 3851 1188 3880 his
1202 3851 1303 3885 verbis,
1322 3850 1375 3879 lta-

259 3902 311 3929 que
324 3892 638 3932 dicimusgravedinosos
649 3893 792 3928 quosdam,
811 3894 944 3928 quosdam
957 3891 1121 3920 torminosos
1134 3900 1139 3918 2
1163 3899 1219 3918 non
1231 3889 1294 3925 quia
1309 3887 1375 3916 sem-

259 3939 308 3967 per
318 3929 378 3972 sint,
388 3929 432 3957 led
444 3929 506 3964 quia
515 3929 583 3965 saepe
599 3929 667 3958 sint:
689 3930 733 3958 alii
744 3931 777 3958 ud
789 3938 910 3959 metum:
935 3930 981 3958 alii
994 3930 1029 3958 ad
1038 3929 1121 3958 aliam
1136 3926 1375 3964 perturbationem

258 3966 402 4004 proclives.
425 3966 463 3994 Ex
472 3975 528 4007 quo
539 3967 566 3994 in
581 3966 640 3995 aliis
649 3968 781 4000 anxietas,
793 3968 867 3996 unde
878 3968 952 3996 :mxii
967 3976 974 3996 :
995 3967 1024 3995 in
1042 3966 1101 3994 aliis
1113 3965 1254 3994 iracundia
1263 3964 1374 3997 dicitur,

258 4014 317 4041 quae
329 4004 363 4033 ab
376 4003 523 4032 iradiflert.
555 4002 652 4039 Estque
663 4003 970 4034 aliudirucundumess‘e
980 4025 987 4039 ‚
1005 4003 1082 4033 aliud
1094 4003 1193 4032 iratum
1207 4012 1214 4032 ι
1239 4010 1270 4032 ut
1284 4001 1376 4032 differt

1228 701 1312 731 Ovid.
1326 710 1352 729 2.

1164 779 1286 816 Propert.
1304 775 1353 805 lib.

1185 3050 1215 3079 V.
1236 3049 1304 3079 Fest.
1322 3049 1370 3086 qui

2575 77 2578 116 1

1843 166 2128 211 AoN
2575 129 2579 221 1

1443 258 1573 288 Anxietas
1583 258 1617 287 ab
1635 257 1751 296 Angore.
1792 257 1891 296 Neque
1900 257 1975 288 enim
1985 267 2083 288 omnes
2094 257 2170 288 anxii
2181 258 2229 296 qui
2243 263 2381 296 anguntur
2393 254 2553 296 aliquando,
2576 255 2579 274 ”

1444 306 1535 333 neque
1552 296 1627 324 anxii
1638 296 1743 333 semper
1753 304 1900 333 anguntur.
2530 311 2533 316 .
2576 281 2580 311 1

1445 335 1540 363 Anxize
1552 334 1727 369 aegritudines
1738 336 1764 363 ἃς
1779 334 1891 363 acerbae.
1914 334 1974 363 Clc.
1984 344 2011 369 4.
2032 333 2114 363 Tusc.
2130 341 2174 370 34.
2576 333 2577 339 ¹

1444 373 1535 401 Anxio
1548 372 1640 400 animo
1652 371 1714 399 esse.
1748 372 1805 400 Cic.
1819 382 1844 401 2.
1872 372 1907 400 de
1921 372 1979 401 Fin.
1999 382 2040 407 15.

1445 410 1550 439 Anxius
1565 409 1623 438 sum
1635 408 1670 438 de
1680 409 1770 446 aliqua
1787 419 1824 438 re.
1847 408 2024 446 Quintil.lib.
2040 419 2062 444 5.

1445 447 1534 476 Anxia
1547 456 1612 488 cura
1622 466 1629 479 ,
1651 446 1720 482 Quae
1731 456 1781 475 nos
1794 447 1974 476 facitanxios.
1996 447 2065 476 Plin.
2084 445 2132 475 lib.
2144 449 2169 475 6.
2179 455 2240 483 cap.
2254 451 2280 480 8.

1446 485 1561 518 Oratio,
1583 494 1602 512 1.
1625 492 1648 512 e.
1671 484 1809 514 Curiosius
1821 485 1968 514 elaborata.
1991 483 2061 514 Gell.
2074 482 2121 513 lib.
2137 494 2179 520 15.
2194 493 2254 521 cap.
2266 493 2292 520 7.

1447 522 1541 551 Senes.
1565 521 1624 550 Cic.
1640 521 1675 550 dc
1685 522 1792 551 Seneft.
1806 528 1850 558 ⁶5·
2579 547 2581 550 .

1446 561 1561 594 Anxius,
1571 568 1633 588 cum
1647 569 1707 596 gen.
1728 559 1872 595 Plin.l.15.
1892 565 1966 593 e.18.
1979 557 2340 596 Nepotumquesecuritatis
2358 559 2464 588 anxius.
2485 558 2511 590 h.
2528 568 2554 592 e.
2579 558 2580 562 ¹

1467 597 1510 627 De
1528 597 1638 625 suorum
1649 604 1784 634 nepotum
1803 598 1945 627 securitate
1962 597 2096 626 solicitus.
2130 595 2231 629 Silius.
2253 596 2340 625 Anxia
2361 596 2416 625 fati.
2440 597 2521 627 Ovid.
2531 608 2554 632 1.
2599 611 2604 629 a

1465 635 1535 665 Met.
1547 638 1609 670 623·
1691 651 1728 656 —
1751 637 1777 664 ἃ
1794 635 1846 664 fuit
1865 636 1946 664 anxia
1965 635 2039 664 furti.
2121 634 2139 663 i.
2163 643 2187 663 e.
2208 633 2271 663 Fuit
2283 633 2388 663 solicita
2404 644 2440 664 ne
2448 634 2494 664 fibi
2506 635 2558 666 fun

1467 679 1497 701 to
1514 672 1672 701 auferretur.
1711 671 1790 702 Idem
1804 683 1843 707 19.
1857 673 1938 711 Epist.
1950 682 1992 709 39.

1528 710 1615 753 Anxia
1630 709 1693 739 sunt
1700 711 1763 740 vitae
1772 713 1886 748 pefftora
1895 711 1984 740 nostra
1993 716 2057 739 tuae.

1467 757 1546 776 meus
1565 757 1682 777 animus.

1448 786 1552 815 Anxius
1564 785 1657 822 gloriae
1667 785 1787 815 alterius.
1808 786 1867 815 Liv.
1883 797 1906 821 ς.
1915 785 1982 815 Bell.
1993 785 2061 815 Pun.

1447 824 1553 853 Anxius
1564 824 1672 852 mentis.
1696 824 1780 854 Ovid.
1797 825 1831 853 ad
1845 824 1958 858 Liviam,
1977 829 2039 859 398.

1528 861 1573 890 'su
1595 861 1694 898 quibus
1719 862 1821 891 auditis
1839 863 1920 891 anxia
1936 862 2038 890 mentis
2056 869 2125 891 eras.
2206 860 2235 891 h.
2256 868 2280 890 e.
2303 861 2403 890 Animo
2420 861 2509 892 anxia.

1446 899 1535 928 Anxia
1552 900 1696 936 potentiae.
1717 900 1842 935 Tacita„
1857 901 1925 929 Anu.
1938 905 1963 933 8.
1995 899 2029 928 Et
2042 909 2068 928 2.
2082 900 2205 934 Ann.75.
2227 898 2370 928 Anxiasui.
2469 915 2470 919 =
2505 902 2516 917 ·’

1447 938 1561 979 Anxius,
1580 946 1643 965 cum
1655 937 1743 967 accus.
1773 937 1830 967 Liv.
1844 937 1947 966 Decad.
1967 946 1989 966 1.
2002 937 2052 966 lib.
2063 943 2088 971 8.
2108 937 2257 974 stupentes
2270 936 2411 966 Tribunos
2422 958 2430 972 ,
2454 936 2560 977 &suam

1465 984 1522 1010 jam
1533 984 1622 1003 vicem
1631 976 1717 1012 magis
1726 976 1833 1010 anxios,
1849 985 1930 1012 quam
1941 976 1999 1010 ejus
2010 976 2055 1004 cui
2069 974 2205 1004 auxilium
2216 973 2250 1004 ab
2261 975 2287 1004 se
2296 973 2452 1012 petebatur,
2468 974 2561 1006 libera·

1467 1014 1508 1041 vit
1524 1022 1608 1041 onere
1623 1013 1770 1042 consensus
1779 1014 1876 1051 populi
1888 1013 2018 1042 Romani.

1449 1050 1554 1093 Anxius
1564 1072 1571 1085 ,
1592 1060 1658 1079 cum
1682 1051 1736 1080 abl.
1752 1060 1783 1080 ut
1793 1052 1894 1080 Anxius
1905 1052 1985 1080 curis.
2008 1050 2068 1080 Liv.
2079 1060 2104 1088 7.
2123 1049 2191 1080 Bell.
2203 1050 2269 1080 Pun.
2283 1049 2367 1079 Ovid.
2380 1060 2405 1085 9.
2417 1049 2486 1080 Met.
2499 1059 2560 1089 275,

1449 1091 1570 1118 Anxium
1579 1088 1680 1117 habere
1692 1089 1812 1126 aliquem
1827 1089 1928 1117 dicitur
1938 1098 1988 1117 res.
2027 1088 2099 1118 Hirt.
2114 1088 2162 1118 lib.
2177 1098 2201 1124 5.
2223 1087 2343 1121 Mirifice
2362 1087 2482 1118 hostiurn
2498 1087 2562 1120 revie

1469 1132 1605 1155 armatura
1615 1127 1729 1156 anxium
1741 1137 1773 1156 ac
1780 1127 1918 1156 solicitum
1929 1126 2056 1156 habebat.

1412 1165 1535 1195 Aerr.
1548 1186 1556 1199 ,
1579 1164 1759 1200 [w‘ssumydc]
1780 1165 1846 1194 Adv.
1870 1165 1942 1201 qual.
1955 1164 2081 1199 Solicite,
2100 1162 2216 1198 curiose,
2236 1164 2334 1193 &cum
2343 1163 2490 1193 anxietate.
2510 1163 2562 1194 Sal.

1449 1202 1515 1245 lust..
1533 1202 1563 1230 in
1576 1202 1702 1238 jugurth.
1722 1213 1812 1240 neque
1830 1209 1887 1231 tarn
1901 1203 1982 1232 anxie
1998 1201 2119 1231 laturum
2138 1201 2226 1231 fuisse.
2247 1201 2317 1231 Prin.
2335 1200 2383 1231 lib.
2399 1211 2441 1230 11.
2453 1210 2512 1239 cap.
2520 1209 2560 1240 52,

1449 1241 1494 1270 Ne
1508 1250 1536 1269 in
1547 1239 1574 1268 se
1588 1240 1703 1277 quisque
1715 1242 1741 1270 Sc
1752 1241 1864 1278 auguria
1875 1241 1956 1269 anxie
1966 1246 2077 1278 quaerat.

1450 1278 1563 1307 Virtam
1575 1279 1658 1307 anxie
1675 1278 1781 1308 dorftus.
1823 1278 1853 1308 V.
1875 1278 1981 1308 Dot‘tus
1993 1300 2001 1314 ,
2021 1278 2051 1307 in
2072 1287 2091 1306 D
2101 1287 2118 1307 ο
2128 1287 2145 1306 c
2155 1287 2170 1306 iz
2179 1287 2206 1307 o.
2551 1305 2554 1310 ,

1450 1316 1539 1346 Anxie
1550 1315 1679 1354 diligens.
1699 1314 1824 1346 Macrob.
1836 1319 1862 1345 6.
1875 1316 1984 1346 Saturn.
1998 1325 2058 1353 cap.
2071 1324 2097 1352 7.
2131 1315 2213 1345 Dicas
2228 1313 2294 1344 volo
2308 1336 2317 1350 ,
2340 1314 2407 1351 quid
2426 1314 2474 1351 fit,
2493 1314 2564 1353 quod

1470 1363 1556 1391 quum
1566 1353 1696 1391 Virgilius
1711 1355 1793 1384 anxie
1808 1354 1915 1392 semper
1924 1353 2042 1391 diligens
2061 1352 2144 1383 fuerit
2157 1354 2187 1382 in
2199 1353 2290 1382 verbis
2300 1362 2351 1390 pro
2366 1352 2452 1382 causae
2470 1353 2567 1390 meriti}¹
2590 1366 2604 1382 μ.

1470 1391 1514 1420 vel
1532 1393 1676 1421 atrocitate
1694 1392 1833 1430 ponendis
1846 1414 1854 1428 ,
1876 1391 2013 1421 incuriose
2024 1393 2050 1421 ἃ
2064 1392 2188 1428 abjecte,
2209 1392 2261 1421 Sec.
2538 1403 2550 1427 ³.

1413 1432 1627 1464 AerfiTAs,
1656 1430 1716 1459 atis.
1737 1430 1756 1460 f.
1778 1431 1793 1466 [
1808 1430 1884 1466 ἄλη]
1914 1429 1984 1459 Plin.
1994 1429 2044 1459 lib.
2063 1438 2088 1466 7.
2109 1439 2170 1468 cap.
2184 1438 2227 1465 53.
2268 1429 2361 1465 Quem
2372 1427 2466 1457 eventi
2477 1428 2565 1466 anxi'qe'

1452 1475 1508 1497 tate
1523 1468 1644 1497 diximus
1654 1474 1803 1498 mortuum.
1833 1468 1932 1504 Juven.
1948 1476 1990 1505 13.
2003 1467 2058 1497 Sat.
2073 1476 2136 1497 211.
2163 1467 2300 1505 Perpetua
2313 1467 2448 1496 anxietas.
2548 1476 2561 1483 ·‘
2592 1464 2594 1469 '

1453 1506 1582 1535 Anxietas
1602 1506 1696 1535 animi.
1717 1506 1801 1536 Ovid.
1817 1518 1838 1536 1.
1859 1506 1894 1535 de
1906 1505 1984 1535 Pont.
2000 1516 2024 1542 5.
2035 1511 2061 1539 8.

1415 1545 1461 1573 AN
1472 1554 1489 1573 x
1499 1555 1508 1572 1
1518 1548 1590 1572 ruo
1600 1553 1617 1572 o
1629 1566 1637 1579 ,
1657 1544 1721 1574 inis.
1745 1541 1890 1580 [Euthymida
1905 1544 1920 1579 ]
1941 1553 1993 1582 pro
2007 1543 2161 1572 Anxietate.
2185 1542 2244 1572 Cic.
2259 1551 2284 1571 2.
2301 1542 2336 1571 de
2346 1540 2455 1580 Repub.
2484 1541 2566 1578 Quar-

1452 1588 1534 1619 taque
1545 1582 1679 1611 anxitudo
1692 1604 1700 1617 ,
1721 1591 1810 1620 prona
1819 1578 1968 1611 adluetmn
1977 1603 1985 1617 ,
2005 1583 2032 1611 δι
2046 1590 2167 1610 moerens
2177 1602 2185 1616 ,
2208 1579 2436 1618 semperqueipsa
2448 1578 2474 1608 se
2481 1578 2568 1610 solici-

1450 1626 1522 1649 tans.
1562 1621 1659 1649 Accius
1676 1621 1822 1650 Armorum
1836 1620 1960 1656 judicio,
1983 1619 2037 1648 Ubi
2055 1629 2120 1648 cura
2134 1618 2173 1647 est
2185 1640 2194 1655 ,
2214 1619 2255 1647 ibi
2279 1618 2424 1649 anxitudO.
2445 1617 2566 1658 Nonius,
2598 1628 2604 1645 ς

1453 1668 1478 1687 2.
1492 1667 1534 1695 32.
1557 1657 1630 1687 Paul.
1642 1658 1742 1688 Nolan.
1756 1658 1806 1696 Ep.
1822 1668 1863 1693 14.
1886 1657 1936 1688 Ed.
1961 1657 2040 1687 Paris.
2053 1667 2080 1686 n.
2095 1666 2119 1691 3.
2602 1688 2604 1692 ι

1414 1696 1581 1726 AinrER
1593 1717 1601 1731 ,
1623 1697 1782 1732 [ἀληφός9·
1797 1696 1812 1731 ]
1832 1696 1892 1733 Adj.
1935 1702 1990 1724 oet.
2012 1695 2084 1732 quasi
2094 1694 2212 1730 Ferens,
2233 1694 2288 1724 five
2305 1692 2430 1724 Afferens
2449 1693 2568 1725 anxiem-
2601 1702 2604 1710 ·

1453 1741 1519 1763 tem.
1547 1733 1606 1763 Cic.
1618 1733 1734 1763 2.Tusc.
1749 1743 1794 1764 21.
1943 1743 1998 1762 unc
2016 1732 2145 1762 dolorum
2163 1732 2279 1762 anxiferi
2297 1739 2428 1770 torquent
2446 1732 2566 1771 vertices.
2594 1739 2604 1750 ·⁴

1453 1772 1589 1801 Anxiferae
1611 1781 1692 1801 curre.
1716 1772 1774 1801 Cic.
1791 1782 1814 1802 1.
1826 1772 1861 1801 de
1872 1771 1964 1801 Divin.
1979 1780 2025 1800 22.
2557 1777 2565 1791 ⁴
2591 1767 2594 1771 '

1533 1809 1578 1839 Tu
1595 1816 1690 1839 tamen
1710 1810 1846 1840 anxiferas
1864 1819 1942 1839 curas
1963 1808 2088 1846 requiete
2105 1808 2219 1838 relaxas.

1414 1849 1438 1878 A
1448 1858 1467 1877 N
1476 1857 1495 1877 x
1505 1859 1514 1876 1
1524 1858 1541 1877 o
1551 1869 1560 1881 ,
1581 1851 1635 1877 are.
1656 1857 1707 1886 pro
1719 1851 1833 1886 Angere.
1854 1848 2030 1877 Anxietatem
2041 1847 2156 1876 adferre.
2178 1847 2260 1884 Apul.
2271 1858 2298 1883 4.
2309 1845 2380 1876 Met.
2394 1854 2422 1883 p.
2436 1853 2496 1883 155.
2517 1844 2565 1877 Ed·

1453 1886 1582 1916 Elmenh.
1603 1886 1677 1915 conf.
1696 1886 1776 1933 Vulg.
1799 1886 1836 1915 Ps.
1847 1890 1891 1915 60.
1905 1895 1929 1922 3.
1952 1886 1979 1915 δε
1993 1894 2053 1921 142.
2066 1896 2092 1920 4.
2548 1888 2551 1889 ’

1416 1928 1437 1957 Α
1445 1934 1463 1953 N
1474 1932 1493 1953 x
1503 1935 1512 1952 1
1521 1928 1537 1953 ὅ
1547 1934 1559 1953 s
1568 1934 1586 1952 U
1596 1934 1617 1959 s,
1633 1934 1658 1959 a,
1679 1933 1737 1953 um.
1750 1924 1814 1953 cael.
1824 1924 1915 1953 Aurei.
1926 1923 2010 1953 Tard.
2024 1933 2047 1957 3.
2061 1932 2085 1956 7.
2108 1922 2195 1958 Quod
2204 1922 2241 1951 est
2254 1921 2412 1952 dormituris
2419 1921 2568 1952 anxiosum.

1416 1966 1467 1994 ΛΝ
1478 1972 1547 1991 xun
1559 1985 1568 1998 ,
1588 1963 1654 1991 siris.
1675 1969 1733 1992 tarn
1752 1972 1789 1991 m.
1811 1972 1894 1999 quam
1913 1971 1940 1990 n.
1963 1960 2031 1990 Urbs
2041 1961 2079 1990 est
2088 1960 2191 1996 Italiae,
2214 1969 2297 1997 quam
2319 1969 2396 1988 nunc
2413 1964 2569 1988 Tarracinam
2601 1971 2604 1980 ·

1456 2000 1570 2035 dicunt,
1591 2000 1636 2029 vel
1655 2002 1823 2029 Terracinam.
1846 1999 1964 2029 Martial.
1977 1998 2024 2028 lib.
2038 2009 2062 2034 5.
2077 2009 2100 2028 1.

1454 2042 1459 2052 ⁴
1478 2068 1484 2073 .
1536 2039 1600 2068 Sive
1616 2038 1760 2067 salutiferis
1771 2037 1907 2067 candidus
1926 2038 2020 2067 Anxur
2029 2037 2115 2074 aquis.

1473 2085 1585 2111 urorum,
1597 2077 1689 2114 inquit
1703 2076 1850 2106 Domitius.
1872 2076 1938 2105 Hor.
1956 2085 1979 2104 1.
1998 2075 2083 2104 Serm.
2096 2085 2120 2110 5.
2133 2076 2176 2104 26.

1537 2115 1699 2153 Impositum
1715 2114 1784 2143 saxis
1799 2114 1853 2143 late
1863 2113 2047 2142 candentibus
2059 2113 2160 2141 Anxur.
2243 2110 2329 2140 Mons
2339 2111 2443 2149 (inquit
2455 2111 2543 2150 Porpb
2557 2125 2569 2136 ι

1458 2152 1514 2185 rio)
1530 2154 1559 2182 in
1572 2163 1626 2189 quo
1637 2152 1786 2182 Tarracina
1800 2152 1946 2181 constituta
1957 2156 2014 2180 erat
2025 2171 2033 2183 ,
2053 2150 2114 2179 saxa
2131 2149 2214 2179 habet
2224 2148 2293 2178 calci
2312 2149 2465 2187 coquenda:
2476 2149 2530 2187 apti
2551 2156 2571 2178 ι-

1459 2201 1518 2220 ma:
1540 2201 1605 2228 ergo
1621 2201 1636 2219 a
1648 2188 1844 2220 calee'videtur
1855 2190 1974 2218 candida
1988 2188 2095 2218 dixiss‘e.
2120 2187 2186 2217 Plin.
2199 2186 2216 2215 l.
2230 2196 2253 2221 3.
2264 2197 2288 2216 c.
2307 2198 2330 2223 5.
2353 2190 2374 2217 A
2384 2187 2487 2216 Circeis
2497 2185 2540 2224 pal

1458 2229 1577 2258 Pontina
1590 2229 1637 2264 est,
1655 2238 1738 2266 quem
1747 2228 1841 2257 locum
1855 2228 1954 2264 viginti
1966 2228 2050 2256 trium
2063 2224 2258 2261 urbiumfuisse
2267 2224 2412 2256 Mutianus
2427 2232 2466 2254 ter
2474 2222 2572 2254 Consul

1480 2267 1592 2296 rodidit.
1614 2267 1686 2296 Dein
1696 2267 1800 2295 flumen
1811 2265 1904 2301 Ufens,
1914 2265 1992 2303 supra
2001 2264 2076 2302 quod
2087 2264 2236 2293 Tarracina
2248 2263 2396 2301 oppidum,
2408 2263 2502 2300 lingua
2514 2260 2576 2292 Vola

1471 2315 1567 2334 corum
1580 2306 1673 2333 Anxur
1683 2305 1797 2333 dietum.
1812 2303 1920 2332 Servius
1931 2304 1960 2332 in
1970 2313 1995 2339 7.
2010 2301 2123 2332 AEn.sub
2133 2302 2180 2330 fin.
2193 2300 2271 2330 Circa
2284 2305 2360 2330 hunc
2370 2303 2488 2330 tractum
2497 2299 2572 2330 Cam-

1459 2344 1550 2381 paniae
1567 2342 1710 2372 colebatur
1719 2351 1788 2380 puer
1799 2341 1915 2379 Jupiter,
1935 2342 1982 2378 qui
1992 2342 2117 2369 Anxurus
2129 2339 2283 2373 dicebatur,
2300 2339 2372 2376 quasi
2383 2339 2441 2366 bimo
2451 2338 2508 2375 ξυςὲ
2516 2359 2525 2374 ,
2537 2337 2572 2368 id
2598 2342 2604 2354 ·'

1458 2382 1507 2415 est,
1519 2381 1585 2410 Sine
1594 2380 1737 2414 novacula,
1748 2380 1812 2416 quia
1826 2379 1937 2408 barbam
1947 2388 2089 2416 nunquam
2099 2377 2215 2407 rasrss'et:
2236 2377 2343 2411 &juno
2352 2377 2440 2414 virgo,
2459 2385 2517 2414 quae
2526 2374 2574 2409 Fe-

1461 2420 1541 2449 ronia
1550 2418 1702 2448 dicebatur.
1722 2417 1767 2447 Est
1781 2425 1873 2446 autem
1886 2417 1959 2447 Fons
1968 2417 1998 2447 in
2011 2416 2163 2454 Campania
2171 2416 2248 2451 juxta
2261 2414 2448 2449 Tarracinam,
2460 2423 2518 2451 quae
2528 2411 2574 2443 ali-

1460 2457 1572 2496 quando
1584 2458 1677 2486 Anxur
1689 2456 1763 2485 dieta
1771 2456 1817 2485 est.
1847 2456 1914 2485 Haec
1925 2455 1980 2484 ille.
2012 2454 2133 2491 Scaliger
2143 2454 2177 2482 ad
2189 2452 2297 2482 Festum
2309 2458 2407 2482 monet
2414 2453 2444 2481 in
2460 2459 2512 2482 vet.
2522 2450 2577 2490 Ed.

1460 2496 1527 2526 Hor.
1541 2495 1559 2524 l.
1570 2505 1594 2524 c.
1606 2494 1660 2523 ess'e
1670 2495 1753 2529 Axur,
1765 2504 1815 2531 pro
1828 2495 1928 2528 Anxur,
1938 2503 1996 2529 quae
2006 2491 2089 2521 lectio
2098 2491 2148 2529 ipsi
2157 2490 2257 2529 placet.
2279 2490 2362 2525 Nam,
2374 2491 2477 2528 inquit,
2487 2487 2572 2525 certis·

1459 2534 1557 2564 fimum
1569 2533 1607 2561 est
1616 2542 1652 2561 ex
1661 2532 1758 2561 Servio
1769 2537 1874 2561 veteres
1889 2532 1926 2560 ita
1933 2529 2030 2560 dixisse
2041 2531 2076 2559 ob
2086 2529 2185 2565 Jovem
2193 2528 2356 2563 imberbem,
2367 2529 2420 2558 sive
2430 2527 2519 2562 ὄιξυρον,
2544 2525 2572 2556 iii

1459 2573 1499 2601 ibi
1516 2570 1676 2601 colebatur:
1712 2572 1738 2600 ἃ
1759 2570 1923 2599 innummo
1940 2574 2070 2606 argenteo
2087 2567 2194 2602 Pansae,
2222 2566 2257 2595 ab
2277 2576 2334 2595 uno
2349 2566 2433 2595 latere
2456 2537 2579 2595 IOVqISl
2600 2564 2604 2590 ι’

1461 2609 1592 2641 AXVR.
1614 2608 1762 2638 VIBIVS
1783 2607 1813 2636 C.
1834 2607 1862 2637 F.
1885 2607 1915 2636 C.
1937 2607 1973 2636 N.
1997 2606 2031 2635 ab
2046 2606 2131 2635 altero
2155 2604 2304 2634 PANSA.
2332 2604 2426 2641 Quare
2445 2604 2472 2634 ἃ
2489 2604 2561 2642 pro'

1423 2648 1472 2678 AN
1482 2658 1500 2678 x
1510 2650 1527 2677 ῠ
1537 2658 1554 2676 R
1566 2657 1583 2676 υ
1592 2656 1604 2676 s
1616 2669 1623 2681 ,
1646 2647 1664 2675 i.
1687 2656 1724 2675 m.
1746 2645 1821 2683 quod
1830 2644 1906 2681 Jovis
1915 2645 1953 2673 est
1963 2644 2124 2682 Epitheton.
2144 2642 2218 2680 Virg.
2229 2651 2254 2678 3.
2267 2642 2329 2672 AEn.
2343 2651 2406 2680 799.
2573 2640 2576 2646 ’

1542 2685 1733 2721 Circaeumque
1745 2684 1841 2720 jugum
1860 2683 1937 2720 queis
1945 2682 2054 2719 Jupiter
2069 2683 2194 2713 Anxurus
2209 2681 2279 2709 arvis
2407 2688 2409 2692 ’

1540 2722 1674 2753 Praefidet.
1770 2724 1873 2750 Axurus
1890 2721 1982 2750 dicere
2002 2720 2079 2755 jubet
2101 2719 2135 2749 ad
2152 2718 2231 2747 illum
2248 2718 2343 2747 locum
2354 2717 2461 2752 Cerda‘,
2482 2715 2502 2745 f.
2515 2717 2580 2751 1403·

1460 2760 1590 2799 favetque
1600 2759 1771 2798 etymologia
1780 2769 1861 2796 quam
1871 2758 2028 2825 sugpeditat
2043 2757 2121 2795 supra
2129 2757 2245 2786 Servius.
2268 2756 2342 2785 Nam
2355 2756 2436 2792 agneo·
2447 2754 2526 2784 citius
2534 2753 2575 2783 di-

1461 2807 1556 2831 cerent
1565 2798 1651 2829 Gracci
1660 2808 1742 2834 quam
1753 2796 1865 2833 ἔγξυςον.
1924 2795 2049 2825 arbatum
2057 2795 2155 2831 Jovem
2167 2793 2334 2831 representat
2348 2793 2483 2823 numisma
2493 2790 2573 2828 quod-

1462 2840 1524 2868 dam
1537 2839 1582 2867 cui
1599 2836 1763 2873 inscriptum
1783 2834 1910 2864 IOVIS
1932 2833 2069 2868 AXVR,
2091 2833 2166 2862 unde
2182 2832 2322 2861 Constant.
2344 2830 2470 2866 Landus,
2492 2839 2518 2867 p.
2529 2833 2572 2865 83.
2602 2863 2604 2870 Ι

1461 2876 1589 2906 numism.
1610 2874 1735 2903 Servium
1747 2873 1793 2901 hic
1805 2873 1954 2910 deceptum
1964 2871 2121 2909 suspicatur.
2159 2869 2200 2899 De
2208 2870 2340 2899 varietate
2359 2869 2435 2899 MSS.
2448 2869 2518 2898 circa
2527 2866 2578 2900 has⁴

1461 2924 1544 2944 voces
1565 2913 1596 2942 V.
1611 2911 1750 2940 Drakenb.
1765 2911 1800 2939 ad
1815 2910 1862 2939 Sil.
1876 2916 1901 2944 8.
1918 2919 1979 2945 391.
2003 2908 2034 2938 V.
2058 2909 2141 2937 etiam
2154 2907 2217 2937 Lex.
2230 2907 2318 2936 Pitisc.
2342 2907 2374 2936 H.
2391 2908 2430 2936 St.
2451 2902 2573 2936 hicme!
2598 2905 2604 2946 ζ

1460 2953 1652 2983 Enarratorem
1672 2949 1779 2978 Horatii
1802 2958 1817 2978 a
1832 2948 1954 2985 Cruquio
1972 2947 2079 2976 editum
2094 2946 2226 2976 lectorem
2237 2945 2354 2974 remittit
2373 2955 2401 2983 p.
2425 2948 2473 2982 3⁶1
2486 2964 2495 2978 ,
2512 2943 2570 2979 362·

1463 2992 1509 3028 qui
1520 2990 1614 3020 Servio
1630 2986 1819 3025 adstipulatur.
2095 3002 2098 3005 -

1846 3024 1873 3058 A
1964 3023 1999 3058 N
2093 3021 2127 3057 Y

1424 3077 1595 3110 ANYGRR,
1624 3074 1678 3103 five
1699 3074 1889 3103 ANrcxus.
1929 3071 1960 3100 V.
1993 3080 2175 3101 Auienus.

1424 3116 1656 3145 AerAerA
1672 3134 1679 3146 ‚
1708 3112 1726 3141 f.
1750 3108 1943 3147 [ἀιυπτιςξίοι]
1964 3110 1982 3138 i.
2003 3119 2026 3138 e.
2046 3108 2219 3138 Facultatum
2239 3106 2377 3143 absentia,
2400 3114 2486 3145 opum
2504 3102 2573 3140 defe-
2600 3122 2601 3125 =

1462 3155 1531 3182 Ctus.
1552 3151 1591 3180 Ita
1603 3160 1637 3180 ex
1650 3149 1727 3179 MSS.
1739 3149 1817 3179 elicit
1827 3145 1903 3185 Opso
1927 3157 1981 3177 aeus
1991 3146 2065 3184 apud
2077 3148 2139 3176 Sen.
2155 3146 2238 3184 Epist.
2251 3152 2295 3183 87.
2309 3156 2359 3184 pro
2377 3142 2484 3176 aimoin.

1424 3191 1597 3223 Amrrus,
1628 3188 1674 3216 Vir
1696 3185 1884 3219 Atheniensis,
1905 3157 2024 3214 §octatis
2041 3184 2166 3222 inprimis
2183 3185 2311 3213 inimicus
2330 3185 2357 3213 8:
2375 3177 2573 3249 accusator-Sd&

1462 3239 1517 3265 quo
1537 3227 1630 3261 Pla-to,
1658 3224 1792 3254 Plutarch.
1815 3223 1927 3253 Lucian.
1947 3223 2028 3260 Diog.
2049 3222 2136 3252 Laert.
2159 3222 2258 3252 AElian.
2272 3221 2394 3259 aliique,
2416 3222 2462 3258 qui
2478 3219 2513 3248 de
2545 3226 2573 3250 9·

1462 3266 1544 3296 cratis
1560 3270 1649 3294 morte
1658 3262 1830 3301 scripserunt.

1852 3300 1878 3334 A
1978 3300 2012 3334 Ο
2124 3300 2135 3333 I

1424 3355 1445 3384 A
1456 3363 1490 3382 οι
1519 3353 1588 3386 Dei,
1611 3351 1626 3388 [
1647 3350 1706 3378 Ram
1722 3348 1794 3384 9εοὶ]
1819 3346 1992 3377 Dicebantur
2007 3357 2042 3377 ex
2058 3346 2134 3376 cursu
2148 3346 2317 3383 trajicientes
2327 3346 2356 3375 in
2373 3343 2572 3374 Samothracen!
2590 3377 2591 3380 1

1461 3392 1585 3428 stagnum
1596 3412 1604 3424 ,
1627 3392 1652 3420 ἃ
1662 3387 1763 3419 Cilices
1774 3409 1782 3421 ,
1807 3385 1841 3415 ab
1851 3387 1908 3415 Aoo
1918 3385 2033 3423 Cephali
2045 3385 2254 3423 premet-fluentis
2263 3384 2351 3414 fluvii,
2381 3382 2515 3412 Authoros
2523 3379 2573 3410 Ho-
2590 3412 2591 3419 1

1460 3429 1569 3467 sycliius
1586 3429 1612 3458 &
1632 3426 1810 3458 Phavorinus.
2584 3385 2591 3464 1

1846 3462 1872 3497 A
1972 3462 2006 3496 O
2105 3461 2141 3496 N
2585 3469 2588 3518 1

1423 3515 1445 3545 A
1453 3524 1471 3542 o
1480 3523 1500 3542 N
1510 3535 1518 3547 ,
1541 3513 1612 3543 onis.
1636 3523 1673 3543 m.
1696 3518 1728 3542 ut
1747 3511 1816 3541 dicit
1826 3509 1993 3542 Lactantius,
2003 3510 2056 3538 fuit
2062 3509 2189 3547 Neptuni
2198 3508 2270 3538 filius
2281 3530 2289 3543 ‚
2305 3509 2331 3538 Sc
2341 3507 2375 3537 ab
2386 3516 2420 3537 eo
2432 3505 2530 3536 dietam
2537 3501 2574 3533 ast
2585 3519 2588 3597 1

2138 709 2189 738 i.e.
2209 708 2251 738 De
2266 714 2314 739 tua
2323 709 2380 738 vita
2394 699 2562 750 solicita-sest-
2600 728 2604 737 ,

2198 2035 2342 2065 Candidus
2356 2057 2364 2072 ,
2384 2032 2570 2080 acandoreffi·
2599 2026 2604 2070 1

1462 3551 1551 3580 firmat
1563 3552 1689 3585 Aoniam,
1713 3560 1772 3588 quse
1785 3549 1896 3586 quidem
1910 3557 1971 3584 pars
1983 3547 2021 3576 est
2029 3547 2151 3577 Boeotiae.
2181 3546 2249 3576 Inde
2259 3546 2391 3584 &populi
2404 3546 2492 3574 Aones
2500 3540 2571 3573 disti.
2590 3546 2592 3564 ²

1462 3590 1585 3619 &Aones
1596 3596 1714 3618 montes.
1749 3587 1817 3623 Virg.
1838 3589 1862 3615 6.
1876 3585 1935 3614 Ecl.
1951 3590 1995 3620 65.
2018 3585 2102 3614 Addit
2111 3585 2235 3614 Perottus
2250 3586 2354 3614 Aonem
2363 3582 2450 3612 filium
2460 3575 2573 3617 reliquis-
2590 3591 2591 3608 1

1462 3627 1488 3656 se
1498 3627 1683 3664 Dymaurem,
1705 3626 1749 3663 qui
1766 3625 1835 3662 putri
1848 3624 1875 3652 in
1888 3623 2006 3660 imperio
2018 3622 2150 3652 successit.
2554 3651 2560 3659 ,
2590 3626 2592 3631 ’

1424 3665 1472 3694 Ao
1487 3674 1505 3693 N
1516 3675 1523 3692 ι
1534 3674 1551 3693 A
1563 3686 1570 3696 ,
1606 3666 1620 3700 [
1636 3665 1717 3690 'Am'ae
1736 3664 1750 3698 ]
1772 3663 1832 3692 Pars
1842 3666 1974 3689 montana
1984 3660 2098 3690 Boeotiae
2110 3683 2118 3695 ,
2139 3660 2174 3690 ab
2189 3660 2264 3689 Aone
2273 3657 2399 3696 Neptuni
2413 3656 2480 3691 filio,
2492 3659 2523 3684 ut
2534 3651 2574 3682 dl·

1463 3703 1502 3731 eit
1511 3701 1665 3731 Lat‘tantius
1677 3712 1684 3731 ε
1707 3701 1735 3730 in
1747 3710 1800 3736 qua
1811 3699 1849 3728 est
1858 3699 1920 3727 fons
1933 3697 2074 3736 Aganippe
2084 3720 2091 3733 ,
2115 3699 2162 3735 qui
2174 3698 2276 3727 dicitur
2289 3696 2392 3726 Aonius
2399 3695 2469 3724 fons.
2506 3691 2572 3723 Item

1462 3740 1583 3768 Aonides
1600 3746 1734 3768 vocantur
1754 3737 1839 3768 Musae
1857 3758 1865 3771 ,
1887 3735 1985 3773 quibus
2003 3735 2050 3765 ille
2063 3736 2126 3766 fons
2146 3735 2254 3765 dicatus
2269 3734 2317 3764 est.
2338 3733 2420 3763 Unde
2436 3732 2531 3768 Juven.
2546 3735 2571 3764 7·

1463 3778 1517 3806 Sat.
1531 3782 1574 3809 <8-
1606 3777 1724 3806 Fontem
1744 3774 1882 3805 Aonidum
1902 3780 1991 3801 vocat.
2586 3774 2588 3801 ¹.

1426 3815 1520 3880 ΑοΝό
1532 3824 1572 3842 us
1584 3835 1592 3848 ,
1612 3824 1643 3849 n,
1667 3824 1723 3844 um.
1753 3815 1768 3850 [
1783 3814 1883 3843 Zure&
1903 3811 1918 3845 ]
1939 3811 1957 3839 i.
1979 3820 2003 3840 e.
2025 3810 2168 3848 Boeotius,
2189 3816 2221 3840 ut
2239 3809 2332 3849 placet
2348 3809 2440 3839 Servio
2458 3805 2494 3836 ad
2503 3803 2570 3840 virf.
2586 3808 2589 3882 1

1483 3872 1488 3878 .
1522 3861 1569 3880 eor
1590 3874 1595 3880 .
1611 3862 1652 3881 11.

1466 3861 1477 3889 ³
1547 3861 1633 3917 Agnio
1652 3889 1761 3918 rediens
1782 3887 1919 3916 deducam
1939 3886 2042 3915 vertice
2064 3885 2164 3916 Musas,
2587 3886 2588 3923 1

1465 3925 1540 3955 Deus
1554 3927 1665 3956 Aonius.
1689 3926 1773 3955 Ovid.
1791 3936 1813 3954 1.
1832 3924 1867 3953 de
1876 3924 1938 3952 Arte
1950 3923 2008 3953 Am.
2024 3933 2087 3959 312.
2429 3928 2431 3931 '
2587 3925 2588 3963 1

1464 3962 1533 4001 Lyra
1548 3964 1640 3992 Aonia.
1675 3963 1761 3993 Ovid.
1777 3973 1799 3992 1.
1810 3963 1900 3992 Amor.
1916 3970 1939 3989 1.
1954 3970 1996 3989 12.

1465 4001 1552 4031 Urbes
1563 4002 1667 4032 Aoniae.
1699 4001 1779 4032 Idem
1792 4010 1815 4038 3.
1826 3999 1895 4030 Met.
1908 4007 1970 4036 339.
1992 4000 2017 4029 ἃ
2028 4007 2052 4029 2.
2066 4002 2129 4036 380.

2389 4033 2569 4067 Αόιῖτυὴ
