2604 4222
144 165 213 199 334
595 141 869 182 BEC

178 242 221 264 ter
232 233 343 263 utimur.
384 232 418 262 At
432 229 542 270 profani
556 229 593 259 de
603 225 765 257 Viventibus
776 224 858 254 etiam
870 223 926 252 hoc
936 220 1021 251 verbo
1030 222 1146 248 utuntur
1158 238 1167 251 ,
1186 215 1309 245 maxime

179 271 364 308 Principibus.
391 271 498 300 Gruter.
522 266 647 304 lnscrip't.
672 274 699 302 p.
718 268 827 299 283-11·
848 271 890 290 11.
911 260 945 289 D.
961 259 996 288 N.
1010 253 1311 303 FL3CONSTANT1.

180 310 235 340 ΝΟ
257 308 417 340 MAXIMO
442 303 679 336 BEATlSSlMO.
701 303 753 331 Sec.
794 301 820 329 <Sc
850 303 913 333 284·
936 307 963 325 n.
990 306 1012 324 1.
1050 291 1310 339 LONNSTANTINI

181 348 230 378 ET
262 345 478 376 CONSTANTI
507 337 811 374 BEATlSSlMORVM
847 336 893 365 AC
922 329 1312 365 FLORENTisSIMORVM

181 384 391 416 PRINCIPVM.

145 423 166 455 B
176 434 219 454 BA
230 424 274 452 ru
285 434 301 452 L
311 432 328 451 υ
339 432 350 451 s
362 444 370 456 ,
392 420 452 455 Adj.
471 419 569 448 dimin.
591 414 660 446 Pers.
674 423 698 452 3.
715 414 770 443 Sat.
786 419 848 447 103.

378 473 454 479 -»-
464 457 637 492 tandemque
647 452 776 482 beatulus
785 449 841 479 alto

266 494 538 535 Composituslecto.
897 522 903 528 Ι
978 519 985 527 Ἰ
1160 519 1166 526 ⁸
1204 518 1210 524 .
1274 516 1280 523 ·

147 537 292 570 BEATiz,
320 535 385 563 Adv.
408 531 545 563 Feliciter.
568 536 613 564 ut,
637 526 831 558 Beatevivere.
871 521 930 552 Cic.
944 531 968 552 1.
982 521 1065 552 Acad.
1089 519 1225 558 Spoliavit
1235 526 1312 547 enim

186 575 318 603 virtutem
330 572 377 601 suo
390 572 509 603 decore,
531 566 757 602 imbecillamque
775 560 900 592 reddidit
911 583 920 597 ,
942 560 1018 598 quod
1035 559 1148 598 negavit
1167 558 1198 586 in
1214 566 1246 585 ea
1256 555 1313 584 sola

208 612 305 640 olitum
319 609 372 639 effe
384 609 464 638 beate
476 608 577 636 vivere.

186 622 262 679 {ene
280 648 416 683 beateque
433 646 533 674 vivere.
574 642 632 672 Cic.
646 641 676 670 in
693 639 788 670 Parad.
803 647 826 667 1.
849 635 977 667 Profec‘ho
997 634 1070 665 nihil
1089 634 1129 664 est
1146 632 1223 662 aliud
1241 631 1314 661 bene

207 687 343 723 beateque
351 686 442 714 vivere
453 705 462 719 ,
486 682 535 711 nisi
552 679 665 710 honeste
678 680 704 709 δι
714 679 787 707 reste
797 676 900 706 vivere.

192 725 234 754 Sit
243 724 292 753 tibi
307 723 378 752 bene
390 732 421 750 ac
436 721 524 749 beate.
561 717 652 748 Catul.
666 726 710 753 23-
731 726 772 751 ις.

149 763 370 796 ΒΕΑτῖῚ-Αε,
392 761 417 788 &
431 758 606 788 BaA'ri'rfi
618 765 680 790 uo,
711 753 910 790 [pem-aaudiat,
932 748 1044 784 tate]
1074 748 1133 777 Cic.
1150 757 1173 776 1.
1194 746 1229 775 de
1248 745 1314 788 Nat.

189 799 274 829 Deor.
291 802 334 833 96.
377 798 409 826 At
420 796 467 825 ista
477 795 532 825 sive
544 794 660 824 beatitas
673 815 681 828 ,
702 792 756 820 sive
772 789 917 819 beatitudo
935 788 1056 817 dicenda
1071 786 1109 816 est
1120 808 1127 821 ‚
1151 787 1202 815 Sec.
1226 783 1318 823 Qun-

189 837 229 866 til.
249 837 316 866 citat
332 835 431 864 eadem
446 833 495 863 lib.
512 838 537 867 8.
558 842 618 870 cap.
633 840 657 869 3.
698 830 790 860 Utitur
802 828 924 866 &priori
940 825 1101 856 Macrobius
1120 824 1216 854 Somn.
1236 821 1313 858 Scip.

194 885 218 905 1.
250 897 255 903 .
279 873 406 903 Budaeus.

150 885 247 947 BEO?
260 911 410 947 [ὸλέωεζω]
429 912 484 939 are.
504 908 622 938 Beatum
632 906 731 935 facere.
761 904 849 934 Plaut.
863 902 944 941 Capt.
961 911 985 931 1.
998 910 1024 931 2.
1037 909 1081 937 34.
1106 898 1183 929 Foris
1195 896 1318 934 aliquan-

189 949 281 979 tulum
292 949 377 978 etiam
388 948 464 986 quod
476 947 554 985 gusto
565 968 573 982 ,
596 945 625 974 id
639 945 712 974 beat.
743 943 808 974 Ter.
821 942 892 971 Eun.
910 951 936 971 2.
946 949 973 970 2.
984 945 1030 975 48.
1061 936 1168 974 Ecquid
1191 935 1244 964 beo
1265 940 1293 964 te
1304 934 1318 963 ἱ)

187 988 268 1018 Idem
279 987 361 1016 Andr.
380 997 402 1015 1.
420 996 442 1014 1.
457 989 501 1022 79.

191 1025 266 1055 Caelo
279 1023 357 1055 Musa
368 1024 440 1053 beat.
454 1024 472 1052 i.
486 1033 510 1052 e.
529 1022 571 1051 Ad
581 1021 743 1050 beatitatem
754 1017 898 1048 coelestem
909 1016 1011 1046 evehit.
1027 1014 1095 1044 Hor.
1107 1023 1134 1049 4.
1147 1012 1318 1046 Carm.8.29.

189 1064 309 1094 Munere
322 1062 442 1100 aliquem
453 1062 543 1090 beare.
566 1060 632 1090 Hor.
643 1069 665 1088 1.
681 1057 763 1095 Epist.
779 1062 819 1090 18.
835 1065 880 1092 75.
1225 1087 1231 1093 ι

190 1102 286 1132 Semet
296 1100 378 1130 beare
391 1122 399 1135 ,
421 1100 459 1129 est
475 1097 621 1135 indulgere
634 1097 745 1129 animo.
768 1093 856 1132 phrasi
870 1092 991 1131 quadam
1013 1090 1165 1128 Epicurea,
1186 1098 1233 1125 qui
1250 1085 1323 1116 sum-

212 1149 290 1169 mum
299 1139 407 1168 bonum
419 1137 594 1175 voluptatem
605 1134 716 1164 aiebant
724 1132 786 1162 effe.
810 1132 876 1161 Hor.
891 1141 916 1160 ι.
931 1129 1021 1159 Carni.
1040 1138 1064 1164 3.
1075 1137 1101 1164 7.

153 1177 175 1209 B
185 1188 199 1207 E
207 1187 256 1207 AT
265 1188 275 1206 1
284 1178 317 1206 ri
327 1186 344 1206 c
352 1186 368 1205 o
379 1198 388 1211 ,
408 1179 463 1205 are.
485 1174 627 1212 Augustini
642 1172 758 1202 verbum
767 1192 775 1205 ,
797 1170 832 1199 de
842 1169 944 1199 Trinit.
960 1177 1003 1203 14.
1022 1176 1064 1201 14.
1077 1166 1128 1195 &c-

154 1216 176 1246 Β
187 1226 202 1245 a
210 1225 231 1244 A
239 1217 277 1244 T’i
288 1226 301 1244 r
310 1215 323 1244 ἴ
331 1224 348 1244 e
358 1224 375 1243 u
387 1224 399 1243 s
410 1235 417 1249 ‚
441 1212 527 1251 paulo
537 1211 679 1249 antiquius
690 1210 736 1239 est.
768 1207 848 1245 Apul.
870 1207 907 1237 de
925 1205 1020 1236 Habit.
1043 1202 1157 1234 Mulier.
1177 1203 1204 1232 ἃ.
1226 1200 1322 1231 Βοεὶῐ.

194 1252 262 1283 Plat.
278 1262 302 1283 1.
323 1262 351 1290 p.
365 1260 390 1290 3.
411 1251 488 1281 Deus
502 1250 598 1280 beatus
612 1250 638 1279 &
649 1247 802 1278 beatificus.

719 1361 748 1396 E
856 1359 881 1394 B

594 1363 620 1398 B

136 1470 139 1473 ¹
157 1478 203 1509 Ba
213 1478 252 1507 si}
262 1489 278 1507 L
287 1487 305 1507 o
317 1499 325 1513 ,
346 1477 417 1508 finis.
441 1473 460 1506 f.
481 1473 632 1512 (Harduin.
646 1470 768 1508 Bebulo)
790 1468 1007 1508 Argentifodinae
1021 1474 1136 1496 nomen.
1159 1465 1228 1496 Plin.
1242 1473 1286 1502 33.
1297 1467 1324 1496 6.

158 1516 181 1548 Β
190 1525 204 1546 a
213 1526 228 1545 Β
239 1527 249 1545 1
259 1525 308 1545 AN
318 1526 328 1544 1
338 1538 346 1552 ‚
367 1515 481 1552 Ligures
492 1513 554 1543 sunt
571 1513 610 1542 ita
629 1511 697 1541 disti
707 1532 716 1546 ,
737 1510 767 1539 in
777 1509 900 1539 secunda
911 1507 1024 1545 regione
1036 1505 1131 1535 Italiae.
1151 1504 1220 1534 Plin.
1234 1504 1284 1533 lib.
1298 1512 1323 1540 3.

160 1591 182 1622 B
193 1563 215 1621 ιξ
215 1563 307 1621 311³ng
307 1614 316 1627 ,
337 1590 381 1621 vel
401 1590 422 1620 B
432 1600 480 1619 ΕΒ
491 1600 500 1618 1
509 1598 566 1624 us,
593 1587 639 1617 cui
649 1594 808 1624 cognomen
818 1584 872 1614 fuit
887 1582 974 1614 Massa
984 1604 992 1617 ,
1014 1581 1127 1612 Delator
1143 1580 1256 1619 insignis
1272 1579 1326 1609 fuit

199 1629 353 1668 Vespasiani
363 1627 555 1666 temporibus,
576 1626 655 1661 cujus
665 1623 795 1654 meminit
809 1622 910 1659 Juven.
924 1631 948 1651 1.
963 1621 1020 1650 Sat.
1033 1629 1077 1657 35.

356 1682 394 1690 -—
408 1675 492 1704 quem
504 1663 592 1695 Maffa
604 1664 687 1693 timet
700 1685 709 1698 ,
731 1671 815 1700 quem
827 1669 945 1691 munere
955 1657 1053 1698 palpat

198 1743 262 1774 Fuit
273 1705 410 1774 &Cffgbisus
421 1739 588 1779 Tamphilus
598 1761 606 1775 ,
628 1737 731 1769 Consul
741 1737 889 1767 Romanus
899 1745 965 1766 cum
980 1734 1007 1764 P.
1028 1732 1160 1764 Cornelio
1170 1754 1179 1768 ,
1200 1742 1234 1762 eo
1250 1741 1325 1762 anno

218 1792 274 1819 quo
284 1782 310 1812 N
312 1791 383 1811 umae
393 1778 593 1818 Pompiliilibri
601 1778 630 1807 in
637 1786 702 1815 agro
714 1775 744 1806 L.
755 1775 857 1806 Petillii
867 1773 956 1804 effoffi
968 1773 1040 1803 sunt.
1081 1772 1112 1802 V.
1135 1770 1223 1801 Valet.
1244 1770 1323 1801 Max.

199 1819 268 1889 Fliiibt
283 1819 628 1892 {ieffipfflgfffiassebius’
653 1854 684 1884 in
707 1851 878 1883 Macedonia
893 1849 964 1887 juffu
982 1848 1013 1879 L.
1035 1847 1141 1879 Pisonis
1155 1847 1326 1877 interfectus.

221 1896 279 1926 Cic.
294 1895 322 1925 in
334 1895 420 1925 Pison.
433 1904 457 1924 c.
487 1897 513 1923 6.

199 1933 272 1964 Item
283 1933 352 1963 alius
364 1934 400 1970 Q.
411 1903 514 1963 Bebius
525 1929 693 1969 Tamphilus
706 1951 715 1966 ,
736 1928 892 1966 Saguntum
904 1926 942 1956 ad
955 1924 1122 1955 Annibalem
1134 1933 1150 1953 a
1163 1924 1267 1954 Senatu
1287 1923 1327 1953 le-

221 1978 299 2010 gatus
310 1994 318 2008 ‚
340 1971 376 2001 de
388 1981 443 2009 quo
459 1970 519 2000 Cic.
533 1980 556 2006 5.
569 1968 689 2007 Philipp.
701 1977 725 1997 c.
740 1976 787 2010 io..
1041 2001 1047 2007 ·

164 2010 186 2040 Β
195 2020 209 2039 a
218 2021 234 2040 B
243 2020 260 2039 R
269 2020 288 2040 A
298 2032 306 2045 ,
328 2020 358 2040 ae.
378 2009 397 2039 f.
421 2009 471 2039 Pili
481 2017 568 2046 genus
579 2029 588 2043 ,
609 2016 665 2044 quo
679 2005 789 2048 Barbari
799 2003 838 2033 usi
847 2002 950 2033 suntin
960 2001 1078 2041 praeliis..
1092 2000 1189 2038 Veget.
1204 2009 1228 2029 1.
1240 2008 1287 2030 πο.

164 2048 186 2079 Β
195 2052 211 2078 ἒ
219 2058 259 2078 BR
269 2049 305 2078 Ϊὶί
314 2057 331 2077 c
342 2058 360 2077 u
369 2058 390 2077 M
400 2070 409 2083 ,
431 2045 606 2084 [Βεέᾰιαιιέν]
627 2045 711 2074 Vicus
727 2044 765 2073 est
778 2048 850 2071 mter
867 2041 1036 2070 Cremonam
1054 2040 1081 2069 Sc
1100 2039 1239 2068 Veronam
1248 2060 1257 2074 ,
1278 2037 1326 2074 qui

202 2085 287 2124 vulgo
298 2086 400 2115 dicitur
412 2084 521 2115 Labina,
541 2083 647 2113 duabus
654 2083 711 2119 jani
722 2080 856 2124 Romanis
868 2079 995 2109 cladibus
1004 2084 1087 2107 notus
1098 2099 1106 2111 ,
1127 2076 1327 2120 infaustusque,

203 2125 296 2162 inquit
305 2123 395 2154 Tacit.
407 2133 433 2154 2.
449 2122 518 2153 Hist.
530 2130 575 2158 23.
585 2130 609 2158 3.
633 2121 686 2151 Cui
698 2126 778 2149 tertia
787 2117 899 2162 accessit
909 2116 1004 2161 clades
1011 2115 1167 2158 Othoniani
1175 2114 1324 2144 exercitus.

202 2162 318 2230 {utrop
338 2171 365 2200 7.
384 2171 396 2192 1
404 2172 427 2191 1.
463 2160 504 2190 Al.
525 2159 691 2191 Bedriacum
701 2180 710 2194 ,
739 2157 898 2186 Betriacum
917 2157 944 2185 δε
959 2155 1019 2185 alus
1041 2154 1142 2184 modis.
1179 2152 1279 2189 Juven.
1297 2161 1325 2182 2.

223 2206 258 2230 at.
273 2204 408 2269 Issgssriaci
417 2236 448 2265 in
461 2245 562 2274 campo
570 2233 690 2273 spolium
700 2232 827 2263 affectare
836 2231 931 2261 Palati.

166 2276 188 2308 Β
197 2286 211 2306 Ε
221 2287 236 2305 a
245 2286 262 2305 R
270 2287 279 2305 ι
290 2286 308 2305 A
318 2286 335 2305 c
344 2284 385 2305 EN
395 2285 407 2304 s
416 2285 426 2303 1
436 2283 448 2303 s
459 2296 468 2309 ,
488 2284 514 2304 e.
537 2271 759 2310 [εεςςιοικέπεῷω]
779 2270 838 2308 Qui
850 2271 889 2300 est
898 2278 933 2299 ex
946 2267 1081 2301 Bebriaco
1095 2266 1169 2297 vico.
1194 2265 1284 2296 Tacit.
1298 2274 1325 2296 2.

206 2313 274 2344 Hist.
289 2322 333 2352 70.
353 2323 376 2343 1.
411 2310 638 2342 Bebriacensibus
649 2310 765 2348 campis.

203 2351 397 2382 Bebriacenses
406 2360 479 2380 aves.
500 2349 571 2379 Plin.
587 2358 629 2377 10.
639 2358 686 2383 49.

167 2390 188 2421 B
197 2400 211 2419 iz
222 2401 236 2418 s
246 2400 288 2419 RY
299 2400 316 2419 e
324 2401 333 2418 1
343 2399 362 2418 A
373 2411 382 2424 ,
404 2386 541 2424 [Βεζξυκιάι
553 2387 567 2422 ]
586 2386 675 2423 Regio
688 2386 726 2415 est
736 2384 854 2414 minoris
864 2383 929 2413 Asiae
940 2382 976 2411 ad
987 2381 1190 2419 Propontidem
1201 2401 1209 2415 ‚
1232 2379 1328 2417 postea

205 2428 384 2467 Mygdoniaa
398 2424 589 2473 Mygdonibus
598 2424 725 2454 Thraciae
734 2422 847 2462 populis
860 2444 868 2458 ,
889 2423 916 2451 Sc
937 2420 1068 2458 Bithynia
1088 2429 1104 2449 a
1121 2419 1242 2456 Bithyno
1263 2427 1327 2455 rege

168 2464 427 2547 Βέἷῗῗὲῗξῗγοζῖ
447 2463 594 2545 ὃῑῖἶῗὲςῖἓ]
624 2500 686 2530 Rex
701 2499 754 2529 fuit
770 2499 799 2528 in
817 2497 960 2542 montibus
979 2495 1133 2535 Pyrenaeis,
1153 2494 1221 2524 teste
1238 2493 1307 2524 saio
1318 2515 1327 2529 ,

202 2551 275 2612 {uos
289 2548 373 2571 etiam
382 2551 397 2570 a
412 2540 516 2578 Pyrene
526 2539 601 2569 illius
611 2538 668 2583 filia
678 2561 685 2574 ,
707 2547 812 2566 nomen
823 2535 931 2579 trariise
942 2535 1019 2565 idem
1028 2535 1125 2578 auetor
1133 2533 1178 2562 est.
1201 2531 1220 2576 l..
1235 2540 1258 2568 3.

227 2581 246 2610 st
259 2587 327 2609 item
335 2578 444 2616 Bebryx
455 2587 560 2607 nomen
577 2576 697 2614 gentile,
723 2575 795 2605 Eum
816 2574 971 2612 fignlfieans
989 2582 1035 2610 qui
1049 2581 1084 2601 ex
1099 2571 1234 2608 Bebrycia
1251 2575 1328 2599 ortus

223 2619 261 2648 est
271 2640 278 2652 .
300 2618 336 2647 de
346 2627 400 2654 quo
412 2616 476 2646 vide
487 2615 571 2653 paulo
581 2615 642 2653 post
651 2616 681 2644 in
691 2614 814 2643 dic'tione
835 2623 850 2641 B
859 2621 874 2641 Β
883 2622 898 2641 13
907 2621 950 2641 aar
958 2621 976 2641 c
986 2621 999 2640 s
1008 2620 1030 2641 s.
1069 2609 1158 2644 Huius
1173 2614 1267 2638 autem
1279 2617 1328 2636 no-

221 2656 305 2686 minis
315 2655 423 2691 obliqui
431 2651 623 2683 indifferenter
631 2652 785 2682 efferuntur
793 2661 808 2680 a
816 2650 908 2688 poetis
916 2672 924 2682 ,
939 2648 1091 2679 secundam
1101 2646 1233 2685 syllabam
1241 2645 1327 2676 modo

220 2692 443 2733 producentibus
454 2714 461 2727 ,
483 2691 569 2720 modo
579 2689 805 2728 corripientibus.
831 2687 886 2718 Val.
900 2688 990 2717 Flacc.
1004 2696 1031 2716 2.
1046 2686 1146 2723 Argon.
1163 2688 1228 2721 649-

282 2730 414 2768 Bebrycis
427 2729 581 2766 &Scythici
592 2728 691 2766 procul
704 2727 887 2757 inclementia
898 2725 963 2755 saxi.
985 2724 1033 2755 Sil.
1045 2724 1094 2754 lib.
1106 2733 1131 2760 3.
1147 2732 1213 2761 423.

284 2768 416 2799 Posseffus
427 2767 537 2797 Baccho
546 2766 614 2796 saeva
623 2766 753 2803 Bebrycis
765 2766 794 2793 in
808 2764 879 2793 aula.

167 2808 189 2839 Β
198 2818 213 2837 ι
220 2819 236 2837 Β
243 2818 260 2837 R
268 2818 287 2837 Y
295 2817 312 2836 c
321 2817 335 2836 R
342 2816 354 2836 s
365 2829 373 2840 ,
394 2805 550 2842 [Βέζξυκες]
573 2804 670 2842 Populi
681 2804 745 2833 Asiae
760 2803 840 2839 juxta
851 2802 978 2831 Pontum.
999 2800 1133 2838 Stephan.
1308 2824 1314 2830 ,

204 2846 276 2877 Item
288 2844 386 2883 Populi
397 2843 473 2882 apud
485 2842 618 2872 lberosin
635 2842 755 2880 Europa.
785 2840 833 2870 Sil.
846 2839 1002 2876 lib.3..¹?420.
1025 2837 1120 2868 Galliae
1132 2834 1330 2871 Narbonensis,

225 2895 241 2914 a
251 2882 389 2921 Pyrenaeis
398 2881 540 2911 montibus
551 2880 641 2918 primi.
662 2879 694 2910 V.
717 2879 816 2909 Cellar.
828 2877 928 2915 Geogr.
944 2878 1006 2906 Ant.
1019 2886 1045 2906 2.
1059 2886 1085 2905 2.
1097 2885 1121 2912 3.
1133 2884 1177 2911 92.

168 2921 189 2954 Β
198 2924 214 2952 Ξ
223 2933 237 2951 a
246 2932 262 2950 s
270 2932 291 2951 Y
300 2931 317 2950 c
326 2932 335 2950 1
345 2931 363 2950 υ
373 2930 385 2950 s
393 2942 401 2956 ,
423 2918 606 2956 [Bfiss’eiin⁴&]
625 2917 686 2954 Adj.
707 2917 766 2947 Val.
786 2915 876 2946 Flacc.
896 2919 923 2946 6.
948 2915 1049 2953 Argon.
1070 2923 1134 2952 344.
1168 2913 1195 2943 ἃ
1216 2910 1265 2942 Sil.
1279 2910 1329 2941 lib.

226 2983 232 2990 .
274 2969 289 2989 2
310 2982 316 2989 .

205 2967 447 3034 Areiia³ssebrycia.
471 2996 538 3025 Stat.
555 3003 582 3028 4.
596 2993 661 3024 silv.
678 3003 701 3029 ς.
713 2997 759 3027 28.

205 3036 318 3066 Fretum
330 3034 505 3071 Bebrycium.
527 3031 618 3061 Valet.
628 3043 655 3068 4.
668 3031 769 3069 Argon.
782 3037 847 3067 743.

206 3074 323 3104 Nemus.
345 3072 413 3102 Stat.
428 3080 453 3107 3.
470 3070 561 3101 Theb.
575 3078 637 3106 353-

207 3112 344 3149 Regnum.
367 3109 458 3140 Flacc.
472 3120 497 3145 4.
513 3110 613 3145 Argon.
625 3117 669 3143 99.

287 3148 412 3178 Proxima
421 3146 549 3184 Bebrycii
562 3144 812 3183 pandunturlitora
824 3141 912 3180 regni.

206 3187 300 3225 Virgo.
320 3186 367 3215 Sil.
385 3195 409 3222 3.
421 3195 486 3218 420.
510 3184 550 3214 De
561 3185 633 3221 jugis
646 3183 790 3221 Pyrenaeis.

287 3224 399 3253 Nomen
416 3223 550 3260 Bebrycia
562 3223 666 3251 duxere
676 3231 691 3251 a
700 3220 809 3258 virgine
821 3219 925 3248 colles:
993 3214 1052 3245 scil.
1073 3213 1188 3253 Virgine
1207 3214 1313 3252 Pyrene
1323 3235 1332 3250 ,

225 3262 261 3292 ab
276 3261 398 3292 Hercule
416 3259 579 3299 compressa,
600 3261 631 3289 in
645 3259 790 3290 montibus
803 3256 858 3287 illis
871 3268 886 3288 a
895 3255 959 3287 feris
971 3253 1117 3291 discerpta.
1131 3252 1207 3283 conf.
1220 3253 1294 3290 Virg.
1307 3261 1332 3290 3.

227 3299 289 3331 AEn.
302 3308 347 3337 73.

616 3374 935 3439 Bac⁷

171 3521 288 3560 BneA,
308 3524 435 3562 'regmen
449 3525 557 3562 capitis.
597 3524 630 3554 V.
653 3523 743 3554 Pitisci
761 3523 827 3553 Lex.

172 3561 217 3590 Biz
226 3571 242 3590 c
253 3572 271 3590 A
280 3573 296 3590 is
307 3572 325 3591 u
337 3573 356 3591 N
365 3572 383 3590 G
395 3573 413 3591 A
424 3584 432 3597 ,
454 3573 484 3591 ae.
509 3562 527 3592 f.
548 3562 646 3592 Herbae
661 3572 763 3600 genus,
785 3559 947 3597 junioribus
957 3556 1107 3588 Eotanicis.

172 3598 194 3628 B
203 3607 242 3628 Ec
254 3610 272 3628 A
282 3610 320 3643 ata
330 3622 338 3634 ,
360 3599 455 3629 Portus
467 3601 504 3629 est
513 3600 671 3629 utilissimus
684 3601 774 3637 gentis
784 3598 949 3629 Necanidon
964 3597 994 3625 in
1005 3595 1061 3625 Asia
1074 3617 1082 3631 ,
1105 3603 1160 3632 quo
1176 3594 1258 3632 piper
1275 3603 1334 3624 mo-

211 3637 321 3674 noxylis
337 3638 465 3666 lintribus
476 3638 615 3675 imprimis
628 3638 777 3666 invehitur.
801 3637 869 3665 Plin.
888 3635 937 3665 lib.
951 3638 976 3664 6.
994 3644 1054 3672 cap.
1066 3642 1110 3667 23.

173 3673 317 3704 Bizccfzs
330 3677 422 3704 imin
434 3686 475 3709 ἃ.
496 3677 514 3704 f.
535 3676 572 3713 pl.
594 3676 681 3713 Nugae
699 3677 835 3713 antiquae:
858 3683 963 3703 nomen
980 3670 1103 3709 compos.
1121 3680 1156 3700 ex
1168 3674 1269 3706 Rectus,
1290 3670 1336 3699 vel

210 3716 316 3755 Beccos,
338 3722 408 3741 voce
423 3712 552 3750 Phrygia,
571 3715 597 3742 δι
614 3718 702 3741 stanin
718 3712 804 3742 Luna.
847 3713 961 3749 Quippe
979 3710 1097 3747 Phryges
1108 3715 1171 3738 ante
1186 3707 1291 3737 Lunam
1308 3707 1335 3737 se

210 3755 290 3779 natos
306 3750 508 3793 jactabanta&
522 3749 628 3788 Lingua
650 3761 745 3780 eorum
760 3750 946 3786 antiquillima
968 3747 1148 3785 comprobari
1171 3745 1333 3779 dicebatur,

210 3797 368 3827 pervocem
380 3789 565 3830 antedi6tam:
589 3789 627 3817 uti
643 3789 762 3818 fabulum
783 3795 872 3816 narrat
886 3787 1019 3816 Herodot.
1041 3786 1088 3814 lib.
1101 3795 1126 3814 2.
1152 3784 1240 3821 princ.
1259 3783 1334 3812 conf.

211 3824 347 3867 Plutarch.
363 3835 385 3853 1.
398 3825 434 3853 de
446 3825 538 3853 l‘lacit.
556 3825 712 3863 Philosoph.
726 3836 786 3864 cap.
803 3835 829 3860 7.
870 3825 943 3854 Hinc
960 3825 1072 3853 vetustae
1095 3821 1231 3856 eiusmodi
1243 3830 1335 3858 nugae,

211 3862 392 3906 Beccelilenae
402 3885 410 3895 .
435 3864 473 3905 Sc.
485 3863 542 3898 Qui
560 3863 698 3897 referunt,
728 3863 886 3890 camaram.
915 3862 977 3891 sunt
996 3862 1073 3891 dicu,
1098 3860 1192 3898 Steph,
1217 3858 1333 3888 Vinand.

210 3899 288 3937 Pigli.
302 3900 382 3929 Herc.
395 3900 501 3929 Prodic.
515 3911 540 3937 p.
555 3910 580 3929 2.
605 3901 646 3928 Ne
659 3902 739 3937 igitur
749 3912 764 3930 a
775 3900 909 3929 Saturniis
927 3899 1007 3929 lemis
1020 3922 1028 3935 ,
1054 3906 1103 3929 aut
1120 3909 1136 3928 a
1148 3895 1336 3928 becceselenis

212 3938 358 3973 Belgarum
370 3938 522 3974 originibus
535 3939 675 3975 incipiam.

173 3975 194 4006 B
203 3977 219 4005 i‘z
228 3986 245 4005 c
255 3986 276 4006 ii
286 3986 324 4005 aa
336 3997 344 4011 ,
366 3976 428 4006 eris.
450 3975 532 4005 Natio
543 3976 671 4013 Scythica
681 3976 858 4006 bibaciffima.
880 3975 975 4013 Calep.

602 4103 607 4121 i

1823 130 1847 164 Β
1945 130 1973 165 Ε
2070 130 2097 165 L
2560 157 2562 203 ἱ

1358 212 1538 256 Bit-„niort
1549 233 1557 247 ,
1577 211 1596 240 i.
1620 221 1647 241 n.
1681 211 1807 247 [βωλίον]
1838 212 1935 241 Hei-ba.
1971 211 2038 241 Plin.
2063 211 2111 241 lib.
2128 214 2173 241 26.
2198 220 2258 249 cap.
2271 212 2297 239 6.
2336 206 2521 239 Tuffimsedat
2560 222 2562 240 z

1398 250 1519 294 bechion
1532 272 1538 284 ,
1577 259 1636 286 quae
1652 251 1677 279 S<
1700 250 1824 286 tullilzigo
1850 250 1959 278 dicitur.
2002 250 2071 278 Vide
2103 259 2122 277 T
2133 260 2151 278 u
2163 259 2194 278 ss
2205 260 2213 277 i
2224 257 2295 277 LAG
2309 256 2335 276 ο.
2375 247 2464 284 Vulgo
2484 247 2523 276 di·
2560 243 2565 292 ᾗ
2582 261 2590 277 ι

1397 296 1469 318 citur
1490 288 1612 323 Farfhaea.
1652 288 1706 317 [ινα
1723 287 1873 324 Farfarella,
1904 287 1958 316 sive
1977 288 2077 323 Ungula
2091 287 2220 314 caballina.
2261 285 2294 314 V.
2324 284 2413 314 Ruell.
2436 283 2483 314 lib.
2495 293 2521 320 3.
2560 306 2562 344 ἱ
2580 306 2585 315 ,ψ

1398 336 1459 363 cap.
1472 335 1517 360 40.

1362 364 1384 395 B
1397 375 1410 393 Ρ,
1420 374 1436 408 c
1448 373 1467 392 H
1479 374 1486 391 i
1499 374 1513 391 a
1524 372 1537 390 r.
1546 372 1558 391 s
1569 383 1577 396 ,
1598 361 1688 405 Plinio
1697 384 1704 397 ,
1728 362 1835 398 [w'ngss
1849 362 2013 399 Stephano]
2035 361 2134 398 Populi
2153 360 2349 398 Themiscyrae,
2365 358 2426 388 Asiae
2437 359 2523 395 regio·
2560 362 2562 370 '
2583 360 2589 371 '

1400 412 1459 444 nis,
1485 400 1672 437 Cappadocae
1683 401 1849 428 contermini
1863 410 1868 429 :
1893 400 1927 429 de
1943 400 2044 436 quibus
2057 400 2124 429 Plin.
2137 399 2185 428 lib.
2200 403 2225 428 6.
2241 408 2300 435 cap.
2315 409 2342 433 4.
2382 396 2419 425 Hi
2439 405 2524 433 quum
2560 408 2562 410 ’

1402 438 1493 482 Attilae
1511 438 1596 466 ductu
1609 439 1638 467 in
1653 437 1761 467 ltaliam
1777 438 1913 467 veniffent
1925 460 1932 472 .
1953 438 2106 473 vinumque
2126 443 2206 466 antea
2222 436 2284 474 ipsis
2294 434 2468 471 incognitum
2479 443 2523 471 gu.
2560 444 2565 472 γε

1402 478 1512 519 stallent
1522 497 1530 510 ,
1552 476 1628 504 brevi
1638 475 1797 504 mortalium
1808 477 1934 508 omnium
1945 474 2113 505 bibaciffimi
2122 474 2276 505 evaserunt.
2315 473 2406 504 Iidem
2414 470 2523 502 fortaffe
2560 475 2562 504 ζ
2576 492 2577 496 =

1404 524 1469 544 cum
1481 513 1523 543 his
1533 523 1602 550 quos
1610 513 1745 544 Becheres
1758 513 1907 552 Calepinus
1917 512 2048 551 appellat.
2231 519 2241 529 1'
2560 507 2562 525 ²

1834 601 1859 635 B
1935 601 1962 635 E
2044 600 2077 634 D

1367 699 1487 735 Enni,
1508 695 1633 734 [is-Abx]
1653 699 1768 729 natione
1792 698 1910 736 Anglus,
1932 697 1969 727 ob
1994 697 2057 727 vitae
2078 696 2242 726 modestiam
2266 694 2439 725 Venerabilis
2466 704 2528 733 cog-
2560 690 2563 727 i

1406 744 1574 781 nomentum
1599 736 1733 779 adeptus,
1768 736 1867 766 claruit
1887 735 1936 764 sub
1967 735 2077 770 Joannc
2098 734 2174 763 sexto
2197 733 2346 768 Pontifice,
2378 742 2464 770 quum
2485 733 2530 764 Sa.-
2560 750 2564 772 l
2583 738 2589 743 ”

1407 785 1500 805 racem
1517 784 1552 818 es
1577 773 1665 817 Africa
1686 775 1822 804 solventes
1834 797 1842 809 ,
1874 773 2036 812 Hispaniam
2054 771 2212 801 invaserunt
2231 781 2237 802 :
2279 781 2313 801 ex
2335 781 2391 808 quo
2409 770 2484 799 Beda
2498 771 2531 800 li-
2560 775 2564 803 i

1407 814 1485 856 teris¹
1504 821 1645 855 principes
1675 814 1710 843 ad
1737 823 1798 842 eam
1823 812 2042 849 recuperandam
2071 810 2235 846 solicitavit,
2269 809 2362 839 Graece
2382 808 2530 845 Latineque

1408 851 1534 918 {eruditus
1547 850 1627 880 fuisse
1648 851 1772 881 traditur.
1813 850 1924 887 Scripsit
1942 850 1972 878 in
1988 850 2055 879 Aeta
2067 847 2280 886 Apostolorum,
2301 848 2328 878 &
2343 846 2457 877 Lucam.
2477 846 2532 876 Vo-
2580 868 2583 871 -

1421 895 1500 918 aterr.

1409 927 1498 957 Bedas
1510 926 1577 955 item
1590 948 1598 962 ‚
1618 936 1723 956 nomen
1733 925 1848 963 Insignis
1858 924 1987 954 statuarii.
2009 924 2077 954 Plin.
2087 923 2137 953 lib.
2150 933 2193 960 34.
2208 933 2268 961 cap.
2283 928 2310 958 8.
2561 910 2564 984 Ι

1370 965 1568 1001 BEDELLA,
1599 975 1629 995 ae.
1660 964 1679 995 f.
1715 964 1820 994 Eadem
1839 963 1921 994 arbor
1951 973 2010 1000 quae
2032 961 2173 992 Bdelliuni
2200 961 2310 991 dicitur.
2346 960 2434 991 Marc.
2450 958 2530 1000 Emp.
2562 975 2582 1013 Ι·

1410 1013 1472 1040 cap.
1490 1013 1532 1038 19.
2562 1004 2567 1032 ,ἶ

1491 1039 1629 1075 Balsama,
1650 1039 1862 1076 Peucedanum,
1883 1039 2015 1077 spicam,
2039 1043 2244 1074 crocumatque
2256 1035 2405 1066 bedellam.
2562 1033 2564 1040 '

1373 1077 1396 1109 B
1407 1088 1421 1108 a
1431 1088 1449 1107 D
1459 1088 1474 1107 E
1484 1088 1495 1108 s
1504 1089 1513 1106 1
1523 1088 1535 1107 s
1547 1101 1555 1112 ,
1577 1078 1688 1108 Fluvius
1698 1079 1773 1108 estin
1780 1079 1893 1116 regione
1904 1077 2072 1107 Sabinorum
2085 1097 2093 1111 ,
2114 1075 2147 1105 ab
2160 1077 2275 1106 Ancona
2294 1084 2357 1104 cii.
2369 1085 2399 1104 M.
2412 1072 2478 1112 pass'.
2493 1072 2546 1107 di,
2562 1060 2565 1094 i

1414 1116 1494 1145 stans.
1515 1116 1583 1146 Plin.
1595 1115 1644 1146 lib.
1658 1125 1683 1152 3.
1693 1126 1755 1155 cap.
1772 1127 1815 1153 ¹5·
2562 1098 2567 1119 i

1374 1154 1616 1185 Brinnianum.
1656 1153 1688 1183 V.
1710 1164 1942 1184 sassiAcuas.
2512 1175 2531 1183 2

1376 1192 1496 1224 Bssuui
1508 1202 1568 1228 NI,
1599 1201 1635 1222 ex
1656 1192 1792 1228 Arabum,
1813 1202 1846 1222 ac
1863 1193 2062 1222 Saracenorum
2079 1189 2170 1224 setta.
2191 1188 2251 1218 aliis
2274 1188 2379 1218 addidi
2397 1183 2536 1225 opinioni.
2579 1198 2584 1206 ¹

1416 1230 1467 1259 bus
1477 1229 1555 1260 sunt:
1578 1237 1746 1268 quapropter
1758 1230 1951 1260 haereticisunt
1960 1229 2102 1267 appellati.
2142 1227 2165 1257 Ii
2177 1227 2253 1256 nulla
2261 1227 2386 1261 ratione,
2406 1226 2535 1255 inermes-

1417 1277 1472 1304 que
1483 1278 1538 1298 una
1553 1278 1618 1298 cum
1627 1269 1769 1298 Saracenis
1780 1269 1810 1297 in
1820 1268 1926 1298 bellum
1940 1274 2033 1303 ruunt,
2054 1267 2179 1295 dicentes
2190 1271 2311 1294 mortem
2321 1264 2400 1293 vitari
2410 1272 2467 1291 non
2475 1261 2534 1306 pol}

1418 1306 1462 1340 se,
1483 1306 1595 1344 fatoque
1606 1307 1701 1337 omnia
1709 1307 1841 1336 referunt.
1880 1306 2003 1337 Hircinis
2014 1304 2182 1335 amiciuntur
2192 1302 2323 1342 pellibus.
2343 1301 2438 1332 Solem
2447 1309 2536 1332 orien-

1417 1350 1478 1374 tem
1487 1345 1613 1376 adorant.
1653 1344 1856 1376 volaterranus.

1840 1433 1866 1468 B
1941 1433 1969 1467 E

2581 797 2587 806 ι

2053 1431 2082 1467 Ε

1379 1529 1449 1561 Bizi-
1461 1552 1470 1566 ,
1493 1528 1574 1568 [ζέε]
1593 1529 1656 1560 Vox
1665 1531 1770 1561 ovium.
1807 1530 1891 1561 Varro
1902 1539 1928 1560 2.
1945 1529 1980 1558 de
1995 1528 2029 1558 R.
2038 1527 2072 1557 R.
2086 1537 2146 1565 cap.
2161 1537 2185 1557 1.
2221 1525 2289 1557 Non
2298 1526 2376 1557 enim
2393 1534 2474 1561 mee,
2492 1523 2539 1556 sea

1419 1569 1472 1599 bee
1481 1569 1577 1599 sonare
1588 1569 1720 1599 videntur
1730 1579 1797 1599 oves
1803 1576 1906 1599 vocem
1919 1567 2075 1597 efferentes.
2113 1566 2190 1595 Hinc
2564 1592 2566 1594 ,

1379 1605 1401 1637 Β
1411 1617 1425 1636 1³
1434 1617 1448 1636 a
1457 1618 1474 1636 L
1484 1617 1501 1637 o
1511 1629 1520 1643 ,
1539 1616 1595 1638 are.
1618 1609 1645 1637 ὃς
1656 1609 1756 1638 extrita
1770 1607 1850 1637 litera
1860 1606 1881 1638 B
1891 1616 1905 1636 a
1916 1617 1932 1635 1.
1941 1616 1958 1635 o
1970 1627 1978 1641 ,
1999 1606 2026 1635 δι
2039 1603 2156 1634 tandem
2173 1602 2195 1632 B
2204 1611 2223 1631 A
2231 1613 2247 1631 L
2255 1612 2282 1632 o.
2318 1602 2399 1633 Idem
2415 1600 2485 1631 ibid.
2504 1598 2541 1631 V.

1418 1656 1434 1674 B
1446 1655 1459 1674 E
1468 1656 1485 1674 L
1495 1656 1524 1675 A.

1379 1682 1402 1714 Β
1410 1693 1424 1712 Ε
1433 1693 1446 1712 Ε
1454 1695 1470 1712 L
1477 1693 1492 1712 ι’
1502 1693 1522 1713 Η
1533 1693 1548 1712 ε
1556 1693 1574 1712 G
1582 1693 1599 1712 o
1608 1693 1624 1711 a
1634 1705 1642 1718 ‚
1664 1680 1839 1719 [Βεελφηῶρ]
1860 1681 1971 1713 Idolum
1979 1680 2033 1710 fuit
2041 1679 2240 1714 Moabitarum,
2257 1677 2373 1707 nomine
2390 1675 2466 1712 Beel,
2484 1676 2539 1707 five

1418 1721 1482 1751 Baal
1492 1744 1500 1757 ,
1521 1721 1597 1760 quod
1607 1722 1636 1750 in
1646 1728 1742 1752 monte
1753 1722 1859 1759 Phegor
1869 1719 2021 1751 colebatur.
2053 1718 2134 1749 Idem
2145 1717 2268 1747 creditur
2278 1725 2343 1746 cum
2357 1715 2485 1751 Saturno,
2506 1719 2540 1753 u!

1418 1759 1635 1789 annotavitCael.
1647 1759 1737 1790 Rhod.
1749 1759 1798 1789 lib.
1815 1768 1857 1796 13.
1869 1768 1931 1796 cap.
1942 1767 1986 1794 23-
2023 1756 2056 1786 V.
2077 1755 2189 1786 Selden.
2202 1754 2238 1784 de
2249 1754 2310 1784 Diis
2321 1753 2379 1791 Syr.

1379 1796 1401 1828 B
1410 1807 1424 1827 Ε
1433 1808 1447 1842 13:
1456 1808 1499 1842 ac
1509 1809 1519 1827 1
1529 1808 1546 1827 o
1555 1807 1567 1827 s
1577 1820 1586 1834 ,
1629 1799 1645 1834 [
1658 1798 1792 1833 Reimea]
1832 1797 1908 1828 Unus
1940 1805 1976 1826 ex
2008 1794 2136 1832 Neptuni
2160 1792 2224 1823 filiis
2243 1814 2253 1829 ,
2291 1801 2377 1830 quem
2404 1788 2541 1821 Herculeo

1418 1843 1494 1866 vicit.

1378 1873 1401 1904 B
1410 1884 1425 1903 ri
1434 1884 1447 1902 a
1457 1886 1473 1903 L
1482 1884 1498 1903 7.
1507 1884 1521 1903 iz
1532 1885 1546 1903 a
1557 1885 1576 1903 u
1586 1885 1601 1902 n
1610 1896 1619 1908 ,
1649 1872 1824 1910 [εεελζεῖὲλ]
1854 1872 1968 1903 Idolum
1984 1871 2038 1901 fuit
2061 1869 2288 1899 Accaronitarum
2300 1890 2308 1903 ,
2344 1877 2399 1905 quo
2424 1865 2540 1896 nomino

1416 1912 1529 1943 Idolum
1551 1912 1652 1942 muscae
1677 1911 1853 1949 significatur.
1898 1910 1947 1940 Bel
1977 1908 2091 1946 (inquit
2114 1907 2321 1944 Hieronymus)
2350 1907 2377 1936 ἃ
2396 1903 2463 1934 Beel
2472 1925 2481 1939 ,
2510 1905 2537 1935 ὣ

1417 1950 1482 1980 Baal
1494 1973 1501 1986 ,
1523 1951 1600 1980 idem
1611 1950 1735 1980 Hebraeis
1744 1949 1782 1979 est
1795 1959 1801 1978 :
1822 1958 1887 1978 nam
1899 1949 1941 1978 his
1955 1947 2070 1977 vocibus
2079 1945 2218 1975 indicatur
2227 1944 2346 1974 Idolum.
2385 1942 2485 1972 Zebub
2494 1951 2542 1972 au-
2577 1962 2580 1966 .

1418 1994 1477 2018 tem
1487 1989 1613 2018 Muscam
1624 1988 1724 2026 signat:
1746 1987 1823 2016 unde
1832 1985 1992 2016 Beelzebub
2017 1983 2143 2021 (etiamsi
2153 1982 2303 2012 Beelzebul
2316 1982 2403 2011 Graeci
2418 1989 2539 2018 pronun.-
2562 1993 2572 2025 1

1416 2027 1507 2062 tiant)
1529 2033 1660 2064 tanquam
1671 2025 1774 2056 Muscae
1791 2025 1899 2059 dicatur
1911 2023 2029 2053 idolum.
2069 2021 2125 2051 Sed
2144 2022 2170 2051 Sc
2183 2030 2233 2059 pro
2246 2019 2447 2050 Daemonarcha
2467 2017 2542 2054 (La.
2578 2019 2580 2021 ’

1418 2065 1545 2101 stantio)
1566 2065 1700 2103 ponitur,
1722 2064 1777 2093 hoc
1794 2063 1832 2092 est
1851 2062 2062 2093 Daemoniorum
2086 2059 2224 2097 principe.
2255 2057 2320 2088 Cael.
2342 2057 2433 2086 Rhod.
2453 2055 2536 2087 lib-2.

1416 2113 1480 2141 cap.
1494 2112 1535 2141 13.
1556 2102 1630 2132 conf.
1644 2102 1736 2133 Ifidor.
1749 2107 1774 2135 8.
1789 2111 1832 2130 11.
1853 2099 1972 2131 Tertull.
1984 2099 2046 2129 adv.
2063 2097 2151 2128 Marc.
2162 2107 2189 2134 4.
2199 2099 2246 2128 26.
2265 2095 2432 2127 &Prudent.
2447 2093 2538 2127 Perilh

1421 2151 1446 2178 ς.
1459 2144 1524 2179 267.
1549 2141 1663 2172 Selden.
1681 2141 1718 2173 de
1732 2139 1792 2170 Diis
1801 2140 1860 2177 Syr.

2565 2134 2572 2184 1,

2065 2224 2098 2259 e
2565 2182 2575 2272 l

2564 2273 2572 2315 i

1380 2324 1476 2402 Βεοὲἒ
1486 2334 1533 2398 312
1538 2334 1566 2361 1,
1587 2323 1686 2363 Populi
1704 2323 1767 2354 sunt
1789 2323 1819 2353 in
1842 2323 1932 2354 Gallia
1957 2322 2137 2361 Aquitanica,
2174 2320 2210 2351 de
2231 2318 2332 2358 quibus
2353 2318 2424 2349 Plin.
2444 2316 2493 2347 lib.
2511 2325 2542 2354 4.
2559 2317 2572 2363 ᾧ

1475 2386 1481 2393 .
1535 2385 1542 2392 .
2564 2363 2571 2390 l*

1834 2438 1858 2472 B
1954 2437 1982 2472 E
2079 2436 2115 2473 H
2564 2398 2566 2403 ⁴

1819 2228 1844 2262 Β
1943 2225 1972 2260 E

2564 2409 2571 2444 i*

1379 2535 1509 2579 Baium
1522 2557 1530 2571 ,
1552 2535 1681 2565 Officinis
1710 2535 1761 2571 (ut
1779 2534 1893 2572 Serapio
1913 2534 2029 2570 scribit)
2060 2533 2191 2563 dicuntur
2210 2530 2330 2562 Radices
2358 2529 2473 2559 minoris
2495 2537 2544 2567 pn-

1420 2575 1529 2604 stinacae
1547 2573 1646 2603 similes
1663 2595 1671 2609 ,
1692 2580 1845 2608 contortae,
1867 2573 2009 2608 odoratae,
2041 2573 2067 2602 Sc
2083 2571 2179 2601 mansu
2195 2570 2297 2604 lentae,
2327 2578 2387 2605 quae
2408 2567 2438 2596 in
2457 2567 2543 2596 Armo-

1418 2613 1465 2641 nia
1483 2611 1639 2654 nascuntur.
1693 2611 1831 2640 Avicenua
1855 2618 1950 2640 autem
1975 2610 2101 2639 radicum
2128 2608 2236 2646 lignosa
2262 2607 2344 2636 frusta
2375 2605 2471 2635 Behen
2490 2602 2542 2633 eff·

1420 2651 1459 2679 ait
1471 2672 1479 2685 ,
1501 2651 1529 2679 in
1541 2650 1567 2679 le
1579 2650 1722 2680 contracta
1733 2671 1742 2686 ‚
1764 2650 1790 2679 &
1801 2648 1922 2680 siccitate
1939 2648 2057 2678 exoleta.
2086 2647 2117 2678 V.
2141 2645 2284 2678 Matthiol.
2302 2644 2332 2673 in
2348 2642 2397 2674 lib.
2409 2654 2436 2680 4.
2449 2641 2538 2672 Diosc-
2576 2655 2578 2658 v

1420 2698 1483 2727 cap.
1499 2697 1559 2724 ¹54·

1776 2806 1779 2807 ⁷
1829 2775 1854 2810 Β
1955 2775 1982 2811 Ε
2072 2775 2098 2810 L

1384 2872 1472 2909 Bm,
1492 2872 1538 2903 seu
1554 2871 1677 2902 Betis.
1717 2872 1748 2901 V.
1769 2872 1950 2902 Euenus.

1385 2912 1407 2942 B
1417 2922 1431 2940 r.
1440 2923 1456 2940 L
1467 2921 1486 2940 A
1500 2933 1507 2946 ,
1530 2912 1636 2947 [iz-dan]
1658 2910 1743 2940 Mons
1754 2910 1826 2939 estin
1837 2910 1979 2948 AEthiopia
1990 2908 2120 2947 Hesperia
2131 2930 2140 2945 ,
2161 2906 2256 2938 multis
2267 2905 2331 2936 feris
2350 2906 2376 2935 ἃ
2391 2901 2497 2941 magnis
2506 2909 2546 2932 ar.-

1424 2949 1538 2979 boribus
1554 2948 1663 2987 plenus.
1686 2948 1784 2978 Strabo
1797 2948 1844 2977 lib.
1861 2958 1901 2985 17.

1384 2987 1485 3018 Bata
1498 3009 1505 3022 ,
1528 2987 1642 3023 [μῆλα]
1664 2986 1738 3016 Oves
1754 2987 1971 3015 nominaverunt
1991 2983 2097 3020 antiqui
2110 2983 2219 3013 Latini:
2242 2981 2317 3011 unde
2336 2980 2440 3010 Belare.
2462 2977 2544 3007 Varro

1423 3034 1450 3055 2.
1467 3025 1502 3054 de
1519 3024 1550 3054 R.
1565 3025 1598 3054 R.
1614 3034 1674 3062 cap.
1689 3034 1712 3053 1.
1754 3023 1835 3053 Unde
1848 3033 1929 3053 aurea
1941 3022 2013 3052 mala
2025 3044 2032 3056 ,
2054 3022 2084 3051 id
2099 3022 2137 3050 est
2156 3020 2308 3050 secundum
2328 3019 2470 3055 antiquam
2483 3023 2546 3044 con-

1421 3063 1599 3093 suetudinem
1609 3072 1704 3100 capras
1714 3063 1739 3091 δε
1751 3071 1817 3091 oves
1829 3083 1837 3097 ,
1859 3071 1926 3098 quas
1939 3060 2073 3090 Hercules
2083 3069 2117 3088 ex
2131 3059 2218 3089 Africa
2230 3059 2259 3088 in
2276 3057 2409 3087 Graeciam
2421 3059 2546 3092 exporta-
2574 3062 2575 3066 ¹

1423 3102 1472 3132 vit.
1514 3101 1635 3130 Eaenim
1648 3100 1692 3129 sua
1706 3109 1774 3129 voce
1786 3100 1873 3129 Graeci
1886 3098 2062 3137 appellarunt
2074 3098 2153 3132 μῆλα.
2195 3096 2256 3126 Nec
2277 3095 2366 3124 multo
2378 3093 2454 3123 secus
2466 3088 2545 3121 nosti-i
2570 3123 2571 3128 ¹

1423 3139 1458 3168 ab
1469 3139 1567 3168 eadem
1579 3147 1648 3168 voce
1661 3159 1668 3173 ,
1689 3138 1735 3167 sed
1744 3139 1777 3166 ab
1787 3137 1841 3167 alia
1854 3137 1933 3166 litera
1945 3136 2010 3166 Bela
2017 3140 2194 3165 vocaverunt.
2235 3133 2301 3163 Non
2311 3133 2387 3161 enim
2398 3130 2462 3160 Mee
2472 3151 2481 3164 ,
2501 3125 2545 3157 sed

1423 3177 1480 3207 Bee
1496 3176 1593 3206 sonare
1604 3175 1734 3205 videntur
1748 3185 1812 3205 oves
1828 3184 1928 3204 vocem
1944 3174 2107 3203 efferentes:
2129 3183 2144 3202 a
2162 3183 2218 3210 quo
2240 3171 2300 3210 post
2318 3170 2412 3200 Belare
2433 3168 2545 3201 dicunt,
2578 3187 2590 3205 ¹,

1425 3215 1525 3245 extrita
1540 3225 1554 3243 Ε
1566 3214 1646 3243 litera
1655 3235 1663 3248 ,
1684 3221 1714 3243 ut
1723 3213 1753 3242 fit
1763 3214 1791 3242 in
1803 3212 1907 3242 multis.
2535 3238 2543 3246 ,

1386 3251 1457 3283 But
1469 3263 1505 3288 A,
1527 3252 1677 3282 Pannoniae
1697 3261 1744 3280 rex
1756 3273 1764 3285 ‚
1784 3261 1870 3288 regno
1886 3260 1934 3288 per
1954 3249 2044 3278 fratris
2062 3247 2167 3277 caedem
2185 3247 2293 3284 potitus
2305 3268 2313 3281 ,
2333 3245 2425 3274 bonus
2444 3243 2544 3279 alioqui
2569 3262 2580 3277 .;

1446 3291 1556 3328 rinceps
1568 3290 1677 3319 habitus
1688 3311 1696 3324 ,
1719 3289 1841 3327 populos
1855 3298 1871 3317 a
1885 3287 1981 3317 multis
1990 3286 2174 3323 vectigalibus
2188 3286 2327 3314 immunes
2346 3284 2421 3312 fecit.
2443 3281 2546 3319 primus
2578 3288 2580 3291 ’

1423 3301 1574 3366 byzantios
1583 3337 1713 3356 nummos
1726 3349 1734 3361 ,
1754 3332 1967 3363 argenteamque
1980 3332 2121 3354 monetam
2131 3322 2268 3361 percussit.
2309 3320 2428 3351 Decessit
2437 3318 2546 3348 tandem
2570 3310 2580 3352 i

1423 3365 1596 3405 equolapsus
1608 3388 1615 3400 ,
1635 3365 1790 3402 srat‘tusque
1804 3364 1928 3392 membra
1943 3385 1950 3398 ,
1973 3363 2033 3400 post
2043 3371 2129 3391 annos
2141 3361 2218 3398 regni
2229 3366 2284 3389 tres
2294 3381 2301 3394 ,
2325 3357 2480 3396 sepultusin
2492 3362 2548 3384 coe-
2569 3354 2591 3408 δ’.

1425 3404 1512 3434 nobio
1524 3404 1551 3433 S.
1563 3403 1715 3433 Servatoris
1725 3403 1758 3431 ab
1776 3411 1810 3431 co
1823 3402 1982 3430 constituto.
2024 3400 2109 3429 Fuere
2121 3406 2238 3436 quatuor
2251 3398 2332 3435 hujus
2351 3395 2474 3426 nominis
2482 3392 2546 3423 Pan-
2569 3399 2586 3427 μ’.

1426 3443 1519 3471 noniae
1529 3451 1623 3479 reges,
1646 3447 1676 3470 ut
1687 3442 1782 3470 auftor
1794 3439 1831 3468 est
1847 3439 1981 3468 Volaterr.
2001 3437 2049 3466 lib.
2062 3443 2088 3471 8.
2570 3437 2587 3453 Ἀ

1386 3479 1577 3514 ΒΕιΛτιΝΑ,
1598 3477 1746 3514 [nemim]
1767 3477 1863 3507 Strabo
1884 3477 1931 3505 lib.
1951 3487 1975 3512 9.
2001 3475 2109 3510 Insula,
2131 3484 2146 3504 e
2166 3473 2278 3509 regione
2299 3470 2544 3510 Anaphystiorum
2577 3485 2580 3491 ·

1427 3518 1501 3556 apud
1513 3527 1582 3554 quos
1599 3517 1686 3545 Panos
1699 3515 1835 3554 templum
1848 3514 1887 3544 est
1898 3537 1904 3548 ,
1929 3515 1954 3543 Sc
1967 3513 2043 3543 aliud
2054 3513 2166 3542 Veneris
2179 3511 2311 3540 Coliadis.
2569 3527 2573 3535 .

1389 3555 1410 3586 B
1419 3566 1433 3584 a
1442 3568 1457 3584 L
1468 3566 1482 3583 u
1492 3565 1510 3584 u
1521 3565 1532 3584 s
1546 3577 1553 3591 ,
1575 3553 1619 3584 vel
1640 3554 1660 3583 B
1670 3563 1684 3582 u
1695 3565 1711 3582 i.
1722 3564 1736 3581 s
1747 3564 1765 3582 A
1775 3575 1782 3587 ,
1804 3562 1864 3591 quie
1880 3553 1906 3582 Sc
1917 3552 2021 3589 Hyaena
2030 3573 2038 3586 ,
2060 3549 2179 3586 [iimm]
2202 3549 2329 3579 Ferarum
2341 3546 2467 3576 omnium
2481 3542 2547 3572 astu·
2569 3551 2573 3565 ¹

1426 3593 1542 3628 tiffima,
1565 3602 1625 3630 quae
1636 3592 1758 3621 imitatur
1771 3591 1818 3620 sub
1829 3591 1939 3619 noctem
1958 3589 2094 3618 humanos
2111 3587 2248 3625 gemitus,
2270 3594 2300 3615 ut
2312 3585 2438 3614 homines
2447 3582 2547 3621 pietate
2570 3584 2571 3588 ’

1427 3638 1520 3660 motos
1531 3653 1539 3665 ,
1560 3632 1586 3660 &
1598 3630 1632 3659 ad
1642 3629 1857 3659 succurrendum
1867 3627 2060 3664 egredientes,
2082 3627 2205 3655 devoret.
2228 3623 2330 3654 Arnob.
2344 3632 2370 3660 7.
2383 3632 2411 3660 p.
2423 3629 2484 3657 223.
2515 3616 2545 3647 V·
2570 3646 2572 3653 ,

1428 3669 1557 3698 Elmenh.
1578 3667 1694 3697 Observ.
1709 3678 1736 3704 p.
1752 3672 1812 3702 184.
2540 3674 2542 3677 ·
2570 3674 2571 3694 1

1389 3707 1411 3736 Β
1422 3717 1435 3735 a
1446 3718 1461 3735 ι,
1472 3717 1486 3735 iz
1495 3717 1514 3735 N
1524 3717 1533 3734 1
1543 3716 1562 3735 υ
1573 3716 1593 3735 Μ
1604 3728 1611 3740 ,
1634 3705 1779 3741 [Graium]
1800 3703 1905 3734 Aristot.
1920 3702 1967 3731 lib.
1983 3702 2018 3731 de
2028 3701 2140 3736 Plantis,
2157 3699 2226 3730 olim
2235 3697 2442 3729 Delibutorium
2452 3696 2479 3724 in
2491 3693 2548 3723 Pei·-
2570 3695 2582 3733 fi

1428 3744 1484 3774 lide
1495 3753 1635 3774 venenum
1646 3750 1725 3773 erat:
1748 3742 1907 3772 translatum
1926 3747 2019 3769 autem
2032 3741 2061 3769 in
2077 3739 2144 3776 IEgy
2167 3744 2227 3767 tum
2249 3739 2275 3767 &
2287 3736 2471 3767 Palmitinam,
2494 3730 2546 3760 fine
2569 3734 2573 3768 l

1429 3782 1555 3820 periculo
1563 3781 1658 3811 mandi
1670 3791 1713 3811 coe
1736 3781 1765 3810 it.
1784 3779 1894 3809 Putatur
1904 3779 1978 3807 idem
1989 3777 2043 3807 else
2054 3777 2129 3815 quod
2139 3749 2258 3806 grateias
2268 3774 2393 3804 medicus
2406 3769 2548 3801 Helenium
2570 3772 2572 3793 i
2586 3807 2588 3810 y

1430 3820 1590 3857 [Egi-prium
1600 3826 1690 3849 vocat.
1716 3791 1748 3848 ξ,1.
1765 3817 1855 3848 Ruell.
1868 3816 1916 3846 lib.
1928 3826 1954 3845 2.
1972 3826 2033 3857 cap.
2048 3825 2089 3845 12.
2102 3813 2235 3850 &Scalig
2248 3813 2276 3841 in
2288 3812 2353 3841 Not.
2366 3809 2460 3840 Auson.
2474 3809 2546 3844 p-28·
2582 3823 2587 3835 ι

1390 3858 1524 3889 Batinus
1534 3879 1542 3891 ,
1555 3857 1599 3886 vel
1610 3857 1748 3890 Batinus,
1774 3856 1791 3885 i.
1803 3865 1840 3884 m.
1861 3855 1969 3891 [asamar
1983 3866 1994 3881 n
2005 3853 2108 3888 usaivzf]
2123 3850 2335 3889 Aquileiensium
2344 3856 2446 3877 numen
2456 3841 2549 3875 tutela·
2570 3848 2584 3880 J·

1428 3906 1457 3924 re
1472 3905 1478 3924 :
1518 3895 1594 3924 idem
1620 3896 1668 3932 qui
1688 3893 1796 3933 Apollo,
1836 3891 1874 3921 Ca
1885 3891 1956 3920 iitol.
1982 3891 2058 3920 Max.
2085 3900 2147 3928 cap.
2167 3899 2211 3918 22.
2248 3887 2398 3918 Herodian.
2415 3890 2440 3918 8.
2463 3891 2486 3920 3·
2505 3889 2546 3916 19.
2581 3889 2589 3920 g

1428 3933 1478 3962 ubi
1502 3934 1565 3961 κέλιν
1605 3938 1687 3962 vocat
1702 3954 1710 3967 ,
1753 3931 1803 3960 nisi
1840 3902 1924 3959 coiid.
1955 3930 2054 3958 vitium
2081 3928 2127 3958 est.
2165 3926 2240 3956 conf.
2270 3925 2347 3961 Pigh.
2377 3923 2458 3953 Herc.
2488 3917 2548 3948 Pro·
2566 3922 2594 3958 Μ·

1427 3971 1485 4001 dic.
1519 3980 1547 4008 p.
1570 3976 1632 4005 181.
1663 3969 1732 4000 Phil.
1757 3979 1773 3999 a
1791 3967 1881 3999 Turre
1906 3966 1943 3998 ad
1971 3966 2101 3997 Monuni.
2125 3965 2227 3996 Antist.
2248 3961 2365 3993 Tertull.
2389 3954 2546 4024 Apol-(3222
2566 3962 2569 3973 ¹
