2604 4222
84 111 155 140 600
541 95 571 133 C
667 96 702 132 O
807 93 846 129 M

128 186 258 216 Animum
272 188 453 214 commutare.
474 181 582 210 Lucret.
592 179 641 209 lib.
655 187 679 214 3.
697 186 758 212 ς14,

132 226 246 254 Animos
261 228 432 252 commutare
447 221 472 249 &
483 219 562 247 omni
574 218 680 247 ratione
690 216 809 244 fleetere.
831 211 889 240 Cic.
902 219 926 239 2.
941 208 976 238 de
988 206 1064 237 Orat.
1076 213 1140 235 211.

133 262 266 299 Captivos
276 266 456 290 commutare.
479 257 536 286 Cic.
552 266 574 284 1.
586 253 641 284 Off.
654 264 696 288 39.
805 287 810 292 Π
833 286 840 292 ·

135 300 282 330 Coloniam
296 303 467 327 commutare
479 317 487 329 ,
508 304 556 331 per
564 291 772 322 translationem
783 286 854 315 dixit
865 285 950 314 Plaut.
963 281 1053 312 Aulul.
1070 289 1094 317 3.
1105 285 1130 309 6.
1143 288 1188 315 4ο.

229 337 264 366 Ut
272 346 316 365 me
324 337 449 373 deponat
459 333 542 365 vino,
563 340 624 360 eam
635 328 744 357 affectat
757 325 828 354 viam
842 333 849 352 ε
877 361 882 365 ⁴
1053 356 1059 363 .
1209 353 1213 358 ⁵
1238 351 1245 358 .

230 375 289 404 Post
303 374 357 402 hoc
369 395 376 406 ,
397 371 472 408 quod
482 369 572 399 habeo
584 375 615 397 ut
624 369 777 395 commutet
789 361 939 391 coloniam.
1051 366 1070 385 1.
1082 365 1106 385 e.
1128 353 1166 383 Ea
1177 352 1247 382 mihi

156 413 280 447 auferat,
301 411 464 448 &deportet
474 409 502 436 in
518 407 633 436 domurn
645 402 728 432 suam.

139 451 269 481 Colorem
282 447 462 478 commutavit
472 445 527 473 hoc
541 448 718 481 caputet-tate.
741 437 825 467 Plaut.
837 434 918 464 Most.
936 443 958 463 i.
972 441 997 468 3.
1008 441 1054 468 44.

140 488 347 524 Compendium
360 486 419 514 leve
430 483 549 512 maxima
558 481 653 510 fraude
663 480 878 508 commutarunt.
902 474 1002 502 Auctor
1014 471 1050 499 ad
1059 468 1190 499 Heren.2.
1203 475 1247 500 29.

141 527 291 556 Consilium
304 528 481 559 commutare.
504 519 568 548 Caes.
584 529 605 547 1.
623 517 689 546 Bell.
703 512 772 544 Gall.
783 521 826 548 23.
1178 542 1183 548 ι

142 565 240 595 Fidem
250 567 419 592 commutare
431 561 455 588 St
467 558 629 594 religionem
640 553 768 592 pecunia.
809 550 871 592 Cic..
880 557 930 585 pro
942 545 1051 589 Cluent.
1068 553 1129 578 129.
1152 542 1251 571 Civem

162 602 217 631 sine
231 600 380 637 ignominia
389 605 562 634 quenquam,
584 594 630 630 qui
650 592 684 622 ad
699 588 852 629 perniciem
865 591 1023 614 innocentis
1036 582 1120 612 fidem
1134 579 1211 610 suam
1225 580 1251 608 ἃ

162 640 323 675 religionem
334 636 451 673 pecunia
464 632 650 662 commutarit.
690 630 706 658 i.
721 638 744 657 e.
769 624 940 654 Vendiderit.
1213 654 1218 660 μ

143 677 232 708 Frons
243 698 251 710 ,
273 675 365 703 vultus
376 695 383 707 ,
405 675 430 702 ἃ
447 671 534 701 sermo
552 668 677 707 petitoris
691 667 726 695 ad
740 673 836 694 eorum
847 684 854 697 ,
878 659 1056 704 quoscunque
1071 660 1251 689 convenerit,

164 714 269 743 sensum
283 715 307 742 ἃ
322 711 491 739 voluntatem
502 705 717 736 commutandus
728 703 774 732 est.
796 701 853 730 Cic.
868 700 902 727 de
916 698 993 727 Petit.
1006 694 1116 740 Consul.
1134 703 1176 728 32.

146 752 269 782 Gloriam
281 749 440 778 constantiae
457 756 521 776 cuni
533 746 626 783 patrias
643 743 754 772 caritate
773 746 954 769 commutare.
995 734 1050 763 Cic,
1063 743 1112 770 pro
1127 733 1251 775 Sext.37.

166 790 291 826 Denique
306 786 448 816 videbatur
458 794 490 813 ea
499 783 664 812 conditione
676 787 734 809 tam
757 778 835 807 fortis
855 774 934 804 fuisl'e
946 795 954 809 ,
978 781 1006 801 ut
1020 781 1083 815 cum
1103 777 1197 813 patriae
1211 777 1254 796 ca-

166 828 244 856 ritate
256 847 263 860 ,
285 824 444 854 constantiae
455 822 569 859 gloriam
581 823 776 849 commutaret.
812 816 830 844 i.
846 824 870 843 e.
894 813 929 841 Ut
942 820 992 849 pro
1001 818 1088 848 patria
1097 808 1189 837 relicta
1199 805 1256 843 glo-

166 866 233 893 riam
245 862 434 899 assequeretur.
464 859 587 888 Budaeus.

145 902 282 932 Invidiam
295 899 464 937 poil‘effionis
478 896 595 934 pecunia
605 898 786 923 commutare.
810 890 868 918 Cic.
883 898 908 917 2.
924 887 959 915 de
972 885 1044 930 Lege
1058 885 1118 926 Agr.
1132 892 1174 918 14.

147 940 212 976 juta
223 939 316 967 omnia
327 960 333 972 ,
356 939 380 966 ok
397 936 524 965 omnium
533 932 762 962 consuetudinem
774 937 838 959 cum
848 927 1062 963 vituperatione,
1075 924 1130 951 line
1145 919 1256 957 quaestu,

167 982 346 1006 commutare.
370 974 426 1003 Cic.
441 984 464 1009 5.
483 973 554 1001 Verr.
573 982 614 1007 5¹·

147 1015 262 1044 Locum.
285 1013 391 1042 Lucret.
405 1020 428 1047 3.
444 1019 523 1046 ¹07³·
1154 1033 1160 1039 ⁶
1238 1031 1244 1036 .

146 1053 290 1083 Naturam.
331 1050 403 1079 Varr.
416 1059 442 1078 2.
455 1048 490 1077 de
504 1045 578 1076 ΚΗ.
595 1054 653 1082 cap.
669 1053 714 1079 40.
736 1043 838 1072 Semen
847 1044 926 1069 vetus
938 1042 1048 1067 tantum
1067 1034 1139 1065 valet
1153 1042 1182 1062 in
1199 1041 1258 1069 qui-

168 1090 280 1119 busdam
293 1088 373 1117 rebus
384 1109 391 1121 ,
413 1093 444 1115 ut
457 1092 583 1114 naturam
595 1087 757 1111 commutet.

148 1128 270 1158 Nomen.
293 1125 377 1155 Plaut.
391 1124 487 1161 Aniph.
507 1133 529 1151 i.
546 1131 566 1149 1.
583 1130 642 1155 149·
898 1151 904 1158 ι

149 1164 371 1202 Renipublicam.
394 1163 412 1191 i.
425 1172 447 1191 e.
471 1161 597 1190 Formam
612 1158 680 1193 reip.
695 1155 754 1184 Cic.
766 1162 789 1189 3.
807 1153 836 1182 in
846 1151 925 1181 Catil.
940 1160 985 1187 ²5-
1184 1183 1190 1190 .

149 1203 330 1233 Sententiam.
368 1200 426 1229 Cic.
439 1202 480 1228 16.
496 1200 548 1227 Att.
563 1205 587 1232 7.
609 1195 697 1224 Lectis
707 1190 950 1223 verotuislitteris,
971 1187 1120 1217 admiratus
1128 1183 1259 1221 equidem

167 1241 242 1275 sum,
263 1246 291 1268 te
305 1246 361 1268 tam
372 1238 550 1267 vehementer
561 1233 723 1263 sententiam
741 1227 940 1262 commutasse;
963 1226 1008 1255 sed
1032 1234 1089 1254 non
1106 1224 1162 1253 sine
1181 1220 1259 1251 causa

170 1278 328 1307 arbitrabar.

151 1317 235 1354 Signa
248 1323 344 1344 earum
356 1321 445 1342 rerum
456 1320 520 1348 quas
534 1312 685 1346 ceperunt,
706 1302 969 1334 commutantsures.
991 1301 1050 1330 Cic.
1063 1310 1086 1335 ς.
1097 1299 1133 1329 de
1141 1298 1200 1328 Fin.
1213 1306 1258 1334 74.

153 1355 262 1384 Vestem
275 1350 525 1381 commutantinter
536 1347 562 1376 se
572 1348 597 1376 δι
607 1344 729 1374 nomina.
770 1342 857 1371 Plaut.
871 1340 950 1384 Capt.
962 1339 1032 1377 prol.
1047 1347 1091 1375 37.

252 1391 348 1426 ltaque
358 1389 428 1418 inter
435 1387 461 1416 se
472 1391 645 1415 commutant
653 1382 753 1412 vestem
765 1381 790 1410 &
803 1387 928 1408 nomina.

153 1429 241 1458 Viam.
265 1427 370 1457 Lueret.
388 1435 412 1455 2.
428 1435 487 1460 129.
1089 1451 1094 1457 ¹

155 1467 227 1497 Cum
242 1467 296 1496 vita
306 1470 476 1495 commutare
487 1468 614 1491 mortem.
653 1456 758 1496 Sulpic.
771 1455 804 1485 ad
817 1454 875 1484 Cic.
886 1464 912 1490 4.
924 1452 998 1483 Fam.
1014 1462 1038 1487 ς.
1057 1449 1142 1480 Hisce
1153 1455 1261 1486 tempo-

173 1506 247 1535 ribus
255 1514 311 1533 non
326 1502 438 1541 peffime
448 1510 510 1530 cum
531 1500 563 1529 iis
581 1497 634 1527 effe
650 1498 741 1526 astum
754 1516 762 1531 ,
783 1493 883 1531 quibus
903 1491 959 1521 sine
981 1489 1078 1520 dolore
1095 1488 1204 1518 licitum
1223 1486 1262 1516 est

173 1549 290 1572 mortem
303 1550 365 1570 cum
379 1541 434 1569 vita
446 1544 627 1568 commutare.

153 1580 244 1609 Vitam
254 1580 373 1618 priorem
386 1582 556 1606 commutare
565 1574 644 1603 novis
655 1571 746 1601 rebus.
767 1569 875 1599 Lucret.
894 1577 917 1603 ς.
931 1576 944 1596 1
952 1576 1012 1601 ιος.

153 1618 269 1648 Uxores.
291 1617 374 1646 Plaut.
387 1615 463 1644 Trin.
480 1622 592 1643 1.2.21.

246 1655 307 1684 Vin'
325 1658 548 1685 commutemus,
569 1657 645 1679 tuam
662 1655 714 1684 ego
734 1646 833 1675 ducam
848 1665 856 1680 ‚
878 1644 946 1673 &tu
961 1640 1076 1671 meam?
1112 1665 1139 1675 f

154 1694 369 1724 Commutantur
379 1692 407 1720 in
419 1691 498 1719 horas
512 1696 645 1725 tempora.
686 1685 742 1714 Cic.
756 1693 798 1719 ¹4·
814 1685 865 1711 Att.
879 1689 925 1717 23.
957 1678 1076 1709 Consilia
1103 1682 1262 1715 temporum

171 1732 234 1761 sunt
247 1752 255 1765 ,
276 1740 334 1766 quae
345 1729 373 1758 in
385 1729 464 1757 horas
473 1724 636 1756 commutari
648 1723 734 1752 vides.
755 1722 822 1755 Sic,
843 1718 1014 1749 Commutari
1029 1724 1164 1753 tempore.
1184 1714 1263 1744 Idem

176 1780 198 1798 1.
209 1768 266 1798 Off.
279 1777 322 1802 31.
345 1766 383 1795 Al.
404 1766 554 1802 Tempora.
586 1762 616 1791 V.
638 1761 723 1790 Graev.
735 1760 771 1788 ad
784 1759 838 1788 loc.
1234 1789 1241 1795 .

154 1807 333 1836 Commutare
347 1804 473 1839 quaedam
486 1803 515 1831 in
528 1801 614 1830 libris.
654 1798 722 1828 Plin.
736 1806 761 1833 7.
783 1796 866 1834 Epist.
881 1803 924 1829 19.
959 1792 1074 1822 Librum
1093 1797 1172 1820 tuum
1186 1789 1261 1827 legi,

172 1846 198 1875 &
216 1853 296 1881 quam
316 1841 519 1879 diligentissime
538 1838 636 1877 potui,
656 1835 787 1866 annotavi
806 1843 867 1872 quae
891 1830 1108 1865 commutanda,
1128 1838 1189 1866 quae
1206 1828 1264 1857 exi-

174 1884 276 1912 menda
286 1881 437 1910 arbitrarer.

154 1920 277 1948 Verbum
289 1918 430 1956 proprium
441 1915 553 1954 proprio
564 1912 681 1943 ornandi
694 1909 772 1941 causa
784 1914 964 1941 commutare.
979 1904 1105 1941 Cic.3.de
1115 1904 1261 1937 Oratisq.

156 1957 333 1987 Commutare
343 1955 456 1990 alicujus
466 1949 665 1983 contumeliam
676 1951 731 1979 vita
738 1948 794 1978 sua.
828 1947 933 1977 Sallust.
947 1946 976 1974 in
986 1945 1111 1973 oratione
1122 1951 1148 1971 2.
1158 1941 1193 1970 ad
1207 1940 1264 1969 Cae.

174 1995 258 2024 sarem
271 2017 278 2030 ,
300 1994 334 2022 de
344 1992 451 2030 Repub.
463 1991 551 2020 ordin.
562 2000 624 2026 cap.
640 1999 665 2024 4.
678 1993 748 2017 extr.
770 1985 842 2015 Nam
858 1984 924 2021 quid
937 1992 988 2020 ego
1005 1982 1040 2011 de
1049 1988 1077 2011 te
1086 1981 1177 2010 dicam
1188 2001 1196 2013 ,
1218 1988 1265 2007 cu-

175 2034 218 2070 jus
227 2030 423 2062 contumeliam
435 2029 562 2058 homines
573 2025 736 2064 ignavissimi
746 2024 802 2052 vita
813 2023 857 2051 sua
867 2027 1038 2051 commutare
1049 2018 1151 2048 volunt
1160 2019 1173 2046 '?
1195 2015 1265 2045 scili-

177 2079 221 2100 cet
232 2079 319 2106 neque
330 2068 382 2097 illis
393 2074 475 2097 tantae
490 2065 626 2102 voluptati
643 2064 680 2093 est
699 2063 712 2098 (
727 2060 831 2091 tametsi
848 2058 1050 2098 insperantibus
1067 2056 1190 2091 accidit)
1212 2054 1265 2083 do-

177 2109 292 2137 minatio
304 2128 311 2140 ,
332 2112 434 2141 quanto
445 2103 557 2134 moerori
573 2102 691 2140 dignitas
700 2106 755 2130 tua.

157 2145 335 2175 commutare
344 2143 423 2172 verba
432 2152 494 2171 cum
506 2141 597 2177 aliquo
609 2162 617 2174 ,
639 2139 754 2176 Litigare
765 2138 790 2166 &
805 2135 916 2173 jurgari.
937 2133 1002 2164 Ter.
1012 2133 1081 2163 And.
1093 2140 1120 2162 2.
1132 2141 1158 2168 4.
1169 2139 1195 2168 7.

345 2196 385 2203 -α
395 2181 476 2210 crede
485 2179 553 2208 mihi
562 2178 614 2207 hoc
622 2178 746 2214 inquam,
756 2173 898 2211 Pamphile
906 2194 915 2208 ‚

239 2219 387 2256 Nunquam
397 2218 480 2248 hodie
493 2224 585 2246 tecum
595 2220 829 2245 commutaturum
838 2219 945 2248 patrem

240 2257 330 2286 Unum
342 2257 394 2285 elie
403 2256 515 2284 verbum
527 2276 535 2288 ,
557 2253 574 2282 sl
586 2261 612 2282 te
628 2254 704 2282 dices
713 2253 824 2280 ducere·
907 2248 959 2277 Ubi
971 2246 1116 2281 Donatus,
1135 2244 1268 2274 Commu-

178 2301 298 2326 taturum
308 2294 420 2323 verbum
430 2315 438 2328 ,
460 2293 657 2321 Altercaturum
670 2300 676 2320 :
700 2290 766 2319 sicut
780 2289 808 2317 in
823 2287 932 2317 Phorm.
947 2296 973 2321 4.
988 2294 1012 2321 3.
1029 2293 1072 2321 33.

253 2332 289 2361 Ut
298 2332 334 2360 est
344 2331 389 2360 ille
402 2332 489 2359 bonus
499 2331 538 2359 vir
548 2352 556 2364 ,
576 2330 626 2358 tria
638 2338 694 2358 non
706 2325 912 2356 commutabitis

253 2370 338 2398 Verba
352 2369 436 2397 hodie
446 2369 517 2397 inter
528 2377 585 2396 vos.
679 2366 696 2394 i.
710 2375 734 2394 e.
757 2364 841 2393 Dabis
854 2369 935 2399 atque
949 2359 1070 2397 accipies
1085 2380 1093 2395 ,
1116 2358 1145 2387 id
1160 2358 1198 2387 est
1209 2367 1267 2386 non

178 2407 306 2444 jurgabis.
349 2407 405 2443 Ego
418 2412 484 2443 puto
496 2406 676 2434 Commutare
684 2403 766 2432 verba
781 2402 834 2430 hoc
844 2399 913 2434 esse,
935 2408 986 2436 pro
1003 2398 1086 2428 bonis
1102 2397 1183 2426 dictis
1194 2395 1267 2425 mala

181 2448 305 2482 ingerere
318 2454 324 2473 τ
347 2444 401 2473 lioc
415 2444 452 2474 est
466 2442 608 2472 iracundia
619 2442 648 2470 in
661 2440 808 2470 maledidta
821 2437 962 2476 compelli.
1168 2444 1173 2445 ⁷

159 2483 330 2513 commutari
344 2484 369 2511 ἃ.
383 2482 548 2511 contrarium
560 2480 626 2509 fleri.
649 2479 706 2508 Cio.
723 2487 746 2508 1.
760 2477 818 2507 Off.
832 2485 876 2513 31.

160 2522 260 2551 Animo
268 2520 440 2549 commutari.
462 2519 520 2548 Cic.
531 2529 557 2554 4.
570 2517 605 2545 de
617 2517 673 2546 Fin.
687 2526 711 2552 7.

158 2559 268 2594 judicio
277 2557 441 2586 commutari
453 2566 510 2585 non
522 2555 609 2593 potest
619 2564 672 2589 res,
685 2563 744 2590 quae
753 2551 837 2582 semel
851 2552 883 2580 fit
902 2550 1032 2586 judicata.
1069 2547 1128 2578 Cic.
1140 2557 1163 2578 1.
1183 2547 1218 2577 de
1225 2546 1270 2577 In-

179 2603 252 2625 vent.
271 2606 330 2624 ιω.

124 2635 147 2666 C
156 2646 172 2664 0
183 2645 200 2662 M
213 2645 231 2662 M
243 2643 261 2662 υ
271 2636 311 2661 τῐί
323 2641 370 2660 τυ
379 2641 407 2663 s,
428 2641 458 2665 a,
479 2640 535 2659 um.
557 2628 654 2659 Partic.
670 2634 700 2657 ut
712 2650 721 2662 ,
738 2627 914 2656 Commutata
925 2624 1068 2655 sententia.
1082 2623 1170 2659 Cic.4.
1184 2622 1267 2652 Acad.

162 2673 269 2701 Genere
280 2671 342 2699 vitae
352 2674 530 2699 commutato.
553 2667 611 2695 Cic.
626 2676 648 2695 1.
663 2665 720 2696 Off.

161 2709 244 2739 Ratio
256 2713 433 2737 commutata.
456 2706 511 2734 Cic.
527 2714 551 2740 3.
568 2705 642 2733 Fam.
656 2714 681 2739 ς.

161 2748 252 2777 Status
269 2746 329 2774 vitae
347 2749 540 2773 commutatus.
580 2742 690 2779 Nepos,
708 2749 750 2770 10.
762 2750 789 2776 4.
805 2749 829 2776 ς.
860 2737 929 2768 Vitae
948 2738 1047 2768 statum
1068 2740 1271 2766 commutatum

180 2785 250 2813 ferre
259 2792 315 2811 non
328 2783 426 2820 potuit.

161 2822 302 2858 Tempore
315 2824 493 2849 commutato.
518 2816 583 2847 Caes.
597 2826 620 2852 3.
634 2816 702 2846 Bell.
715 2814 794 2845 Civil.
806 2823 851 2851 27.

127 2860 149 2889 C
160 2870 176 2889 o
185 2871 205 2888 M
214 2871 234 2888 M
245 2869 262 2886 u
270 2867 289 2888 *r
297 2861 312 2886 A
322 2866 341 2886 *r
352 2867 369 2886 υ
379 2867 390 2886 s
402 2878 410 2891 ,
434 2858 474 2885 tis.
496 2864 533 2883 ni.
554 2856 572 2883 i.
585 2864 609 2884 c.
631 2853 819 2883 Commutatio
833 2852 879 2880 seu
890 2850 1024 2881 alteratio.
1045 2849 1155 2880 Lucret.
1171 2857 1194 2878 1.
1205 2858 1270 2885 795.

242 2896 420 2933 Quapropter
431 2893 563 2930 quoniam
576 2902 634 2928 quie
648 2891 731 2930 paulo
741 2890 862 2919 diximus
872 2896 952 2924 ante,

181 2971 190 3000 ι
242 2934 273 2962 ln
287 2939 490 2976 commutatum
511 2931 635 2960 veniunt.
730 2927 748 2958 i.
761 2937 785 2957 e.
821 2927 1041 2956 commutantur.
1081 2924 1216 2962 Loquitur
1234 2922 1271 2952 de

164 2982 179 3001 e
193 2978 316 3000 ementis.

128 3008 151 3038 C
159 3019 176 3038 0
187 3020 205 3037 Μ
218 3020 236 3037 Μ
249 3019 265 3037 u
276 3018 296 3036 T
306 3018 323 3035 A
333 3017 352 3035 τ
362 3017 370 3033 1
381 3016 397 3034 0
405 3027 413 3039 ,
434 3005 504 3035 onis.
525 3005 544 3034 f.
566 3002 732 3040 [μεταξολιὶ]
751 3001 923 3031 Viciffitudo.
963 3000 1028 3029 Caes.
1043 3010 1066 3036 ς.
1082 2998 1149 3029 Bell.
1159 2998 1230 3028 Gall.
1244 3007 1269 3028 1.

164 3046 276 3083 Propter
286 3044 393 3074 crebras
404 3042 636 3072 commutationes
648 3041 769 3070 aestuum.

165 3085 267 3112 Annuae
278 3081 519 3114 commutationes,
540 3089 596 3109 non
607 3079 693 3108 modo
707 3077 823 3115 quadam
836 3086 869 3105 ex
883 3074 1039 3105 necessitate
1054 3074 1160 3112 semper
1169 3074 1271 3103 eodem

183 3121 269 3149 modo
278 3120 347 3149 fiunt
362 3128 368 3148 :
391 3127 483 3147 verum
494 3118 527 3147 ad
540 3117 671 3147 utilitates
681 3124 792 3153 quoque
802 3124 892 3144 rerum
903 3114 1030 3142 omnium
1042 3112 1104 3142 sunt
1114 3121 1272 3142 accommo-

183 3158 260 3187 datae.
282 3158 339 3186 Cic.
356 3166 377 3185 1.
394 3156 429 3184 de
441 3154 531 3184 Divin.
547 3166 589 3190 59.

165 3195 264 3223 Civiles
277 3193 515 3224 commutationes.
538 3193 596 3222 Cic.
614 3202 637 3227 ς.
652 3190 726 3221 Fam.
743 3199 786 3220 12.

165 3231 346 3261 Domitiorum
357 3230 537 3260 commutatio
549 3228 762 3259 reformidanda.
786 3227 843 3256 Cic.
855 3235 881 3255 2.
901 3226 953 3254 Att.

165 3269 275 3298 Morum
287 3276 332 3298 aut
342 3269 489 3298 studiorum
500 3267 691 3298 commutatio.
713 3266 771 3295 Cic.
783 3265 819 3294 de
832 3264 940 3293 Amicit.
953 3271 998 3298 79.

165 3305 369 3343 Tempestatum
380 3306 569 3335 conversiones
578 3302 864 3340 commutationesque
873 3301 933 3330 caeli
942 3300 1011 3330 fiunt
1020 3296 1125 3329 accessu
1134 3298 1270 3329 stellarum

185 3345 209 3373 ἅ
226 3344 333 3373 recessu.
356 3344 414 3372 Cic.
424 3353 447 3371 2.
461 3343 495 3372 de
507 3343 595 3372 Divin.
610 3348 653 3377 89.

165 3379 335 3418 Temporum
344 3381 573 3410 commutationes
585 3378 798 3417 quadripartitae.
838 3376 897 3405 Cic.
912 3385 935 3405 1.
947 3373 1029 3404 Tusc.
1040 3377 1085 3407 68.
1106 3372 1270 3401 vicissitudi-

185 3427 233 3447 nes
245 3419 349 3447 dierum
364 3425 443 3453 atque
454 3419 576 3447 nostium
589 3439 597 3451 ,
619 3413 901 3451 commutationesque
917 3420 1075 3450 temporum
1091 3410 1270 3447 quadriparti-

185 3461 225 3498 τρε
235 3477 243 3490 ,
264 3457 296 3484 ad
306 3457 487 3484 maturitatem
503 3456 611 3492 frugum
624 3456 649 3483 δι
663 3453 894 3491 temperationem
909 3459 1056 3488 corporum
1067 3454 1160 3487 aptas,
1178 3450 1230 3478 Sec.

167 3491 236 3521 Vitae
246 3494 430 3522 commutatio.
453 3494 510 3521 Cic.
527 3503 548 3521 i.
564 3491 645 3521 Tusc.

167 3529 330 3558 Voluntatis.
352 3531 406 3559 Cic.
424 3540 446 3558 1.
463 3532 514 3559 Att.
533 3541 573 3565 14.

166 3565 347 3595 voluntatum
362 3568 386 3596 &
397 3568 560 3596 animorum.
583 3566 646 3595 Cres.
663 3576 683 3594 i.
697 3564 762 3594 Bell.
780 3563 850 3594 Gall.
866 3566 908 3593 16.

166 3603 206 3632 Ex
221 3613 283 3632 vcro
295 3604 422 3646 insalsum
433 3605 462 3633 tit
473 3605 662 3633 commutatio.
685 3603 743 3631 Cic.
759 3602 794 3631 dc
805 3602 870 3631 Fato
881 3622 888 3636 ,
913 3609 956 3637 17.

166 3639 351 3684 Οῼῐῐῐῐηυῑᾰιῖιο
365 3662 371 3674 ,
392 3641 609 3676 [amat-math]
629 3642 666 3670 est
682 3640 835 3669 Rhetorum
854 3639 947 3674 figura.
988 3637 1088 3668 Aud'tor
1111 3635 1147 3665 ad
1165 3635 1267 3665 Heren.

184 3678 232 3707 lib.
247 3690 272 3712 4.
285 3689 330 3720 40.
353 3678 537 3720 Commutatio
551 3680 589 3707 est
600 3701 607 3713 ,
628 3688 713 3715 quum
724 3679 784 3706 dua:
795 3677 935 3706 sententiae
949 3676 1020 3704 inter
1038 3675 1064 3703 se
1082 3673 1269 3711 discrepantes

183 3725 219 3744 ex
240 3717 432 3758 transiectione
449 3722 485 3743 ita
503 3717 654 3745 ell'eruntur
666 3738 673 3749 ,
695 3722 725 3744 ut
738 3724 752 3743 a
771 3715 861 3752 priore
879 3715 1011 3751 posterior
1029 3712 1165 3741 contraria
1183 3711 1268 3748 priori

183 3752 377 3796 proficiscatur,
399 3752 451 3780 hoc
462 3755 545 3793 modo
559 3763 564 3781 :
588 3752 644 3781 Esse
660 3759 769 3789 oportet
781 3759 810 3780 ut
818 3753 891 3780 vivas
902 3773 910 3786 ,
932 3761 989 3779 non
1001 3751 1092 3779 vivere
1101 3756 1132 3778 ut
1141 3749 1214 3777 edas.

127 3791 206 3834 Co'M
218 3801 237 3818 M
247 3800 263 3818 υ
272 3798 313 3817 *ra
325 3799 338 3816 n
348 3791 358 3816 ἶ
369 3800 382 3816 ι.
393 3799 399 3816 1
409 3798 421 3816 s
433 3810 440 3823 ,
461 3799 485 3816 c.
506 3789 720 3825 [μιπιΐῖληηκᾉς]
741 3789 825 3826 Quod
833 3789 914 3818 facile
925 3794 1055 3817 mutatur.
1077 3787 1135 3816 Cic.
1148 3787 1184 3815 de
1197 3786 1268 3815 Ami-

162 3834 209 3857 Cit.
225 3838 269 3871 94.
292 3826 459 3868 Nam-quum
468 3827 594 3854 aniicitiae
605 3827 643 3855 vis
655 3828 684 3856 lit
696 3828 723 3855 in
741 3836 774 3856 eo
787 3847 795 3861 ,
817 3833 846 3854 ut
865 3835 934 3855 tinus
952 3825 1022 3861 quasi
1039 3824 1147 3854 animus
1167 3824 1214 3853 fiat
1231 3832 1267 3852 ex

161 3865 306 3908 pluribus:
328 3873 373 3900 qui
386 3864 574 3898 lieripoterit.‚
596 3864 612 3891 si
625 3873 658 3892 ne
678 3865 704 3892 in
732 3872 786 3892 urio
805 3862 916 3900 quidem
932 3872 1041 3899 quoque
1059 3871 1131 3890 unus
1158 3862 1267 3892 animus

161 3910 230 3936 erit,
251 3902 381 3936 idemque
393 3899 513 3943 (01111181)
535 3899 578 3928 sed
597 3901 685 3929 vatius
702 3922 710 3933 ,
731 3900 935 3929 commutabilis
949 3921 958 3933 ,
979 3898 1152 3936 multiplex?

161 3941 230 3971 Cera
239 3937 452 3969 commutabilis.
473 3936 532 3966 Cic.
547 3946 569 3972 3.
585 3936 620 3965 de
630 3937 691 3966 Nat.
706 3937 787 3966 Deor.
802 3946 845 3972 30.

1733 73 1763 107 C
1861 71 1895 106 O
1992 68 2030 103 M

1344 156 1496 189 Exordium
1507 153 1717 184 commutabile.
1759 153 1818 182 Cic.
1833 162 1856 182 1.
1869 153 1904 182 de
1912 152 2020 182 invent.
2035 161 2059 188 3.
2082 149 2233 181 Exordium
2260 146 2458 180 commutabile

1365 196 1402 225 est
1413 217 1420 229 ,
1442 194 1516 231 quod
1528 193 1561 221 ab
1573 192 1725 221 adversatio
1735 192 1824 228 potest
1833 190 1929 219 leviter
1938 197 2074 219 mutatum
2086 199 2120 217 ex
2131 189 2268 218 contraria
2278 193 2354 226 parte
2363 186 2427 214 dici.

1346 232 1475 264 Membra
1488 229 1627 259 imbecilla
1639 231 1663 259 ἂ
1675 228 1885 258 commutabilia
1896 229 2032 264 pecuniae.
2073 227 2130 255 Cic.
2147 226 2175 254 in
2190 226 2284 255 Parad.
2307 236 2329 253 1.
2356 223 2387 252 ln
2404 232 2458 259 quo

1365 271 1495 306 equidem
1518 266 1816 297 continentissimorum
1835 265 1983 294 hominum
2003 265 2141 300 majorum
2163 264 2317 292 nostrorum
2330 261 2400 297 saepe
2420 270 2462 289 re-

1366 310 1447 346 quiro
1463 306 1641 343 prudentiam
1653 326 1660 339 ,
1683 304 1728 340 qui
1739 304 1798 332 haec
1809 303 1948 332 imbecilla
1968 304 1994 332 ἃ
2009 300 2217 332 commutabilia
2237 300 2362 338 pecuniae
2376 307 2463 327 mem-

1365 347 1428 378 bra,
1450 344 1533 373 verbo
1543 343 1616 371 bona
1625 340 1965 379 putaveruntappellanda
1975 362 1983 375 ,
2004 350 2091 378 quum
2105 349 2133 369 re
2143 348 2176 369 ac
2191 338 2270 368 factis
2286 338 2370 374 longe
2385 335 2462 366 aliter

1367 381 1569 419 judicavissent.
1609 378 1771 417 Deopibus.

1347 421 1459 488 Nsstura.
1482 425 1513 448 ut
1524 440 1532 453 ‚
1554 418 1581 448 Si
1591 416 1797 448 commutabilis
1807 415 1978 445 effetnatura
1989 415 2095 453 argenti
2107 414 2210 445 &aeris.
2231 413 2291 443 Cic.
2301 423 2331 456 ⁷1.
2348 413 2385 442 de
2396 413 2460 444 Nat.

1395 469 1450 487 eor.
1464 466 1524 490 130.

1350 497 1430 526 Ratio
1440 496 1513 524 varia
1525 495 1549 522 ἃ
1561 491 1767 522 commutabilis
1778 491 1850 521 vitae.
1873 491 1931 519 Cic.
1943 500 1995 527 pro
2009 489 2108 519 Milon.
2122 498 2167 526 70.

1350 531 1631 571 Respublicainfirma
1642 552 1650 565 ,
1671 530 1787 565 misera,
1808 531 1834 558 δι
1847 527 2063 558 commutabilis.
2086 528 2144 557 Cic.
2157 537 2181 557 1.
2194 527 2247 557 Att.
2261 534 2305 556 12.

1313 573 1335 602 C
1347 582 1435 606 οΜο,
1457 574 1509 599 z‘ire.
1535 569 1564 597 V.
1587 577 1698 597 eoMA.

1313 610 1335 640 C
1346 613 1363 640 ὅ
1374 619 1419 638 Mo
1430 630 1437 643 ,
1459 607 1562 644 compsi
1573 628 1581 640 ‚
1602 614 1747 643 comptum
1759 627 1767 639 ,
1799 603 1922 640 [nofct‘w]
1950 603 2006 633 ὅτε.
2043 607 2101 631 tam
2124 601 2199 639 apud
2226 600 2352 636 Graecos,
2382 609 2466 638 quain

1350 647 1425 684 apud
1439 646 1549 675 Latinos
1562 643 1694 680 significat
1706 653 1714 679 3
1737 642 1916 679 Componere
1927 662 1935 676 ‚
1957 649 2071 670 ornare:
2095 640 2226 677 quoniam
2244 639 2274 667 in
2287 637 2390 676 capillo
2400 648 2466 676 prae-

1350 686 1449 722 cipuus
1470 683 1618 712 hominum
1640 687 1752 710 ornatus
1771 680 1818 709 est.
1859 678 1923 709 Ter.
1935 678 2036 708 Heaut.
2048 687 2074 709 2.
2087 687 2113 708 2.
2128 687 2171 707 10.
2202 676 2278 707 Dum
2295 676 2466 712 moliuntur,

1350 724 1417 752 dum
1432 728 1582 751 comuntur
1593 741 1602 754 ,
1623 728 1713 748 annus
1729 718 1775 747 est.

1351 762 1451 790 Aurato
1460 759 1571 797 pectine
1582 765 1693 787 comere
1703 755 1832 793 aliquem.
1856 754 1905 784 Sil.
1914 754 1962 783 lib.
1979 761 2021 790 13.
2034 761 2097 783 122.

1352 797 1475 836 Capillos
1489 805 1609 825 comete.
1631 794 1679 824 Sil.
1690 793 1738 823 lib.
1750 803 1776 830 7.
1789 803 1853 828 447·

1352 835 1467 873 Capillis
1477 833 1622 864 comendis
1632 832 1762 870 perfecta.
1786 831 1898 860 Ovid.2.
1910 831 2030 864 Among.
2038 838 2062 859 1.
2083 827 2124 858 Al.
2145 826 2285 857 Ponendis
2293 828 2319 858 ἃ
2330 825 2469 858 Praefee'ta.

1353 874 1445 911 Caput
1456 881 1567 902 comere
1581 877 1648 900 arte.
1670 869 1766 899 Tibul.
1776 869 1824 898 lib.
1840 879 1863 898 1.
1874 873 1899 902 8.
1915 877 1958 903 15.

1352 912 1610 977 Capiisscgmptum.
1650 906 1808 938 Plautilliil.
1822 916 1846 942 3-
1867 916 1890 936 1.
1909 914 1970 942 197·
1992 904 2092 943 Capite
2104 908 2238 942 compto,
2256 902 2364 940 crines,
2382 901 2473 934 vittat-

1389 959 1423 978 ue
1450 959 1465 977 a
1486 954 1539 977 eat.

1354 960 1434 1017 qulla
1447 985 1584 1023 genasque
1594 993 1714 1014 comere.
1736 982 1804 1013 Stat.
1819 991 1842 1011 1.
1860 981 1926 1011 Silv.
1941 990 1967 1011 2.
1983 989 2046 1010 110.

1353 1026 1454 1055 Comas
1467 1033 1586 1053 comere.
1609 1022 1694 1052 Ovid.
1704 1031 1731 1051 2.
1744 1021 1811 1051 Fast.
1826 1024 1889 1054 560.

1354 1062 1566 1092 Comasinustas
1575 1071 1625 1090 acu
1636 1068 1757 1089 comere.
1780 1056 1901 1095 Quintil.
1911 1056 1961 1087 lib.
1977 1064 2004 1087 2.
2021 1065 2084 1094 caP.
2101 1065 2127 1093 ς.

1355 1101 1453 1130 Cristas
1464 1109 1583 1129 comere.
1601 1099 1667 1128 Stat.
1682 1106 1707 1133 3.
1719 1097 1811 1127 Theb.
1823 1105 1888 1131 424.

1355 1139 1449 1175 Equos
1463 1138 1551 1166 comit
1562 1136 1663 1173 auriga.
1685 1136 1753 1165 Stat.
1763 1146 1789 1171 4.
1804 1133 1896 1164 Theb.
1912 1141 1959 1170 43.

1356 1177 1392 1206 Se
1406 1185 1526 1206 comere.
1548 1174 1642 1204 Tibul.
1659 1173 1708 1203 lib.
1719 1184 1746 1209 4.
1756 1177 1782 1202 6.
1796 1181 1820 1209 3.

1356 1215 1412 1243 Viri
1427 1214 1544 1250 compti.
1567 1212 1651 1242 Ovid.
1668 1212 1703 1241 de
1712 1211 1864 1241 Medicam.
1878 1208 1979 1244 faciei,
1999 1216 2045 1244 24·

1357 1252 1471 1281 Vultum
1480 1261 1598 1280 comere.
1621 1250 1689 1280 Stat.
1702 1253 1728 1279 6.
1745 1249 1837 1279 Theb.
1850 1252 1914 1283 269.

1357 1290 1476 1320 Comere
1487 1312 1495 1326 ,
1516 1299 1568 1327 pro
1578 1288 1701 1323 Oroete,
1721 1287 1854 1317 absolute.
1877 1285 1974 1315 Auson.
1990 1294 2013 1314 1.
2025 1283 2117 1322 Epigr.
2130 1291 2156 1319 3.
2215 1317 2221 1320 ,

1450 1328 1538 1357 Come
1549 1326 1701 1356 serenatam
1711 1325 1817 1363 duplici
1825 1324 1983 1354 diademate
1990 1322 2122 1352 frontem.
2180 1319 2297 1356 Iterum,
2306 1319 2377 1358 Idyl.
2388 1329 2416 1357 4.
2428 1321 2475 1357 ς9ἰ

1449 1366 1495 1395 Tu
1507 1375 1618 1402 quoque
1629 1364 1676 1401 qui
1688 1363 1795 1393 Latium
1806 1363 1878 1392 lecfto
1888 1361 2015 1390 sermone
2026 1359 2142 1390 Terenti

1450 1403 1561 1437 Comis,
1584 1404 1609 1433 8<
1620 1402 1748 1431 adstrit‘to
1758 1401 1894 1438 percurris
1905 1399 2016 1437 pulpita
2026 1398 2119 1428 socco.
2195 1395 2320 1425 Turneb.
2332 1404 2378 1426 22.
2390 1403 2435 1432 23.

1356 1442 1426 1511 Irffie
1441 1442 1594 1508 qumkptum
1604 1450 1675 1478 opus
1683 1461 1691 1476 ,
1713 1440 1750 1469 de
1758 1439 1841 1468 Libro
1852 1437 1954 1468 dicitur
1967 1437 2039 1466 bene
2048 1440 2146 1466 ornato
2155 1456 2164 1471 ‚
2184 1433 2260 1472 apud
2269 1433 2475 1471 Tibul.3.1.14.'‘

1412 1490 1455 1510 em
1492 1490 1505 1508 a
1528 1486 1556 1508 et
1567 1490 1591 1514 4.
1609 1482 1633 1508 6.
2461 1474 2465 1485 ¹

1451 1517 1523 1547 Tota
1534 1517 1584 1546 tibi
1598 1517 1636 1546 est
1645 1515 1732 1545 hodie
1742 1537 1750 1550 ,
1771 1513 1820 1543 tibi
1830 1512 1856 1543 se
1866 1511 2002 1543 laetiffima
2012 1511 2137 1550 compsit.

1324 1557 1347 1589 C
1357 1568 1374 1587 o
1384 1568 1405 1587 M
1415 1567 1430 1586 iz
1439 1566 1458 1586 Ν
1467 1565 1478 1585 s
1488 1578 1496 1591 ,
1518 1556 1598 1584 entis.
1622 1555 1716 1584 Partic.
1742 1551 1864 1583 Martial.
1881 1561 1921 1581 12.
1938 1556 1983 1586 83.

1439 1594 1560 1630 Exiguos
1567 1592 1641 1622 sed'to
1650 1597 1809 1622 comentem
1821 1591 1905 1619 dente
1915 1587 2033 1626 capillos
2042 1610 2052 1624 ,

1495 1632 1577 1661 Dicet
1587 1631 1728 1660 Achillaeas
1739 1627 1899 1665 disposuisse
1909 1636 2012 1657 comas.

1323 1672 1346 1703 C
1355 1681 1371 1700 o
1381 1682 1401 1700 M
1410 1680 1425 1699 ι’
1435 1679 1455 1699 τ
1463 1680 1481 1699 υ
1490 1680 1501 1699 s
1510 1691 1519 1705 ,
1539 1669 1584 1699 vel
1605 1670 1626 1698 C
1637 1678 1709 1698 οΜτ
1718 1677 1736 1697 υ
1744 1676 1756 1697 s
1766 1688 1776 1703 ,
1802 1661 2036 1702 [κεκοσμημῖρῶυ]
2061 1662 2160 1694 Partic.
2183 1662 2305 1693 Ornatus
2315 1682 2324 1698 ‚
2344 1660 2478 1700 composi·
2526 1684 2528 1686 .
2562 1647 2563 1662 ³

1361 1715 1413 1739 tus.
1434 1708 1481 1737 Vir
1502 1731 1507 1737 .
1523 1717 1564 1737 10.
1576 1707 1638 1738 ffin.
1652 1712 1668 1741 8
1690 1715 1715 1736 2.

1402 1718 1542 1784 Sangugine
1550 1715 1710 1783 turpante³m
1721 1747 1849 1780 comptos
1860 1741 1895 1771 de
1907 1749 1985 1771 more
1994 1737 2120 1777 capillos.
2196 1737 2290 1768 Festus
2299 1759 2308 1773 ,
2329 1737 2478 1776 Comptus,

1361 1785 1380 1814 i.
1392 1795 1416 1814 e.
1438 1784 1577 1813 Ornatus:
1599 1793 1615 1812 a
1626 1783 1722 1812 Graeco
1740 1780 1884 1810 descendit
1894 1801 1903 1815 ,
1924 1778 1999 1817 apud
2023 1787 2092 1814 quos
2110 1777 2208 1813 κοσμεῖν
2227 1776 2329 1806 dicitur
2348 1785 2476 1812 comere,

1361 1824 1389 1852 &
1404 1824 1532 1857 »ιώ-μῶυ,
1542 1821 1630 1888 squod
1639 1820 1714 1859 apud
1725 1829 1776 1849 nos
1785 1818 1874 1849 comis
1885 1839 1894 1854 ‚
1915 1819 1941 1847 &
1953 1816 2047 1846 Comae
2057 1816 2189 1845 dicuntur
2200 1814 2295 1853 capilli
2310 1823 2376 1844 cum
2388 1813 2478 1851 aliqua

1361 1870 1427 1890 cura
1437 1869 1500 1889 com
1523 1869 1539 1888 o
1552 1866 1593 1888 iti.
2420 1869 2421 1872 =

1360 1870 1526 1928 Simularui‘ii
1537 1902 1651 1935 compta
1663 1896 1799 1930 dolorem,
1811 1893 1966 1931 Cleopatra.
1983 1892 2000 1922 i.
2012 1901 2037 1922 e.
2059 1891 2213 1929 Comptum
2220 1889 2327 1921 habens
2341 1891 2479 1931 dolorem,

1382 1936 1435 1965 sive
1447 1935 1573 1965 dolorem
1586 1934 1721 1964 simulans.
1743 1932 1847 1963 Lucan.
1858 1931 1906 1961 lib.
1920 1941 1963 1960 10.
1989 1940 2014 1960 v.
2026 1935 2071 1965 83.

1363 1974 1494 2011 Compar.
1533 1974 1622 2004 Tacit.
1638 1983 1661 2002 1.
1678 1972 1745 2002 Hist.
1759 1981 1801 2007 19.
1823 1969 1971 2007 Comptior
1979 1968 2078 1998 sermo.

1362 2011 1499 2049 Superlat.
1542 2011 1652 2049 August.
1672 2011 1707 2039 de
1729 2010 1833 2047 Quant.
1848 2008 1939 2037 Anim.
1961 2016 2023 2045 cap.
2039 2014 2082 2043 33.
2119 2005 2248 2035 Animam
2270 2005 2479 2037 mundissimam

1381 2050 1497 2079 reddere
1510 2050 1536 2078 ἃ
1546 2049 1768 2086 comptissimam.

1325 2087 1348 2116 C
1359 2097 1375 2116 o
1387 2098 1406 2116 Μ
1415 2096 1456 2116 PT
1466 2097 1480 2116 iz
1495 2109 1503 2122 ‚
1524 2087 1568 2117 vel
1587 2087 1608 2116 C
1618 2097 1634 2116 o
1644 2098 1665 2115 M
1673 2096 1693 2115 >r
1703 2096 1717 2115 F.
1728 2108 1736 2121 ,
1758 2085 1826 2115 Adv.
1849 2082 1920 2113 Gell.
1933 2091 1958 2119 7.
1973 2090 1998 2118 3.
2021 2080 2114 2111 Nimis
2125 2086 2239 2118 compte
2251 2089 2292 2110 res
2308 2082 2368 2110 aeta
2378 2082 2425 2111 est.

1326 2125 1349 2154 C
1358 2135 1375 2153 o
1386 2136 1405 2154 Μ
1414 2134 1455 2154 PT
1465 2135 1500 2154 trs
1511 2147 1518 2159 ,
1539 2126 1579 2154 us.
1602 2134 1638 2154 m.
1661 2121 1833 2160 [κόσμημα]
1854 2128 1884 2151 ut
1896 2143 1905 2155 ,
1927 2120 2048 2158 Virginei
2063 2125 2202 2157 comptus.
2225 2118 2335 2148 Lucret.
2344 2118 2394 2149 lib.
2405 2124 2478 2155 1-88·

1364 2163 1382 2192 i.
1393 2173 1417 2192 c.
1439 2162 1537 2192 Cultus
1550 2163 1685 2201 puellares
1694 2163 1713 2196 ,‘
1724 2160 1824 2199 quibus
1833 2159 1952 2197 virgines
1964 2158 2040 2188 comi
2053 2156 2266 2187 consueverunt.

1327 2201 1553 2237 C6M6>rR1A‚
1585 2200 1614 2230 V.
1637 2208 1879 2229 cOMMo'rRtAE.

1327 2239 1350 2269 C
1360 2249 1377 2267 0
1387 2250 1407 2267 M
1418 2250 1444 2267 oe
1453 2248 1473 2267 T
1484 2248 1504 2267 H
1512 2249 1538 2274 o,
1560 2238 1604 2267 vel
1624 2238 1718 2276 potitis
1739 2237 1761 2266 C
1769 2247 1786 2265 o
1795 2247 1816 2265 M
1825 2247 1849 2264 ,ιε
1857 2245 1877 2264 T
1886 2244 1907 2263 H
1917 2244 1934 2263 o
1944 2256 1951 2269 ‚
1979 2232 2141 2270 [κομιιθῶ]
2161 2233 2187 2262 &
2205 2231 2386 2271 Melanippus
2406 2242 2482 2263 amo.

1365 2286 1394 2306 re
1404 2277 1522 2314 turpiter
1531 2277 1596 2306 vieti
1616 2277 1644 2305 iri
1654 2275 1771 2304 delubro
1783 2274 1929 2304 coiverunt
1944 2272 2038 2301 Dianae
2050 2280 2057 2300 :
2078 2271 2114 2300 ob
2126 2270 2200 2305 quod
2210 2270 2318 2300 facinus
2329 2281 2414 2308 quum
2425 2281 2482 2301 ma.

1364 2315 1399 2344 lis
1416 2315 1543 2351 undique
1559 2320 1722 2350 urgerentur
1733 2314 1761 2342 in
1779 2311 1897 2345 Achaia.
1917 2309 2054 2348 ternplum
2068 2309 2108 2338 illi
2120 2308 2157 2337 est
2167 2309 2290 2337 erectum
2302 2330 2310 2344 ‚
2331 2310 2405 2346 quod
2422 2309 2483 2339 Tri.

1365 2352 1454 2382 clariae
1465 2352 1560 2382 Dianae
1574 2353 1725 2386 dixerunt,
1746 2351 1826 2384 cuius
1843 2349 1942 2379 festum
1959 2349 1985 2377 &
2000 2346 2176 2385 pervigilium
2196 2346 2344 2382 quotannis
2361 2347 2483 2377 celebra-

1364 2397 1409 2419 tur
1422 2400 1486 2419 cum
1500 2390 1646 2420 hominum
1656 2389 1859 2418 immolatione.
1900 2386 1995 2423 Longa
2005 2385 2044 2415 est
2055 2385 2132 2423 apud
2144 2383 2303 2414 Pausaniam
2317 2385 2346 2414 in
2357 2385 2483 2416 Achaicis

1364 2428 1493 2463 historia,
1517 2438 1599 2465 quem
1611 2428 1674 2456 vide
1685 2437 1748 2466 pag.
1762 2436 1825 2460 22ς.
1838 2424 1943 2454 Wech.
2248 2456 2251 2457 .

1328 2466 1351 2496 C
1360 2470 1377 2495 ὅ
1386 2478 1405 2495 Μ
1415 2477 1441 2495 oe
1451 2477 1468 2495 1)
1478 2477 1487 2494 1
1498 2477 1516 2495 A
1528 2488 1535 2501 ,
1553 2477 1584 2495 ae.
1606 2466 1625 2495 f.
1652 2461 1819 2502 [κωμῳδῖα]
1839 2462 1941 2492 Poema
1952 2462 1981 2491 in
1990 2470 2045 2498 quo
2058 2459 2180 2489 humiles
2190 2459 2249 2489 fere
2264 2459 2388 2498 personae
2403 2460 2484 2490 indu.

1365 2511 1465 2534 cuntur
1476 2527 1483 2539 ,
1505 2506 1530 2533 δι
1544 2513 1651 2533 amores
1662 2525 1670 2539 ,
1690 2503 1885 2540 virginumque
1895 2507 1985 2536 raptus
2000 2496 2200 2540 describuntur.
2241 2497 2351 2533 Festus,
2373 2497 2484 2528 Comoe-

1365 2543 1425 2571 dias
1436 2541 1684 2579 constatappenari
1698 2550 1734 2570 ex
1745 2550 1789 2576 eo,
1801 2539 1875 2577 quod
1890 2538 1971 2567 initio
1986 2538 2015 2566 in
2027 2536 2096 2566 vicis
2109 2544 2225 2570 juvenes
2239 2542 2350 2565 cantare
2365 2535 2436 2566 soliti
2445 2537 2484 2566 es·
2530 2556 2532 2558 -
2551 2538 2554 2539 ⁷

1365 2579 1529 2624 sentcrebro
1540 2579 1758 2614 convenientes,
1781 2580 1806 2607 ἃ
1824 2577 1899 2606 dieta
1917 2577 1955 2605 est
1973 2573 2020 2602 λ’πὲ
2037 2575 2077 2604 τῆς
2095 2573 2191 2607 κώμης.
2213 2573 2242 2602 id
2264 2574 2302 2603 est
2320 2584 2336 2604 a
2351 2574 2433 2610 vico;
2455 2576 2483 2604 δι
2513 2584 2521 2595 κ

1365 2614 1410 2647 ᾰὶὸι
1421 2639 1430 2652 ,
1451 2617 1605 2647 cantilena:
1627 2617 1672 2646 vel
1689 2627 1705 2646 a
1720 2617 1841 2652 κωμάζει,
1857 2616 1884 2644 &
1904 2611 1970 2649 ς’ίόων
1986 2634 1995 2646 ,
2015 2612 2032 2641 i.
2043 2621 2068 2642 e.
2089 2620 2104 2640 a
2115 2610 2285 2640 comissando
2302 2613 2329 2641 &
2344 2612 2482 2642 canendo.

1365 2648 1478 2692 Duplex
1490 2655 1650 2693 suitgenus,
1672 2661 1751 2683 vetus
1762 2655 1787 2683 ἃ
1800 2662 1871 2682 nova
1881 2651 2039 2681 comoedia:
2062 2649 2167 2678 Veteris
2184 2650 2284 2686 ingens
2300 2650 2354 2679 fuit
2372 2650 2484 2680 licentia

1364 2693 1517 2761 iSnvehendi
1532 2694 1561 2722 in
1570 2702 1661 2722 mores
1671 2692 1819 2722 hominum
1829 2712 1838 2726 ‚
1858 2691 1884 2721 &
1893 2699 1935 2719 res
1946 2690 1972 2719 &
1980 2688 2109 2726 personas
2120 2696 2198 2717 veras
2206 2686 2371 2723 introduxit,
2383 2687 2483 2719 Hora.

1386 2741 1452 2761 erm.
1465 2742 1491 2765 4·
1502 2743 1529 2766 4.

1447 2770 1474 2798 Si
1487 2769 1547 2806 quis
1556 2774 1613 2797 erat
1622 2768 1722 2805 dignus
1732 2765 1848 2796 describi
1861 2787 1869 2800 ,
1891 2764 1966 2803 quod
1977 2762 2065 2792 malus
2076 2768 2123 2791 aut
2132 2761 2195 2799 fur,

1447 2807 1533 2843 Quod
1545 2807 1671 2835 moechus
1680 2806 1750 2834 foret
1768 2827 1775 2839 ,
1796 2810 1843 2833 aut
1853 2803 1961 2832 sicarius
1971 2823 1979 2836 ,
2001 2808 2048 2830 aut
2063 2799 2166 2838 alioqui

1447 2844 1576 2874 Famosus
1587 2866 1595 2879 ‚
1617 2843 1703 2872 multa
1714 2852 1778 2872 cum
1788 2841 1914 2870 libertate
1927 2838 2081 2869 notabant:
2164 2839 2224 2874 ejus
2243 2838 2364 2869 cultores
2373 2837 2484 2868 fuerunt

1365 2881 1571 2920 Theopompus
1584 2903 1592 2915 ,
1614 2881 1807 2914 Pherecrates,
1826 2880 1938 2912 Crates,
1959 2875 2088 2915 Eupolis,
2110 2875 2257 2912 Cratinus,
2279 2876 2481 2914 Aristophanes.

1367 2920 1476 2949 Novam
1505 2919 1668 2956 scripserunt
1689 2918 1865 2952 Menander,
1896 2916 2076 2958 PosidippuS,
2105 2913 2254 2951 Diphilus,
2287 2914 2481 2952 Apollodorus.
2530 2936 2534 2940 -

1367 2957 1447 2987 Nova
1455 2958 1531 2987 sistas
1542 2963 1650 2986 tanturn
1658 2956 1786 2994 personas
1798 2954 1971 2989 introduxit3
1993 2961 2084 2981 minus
2098 2951 2210 2988 quidem
2222 2950 2355 2982 libertatis
2376 2952 2488 2987 habuit,

1365 2996 1428 3062 plus
1439 2996 1592 3029 elegantiae,
1605 2996 1630 3024 ὁὶ
1646 2995 1674 3023 in
1686 2995 1788 3023 decoro
1800 2993 1975 3030 personarum
1987 2989 2118 3020 servando
2127 2989 2280 3025 castigatior
2287 2989 2346 3019 fuit.
2367 2989 2443 3019 lllius
2452 2989 2483 3018 in

1388 3033 1516 3067 lautinis,
1539 3034 1619 3068 hujus
1638 3033 1666 3061 in
1687 3031 1863 3061 Terentianis
1882 3030 2022 3067 specimen
2043 3027 2137 3056 videre
2155 3027 2231 3057 licet.
2274 3027 2313 3057 De
2331 3027 2412 3057 variis
2423 3027 2483 3064 ejus

1367 3071 1501 3138 Bai-tibus,
1511 3069 1876 3099 V.Aristot.Poet.Donat.in
1886 3066 2077 3105 prolegomad
2084 3065 2197 3094 Terent.
2207 3066 2233 3095 ἃ
2243 3064 2483 3103 Scalig.P0et.1.9.

1397 3119 1411 3137 e
1423 3108 1538 3145 Origine
1549 3108 1705 3137 Comoedia:
1715 3107 1789 3143 apud
1800 3107 1953 3141 Romanos⁷
1974 3104 2005 3134 V.
2028 3103 2085 3133 Liv.
2097 3111 2123 3140 7.
2134 3112 2160 3132 2.

1367 3147 1478 3177 Adlores
1489 3146 1701 3175 comoediarum.
1725 3144 1844 3181 Quintil.
1856 3143 1904 3173 lib.
1917 3152 1941 3179 3.
1957 3152 2017 3180 cap.
2030 3147 2056 3175 8.

1366 3184 1488 3214 Motoria
1500 3184 1639 3212 comoedia
1652 3205 1659 3217 ,
1682 3185 1707 3213 ἃ
1716 3183 1831 3212 stataria.
1873 3181 1904 3211 V.
1924 3190 1937 3210 s
1946 3190 1966 3209 τ
1975 3189 1995 3209 A
2004 3188 2051 3208 TA
2060 3187 2076 3206 R
2085 3188 2094 3206 i
2102 3187 2133 3207 A.

1366 3221 1463 3251 Prisca.
1487 3221 1553 3250 Hor.
1568 3233 1588 3250 i.
1607 3222 1728 3255 Serm.4.
1741 3229 1767 3250 2.

1366 3258 1478 3289 Referta
1492 3259 1625 3293 jocorum.
1662 3259 1722 3288 Cic.
1736 3268 1759 3288 1.
1777 3256 1835 3287 Off.
1855 3266 1916 3291 104.
1938 3255 2003 3292 Quo
2018 3262 2121 3291 genere
2132 3252 2265 3289 jocandi,
2287 3251 2418 3289 eleganti,
2441 3261 2484 3281 ur-

1386 3297 1469 3331 bano,
1482 3296 1634 3333 ingenioso,
1656 3296 1746 3325 faceto
1756 3318 1764 3332 ,
1787 3295 1895 3324 Plautus
1904 3294 2005 3329 noster,
2022 3294 2048 3323 8<
2057 3292 2171 3329 antiqua
2179 3290 2320 3320 comoedia
2327 3290 2426 3320 referta
2433 3289 2481 3320 est.

1366 3333 1462 3363 Vetus.
1487 3334 1580 3362 Horat.
1596 3335 1623 3362 in
1637 3335 1698 3363 Arte
1711 3334 1786 3363 Poet.
1801 3339 1865 3367 281.

1364 3374 1451 3408 Agere
1460 3372 1637 3401 comoediam.
1670 3372 1700 3401 ln
1721 3381 1740 3401 A
1752 3380 1803 3400 co.

1364 3409 1436 3439 Dare
1445 3410 1622 3438 comoediam.
1644 3410 1720 3439 Suet.
1732 3408 1784 3438 Vit.
1799 3407 1912 3437 Terent.
1926 3408 1970 3436 16.

1365 3445 1474 3477 Docere
1488 3447 1667 3476 comoediam.
1690 3448 1763 3476 Suet.
1775 3445 1873 3475 Claud.
1889 3454 1932 3473 11.

1365 3484 1452 3517 Cuius
1469 3485 1676 3522 improbitatem
1692 3492 1797 3513 veteres
1821 3483 1973 3512 Atticorum
1988 3479 2136 3510 comoediae
2152 3482 2327 3508 notaverunt.
2367 3476 2426 3508 Cic.
2443 3476 2480 3507 de

1384 3522 1456 3551 Clar.
1469 3522 1544 3551 Orat.
1556 3532 1620 3557 ²²4-
1661 3521 1702 3551 De
1716 3520 1879 3559 Hyperbolo
1890 3517 2056 3549 Atheniensi.

1364 3558 1396 3590 ln
1411 3560 1557 3588 comoediis
1575 3559 1693 3598 placere.
1717 3559 1774 3588 Cic.
1785 3559 1813 3587 in
1826 3559 1903 3587 Orat.
1919 3566 1980 3591 109.

1327 3597 1533 3664 ΟῑὲΜσεουεὶ,
1554 3598 1572 3627 i.
1593 3607 1630 3627 m.
1652 3593 1807 3634 [κωμᾳδῖς]
1830 3596 1887 3632 Qui
1908 3593 2083 3632 repraesentat
2097 3591 2270 3627 comoedias,
2293 3590 2350 3619 five
2369 3588 2479 3619 (3011101-

1387 3644 1472 3664 iarum
1482 3641 1511 3664 at
1521 3644 1565 3663 or.

1365 3674 1464 3702 Facere
1474 3672 1672 3701 comoedumin
1688 3670 1907 3708 pronuntiando.
1930 3667 2050 3705 Quintil.
2065 3666 2114 3696 lib.
2128 3675 2154 3695 2.
2166 3674 2227 3703 cap.
2243 3673 2285 3694 12.

1364 3710 1434 3740 Fieri
1446 3710 1607 3739 comoedum
1616 3719 1650 3738 ex
1661 3708 1775 3747 pessimo
1789 3708 1928 3737 histrione.
1950 3706 2009 3735 Cic.
2017 3714 2068 3744 pro
2079 3703 2159 3734 Rosc.
2171 3703 2250 3732 Com.
2262 3711 2306 3738 30.

1326 3748 1349 3778 C
1359 3758 1404 3777 οΜ
1415 3757 1441 3775 oe
1451 3757 1468 3775 D
1479 3757 1516 3776 us
1528 3768 1536 3782 ⁷
1557 3757 1572 3776 a
1582 3767 1590 3781 ,
1610 3757 1668 3776 um.
1691 3747 1749 3781 Adj.
1772 3745 1870 3780 Juven.
1885 3754 1909 3778 3.
1924 3744 1979 3773 Sat.
1996 3753 2057 3772 100.
2151 3741 2235 3770 Natio
2246 3739 2376 3769 comoeda
2391 3738 2438 3768 est.

1326 3786 1349 3816 C
1359 3789 1376 3815 ὃ
1387 3787 1451 3814 Mic
1459 3794 1476 3813 u
1486 3794 1507 3820 s,
1520 3794 1544 3819 a,
1558 3794 1613 3813 uin.
1637 3784 1786 3819 [κωμικὸς]
1809 3784 1868 3818 Adj.
1882 3788 1921 3817 ut,
1933 3781 2064 3811 Comicus
2074 3777 2174 3809 versus.
2189 3778 2255 3807 Plin.
2267 3777 2315 3807 lib.
2323 3783 2476 3815 i4cap.1⁴.

1364 3824 1474 3853 Adlores
1487 3822 1595 3850 comici.
1619 3820 1740 3858 Quintil.
1751 3821 1798 3849 lib.
1809 3830 1834 3849 2.
1847 3830 1907 3854 cap.
1925 3829 1966 3848 10.

1363 3859 1516 3892 Artificium
1526 3860 1675 3888 comicum.
1698 3859 1756 3888 Cic.
1770 3868 1819 3896 pro
1832 3857 1908 3886 Rosc.
1922 3856 2000 3885 Com.
2015 3859 2056 3887 ¹8-
2076 3853 2168 3882 Nemo
2177 3852 2253 3881 enim
2265 3851 2344 3880 illum
2356 3860 2390 3880 ex
2402 3857 2477 3879 trun-

1384 3907 1419 3928 co
1431 3897 1555 3935 corporis
1565 3896 1704 3935 spectabat
1713 3918 1722 3931 ,
1742 3896 1790 3926 sed
1802 3904 1837 3925 ex
1847 3893 1964 3925 artificio
1976 3892 2087 3923 comico
2097 3890 2254 3920 aestimabat.
2275 3889 2318 3919 De
2331 3888 2439 3955 Rosgo.

2413 3931 2476 3955 37113
