2604 4222
187 142 256 177 608
641 126 670 161 C
767 125 802 160 O
906 122 944 156 M

190 217 214 247 C
223 226 239 246 o
249 227 268 245 M
276 225 291 245 P
300 226 317 245 i.
325 224 340 244 ι
351 223 370 242 x
379 224 399 244 11
408 223 420 243 s
431 235 440 249 ,
460 222 477 242 a
486 234 494 247 ‚
514 220 572 241 um.
601 202 852 245 [ὡῖεζληῶῥῶ]
881 202 977 246 l'artic.
1002 197 1066 236 pass.
1097 197 1156 227 Cic.
1164 205 1225 240 ⁶pro
1252 193 1334 224 Rosc.

231 258 311 282 Amet
338 262 377 288 37.
403 253 468 288 Quo
479 260 535 278 uno
553 247 688 277 maleficio
701 244 798 274 scelera
811 250 905 270 omnia
919 239 1067 275 complexa
1077 235 1131 265 effe
1145 236 1300 264 videantur.

233 290 401 329 Complexus
413 298 475 318 cum
489 288 615 316 Alcmena
626 284 715 313 cubat.
738 282 819 310 Piaut
838 278 936 314 Amph.
954 286 975 304 1.
992 286 1013 304 i.
1030 284 1088 309 134.

1002 313 1063 340 Nat.
1081 309 1212 346 Quaest.i.
1227 317 1277 344 pto
1286 306 1339 336 lm-

232 329 287 359 Res
300 328 384 357 altera
395 326 472 356 alteri
483 324 626 361 complexa
637 321 747 353 dicitur,
763 316 835 354 apud
852 317 948 344 Senec.
958 323 977 341 1.

252 367 349 405 plicita
360 387 369 399 ,
388 363 548 393 Videbimus
559 370 593 389 an
689 396 693 400 ι
866 391 870 396 .
947 388 952 393 ³

606 396 708 426 tecedit
723 416 732 428 .
752 393 922 428 sequentium
939 389 969 417 lit
982 387 1026 416 vel
1036 385 1115 416 causa
1134 384 1176 413 vel
1186 383 1301 420 signum.

252 404 333 442 plexa
345 403 396 431 sint
412 424 419 436 ,
440 408 470 430 ut
485 398 559 436 quod
570 407 602 426 an
672 432 675 437 .
808 429 814 434 ·
911 427 914 432 Ι
1101 424 1105 430 ¹

196 441 243 471 Co
253 453 273 471 M
285 451 298 470 i>
308 452 323 469 1.
332 450 345 469 11
355 449 397 469 xo
408 449 419 468 s
431 461 439 473 ,
460 429 699 474 [ὡπωεγμῖμος
713 432 726 466 ]
748 431 839 459 Partic.
863 429 944 456 activ.
965 433 996 455 ut
1007 447 1015 461 ,
1036 424 1169 455 Maritum
1180 420 1337 458 complexa,

233 479 292 508 telo
304 477 438 506 incubuit.
461 474 543 504 Ovid.
561 481 600 501 12.
615 471 683 500 Met.
698 474 759 501 4²8-
865 502 871 508 ³
970 500 976 506 ι
1143 497 1149 503 .

234 517 358 553 Nepotes
370 521 481 543 centum
492 509 644 547 complexa.
664 507 766 536 dicitur
778 504 872 541 Magni
884 510 992 539 generis
1003 503 1179 538 procreatrix.
1200 495 1236 526 de
1250 493 1339 533 Cybe-

253 553 279 584 le
291 559 375 582 matre
389 552 502 580 deorum
513 570 521 583 ,
544 548 612 583 Virg.
626 549 651 574 6.
667 545 727 574 AEn.
742 545 803 578 78⁶-

326 590 396 619 Laeta
409 588 491 617 deum
507 592 583 623 partu
595 590 705 612 centum
715 578 860 616 complexa
871 586 906 620 ne
928 582 996 605 otes.

234 628 350 658 Puerum
359 626 461 662 gremio
471 622 616 660 complexa
627 620 743 649 fovebat.
766 617 831 647 Stat.
843 625 869 658 ᾳ.
881 614 907 643 Si
920 623 945 642 V.
965 623 987 642 1.
1002 621 1064 641 121.

233 666 361 695 Oceanus
372 664 446 697 vagis
457 660 619 698 complexus
630 658 719 687 undis.
742 655 803 684 Seri.
820 651 932 695 Hippoi.
949 660 988 679 12.
1005 660 1029 680 2.
1176 684 1184 691 ι
1214 683 1220 691 ⁸
1284 682 1291 688 Α

234 703 309 734 Inter
323 702 347 731 se
358 699 507 737 complexi.
548 697 619 733 Virg.
639 706 662 730 ς.
681 694 740 724 AEn.
753 695 816 730 766.
840 690 895 719 Ub1
915 697 1009 717 tamen
1032 682 1235 724 deponentialis
1255 687 1337 712 etiam

253 739 413 777 significatio
428 739 519 766 locum
530 735 629 764 habere
641 733 735 767 potest.
772 730 818 759 Sic
828 730 853 758 &
866 727 971 770 Lucret.
985 736 1009 755 2.
1022 734 1081 761 153.

312 777 371 806 Nec
383 774 537 812 singillatim
547 769 707 809 corpuscula
725 776 838 805 quaeque
852 774 961 802 vaporis
972 786 981 798 ,

311 815 364 843 Sed
387 812 533 849 complexa
548 815 642 838 meant
656 809 728 836 inter
744 806 770 835 se
781 827 789 841 ‚
814 806 865 834 &c.
967 801 990 829 V

250 851 369 881 Gramm.
385 860 410 879 2.
424 860 467 884 79.

195 888 430 921 connexio.
451 886 520 916 onis.
543 884 562 914 f.
584 879 760 919 [σῦμπἏεξκ.
782 876 932 911 ammonui]
954 875 1029 905 Idem
1046 872 1120 910 quod
1139 870 1317 908 Complexus.

232 926 465 963 Complexinnes‚
486 921 695 960 copulationes,
718 920 741 947 81
753 916 928 946 adhaesiones.
949 914 1005 942 Cic.
1023 923 1044 941 1.
1061 912 1097 940 de
1110 911 1167 940 Fin.
1185 919 1226 945 19.

230 964 322 994 Brevis
332 962 490 1000 complexio
499 961 582 989 totius
593 958 706 994 negotii.
728 956 785 984 Cic.
801 965 822 983 1.
838 955 872 982 de
884 953 986 994 Invent.
1001 953 1044 993 67.

231 1000 406 1039 Complexio.
422 1009 471 1037 pro
484 997 591 1027 Ambitu
602 995 740 1025 sententiae
752 994 777 1022 ἃ
787 991 910 1029 periodo,
931 987 1114 1031 Giano-Orat.
1129 990 1173 1019 ες.
1194 983 1254 1014 Nec
1262 991 1335 1012 acer-

248 1040 335 1067 vatim
348 1038 432 1067 multa
445 1038 635 1073 frequentans,
660 1042 714 1061 una
724 1029 918 1066 complexione
932 1028 1078 1069 devrnciet.
1102 1023 1226 1066 Budieiis.

229 1074 394 1113 Longissima
405 1075 442 1104 est
452 1075 533 1112 igitur
542 1070 701 1109 complexio
714 1068 860 1099 verborum
873 1087 881 1101 ‚
902 1074 962 1102 quae
973 1063 1045 1092 volvi
1061 1071 1118 1092 uno
1134 1060 1226 1098 spiritu
1235 1057 1332 1097 potest.

249 1114 306 1143 Cic.
325 1123 348 1148 3.
363 1113 398 1141 de
408 1113 483 1141 Orat.
503 1120 562 1146 179.
841 1141 846 1146 1
917 1140 921 1145 ,

229 1150 384 1181 Oratoriam
397 1148 621 1187 complexionem
642 1144 699 1173 Cic.
720 1142 755 1172 sic
765 1141 862 1170 definit
875 1161 884 1174 ‚
904 1138 952 1168 lib.
974 1148 996 1181 1..
1019 1137 1054 1165 de
1067 1135 1229 1169 Invent.4q.
1251 1133 1334 1162 Com-

249 1189 344 1226 plexio
356 1189 393 1216 est
403 1210 411 1221 ,
433 1189 460 1215 in
472 1195 523 1223 qua
535 1192 624 1213 utrum
635 1180 807 1212 concuteris,
824 1176 1051 1215 reprehenditur,
1068 1173 1188 1216 adhunc
1198 1172 1331 1201 modurn:

247 1227 275 1255 Si
285 1225 426 1263 improbus
436 1225 482 1258 est,
495 1233 543 1252 cur
555 1222 637 1251 uteris
651 1221 663 1248 7
685 1219 721 1247 lin
730 1217 833 1255 probus
843 1237 851 1251 ‚
871 1224 918 1244 cur
935 1213 1044 1243 accusas
1056 1213 1069 1241 ‘2
1091 1211 1200 1248 Hicpro
1215 1208 1334 1239 Conclu-

248 1264 322 1292 {ione
339 1263 407 1291 dixit
422 1260 660 1299 Coniplexionem.
774 1292 780 1298 ῃ

229 1300 330 1330 Inferre
341 1300 444 1336 aliquid
457 1300 484 1328 in
496 1297 728 1334 complexionem.
750 1292 807 1321 Cic.
823 1300 846 1319 1.
859 1290 895 1319 de
909 1289 1015 1332 Invent.
1032 1296 1076 1322 72.

228 1338 401 1375 Supersederi
412 1336 604 1374 complexione
617 1331 691 1370 posse.
701 1337 911 1365 nonnunquam.
934 1327 992 1368 Cic.
1009 1336 1030 1354 i.
1043 1325 1078 1368 de
1091 1323 1198 1352 Invent.
1214 1331 1259 1360 72.
1294 1359 1299 1367 .

230 1376 460 1414 Compleirionem
473 1379 551 1403 vocat
561 1363 1087 1405 etiamQuintilianusConclulionemflin
1100 1367 1270 1397 argumento.
1281 1358 1329 1389 lib.

250 1424 274 1448 5.
282 1423 341 1451 cap.
352 1412 400 1441 ult.
423 1411 654 1449 Epichirematum
664 1412 778 1443 quatuor
789 1405 813 1433 ἃ
823 1404 954 1440 quinque.
965 1401 1010 1430 sex
1020 1407 1100 1428 etiam
1112 1399 1190 1427 faetae
1199 1397 1260 1427 sunt
1273 1407 1333 1440 par-

246 1458 286 1479 tes
303 1461 316 1479 a
329 1449 496 1487 quibusdam.
518 1448 575 1477 Cic.
597 1445 717 1481 quinque
737 1442 855 1471 maxime
877 1439 1020 1473 defendit,
1048 1444 1078 1481 ut
1103 1437 1134 1465 sit
1160 1435 1308 1479 propositio
1320 1456 1329 1470 ‚

246 1489 347 1517 deinde
357 1488 424 1516 ratio
434 1487 511 1522 ejus:
532 1491 591 1513 tum
599 1481 744 1518 assumptio
757 1481 782 1509 &
793 1479 852 1514 ejus
860 1477 988 1515 probatio
1001 1498 1009 1511 ‚
1030 1480 1126 1518 quinta
1141 1474 1310 1511 complexio.

226 1525 379 1555 Conficitur
392 1523 549 1560 complexio
560 1531 593 1550 ex
603 1518 791 1557 propositione
801 1519 825 1546 δι
835 1515 1026 1552 assumptione.
1039 1513 1096 1542 Cic.
1104 1511 1165 1540 1.de
1175 1511 1330 1554 lnvent,63.

226 1561 364 1593 Infirinare
376 1561 607 1599 complexionem.
648 1557 705 1586 Cic.
723 1567 742 1584 i.
754 1555 790 1583 de
800 1554 903 1583 lnvent.
922 1558 982 1595 87..
1004 1551 1055 1580 Hic
1069 1558 1155 1587 quum
1166 1547 1330 1578 concelsetis

244 1601 458 1637 propositionem
471 1600 495 1628 &
510 1595 735 1633 assumptionem,
757 1592 914 1630 complexio
925 1590 962 1618 est
976 1588 1149 1618 infirmanda.

225 1638 390 1674 Complexio
402 1659 410 1671 ,
430 1645 478 1674 pro
490 1636 565 1665 Bono
575 1633 697 1670 corporis
711 1630 815 1660 habitu.
856 1629 964 1658 Firmic.
985 1626 1073 1669 liu-5.
1086 1634 1144 1662 cap.
1160 1634 1185 1658 9.
1208 1623 1239 1653 Ι11
1257 1623 1331 1666 Tau-

244 1686 275 1705 ro
288 1675 304 1704 si
318 1675 392 1704 Luna
404 1674 484 1704 fuerit
497 1673 617 1704 inventa,
639 1671 796 1706 quicunque
810 1666 845 1696 sic
859 1676 919 1696 eam
933 1665 1087 1696 habuerint,
1109 1668 1190 1691 erunt
1200 1661 1332 1704 tranquil-

244 1712 283 1747 li,
304 1713 388 1750 quieti
400 1734 409 1749 ‚
431 1711 531 1741 alacres
542 1731 549 1745 ‚
570 1709 648 1738 bonae
657 1705 858 1744 complexionis
870 1725 878 1740 ‚
900 1705 926 1734 δι
940 1704 986 1740 qui
995 1712 1010 1731 a
1021 1700 1126 1741 populo
1135 1700 1258 1729 maxime
1269 1697 1330 1728 dili-

244 1757 350 1815 ἧεηωτ.

270 1788 316 1817 ide
334 1788 445 1817 Pontan.
458 1786 486 1815 in
496 1784 604 1822 ffigidio
620 1781 690 1811 Dial.
703 1789 764 1816 3²²·
790 1779 824 1809 H.
839 1779 877 1808 St.
1123 1812 1130 1819 .
1308 1811 1315 1817 1

189 1826 235 1856 Co
246 1837 264 1854 M
274 1835 288 1854 P
297 1836 313 1854 i.
322 1835 335 1853 R
344 1834 362 1854 x
373 1836 389 1853 υ
398 1835 419 1859 s,
440 1826 480 1853 us.
501 1832 537 1851 m.
560 1819 717 1857 [ὡςάλὺ]
738 1817 795 1847 Cic.
809 1827 858 1855 pro
870 1817 949 1846 Font.
960 1817 985 1844 6.
1007 1814 1084 1844 Num
1094 1818 1177 1842 etiam
1186 1811 1220 1841 de
1235 1816 1330 1841 matris

226 1864 302 1893 hunc
312 1862 460 1899 complexu
470 1883 477 1894 ,
497 1859 646 1889 Ιεᾶἱίΐιῐηεε
657 1856 865 1891 miserrimaeque
874 1854 994 1888 feminae,
1015 1849 1328 1889 vobisinspeetantibus‚

225 1900 323 1930 avellet
333 1907 413 1937 atque
426 1898 558 1928 abstrahet
567 1897 580 1925 ‘2

226 1938 394 1975 Complexus
405 1939 429 1967 ἃ
443 1935 583 1965 osculatio.
603 1932 661 1962 Cic.
674 1940 723 1969 pro
735 1929 805 1969 Coel.
818 1938 863 1964 49.
1239 1962 1247 1969 .

226 1975 267 2006 De
275 1975 423 2012 complexu
432 1974 490 2008 eius
501 1982 532 2001 ac
546 1972 611 2001 sinu.
623 1970 681 1999 Cic.
693 1979 718 1998 a.
729 1968 758 1996 in
767 1966 845 1997 Catil.
857 1975 902 1997 22.
922 1964 1055 2001 subaudi,
1066 1964 1160 1994 Genus
1169 1963 1328 1993 hominum.

227 2015 296 2044 Arcu
305 2012 475 2050 complexus.
497 2010 596 2039 Lucan.
608 2007 692 2050 libnss·
705 2014 768 2042 723.

228 2051 326 2080 Avidus
339 2049 506 2087 complexus.
530 2047 635 2076 Lucret.
649 2044 694 2074 lib.
708 2053 734 2073 2.
753 2045 832 2078 1065.
958 2078 964 2084 .

226 2087 371 2118 Femineus
383 2086 552 2124 complexus.
576 2082 690 2113 martial.
705 2081 751 2110 lib.
765 2090 806 2109 11.
820 2089 864 2115 79.
886 2078 923 2108 ad
934 2078 1081 2108 Vit'torem.

226 2125 329 2156 Mollis.
351 2124 446 2154 Auson.
460 2125 489 2152 in
500 2124 625 2152 Centone
636 2118 752 2156 nuptiali
764 2140 772 2153 ‚
793 2117 862 2155 ldyl.
878 2126 920 2153 13.

306 2163 353 2192 llle
369 2163 415 2190 ubi
427 2160 573 2198 complexu
585 2158 661 2188 molli
675 2157 760 2186 fovet.

226 2200 341 2231 Nexilis.
365 2199 490 2229 Martian.
507 2196 610 2235 Capell.
630 2195 728 2234 Donec
748 2191 834 2222 nexili
851 2191 1002 2230 complexu
1023 2191 1228 2221 circumventos
1247 2188 1328 2219 stran-

245 2238 358 2275 gularet.

226 2275 331 2305 Tenax.
352 2274 434 2304 Ovid.
448 2285 473 2307 4.
492 2272 559 2302 Met.
577 2279 638 2308 377.

224 2312 315 2341 Villosi
329 2312 488 2349 complexus
502 2311 558 2339 ursi.
581 2310 645 2338 Stat.
659 2311 684 2337 6.
698 2305 785 2337 Theb.
798 2307 860 2336 866.

223 2351 353 2388 Abripere
367 2359 381 2378 a
392 2348 539 2386 complexu
552 2370 559 2383 ,
580 2346 622 2376 vel
637 2356 672 2375 ex
687 2343 844 2381 complexu.
882 2341 915 2370 In
938 2349 1026 2370 1111111
1038 2349 1053 2369 P
1063 2351 1073 2370 1
1083 2349 1110 2370 ο.

224 2387 379 2417 Abllrahere
397 2388 430 2415 de
444 2386 599 2423 complexu.
642 2384 671 2413 ln
693 2393 712 2411 A
723 2392 737 2410 r.
746 2391 758 2411 s
767 2391 786 2410 *r
795 2391 810 2409 13
819 2391 838 2409 A
848 2388 867 2409 H
877 2389 903 2409 ο.

224 2426 355 2461 Accipere
366 2423 550 2461 complexum.
591 2422 621 2451 In
641 2430 661 2450 Α
670 2430 687 2449 c
696 2429 803 2449 C1P10.

224 2462 333 2492 Anibire
345 2462 462 2498 aliquem
474 2459 672 2501 complexibus.
695 2457 778 2487 Ovid.
796 2464 837 2485 12.
855 2454 924 2498 Met.
936 2458 998 2490 3²8.

225 2503 319 2528 Arcere
331 2500 470 2528 hominem
484 2496 673 2535 complexibus
688 2495 812 2529 alicujus.
834 2492 904 2529 Virg.
919 2502 942 2526 5.
959 2491 1017 2534 [Ep.
1034 2497 1097 2527 742.

225 2536 346 2567 Avellere
358 2538 382 2565 &
393 2536 542 2564 abstrahere
554 2534 639 2563 filium
655 2543 669 2561 a
681 2531 829 2568 complexu
840 2530 943 2559 matris.
966 2529 1024 2559 Cic.
1037 2537 1087 2566 pro
1098 2527 1177 2558 Font.
1191 2527 1218 2557 6.

225 2574 350 2603 Avulsuni
363 2573 416 2602 esse
427 2573 572 2609 complexu
584 2571 708 2605 alicuius.
730 2569 799 2605 Virg.
813 2579 839 2602 4.
855 2567 911 2597 AEn.
926 2569 990 2596 616.

224 2611 339 2641 Coercet
349 2613 373 2640 Sc
385 2612 508 2640 continet
519 2609 611 2638 omnia
621 2607 767 2645 complexu
781 2606 828 2634 suo
839 2605 967 2634 mundus.
982 2603 1112 2633 Cic.2.de
1125 2601 1325 2638 Nat.Deor.58.

224 2649 337 2678 Currere
348 2649 381 2677 ad
393 2647 570 2685 complexum
581 2648 604 2675 61
617 2645 739 2674 osculum
749 2643 873 2678 aiicujus.
896 2642 954 2671 Cic.
968 2651 1010 2671 12.
1022 2643 1073 2670 iltt.
1089 2650 1114 2672 1.

223 2686 295 2716 Dare
309 2686 471 2723 complexus
482 2684 574 2713 alicui.
595 2683 677 2712 Ovid.
696 2692 736 2710 10.
756 2681 822 2710 Met.
836 2685 898 2715 388.

223 2723 368 2753 Dimittere
384 2733 399 2753 e
415 2721 564 2759 complexu
578 2721 705 2755 aliquem.
728 2719 785 2748 Cic.
800 2728 822 2747 1.
837 2717 873 2753 Q.
887 2716 945 2746 ftat.
959 2724 985 2751 3.

224 2760 375 2790 Dissrahere
390 2759 507 2795 aliquem
517 2769 531 2787 a
543 2758 691 2795 complexu
703 2756 820 2785 suorum.
844 2755 900 2783 Cic.
913 2763 962 2790 pro
973 2753 1062 2782 Domo
1072 2757 1116 2787 98.

223 2798 324 2828 Fovere
337 2806 407 2827 artus
417 2797 532 2832 alicujus
543 2796 700 2832 complexu.
723 2793 818 2823 Claud.
830 2792 865 2820 de
874 2791 949 2820 Bello
959 2790 1070 2820 Gildon.
1080 2798 1148 2825 229.

223 2836 340 2873 implere
352 2836 420 2864 laetis
429 2833 619 2871 complexibus
629 2833 757 2868 aliquem.
779 2830 845 2859 Stat.
861 2839 901 2857 1ο.
912 2828 1003 2858 Theb.
1014 2833 1077 2863 ⁴58-

412 2887 447 2892 —
457 2871 576 2908 laetisque
588 2870 647 2899 suos
657 2868 848 2906 complexibus
858 2866 985 2903 implent.

223 2909 361 2947 Implicari
377 2909 404 2938 in
418 2909 595 2946 complexum
606 2907 727 2942 alicuius.
751 2905 838 2935 Catul.
853 2914 894 2940 59.
914 2908 976 2937 ¹08-

223 2947 302 2982 Jiingi
314 2956 430 2976 venereo
444 2946 601 2983 complexu.
624 2945 681 2973 Cic.
695 2953 717 2972 2.
736 2943 770 2971 de
784 2942 873 2971 Divin.
891 2949 953 2976 143.

225 2985 328 3014 Luctari
339 2983 498 3021 complexu.
523 2983 588 3011 Plin.
606 2982 652 3011 lib.
665 2992 688 3015 9.
699 2990 758 3018 cap.
771 2989 814 3014 3o.

223 3021 343 3051 Pendere
352 3022 465 3054 alicuius
478 3019 627 3057 complexu
635 3018 773 3055 colloque.
795 3017 866 3054 Virg.
882 3025 904 3044 r.
917 3014 976 3044 AEn.
989 3022 1053 3051 719.

223 3058 356 3095 Recipere
367 3058 421 3087 linu
432 3059 633 3095 complexuque
646 3055 774 3093 aliquem.
797 3054 854 3084 Cic.
871 3063 893 3088 ³·
911 3052 1026 3090 Philipp.
1038 3061 1065 3087 9.

223 3096 348 3126 Reddere
360 3096 495 3134 expetitos
504 3096 675 3132 complexus.
697 3094 758 3122 Seii.
772 3091 882 3129 Thyest.
897 3093 922 3119 6.

223 3133 353 3163 Retinere
364 3135 387 3161 vi
404 3136 429 3163 6:
446 3133 593 3170 complexu
604 3133 732 3168 aliquem.
755 3130 811 3158 Cic.
826 3138 876 3167 pro
889 3127 977 3157 Plane.
992 3136 1053 3156 roo.

223 3171 330 3200 Tenere
341 3170 488 3207 complexu
499 3170 626 3207 aliquem.
650 3169 722 3205 Virg.
737 3172 763 3201 8.
779 3166 840 3197 ffin.
855 3170 916 3201 588.

224 3208 367 3274 Tepefaffit
378 3207 468 3273 sLqmen
481 3217 591 3274 vqpore,
602 3209 628 3237 ἀ
637 3205 785 3242 complexu
797 3203 845 3233 suo
855 3201 989 3232 diffundit
998 3207 1076 3230 terra.
1097 3199 1155 3230 Cic.
1167 3199 1203 3230 de
1214 3199 1323 3230 Senest.

265 3256 285 3273 1.
358 3268 363 3274 .
407 3254 453 3274 om
475 3255 502 3274 re
526 3255 552 3274 u.

223 3257 367 3311 Tiucidare
379 3283 406 3310 in
416 3255 562 3319 corsiplexu
571 3280 721 3310 liberorum
731 3279 756 3309 &
764 3278 915 3315 conjugum
926 3275 1157 3312 aliquos.Cic.pro
1169 3275 1266 3305 Flacco
1277 3285 1321 3310 95.

222 3318 319 3348 Venire
330 3321 356 3348 in
369 3319 452 3347 sinum
464 3321 488 3348 &
499 3319 676 3356 complexum
687 3317 811 3352 alicujus.
832 3315 888 3344 Cic.
902 3324 928 3343 2.
946 3313 1062 3350 Philipp.
1076 3316 1120 3341 60.

223 3355 389 3392 Complexus
405 3355 472 3393 saepe
486 3356 559 3394 apud
577 3356 704 3389 Fabium.
726 3363 776 3392 pro
794 3351 1048 3390 Comprehenlione
1067 3351 1091 3379 &
1104 3349 1321 3385 circumstantia,

241 3394 328 3458 utlisb.
341 3403 363 3427 4.
375 3403 433 3430 cap.
446 3405 472 3429 4.
493 3394 562 3424 Sunt
584 3393 626 3423 hae
643 3393 709 3421 citra
729 3390 909 3428 complexum
929 3387 1125 3426 personarum,
1145 3393 1322 3425 temporum,

240 3439 290 3458 cau
304 3440 385 3458 arum.

223 3467 374 3507 complexu
390 3468 471 3496 totius
501 3468 571 3498 entis
584 3467 712 3496 humanae
723 3488 732 3502 .,
751 3466 769 3496 i.
779 3475 802 3496 e.
825 3465 896 3496 Cum
907 3468 967 3493 toto
978 3471 1078 3500 genere
1094 3460 1216 3490 hnmano
1227 3483 1234 3495 ,
1257 3471 1322 3491 cum

241 3505 368 3533 univerlis
381 3504 484 3533 homini
508 3515 547 3534 us.
588 3505 644 3534 Cic.
658 3515 679 3538 ς.
693 3504 727 3532 de
739 3503 794 3533 Fin.
811 3507 856 3538 65.
885 3501 976 3538 Serpit
993 3499 1086 3528 sensim
1099 3499 1170 3528 foras
1182 3500 1320 3534 cognatio.

240 3541 319 3569 nibus
330 3542 447 3577 primum
459 3564 466 3575 ,
488 3551 546 3571 111111
567 3541 742 3571 affinitatibus
758 3563 766 3576 ,
787 3540 890 3570 deinde
908 3538 1036 3568 amicitiis
1048 3558 1055 3571 ‚
1077 3537 1134 3573 poli
1146 3557 1154 3571 ,
1175 3536 1320 3565 vicinitati-

259 3586 362 3643 ὀδριίἑη
374 3579 478 3622 civibus
487 3582 541 3645 'h&
553 3580 584 3608 iis
595 3579 640 3616 qui
653 3579 762 3622 publice
772 3577 835 3607 socii
847 3585 928 3613 atque
938 3575 1018 3620 amici
1030 3574 1104 3640 sunt?
1122 3574 1225 3602 deinde
1236 3575 1320 3641 totlius

260 3619 849 3696 ῃῃῃψΙῖὲιῗέἷῐῖηιξὲεωέῐξῐέᾱέοῇριὲέῗίΜὶῗοτε
868 3623 923 3652 quo
945 3621 973 3642 in
991 3621 1086 3642 univer
1100 3621 1147 3641 um
1162 3620 1260 3640 omnes
1292 3621 1308 3639 o

241 3666 428 3742 Cffllfffissspqs
441 3690 648 3719 lamiliarissimae
659 3711 666 3725 ‚
687 3688 898 3728 complexusque
909 3687 1019 3717 summae
1031 3684 1240 3716 benevolentiae.
1260 3685 1318 3715 Cic.

200 3739 224 3807 g
231 3750 279 3807 3:
286 3750 397 3806 {2²:2⁶5
406 3749 497 3812 Y'grzv.
508 3763 588 3793 Plaut.
601 3763 780 3799 pitu-3484.
793 3762 968 3800 Complexim
980 3761 1151 3790 contrestare
1162 3760 1318 3791 mulierem.

327 3814 435 3844 portum
483 3800 574 3846 'd‘lem
587 3801 660 3844 quod
677 3800 850 3838 Completstor
861 3823 867 3833 ,
889 3800 1024 3842 Corippus
1044 3809 1064 3827 i.
1080 3807 1141 3833 114.

445 3838 452 3850 “
472 3828 486 3854 q
509 3830 666 3866 ‘³¹¹⁸'reminae
678 3838 854 3874 complexum
866 3837 975 3866 brachia
987 3846 1060 3873 ripas.

197 3851 220 3882 C
228 3861 296 3919 23¹¹:
304 3861 369 3918 1an’ss
370 3862 400 3918 ἐκ
403 3863 451 3919 sall!
457 3864 475 3928 Ξ
478 3866 599 3924 ἑοῗώῧυῐέ
601 3874 711 3938 οιὲἓυι.
724 3884 766 3903 10.
788 3873 859 3904 Met.
870 3884 899 3915 p.
913 3882 978 3910 ²⁴9·
1010 3870 1145 3902 Artissime
1164 3869 1320 3908 complexa-

993 823 998 830 .
1022 798 1137 829 Goclen.
1153 797 1184 827 in
1200 795 1336 827 Problem.

604 368 692 389 certus
707 365 796 386 rerum
808 354 877 382 ordo
887 352 1005 380 ducatur
1015 372 1021 381 .
1045 351 1069 378 81
1081 348 1133 376 alia
1143 347 1201 376 aliis
1215 346 1251 374 ita
1263 354 1340 374 com-

1825 108 1856 143 C
1951 109 1987 144 Ο
2083 110 2122 144 Μ

1399 190 1422 220 C
1432 199 1478 219 ou
1486 197 1501 218 1²
1511 199 1528 217 1.
1538 197 1553 216 s
1562 190 1601 217 xi
1609 198 1626 216 v
1634 197 1653 216 u
1662 196 1696 232 s‚·
1705 198 1731 223 a,
1751 198 1808 219 um.
1832 189 2021 227 Copulativus.
2040 190 2110 222 Gell.
2127 202 2168 223 10.
2181 200 2226 228 29.
2247 193 2379 225 Particula
2393 196 2480 234 Atque
2492 206 2550 227 non

1436 234 1544 256 tantum
1556 225 1697 269 conipleXi
1710 238 1730 254 'a
1744 249 1751 260 .
1773 227 1820 256 sed
1832 228 1888 256 vim
1899 227 1982 256 habet
1995 228 2156 265 plusculam.

1398 265 1421 295 C
1430 275 1447 293 o
1456 276 1475 293 M
1486 274 1498 306 ιζ
1509 273 1544 306 ¹¹⁸.
1553 273 1569 305 9
1579 285 1587 297 ,
1609 266 1671 306 ξνιῖ
1693 267 1769 292 &tum
1778 285 1787 298 ‚
1808 266 1988 301 [ἀναπλκξόω.
2016 270 2160 303 συμπληςόω
2171 288 2179 301 ‚
2205 268 2397 304 συνοινοιπλιθω]
2418 272 2472 298 ὅτε,
2494 271 2550 299 No.

1436 309 1469 332 tae
1481 303 1695 367 ligpihcationis.
1733 301 1798 331 Caes.
1812 312 1836 337 5.
1850 301 1918 332 Bell.
1932 303 2002 332 Gall.
2019 313 2079 342 cap.
2092 315 2135 342 39.
2158 305 2248 334 Castra
2259 312 2435 344 oppugnant,
2454 307 2550 339 foffam

1435 349 1517 376 comp
1531 346 1587 367 ent.

1436 377 1541 406 Orbem
1551 374 1673 412 complet
1683 374 1776 412 gioria.
1799 375 1883 404 Ovid.
1900 385 1940 404 12.
1959 376 2027 406 Met.
2039 381 2104 413 618.

1435 414 1582 451 Complere
1593 413 1675 449 usque
1688 413 1722 441 ad
1735 412 1879 442 summum.
1904 413 2040 444 Columel.
2054 416 2089 445 de
2100 415 2191 447 Arbor.
2204 425 2264 454 cap.
2276 427 2304 452 4.

1435 452 1518 495 Aures
1528 450 1650 486 complet
1661 450 1751 479 sonus.
1791 450 1848 480 Cic.
1863 452 1891 479 in
1908 452 2003 481 Somn.
2016 453 2090 491 Scip.
2108 464 2130 483 1.
2152 454 2222 491 Quis
2234 456 2280 484 hic
2290 455 2403 492 inquam
2414 477 2423 489 .
2443 455 2503 493 quis
2511 456 2549 487 est

1454 499 1502 525 qui
1522 488 1651 531 complet-
1665 497 1744 517 aures
1764 497 1837 517 meas
1856 494 1947 518 tantus
1960 491 1986 518 <¹31
2003 496 2059 520 tam
2078 491 2167 521 dulcis
2180 491 2282 521 sonus?
2304 493 2368 528 Sic,
2391 493 2447 521 Liv.
2463 504 2486 527 ς.
2501 502 2546 524 21.

1454 526 1565 555 Clamor
1575 535 1669 554 omnia
1680 547 1687 559 ‚
1707 526 1789 554 variis
1806 527 1967 555 terrentium
1979 536 2011 556 ac
2023 529 2187 565 paventium
2204 530 2321 561 vocibus
2331 552 2340 567 ‚
2360 531 2440 561 misto
2450 529 2549 561 mulie-

1451 573 1514 593 rum
1525 573 1557 592 ac
1569 572 1716 599 puerorum
1728 562 1847 600 ploratu,
1868 563 2002 601 complet.

1432 602 1551 637 AEquora
1562 601 1673 629 fremitu
1685 600 1835 637 complere.
1858 601 1978 639 Propert.
1990 601 2040 632 lib.
2052 611 2079 633 2.
2094 605 2137 633 16.
2148 611 2194 640 37.

1432 640 1505 668 Atria
1515 638 1672 668 ululatibus.
1696 638 1778 667 Ovid.
1792 648 1814 674 5.
1835 638 1902 668 Met.
1921 647 1980 674 153.

1432 679 1516 706 Auras
1528 674 1687 705 ululatibus.
1710 675 1793 705 Ovid.
1808 679 1834 705 6.
1858 676 1921 706 Fast.
1937 685 1998 712 513.

1432 716 1517 744 Aures
1530 713 1709 742 sermonibus.
1732 712 1829 742 Claud.
1844 713 1923 743 Cons.
1941 713 2020 744 Prob.
2034 716 2060 746 &
2072 714 2157 753 Olyb.
2169 723 2214 752 31.

1432 751 1538 781 Caeluni
1549 751 1677 780 clamore.
1700 750 1762 779 Sen.
1774 751 1862 780 OEth.
1878 760 1902 788 7.

1431 789 1542 819 Cornua
1553 790 1624 817 luna:
1638 788 1664 817 se
1678 788 1786 817 lumine
1801 789 1952 826 complent.
1975 789 2045 827 Virg.
2059 797 2081 825 3.
2097 789 2159 820 AEn.
2173 793 2236 826 645.
2257 791 2312 822 Ubi
2323 791 2432 823 Servius
2445 814 2453 828 ,
2478 793 2543 824 Iden

1449 826 1476 856 se
1487 837 1590 870 cornua
1601 825 1683 855 Lunae
1691 825 1836 863 complent
1855 826 1989 863 (inquit)
2009 828 2074 864 quia
2086 827 2165 858 suum
2186 838 2243 858 non
2260 829 2344 860 habet
2357 830 2451 860 lumen
2464 853 2471 865 ,
2498 829 2546 861 sed

1447 866 1549 908 accipit
1569 874 1585 893 a
1603 864 1676 893 Sole.
1694 901 1699 907 ι
1716 863 1837 902 [Inepte
1849 886 1856 900 ‚
1878 874 1955 893 more
1974 864 2041 900 su0,
2062 866 2182 902 argutias
2206 876 2339 904 quaerens.
2379 868 2543 907 Periphrafis

1448 903 1559 939 poetica
1574 902 1611 930 est
1625 900 1782 938 plenilunii.
1824 901 1854 931 V.
1878 902 1961 940 paulo
1975 903 2045 932 infra
2055 903 2161 933 Orbem
2171 904 2237 934 luna
2247 905 2380 944 complet.

1428 939 1530 969 Forum
1541 940 1671 977 plangore
1681 941 1707 968 ἃ
1721 939 1926 968 lamentatione.
1949 938 2007 969 Cic.
2021 940 2049 969 in
2060 940 2135 970 Orat.
2151 951 2212 976 131.

1428 977 1581 1007 Hominem
1593 976 1735 1014 complere
1746 977 1820 1006 bona
1830 976 1884 1015 spe.
1908 977 1973 1007 Caes.
1985 987 2011 1008 2.
2023 978 2091 1008 Bell.
2108 978 2189 1009 Civil.
2200 990 2229 1016 4.

1428 1015 1533 1045 Horrea
1548 1014 1686 1044 meffibus.
1712 1014 1812 1044 Lucan.
1823 1014 1871 1044 lib.
1885 1024 1908 1051 3.
1919 1020 1963 1044 66.

1427 1051 1520 1083 Litora
1531 1052 1708 1090 complentur
1717 1051 1791 1081 bello
1801 1074 1810 1088 ‚
1831 1054 1872 1083 Ad
1888 1053 1970 1083 litora
1993 1053 2180 1085 committitur
2191 1055 2326 1094 praelium.
2349 1054 2439 1086 Valet.
2452 1060 2478 1090 8.
2499 1056 2543 1086 At.

1448 1101 1512 1127 gon.
1527 1097 1586 1124 ¹³8-
2314 1102 2315 1106 ¹

1427 1127 1519 1158 Litora
1531 1128 1595 1158 laeto
1606 1126 1778 1165 complerant
1786 1133 1871 1158 coetu.
1892 1128 1964 1166 Virg.
1977 1139 2000 1163 ς.
2014 1128 2076 1159 AEn.
2098 1138 2157 1166 107.

1426 1165 1816 1233 Lgcumvaliquemfficomplere
1824 1167 1926 1196 dicitur
1937 1188 1945 1203 ,
1968 1167 2038 1204 Quae
2055 1166 2150 1197 locum
2166 1174 2289 1208 occupat
2306 1169 2406 1208 ingens
2418 1168 2544 1200 multitu-

1467 1214 1491 1233 ο.
1550 1214 1596 1241 irg.
1612 1213 1635 1239 3.
1687 1213 1769 1240 n.71.

1426 1241 1532 1271 Locum
1540 1251 1642 1278 magno
1651 1241 1761 1278 agmine
1771 1240 1922 1279 complere.
1945 1241 2018 1279 Virg.
2033 1245 2059 1272 6.
2075 1242 2140 1273 AEn.
2150 1251 2213 1279 712.

1425 1279 1500 1309 Loca
1510 1280 1563 1309 late
1575 1280 1664 1309 milite
1675 1278 1827 1316 complent.
1857 1280 1874 1309 i.
1884 1289 1909 1309 e.
1932 1279 2080 1311 Militibus.
2103 1280 2175 1318 Virg.
2186 1290 2213 1311 2.
2226 1280 2289 1312 AEn.
2302 1291 2371 1319 495.

1425 1317 1533 1347 Locum
1548 1317 1674 1353 querelis.
1699 1316 1806 1346 Lucret.
1818 1315 1867 1346 lib.
1879 1327 1905 1346 2.
1923 1323 1986 1355 358.

1424 1355 1497 1385 Loca
1513 1356 1614 1393 vagitu.
1639 1354 1744 1384 Lucret.
1761 1354 1806 1384 lib.
1824 1365 1847 1389 ς.
1859 1364 1922 1391 227.

1424 1393 1531 1423 Moenia
1541 1393 1647 1431 ingenti
1661 1392 1789 1422 clamore.
1815 1392 1885 1430 Virg.
1896 1403 1922 1429 9.
1935 1392 1998 1424 AEn.
2011 1401 2056 1431 39.

1423 1431 1530 1461 Nemus
1539 1441 1616 1460 voce.
1639 1431 1704 1460 Hor.
1724 1430 1811 1467 Epod.
1824 1433 1849 1459 6.
1863 1441 1889 1465 9.

1422 1469 1530 1499 Βεάἰῑὶει,
1555 1468 1652 1498 Claud.
1670 1479 1691 1498 1.
1703 1469 1731 1497 in
1744 1468 1855 1506 Eutrop.
1869 1477 1930 1503 470.

1421 1507 1525 1550 Sedilia
1534 1506 1612 1545 spissa
1621 1506 1697 1536 flatu.
1718 1505 1784 1535 Hor.
1797 1507 1825 1535 in
1837 1507 1898 1536 Arte
1908 1505 1982 1536 Poet.
1994 1514 2058 1541 205.
2080 1505 2098 1536 i.
2111 1515 2134 1536 e.
2147 1506 2306 1538 Inflatarum
2317 1506 2446 1538 tibiarum
2462 1508 2537 1539 sono.

1420 1545 1516 1574 Sidera
1527 1546 1552 1574 81
1564 1555 1659 1574 manes
1673 1544 1795 1573 &undas
1806 1544 1906 1574 scelere
1920 1544 2058 1581 complevi
2068 1553 2142 1575 meo.
2163 1547 2228 1575 Seri.
2241 1546 2355 1584 Hippol.
2368 1556 2394 1577 v.
2411 1556 2492 1577 1⁴11.

1420 1582 1546 1620 Spatium
1555 1583 1624 1612 antri
1636 1591 1692 1612 vox
1702 1581 1834 1620 complet.
1857 1582 1961 1611 Lucan.
1973 1581 2020 1610 lib.
2035 1592 2060 1617 5.
2076 1593 2135 1617 154.

1420 1620 1519 1650 Terras
1529 1620 1600 1658 larga
1609 1620 1671 1650 luce
1683 1619 1730 1649 Sol
1741 1619 1872 1658 complet.
1896 1620 1952 1649 Cic.
1967 1629 1991 1648 2.
2005 1619 2041 1649 de
2054 1620 2114 1649 Nat.
2129 1620 2210 1650 Deor.
2224 1630 2270 1656 49.

1421 1657 1525 1687 Lustrat
1537 1660 1561 1687 &
1571 1657 1695 1696 complet
1703 1656 1749 1686 sua
1757 1657 1821 1687 luce
1832 1659 1931 1687 cuneta
1940 1657 1996 1686 Sol.
2018 1656 2075 1686 Cic.
2091 1658 2126 1687 de
2137 1659 2231 1687 Somn.
2245 1658 2316 1696 Scip.
2334 1667 2377 1688 1ο.

1419 1696 1513 1763 Terrae
1522 1695 1672 1763 sleqminssms
1683 1694 1806 1732 ejusdem
1819 1696 1928 1734 generis
1939 1695 2065 1733 stirpium
2073 1696 2257 1727 renovatione
2266 1696 2456 1735 complentur.
2476 1695 2536 1726 Cic,

1440 1743 1467 1763 2.
1509 1744 1523 1764 e
1561 1740 1596 1763 at.
1637 1743 1692 1762 eor.
1706 1742 1766 1770 ¹²7·

1421 1771 1539 1801 Coronis
1551 1773 1575 1801 &
1586 1771 1701 1801 floribus
1710 1771 1829 1808 aliquem
1844 1770 1996 1809 complere.
2019 1769 2077 1801 Cic.
2090 1773 2117 1801 6.
2135 1770 2211 1802 Verr.
2226 1779 2289 1809 107.

1423 1809 1599 1839 Clamoribus
1611 1810 1712 1838 omnia.
1736 1808 1842 1838 Lucret.
1854 1808 1901 1838 lib.
1915 1820 1940 1844 4.
1957 1818 2037 1838 1011.

1424 1846 1589 1877 Commodis
1599 1847 1722 1885 corporis
1732 1848 1817 1876 vitam
1827 1846 1945 1876 beatam.
1967 1847 2024 1877 Cic.
2037 1854 2060 1882 3-
2076 1845 2111 1876 de
2122 1845 2212 1877 Finib.
2223 1855 2270 1885 43.

1420 1884 1569 1922 Voluptate
1578 1886 1686 1914 animus
1696 1884 1862 1922 completur.
1883 1883 1940 1914 Cic.
1956 1895 1980 1919 4.
1995 1884 2076 1914 Acad.
2091 1893 2151 1920 125.

1420 1922 1678 1960 Complevitannos
1694 1930 1827 1958 centum,
1848 1922 1866 1951 i.
1881 1931 1904 1952 e.
1929 1921 2011 1952 Vixit.
2034 1923 2091 1952 Cic.
2106 1923 2142 1951 de
2152 1922 2261 1953 Senest.
2277 1931 2319 1959 13.

1420 1960 1571 1999 Complere
1582 1968 1664 1997 atque
1672 1960 1706 1989 ad
1716 1961 1821 1990 exitum
1833 1960 1986 1998 perducere
1996 1960 2108 1997 aliquid.
2131 1960 2189 1991 Cic.
2204 1970 2230 1991 2.
2250 1960 2285 1991 de
2297 1961 2404 1992 invent.
2420 1963 2480 1998 169.

1420 1997 1500 2027 Fletu
1513 1998 1654 2036 complere
1668 1999 1768 2028 omnia.
1793 1997 1858 2027 Caes.
1872 1998 1975 2042 533e11.
1993 1998 2062 2027 Gall.
2076 2006 2119 2034 33.

1422 2036 1520 2066 Odore
1532 2037 1655 2074 corporis
1667 2036 1811 2080 complere
1829 2045 1941 2072 omnia,
1961 2036 2022 2065 vini
2032 2044 2113 2072 atque
2126 2036 2272 2073 unguenti.
2294 2035 2352 2066 Cic.
2365 2047 2388 2073 ς.
2402 2036 2474 2066 Verr.
2490 2045 2534 2072 31.
2578 2059 2579 2062 η
2602 2057 2604 2065 ,

2580 2078 2581 2081 ’
2600 2067 2604 2134 l

1420 2072 1570 2112 Complere
1578 2074 1739 2104 convivium
1749 2074 1905 2103 vrcinorum
1914 2095 1922 2107 ,
1942 2073 1970 2103 h.
1979 2082 2003 2103 e.
2027 2074 2107 2103 Adire
2119 2074 2217 2103 ordine
2229 2083 2323 2104 coenas
2332 2084 2458 2104 omnium
2469 2075 2536 2104 vici.

1439 2121 1549 2142 norum.
1590 2111 1648 2141 Cic.
1661 2112 1696 2141 de
1710 2112 1819 2141 Senect.
1830 2115 1876 2147 46.
1906 2111 1976 2147 Quae
1995 2111 2110 2149 quidem
2128 2113 2158 2140 in
2175 2112 2283 2142 Sabinis
2300 2112 2425 2150 persequi
2440 2112 2533 2148 soleo,

1440 2150 1659 2186 conviviumque
1669 2150 1825 2183 vicinorum
1835 2150 1962 2186 quotidie
1972 2148 2112 2186 compleo,

1418 2185 1548 2254 F'aita'psua
1562 2187 1742 2225 complevisse
1760 2188 1876 2223 dicitur,
1898 2187 1956 2224 Qui
1969 2187 2100 2224 moritur,
2120 2186 2165 2218 vel
2181 2192 2308 2218 mortuus
2329 2187 2377 2218 est.
2409 2187 2493 2219 ovid.
2503 2197 2531 2224 4.

1466 2235 1488 2254 ri
1514 2247 1519 2253 .
1540 2235 1581 2255 ιο.
1635 2248 1641 2254 .

1513 2262 1545 2292 Et
1556 2235 1774 2301 janiiomplerat
1784 2262 1892 2300 genitor
1900 2261 1946 2292 sua
1959 2262 2024 2291 fata.

1418 2297 1524 2330 Orbem
1535 2301 1600 2330 luna
1611 2301 1772 2338 complevit.
1795 2299 1889 2330 Tibul.
1903 2300 1950 2330 lib.
1965 2309 1989 2329 2.
2002 2310 2028 2335 4.
2049 2305 2092 2335 18.

1416 2337 1502 2381 Orbis
1511 2348 1619 2368 annuus
1630 2339 1734 2368 exactis
1743 2338 1901 2376 completur
1910 2337 2056 2368 mensibus.
2082 2337 2154 2376 Virg.
2166 2349 2189 2373 ς.
2202 2338 2263 2369 AEn.
2276 2340 2322 2375 46.

1415 2374 1548 2412 Paginam
1559 2376 1710 2414 complere.
1747 2376 1805 2406 Cic.
1819 2385 1859 2411 13.
1871 2377 1921 2406 Att.
1938 2385 1982 2413 34.
2004 2375 2114 2406 Etenim
2125 2376 2184 2407 haec
2193 2377 2339 2406 decantata
2353 2381 2411 2407 erat
2421 2375 2513 2407 Pabula
2522 2397 2531 2413 ,

1437 2412 1484 2441 sed
1500 2413 1641 2452 complere
1652 2414 1780 2452 paginam
1795 2414 1880 2443 volui.

1414 2449 1585 2517 Promissum.
1627 2451 1684 2495 Cic.
1697 2462 1719 2488 5.
1732 2451 1805 2480 Verr.
1820 2455 1881 2482 116.
1909 2450 1947 2481 Ut
1955 2450 2072 2495 hacipsa
2081 2451 2188 2482 ratione
2196 2451 2332 2482 summam
2341 2452 2397 2482 mei
2411 2450 2533 2491 promiffi

1414 2497 1696 2564 S‘ggiiiiin‘izriimiilefe
1707 2488 2108 2558 ugizlteil‘equggriiiion‘ilgiinos
2118 2527 2204 2557 aetatis
2218 2526 2272 2558 suae
2282 2536 2424 2566 peragere.
2447 2525 2530 2557 Ovid.

1439 2573 1479 2597 ις.
1494 2564 1559 2594 Met
1575 2574 1638 2601 395.
1659 2564 1695 2594 de
1712 2564 1842 2595 Phoenice
1856 2574 1913 2594 ave.

1415 2599 1568 2631 Summam.
1592 2602 1649 2631 Cic.
1663 2612 1714 2639 pro
1730 2602 1819 2632 Flucc.
1837 2612 1878 2639 32.
1901 2601 1976 2632 conf.
1999 2601 2169 2632 Promiffum.

1416 2638 1542 2677 Tempus
1554 2639 1704 2677 complere.
1727 2640 1811 2669 Ovid.
1826 2649 1848 2676 3.
1864 2640 1932 2670 Met.
1946 2648 2008 2675 312.

1610 2693 1647 2698 —
1657 2684 1836 2714 maternaque
1849 2686 1975 2716 tempora
1986 2676 2119 2714 complet.

1417 2711 1558 2752 Tempora
1567 2721 1664 2745 venter
1675 2722 1796 2745 maturus
1807 2715 1852 2745 sua
1862 2714 2024 2753 complevit.
2047 2715 2131 2745 Ovid.
2145 2724 2188 2745 11.
2198 2714 2267 2746 Met.
2279 2721 2342 2753 311.

1509 2751 1546 2781 Ut
1559 2751 1604 2781 sua
1616 2760 1738 2782 maturus
1752 2753 1905 2791 complevit
1915 2760 2041 2790 tempora
2053 2762 2165 2789 venter,

1508 2789 1633 2827 Alipedis
1646 2792 1681 2820 de
1691 2791 1772 2828 stirpe
1782 2791 1828 2820 dei
1839 2791 1946 2821 versuta
1957 2800 2082 2829 propago
2586 2786 2592 2825 l

1510 2827 1635 2857 Nascitur
1647 2828 1806 2866 Autolycus.
2584 2850 2585 2855 .

1416 2861 1557 2901 Tempora
1567 2865 1611 2894 sua
1621 2865 1806 2903 complevisse.
1828 2866 1845 2896 i.
1858 2875 1883 2896 e.
1906 2865 2051 2896 Mortuum
2060 2864 2123 2895 esse.
2146 2864 2232 2896 Ovid.
2249 2874 2292 2901 ις.
2305 2864 2375 2896 Met.
2386 2867 2451 2900 816.
2584 2867 2589 2888 l

1417 2900 1556 2939 Tempora
1568 2902 1663 2933 debita
1673 2904 1760 2933 Parcae
1771 2904 1955 2942 complerant.
1977 2903 2049 2941 Virg.
2063 2914 2088 2940 9.
2101 2904 2162 2934 ffin.
2180 2908 2240 2938 ¹08·
2584 2910 2589 2922 ’·

1415 2937 1660 3007 Τὲεῗίεὸωρίεῑε,
1693 2942 1710 2972 i.
1722 2951 1748 2971 e.
1770 2941 1893 2972 Tantum
1910 2941 2052 2980 praestare,
2082 2947 2217 2979 quantum
2234 2948 2288 2972 tres
2302 2941 2358 2972 alii.
2381 2940 2478 2971 Claud.
2495 2939 2529 2970 de
2581 2922 2590 2995 tl

1457 2986 1470 3005 e
1496 3000 1501 3007 .
1539 2985 1573 3007 et.
1590 2988 1649 3014 143.

1509 3015 1584 3045 Unus
1594 3017 1623 3046 in
1636 3017 1690 3046 hoc
1700 3015 1796 3046 Stilico
1807 3015 1915 3047 diversis
1926 3015 2027 3046 artibus
2038 3015 2115 3046 hoste
2584 3015 2585 3018 ’

1506 3052 1575 3082 Tres
1586 3055 1677 3090 potuit
1687 3054 1831 3091 complere
1847 3055 1931 3084 duces
1941 3076 1949 3089 ‚
1970 3055 2106 3092 fregitque
2116 3054 2255 3084 furentem

1509 3090 1689 3121 cunctando:
1711 3092 1832 3130 vicitque
1853 3102 1959 3123 manu:
1992 3092 2151 3129 victumque
2170 3091 2282 3129 relegat.
2583 3091 2587 3106 ⁴

2583 3066 2586 3088 i

2378 3090 2413 3122 al.
2434 3090 2529 3129 legunt
2578 3016 2584 3133 l

1435 3127 1568 3163 Superare
1585 3129 1679 3159 duces.
2578 3136 2580 3150 '

1418 3163 1565 3232 Ckplrgiptleffi
1584 3176 1648 3196 cuin
1667 3166 1809 3205 genitivo:
1829 3172 1879 3203 ut,
1901 3165 2051 3205 Complere
2067 3166 2188 3204 aliquem
2205 3166 2304 3204 flagitii
2321 3167 2349 3197 ἀ
2362 3165 2528 3197 formidinis.
2576 3156 2584 3211 l

1483 3213 1499 3232 u
1516 3226 1520 3231 .
1569 3212 1612 3233 en.
1628 3214 1653 3240 ς.
1668 3215 1692 3240 ς.
1705 3212 1729 3240 3.
2580 3210 2584 3221 ¹

1510 3240 1637 3271 Parasitus
1647 3264 1654 3275 .
1676 3242 1723 3279 qui
1734 3251 1778 3271 me
1790 3240 1943 3279 complevit
1951 3241 2046 3278 flagitii
2056 3241 2082 3271 &
2093 3241 2264 3271 formidinis:

1416 3276 1575 3316 Complevit
1584 3279 1646 3308 illos
1656 3279 1754 3308 erroris
1766 3280 1791 3308 δι
1801 3279 1957 3310 dementiae.
1980 3278 2063 3308 Plaut.
2075 3279 2174 3318 Amph.
2190 3288 2213 3309 1.
2225 3288 2252 3309 2.
2263 3288 2291 3316 9.

1509 3315 1610 3344 Erroris
1619 3317 1702 3346 ambo
1713 3326 1764 3354 ego
1775 3316 1838 3346 illos
1851 3318 1876 3346 δι
1888 3316 2036 3346 dementiae

1507 3353 1663 3391 Complebo
1673 3377 1681 3390 ‚
1702 3361 1784 3391 atque
1795 3364 1909 3383 omnem
1924 3357 1971 3384 Am
1996 3352 2281 3383 hitruonisffimiliam.
2527 3386 2530 3388 ,

1377 3387 1603 3421 ΟοΜηὲτυε
1614 3413 1624 3427 ‚
1644 3401 1669 3427 a,
1689 3401 1744 3421 um.
1768 3392 1953 3428 [σνμπιπληςω
1989 3388 2040 3426 ὀς]
2064 3391 2158 3420 Partic.
2180 3392 2237 3420 Cic.
2249 3402 2275 3426 4.
2291 3389 2372 3420 Acad.
2389 3399 2449 3426 ¹²5-
2469 3388 2524 3420 Tu-

1413 3435 1450 3492 ge
1461 3433 1509 3471 aut
1525 3429 1606 3495 ingne
1617 3430 1764 3467 quicquam
1776 3435 1858 3467 putes
1875 3428 1929 3459 eise
1940 3451 1948 3465 ‚
1969 3438 2055 3466 quum
2072 3429 2111 3459 ita
2131 3429 2273 3466 completa
2291 3429 2316 3458 Sc
2335 3428 2459 3459 conferta
2474 3426 2524 3457 sint

1436 3473 1525 3500 mnia,
1576 3476 1598 3495 c.
2576 3466 2578 3474 '

1414 3501 1538 3532 Ambitus
1547 3504 1686 3541 perfectus
1694 3503 1902 3541 completusque
1911 3503 2067 3533 verborum.
2087 3502 2147 3533 Cic.
2161 3503 2189 3532 in
2199 3503 2277 3534 Orat.
2292 3506 2355 3538 168.

1414 3538 1518 3569 Caelum
1534 3540 1655 3570 humano
1669 3551 1769 3577 genere
1783 3541 1964 3579 completum.
1986 3541 2046 3570 Cic.
2062 3550 2085 3570 1.
2097 3540 2177 3571 Tusc.
2191 3545 2237 3575 28.

1414 3575 1519 3620 Domus
1529 3579 1687 3615 completa,
1708 3588 1758 3616 pro
1772 3578 1861 3608 Plena.
1886 3578 1944 3609 Cic.
1959 3589 1981 3608 1.
1998 3579 2051 3609 Att.
2069 3588 2110 3614 1ς.
2568 3576 2570 3604 l

1412 3612 1498 3651 Legio
1509 3617 1648 3653 completa
1659 3626 1707 3654 per
1716 3617 1790 3645 mani
1815 3615 1864 3645 los.
1886 3616 1933 3646 Sil.
1945 3616 1993 3646 lib.
2005 3621 2031 3650 8.
2047 3625 2107 3651 119.
2568 3615 2573 3640 ⁸,

1413 3650 1537 3681 Mundus
1548 3653 1726 3682 multitudine
1736 3663 1789 3682 con
1803 3654 1969 3684 entientium
1979 3663 2041 3684 com
2064 3652 2144 3682 letus.
2164 3650 2224 3682 Cic.
2236 3660 2260 3681 2.
2270 3651 2306 3681 de
2315 3651 2410 3683 Divin.
2423 3660 2482 3689 119.

2572 3375 2579 3390 Ι.

2550 2738 2593 2761 x'l

2592 2475 2600 2503 il

2592 2508 2597 2522 ll

1376 3687 1399 3718 C
1408 3697 1425 3716 ο
1434 3699 1454 3716 Μ
1466 3698 1480 3717 P
1489 3700 1504 3717 1.
1514 3699 1554 3718 R'r
1564 3700 1577 3718 11
1587 3712 1594 3725 ,
1614 3691 1681 3721 Adv.
1701 3690 1830 3727 Compar.
1852 3690 1922 3721 Gell.
1940 3701 1963 3721 1.
1972 3699 1997 3729 7.
2021 3690 2042 3720 ll
2056 3691 2093 3720 ud
2105 3690 2181 3720 enim
2191 3690 2226 3719 sic
2235 3690 2520 3728 compositumjucun·
2566 3710 2567 3722 2
2584 3697 2590 3711 ⁸

1413 3725 1476 3754 dius
1486 3727 1521 3755 ad
1530 3736 1623 3757 aurem
1634 3728 1854 3766 completiusque
1864 3750 1872 3764 ‚
1889 3730 1941 3759 &c.
1982 3727 2033 3758 Alii
2042 3727 2138 3765 legunt
2147 3727 2388 3765 Complexiusque.

1375 3762 1452 3803 Com
1464 3773 1597 3808 ¹'.!‘⁸¹.'¹⁰
1609 3787 1617 3799 ,
1638 3766 1708 3795 onis.
1730 3766 1749 3795 f.
1773 3765 1863 3796 Festus
1874 3788 1882 3801 ‚
1905 3766 2004 3804 Igitur,
2029 3774 2104 3795 nunc
2113 3766 2244 3801 quidem,
2265 3774 2316 3802 pro
2324 3761 2519 3802 completionis
2565 3774 2566 3784 i

1413 3801 1607 3843 lignilicatione
1617 3803 1689 3832 valet
1701 3824 1710 3838 ‚
1750 3813 1792 3832 uae
1804 3804 1842 3832 est
1856 3803 1934 3841 Ergo.
1974 3801 2095 3839 [Malim
2105 3801 2325 3840 Complexionis.
2362 3802 2435 3832 Huic
2444 3800 2518 3831 enim
2564 3799 2565 3825 l
2586 3819 2588 3822 Α

1410 3837 1490 3866 servit
1504 3847 1621 3882 utraque
1633 3812 1774 3878 particuia.
1816 3840 1846 3870 V.
1869 3851 1887 3870 c
1897 3851 1913 3870 o
1923 3852 1941 3869 M
1950 3850 1964 3870 1ἱ
1973 3851 1989 3869 1.
1997 3850 2011 3870 13
2021 3849 2039 3869 x
2050 3851 2059 3869 1
2067 3850 2095 3870 0.

1414 3874 1565 3911 Prophetiae
1573 3878 1733 3915 completio.
1756 3879 1895 3914 Augustin.
1911 3879 1991 3916 Epist.
2004 3882 2066 3907 161.

1374 3910 1422 3942 Co
1433 3923 1451 3940 Μ
1461 3921 1475 3940 1²
1486 3916 1577 3942 ιὲτο
1588 3924 1603 3942 ii
1618 3936 1627 3950 ‚
1648 3916 1710 3944 oris.
1733 3924 1771 3946 m.
1793 3916 1850 3953 Qui
1860 3915 1993 3954 complet.
2014 3914 2155 3950 Iuvencus
2171 3914 2201 3944 in
2210 3913 2313 3945 Matth.
2333 3922 2393 3952 cap.
2408 3921 2450 3943 12.
2470 3908 2518 3939 Le·
2562 3912 2563 3936 i
2588 3921 2589 3933 ι

1413 3958 1480 3987 gum
1489 3951 1644 3990 completor
1652 3951 1738 3988 Jesus.

2431 3947 2518 3976 cim-
2561 3948 2604 3969 ¹1¹
