2600 4177
454 158 482 192 C
579 156 607 191 A
702 156 729 190 L

164 240 225 271 Nec
238 248 364 270 tenerum
375 238 506 276 Lycidam
519 235 670 266 mirabere:
693 245 749 272 quo
762 235 832 264 calet
842 236 970 271 juventus

202 279 284 308 Nunc
299 277 389 306 omnis
400 299 408 311 ‚
429 277 455 306 ἃ
466 285 531 304 mox
542 275 658 309 virgines
670 273 814 309 tepebunt.

75 316 111 345 Ut
122 316 210 345 calere
220 316 311 353 ignem
324 336 331 348 ‚
352 315 444 342 nivem
459 313 512 342 effe
523 313 612 341 albam
623 315 675 340 bke.
697 311 754 339 Cic.
770 321 791 339 1.
811 310 846 339 de
858 310 916 339 Fin.
933 318 978 344 30.

75 353 168 383 Calere
179 374 187 387 ‚
208 362 255 390 per
264 351 473 381 translationem
484 372 492 385 ‚
513 359 555 378 res
569 350 668 377 dicitur
682 370 689 382 ‚
711 349 783 377 Dum
794 348 884 377 adhuc
903 356 999 376 recens
1013 346 1050 375 est
1066 367 1073 379 ,
1094 353 1181 381 eaque

92 389 183 420 adhuc
193 390 230 419 fit.
271 388 354 418 Plaut.
366 390 440 417 Poen.
451 400 475 422 4.
493 397 518 416 2.
531 396 574 421 92.
599 387 717 415 atenim
733 384 803 414 nihil
816 386 863 418 est.
885 385 933 413 nisi
950 385 1016 413 dum
1028 383 1108 416 calet,
1129 382 1183 411 hoc

92 428 245 495 ¹ffistunffllj
254 426 339 462 Quod
350 425 415 456 alias
429 426 529 454 dicitur
542 425 615 453 Dum
626 424 728 453 ferrum
742 424 770 451 in
783 423 846 460 igne
860 423 905 452 est.
929 423 1014 451 utitur
1031 421 1136 450 Seneca
1148 420 1183 448 de

126 472 184 494 orte
230 465 313 492 audii.

75 503 169 532 Calere
181 512 222 530 res
235 502 334 530 dicitur
347 500 432 530 aliter.
473 499 530 528 Cic.
545 508 567 533 3.
590 498 664 526 Verr.
685 500 730 527 66.
752 497 928 534 Posteaquam
952 496 1014 526 satis
1033 494 1122 524 calere
1141 504 1184 523 res

93 539 198 570 Rubrio
208 539 325 571 visuest,
347 537 452 574 quaeso,
476 538 566 573 inquit
581 535 757 570 s'hilodamed
780 545 827 564 cur
840 557 848 569 ,
867 538 918 564 διο.
951 535 978 562 11.
993 543 1017 563 e.
1040 532 1093 562 Ubi
1115 532 1185 561 vidit

94 587 141 607 eos
163 577 345 605 inflammatos
364 577 389 604 Sc
405 574 534 604 accensos
556 573 641 603 multa
659 573 878 610 compotatione.
930 572 982 601 Ubi
996 576 1185 609 opportunum

94 616 147 650 jam
158 614 212 643 effe
225 614 302 643 vidit.
342 613 412 642 Bud.

44 649 47 657 ’
75 652 171 682 Calere
182 652 266 681 etiam
282 651 414 680 dicuntur
428 671 436 685 ‚
458 649 537 686 Quos
551 646 742 677 molestissimis
754 647 836 676 rebus
847 646 1020 684 perturbatos
1035 643 1186 682 inexplica-

95 690 156 719 bilis
175 690 260 726 agitat
274 689 415 725 cogitatio.
457 688 570 716 Animus
583 687 657 715 enim
677 694 753 722 aeque
774 686 845 713 curis
867 690 1026 718 exercetur,
1048 691 1078 712 ut
1091 682 1186 711 labore

93 737 199 764 corpus.
239 726 271 755 Et
286 726 416 761 quoniam
426 725 512 754 animi
524 725 600 753 sedes
614 723 688 753 estin
699 722 822 755 cerebro,
838 732 892 758 quo
904 723 1044 759 pertinent
1057 721 1112 750 fere
1127 729 1187 748 om-

94 775 143 795 nes
156 774 233 793 venie
245 774 251 793 :
273 764 366 792 animo
375 762 475 791 affecto
486 761 556 800 quasi
566 760 735 800 repercussus
743 767 934 789 commovetur
943 759 1051 796 sanguis
1062 780 1069 793 ‚
1093 760 1118 787 &
1129 757 1187 785 san-

94 802 183 840 guinis
194 808 300 830 motum
311 800 488 837 consequitur
498 800 580 829 calor.
613 799 671 828 Cic.
686 809 711 835 7.
727 799 778 826 Att.
793 808 834 832 19.
858 798 922 827 Haec
938 797 1022 826 velim
1037 795 1161 833 explices
1175 816 1184 829 ‚

95 842 121 870 δι
134 849 179 869 me
191 841 269 874 juves
283 838 414 868 consilio:
440 838 486 867 etii
507 837 625 875 teipsum
645 837 704 865 istic
722 836 778 871 jam
789 835 878 864 calere
892 842 978 872 puto:
1005 833 1052 863 sed
1072 842 1184 867 tamen,

95 883 227 914 quantum
240 877 351 914 poteris.
390 876 452 911 Jam
465 875 568 905 calere:
591 875 645 910 jam
655 873 758 903 habere
770 873 844 909 quod
855 873 889 902 de
900 872 986 909 teipso
1002 873 1105 908 cogites
1117 893 1124 905 ,
1145 870 1185 898 so-

93 915 202 945 licitum
213 915 247 943 de
259 915 326 943 statu
336 924 425 943 rerum
435 920 545 943 tuarum
556 935 564 948 ‚
586 913 648 949 quia
663 911 757 940 videas
768 912 864 940 urbem
874 921 889 939 a
906 910 1039 948 Pompeio
1052 909 1108 939 fine
1118 918 1187 946 prae-

95 953 163 982 sidio
175 952 298 982 relictam
310 952 405 981 Caesari
415 951 516 988 patere.
556 951 601 979 Sic
611 950 695 978 etiam
705 949 824 978 dicimus
837 948 966 978 AEstuare.

77 990 172 1021 Calere
184 1012 192 1025 ,
213 990 244 1019 In
256 990 369 1026 agendis
382 990 463 1018 rebus
472 989 569 1018 acriter
577 987 682 1017 versari.
713 987 771 1016 Cic.
785 997 794 1015 1
803 998 826 1021 5.
839 987 891 1016 Att.
901 990 927 1016 6.
950 984 1056 1022 Quaeris
1067 992 1103 1013 an
1112 992 1163 1020 ego
1173 1004 1182 1018 ‚

94 1037 179 1065 quum
191 1037 288 1057 omnes
299 1027 407 1056 caleant
417 1049 425 1062 ,
446 1026 579 1063 ignaviter
591 1025 695 1062 aliquid
707 1024 815 1054 faciam.

75 1066 158 1096 Aures
169 1065 265 1094 nostrse
277 1065 368 1094 calent
378 1064 452 1093 illius
464 1063 636 1093 criminibus.
677 1062 710 1090 V.
731 1072 750 1091 A
760 1072 779 1091 u
788 1072 819 1090 ιιι
828 1070 849 1091 s.

75 1103 151 1133 Bella
164 1102 255 1132 calent
267 1103 387 1132 Veneris.
417 1101 522 1131 Tibull.
537 1101 585 1130 lib.
601 1111 623 1130 1.
645 1110 686 1129 10.
701 1110 744 1135 55.

77 1141 162 1170 Causa
174 1141 289 1170 meliore
302 1140 399 1170 calere.
421 1140 505 1169 Ovid.
517 1148 540 1174 3.
557 1138 649 1168 Sabin.
665 1141 691 1167 6.
715 1138 814 1166 Amore
836 1135 891 1165 scil.
913 1135 1000 1165 licito.

77 1178 190 1208 Crimen
203 1178 287 1207 caluit
298 1189 326 1207 re
340 1178 453 1207 recenti.
491 1177 548 1206 Cic.
559 1186 609 1214 pro
621 1176 671 1205 Cn.
685 1175 775 1204 Plane.
794 1185 835 1209 ςς.
870 1174 940 1203 lllud
955 1183 1020 1203 vero
1033 1172 1137 1202 crimen
1153 1171 1188 1200 de

95 1216 297 1252 nummis‚quos
308 1217 336 1244 in
348 1216 423 1245 circo
434 1215 568 1245 Flaminio
577 1212 762 1251 deprehensos
773 1211 826 1241 effe
836 1211 1023 1246 dixisti,caluit
1033 1220 1060 1240 re
1071 1210 1186 1240 recenti:

100 1254 213 1283 nuncin
222 1253 301 1283 causa
311 1254 425 1282 refrixit.
447 1261 537 1289 neque
548 1252 623 1281 enim
634 1252 681 1287 qui
693 1250 734 1280 illi
744 1250 852 1280 nummi
861 1250 963 1278 fuerint
975 1268 982 1279 ‚
1002 1258 1056 1278 nec
1073 1258 1131 1285 quae
1143 1247 1190 1275 tri-

96 1293 146 1322 bus
162 1313 171 1327 ‚
191 1301 244 1320 nec
258 1292 303 1328 qui
318 1290 435 1326 divisor,
456 1290 614 1319 ostenderis.
636 1289 706 1318 Bud.
728 1288 763 1317 src
776 1288 910 1325 exponit:
939 1288 1000 1314 Cela
1017 1285 1065 1322 eust
1084 1286 1128 1319 estc?
1143 1285 1189 1311 bon

95 1339 111 1357 a
129 1330 180 1356 dire
190 1330 236 1365 sur
248 1330 268 1356 le
286 1330 371 1365 champ
382 1351 391 1364 ‚
411 1338 440 1355 ou
458 1328 474 1355 ὰ
495 1328 586 1355 l'heure
604 1328 637 1354 du
651 1327 732 1364 faiffl:
760 1327 822 1352 mais
839 1327 998 1352 maintenant
1011 1324 1031 1351 il
1044 1334 1073 1350 ne
1085 1322 1190 1359 semble-

94 1369 144 1395 roit
155 1369 226 1403 point
242 1367 295 1396 bon.
337 1371 358 1394 lt
377 1365 424 1401 eust
437 1365 482 1401 est&
497 1365 544 1393 hon
557 1364 612 1401 quil
627 1364 695 1399 t'eust
711 1364 842 1400 poursuivi
861 1362 876 1389 ἐι
895 1362 987 1389 l'heure
1000 1374 1008 1388 :
1027 1363 1089 1389 mais
1108 1361 1189 1387 main-

95 1412 183 1432 tenant
199 1404 250 1439 c'est
269 1403 352 1431 battre
372 1403 389 1431 iz
402 1404 474 1437 froid.
494 1402 662 1439 Metaphora
680 1411 696 1431 a
713 1400 832 1430 metallis
848 1400 955 1438 sumpta
968 1399 1077 1437 liquatis
1088 1399 1188 1429 &con-

96 1443 194 1477 cretis‚
215 1441 259 1470 vel
270 1441 453 1470 candentibus
469 1442 495 1470 δι
508 1440 623 1475 frigidis.

78 1479 216 1518 Cupidine
230 1478 318 1509 laudis
328 1479 427 1508 calere.
450 1478 534 1508 Ovid.
544 1484 571 1511 8.
587 1477 657 1507 Met.
672 1486 732 1513 300.

168 1517 250 1546 Lecta
261 1527 358 1546 manus
367 1518 501 1553 juvenum
515 1516 624 1544 caluere
635 1514 767 1552 cupidine
776 1513 875 1544 laudis.

77 1554 166 1586 Dolor
177 1555 256 1584 calet.
278 1555 344 1584 Stat.
362 1564 386 1591 3.
402 1553 492 1583 Theb.
510 1559 571 1590 383.

77 1593 190 1623 Femina
200 1593 291 1630 aliqua
302 1592 400 1622 calere.
425 1592 490 1621 Hor.
498 1603 524 1626 4.
540 1590 631 1620 Carm.
647 1600 657 1619 1
667 1599 689 1619 1.
703 1598 746 1626 33.
798 1588 882 1618 conf.
902 1587 1004 1618 Puella.

77 1630 187 1667 Judicia
198 1630 286 1660 calere
298 1631 368 1659 dixit
388 1630 446 1659 Cic.
459 1640 485 1665 4.
499 1630 552 1658 Att.
570 1633 612 1657 16.
633 1627 688 1658 Sed
701 1637 799 1656 omnes
807 1626 994 1661 absolventur,
1015 1634 1068 1654 nec
1078 1624 1191 1663 posthac

96 1668 238 1736 puisquam
249 1668 424 1698 damnabitur
436 1689 444 1702 ‚
464 1667 513 1696 nisr
523 1667 569 1704 qui
584 1666 728 1695 hominem
737 1665 883 1694 occiderit.
923 1665 986 1694 Hoc
999 1669 1092 1692 tamen
1102 1663 1190 1700 agitur

97 1707 225 1773 gilliam&
262 1706 356 1743 ltaque
369 1705 472 1742 judicia
486 1705 596 1740 calent,
616 1705 668 1734 &c-
710 1704 728 1733 i.
745 1713 768 1732 e.
790 1703 961 1732 Exercentur
975 1701 1079 1738 judicia
1092 1709 1191 1737 magna

118 1755 125 1773 ι
166 1751 250 1773 entia.

77 1754 181 1849 1111011ξο
192 1782 294 1811 mentis
306 1782 397 1819 aliquo
408 1780 505 1811 calere.
534 1779 603 1809 Hor.
616 1788 642 1808 2.
654 1779 740 1809 Serm.
753 1787 777 1815 3.
788 1783 833 1813 80.
874 1775 979 1807 Alludit
992 1776 1027 1806 ad
1038 1775 1134 1806 Febris
1147 1784 1191 1806 ca-

108 1830 194 1850 orem.

77 1858 171 1888 Puella
181 1856 300 1887 caluisse.
324 1856 407 1886 Ovid.
419 1865 444 1891 3.
462 1856 550 1884 Amor.
564 1858 645 1889 683.

78 1896 135 1925 Ora
146 1896 220 1924 rabie
230 1894 330 1924 calent.
352 1894 440 1923 Valer.
455 1902 479 1928 3.
499 1895 598 1930 Argon.
609 1894 673 1922 216.

79 1934 120 1963 Os
133 1933 184 1962 tibi
200 1933 281 1962 calet.
302 1932 386 1961 Plaut.
400 1931 471 1961 Rud.
488 1941 512 1966 ς.
523 1940 548 1960 2.
564 1939 606 1966 39.

78 1971 174 2000 Calere
185 1971 314 2000 dicuntur
324 1970 405 1999 etiam
416 1978 548 1998 rumores.
588 1967 645 1997 Cic.
656 1972 682 2000 8.
700 1966 775 1996 Fam.
792 1976 815 1995 1.
835 1966 908 1996 Nam
918 1965 959 1995 illi
968 1973 1090 1995 rumores
1100 1964 1135 1994 de
1145 1973 1192 1993 co-

95 2010 185 2075 mitgis·
197 2008 474 2046 Transpadanorum,
496 2006 644 2036 Cumarum
663 2011 745 2035 tenus
766 2004 918 2034 caluerunt.
939 2004 957 2033 i.
974 2014 999 2033 e.
1021 2003 1117 2033 Auditi
1130 2002 1193 2031 sunt

95 2056 143 2077 cre
165 2056 194 2076 ri.

77 2085 177 2115 Studio
191 2083 326 2113 scribendi
340 2082 436 2112 calere.
458 2082 526 2112 Hor.
537 2091 563 2111 2.
578 2081 663 2119 Epist.
678 2091 701 2110 1.
717 2085 777 2114 180.

77 2123 167 2152 Sudor
177 2132 225 2160 per
236 2121 360 2150 membra
370 2121 448 2150 calet.
472 2119 569 2149 Claud.
582 2120 611 2148 in
624 2119 705 2149 Cons.
716 2118 793 2148 Prob.
807 2118 833 2147 ἃ
845 2116 928 2154 Olyb.
943 2125 1004 2154 117.

78 2160 183 2190 Sudore
194 2159 262 2189 belli
277 2159 373 2188 calere.
397 2159 464 2188 Stat.
478 2164 505 2193 8.
519 2157 609 2187 Theb.
621 2165 647 2193 7.

77 2198 168 2228 Virtus
178 2208 255 2227 mero
266 2197 345 2226 calet.
377 2197 443 2226 Hor.
456 2205 481 2232 3.
497 2195 587 2225 Carm.
599 2204 644 2225 21.
660 2203 703 2224 12.
756 2192 798 2223 Al.
825 2190 972 2222 Incaluiss'e
989 2190 1023 2220 ab
1041 2189 1191 2220 Incalesco.

95 2236 204 2265 videtur
216 2238 240 2265 6<
254 2235 308 2264 hoc
319 2240 392 2264 certe
408 2244 423 2264 a
436 2233 557 2263 Calesco.

79 2273 192 2340 Caleire,
212 2283 264 2340 prlo
274 2272 451 2339 Degderarffi
475 2270 655 2301 cumlnfinit.
691 2269 759 2299 Stat.
774 2279 800 2305 4.
812 2267 905 2298 Theb.
916 2270 980 2297 261.
1002 2267 1092 2301 Arma,
1112 2264 1194 2295 tubas

40 2334 46 2342 .
97 2322 131 2340 au
155 2322 194 2341 xre
209 2321 240 2341 ca
253 2320 302 2340 ens
343 2320 367 2340 c.

79 2348 191 2379 Caletur
201 2371 208 2384 ‚
230 2348 339 2386 imperf.
363 2347 448 2377 Plaut.
459 2346 544 2377 Truc.
559 2355 583 2375 1.
599 2354 623 2375 1.
636 2348 682 2381 46.
704 2344 801 2380 Quum
814 2343 917 2372 caletur
932 2342 1062 2371 maxime.

2 2412 4 2415 .
45 2387 67 2419 C
76 2397 118 2417 Ar.
127 2397 141 2416 11
151 2397 171 2416 N
182 2397 193 2416 s
203 2409 211 2422 ,
234 2387 329 2415 Partic.
351 2382 506 2422 [ἳεξάῶμῶ
519 2385 534 2420 J
555 2390 586 2413 ut
596 2405 604 2419 ,
624 2382 755 2419 Juvenile
767 2381 859 2411 calens
875 2403 883 2417 ,
903 2381 960 2418 Qui
971 2381 1105 2417 juvenum
1116 2386 1193 2408 more

79 2426 172 2455 animo
186 2425 224 2454 est
238 2424 322 2461 paulo
333 2424 497 2453 ardentiore.
519 2424 585 2451 Stat.
597 2431 622 2450 2.
638 2421 704 2451 Silv.
718 2429 743 2449 2.
761 2428 820 2456 137.

78 2463 205 2493 Calentes
214 2462 305 2492 adhuc
314 2461 348 2490 ab
359 2462 465 2491 recenti
478 2469 578 2498 pugna.
606 2459 623 2488 i.
633 2469 658 2489 e.
679 2458 805 2488 Feroces.
827 2456 884 2486 Liv.
896 2465 941 2491 2ς.
955 2464 999 2492 39.

79 2501 178 2530 Currus
191 2501 266 2529 crede
277 2499 408 2529 calentes.
430 2499 537 2528 Lucret.
549 2497 598 2527 lib.
612 2506 636 2533 3.
651 2500 714 2533 643.
729 2497 755 2526 ἃ
769 2507 793 2531 ς.
809 2504 889 2531 1312.

78 2537 188 2569 Favilla.
211 2538 276 2567 Hor.
286 2547 310 2566 2.
324 2537 413 2566 Carm.
426 2540 450 2566 6.
463 2546 507 2566 22.

79 2576 154 2607 Foci.
176 2576 260 2606 Ovid.
275 2581 301 2609 8.
323 2575 391 2604 Met.
403 2579 466 2612 ⁶7¹·
487 2573 544 2603 Nili
554 2572 646 2611 potius
657 2571 753 2610 Epulae
765 2570 895 2600 calentes.
912 2568 943 2598 V.
964 2567 1020 2598 loc.

80 2614 180 2644 Sulfur.
202 2614 286 2643 Ovid.
304 2622 345 2647 14.
361 2613 431 2642 Met.
445 2615 490 2647 86.

79 2650 240 2682 Terras-alio
249 2651 369 2680 calentes
382 2650 438 2680 sole
447 2655 592 2679 mutamus.
615 2647 682 2677 Hor.
694 2655 718 2676 2.
734 2646 824 2676 Carni.
838 2648 879 2674 16.
898 2649 938 2678 18-

81 2691 179 2720 Amore
189 2688 319 2718 calentes.
340 2689 424 2718 Ovid.
438 2697 463 2725 3.
474 2688 510 2717 de
522 2688 583 2716 Arte
592 2686 649 2714 Am.
670 2694 730 2721 57¹·

46 2727 68 2758 C
77 2737 120 2757 Ar.
129 2738 143 2756 11
152 2736 200 2756 ΝΤ
209 2737 222 2755 E
231 2737 262 2762 r..
284 2726 350 2755 Adv.
372 2726 458 2755 Idem.
480 2725 555 2763 apud
567 2723 722 2763 Apuleium.
764 2720 841 2757 [Nisi
858 2720 896 2749 cst
908 2718 1054 2750 Callenter.
1078 2728 1104 2756 q.
1120 2718 1152 2749 V.

47 2765 192 2795 Curru
202 2774 219 2793 a
230 2775 248 2794 υ
258 2774 270 2794 s
281 2786 289 2799 ,
310 2774 325 2793 a
336 2786 344 2800 ‚
365 2773 420 2794 um.
443 2763 540 2793 Partic.
564 2761 645 2798 [esea⁴
655 2756 784 2826 oggssfls&]
805 2758 888 2788 Ovid.
905 2767 949 2794 13.
967 2757 1037 2787 Met.
1051 2767 1113 2793 590.

618 2813 655 2818 -
688 2807 713 2826 re
727 2807 780 2834 que

133 2840 190 2870 Des
201 2839 270 2869 mihi
283 2839 431 2874 sacrificos,
455 2836 637 2872 caliturasque
652 2835 762 2873 ignibus
775 2844 842 2864 aras.
895 2867 900 2877 Ι

48 2878 276 2913 ΟΑικιτᾸοιο,
300 2879 326 2907 ἃ
346 2877 557 2910 cariseio,
579 2875 641 2907 ἕοί,
661 2874 771 2907 actum,
793 2871 946 2907 [firmanam3
966 2867 1047 2906 92'521]
1069 2871 1123 2899 cre.
1144 2869 1195 2899 Ca-

81 2915 167 2946 lidum
182 2915 306 2982 redggre.
343 2914 402 2944 Cic.
417 2924 442 2944 2.
453 2914 488 2943 de
497 2913 559 2942 Nat.
573 2912 654 2942 Deor.
666 2920 726 2947 130.
750 2910 852 2940 Partim
870 2909 906 2938 ad
922 2908 1125 2939 calfaciendum
1136 2917 1195 2938 cor-

101 2963 132 2983 us
146 2955 153 2982 i
176 2954 204 2982 ni
214 2963 228 2982 a
271 2953 349 2982 ibito.

95 3001 146 3029 gne
168 3000 249 3021 ocum
261 2990 400 3020 calfacere.
422 2988 509 3019 Ovid.
519 2999 545 3023 4.
559 2987 626 3017 Fast.
639 2989 703 3021 608.

81 3030 219 3066 Sanguine
228 3028 356 3058 calefecit
364 3036 467 3056 amnes.
491 3026 587 3056 Claud.
599 3027 634 3054 de
644 3023 712 3053 Bell.
723 3024 785 3053 Get.
799 3032 828 3060 51
836 3032 860 3059 ς.

83 3066 187 3096 Ventus
198 3065 325 3096 calefecit
335 3065 438 3094 omnia.
458 3064 564 3093 Lucret.
578 3062 625 3092 lib.
637 3066 662 3092 6.
674 3065 737 3096 686.

83 3104 253 3140 calefacere,
273 3104 308 3133 ad
326 3103 450 3132 animum
466 3101 645 3131 transfertur:
667 3106 721 3134 ut,
742 3098 900 3128 Calefacere
922 3097 1052 3134 aliquem.
1093 3096 1152 3126 Cic.
1168 3104 1192 3132 3.

102 3143 138 3179 Q.
150 3142 209 3172 frat.
221 3152 246 3171 ι.
260 3141 365 3171 Eodem
376 3141 422 3170 die
433 3139 580 3169 Gabinium
591 3138 626 3168 ad
634 3137 772 3177 populum
782 3136 923 3166 luculente
933 3135 1096 3164 calefecerat
1107 3134 1196 3163 Mem-

101 3180 183 3209 mius.
205 3180 223 3208 i.
235 3189 259 3208 e.
282 3179 397 3208 Vexarat
406 3199 415 3213 ‚
435 3178 594 3215 exagitatat.
738 3206 741 3209 ,

84 3216 194 3247 Calface
204 3217 347 3246 hominem
357 3238 365 3248 .
387 3216 405 3244 i.
417 3225 441 3245 e.
464 3215 649 3244 Vehementer
659 3221 817 3243 commove.
842 3210 899 3239 Cic.
913 3209 954 3239 16.
965 3210 1039 3239 Fam.
1055 3215 1097 3243 18.
1128 3208 1197 3244 [Cu-

102 3256 246 3293 piditatem
255 3255 346 3283 innuit
355 3254 534 3283 conductoris
542 3252 749 3282 incendendam
758 3272 766 3285 ‚
787 3248 910 3287 apposito
923 3248 977 3277 alio
986 3247 1168 3277 conductore.

85 3292 184 3323 Forum
193 3291 356 3322 aleatorium
378 3290 554 3326 calfecimus‚
589 3291 606 3319 i.
626 3299 650 3319 e.
674 3289 796 3318 Multum
815 3286 947 3320 lulimus,
967 3285 1056 3314 multo
1077 3285 1197 3314 talorum

102 3332 175 3397 {actu
188 3330 261 3368 quasi
271 3330 394 3359 calidum
402 3328 585 3358 reddidimus.
612 3327 689 3357 Suet.
706 3326 813 3363 August.
835 3333 952 3362 cap.71.
993 3323 1024 3352 V.
1054 3323 1143 3352 Pitisc.
1161 3322 1197 3351 ad

117 3377 207 3398 ocum.

51 3406 145 3437 csta
155 3417 168 3435 r
177 3416 196 3434 A
207 3415 225 3434 c
234 3415 254 3434 T
266 3415 284 3434 u
294 3415 322 3441 s,
342 3414 358 3433 a
367 3426 375 3437 ,
399 3413 455 3433 um.
477 3403 573 3432 Partic.
594 3400 776 3438 [Qufflssee‘tr]
797 3399 881 3428 Ovid.
893 3399 922 3427 in
933 3397 995 3428 Ibin
1007 3420 1015 3432 .,
1033 3401 1078 3432 46.
1110 3397 1181 3426 Petit

175 3443 310 3473 Nondum
320 3442 430 3471 calfac'ti
442 3440 531 3471 velitis
550 3441 623 3469 hasta
634 3439 732 3469 solum.
814 3438 833 3466 i.
853 3446 876 3466 e.
906 3436 1042 3466 Nondum
1061 3435 1197 3469 furentis,

89 3483 114 3511 &
124 3481 239 3510 omnino
252 3481 321 3510 irati.
345 3480 374 3511 V.
396 3479 521 3516 Salvagn.

88 3519 159 3548 Vino
171 3519 301 3548 calefacffa
311 3518 412 3546 Venus.
434 3516 531 3546 Claud.
545 3515 581 3544 de
594 3514 660 3544 Bell.
673 3514 745 3544 Gild.
762 3523 788 3542 v.
806 3517 866 3546 ¹82.

53 3556 124 3587 CAt.
134 3566 268 3585 EFACTi
279 3566 313 3590 o,
336 3556 406 3584 onis.
427 3555 446 3584 f.
468 3561 515 3588 ut,
536 3553 738 3582 Calerafflones
754 3551 930 3580 thermarum.
952 3547 1122 3584 Hermogen.
1137 3548 1166 3576 in
1179 3546 1197 3576 1.

91 3605 114 3624 1.
135 3594 167 3623 D.
190 3594 231 3623 De
245 3593 406 3622 muneribus
421 3594 446 3622 &
458 3592 617 3621 honoribus.

89 3631 237 3662 Calefactio
246 3631 352 3668 publici
363 3630 467 3659 balnei.
489 3629 618 3658 Arcadius
638 3627 695 3657 inl.
715 3627 875 3656 Munerum.
897 3632 923 3653 2.
936 3623 957 3659 §.
981 3622 1057 3652 Inter
1073 3622 1201 3660 persona-

106 3669 150 3699 lia.
170 3669 204 3698 D.
226 3669 261 3698 de
272 3668 432 3697 muneribus
446 3669 472 3697 &
486 3665 647 3695 honoribus.

55 3706 77 3737 C
85 3717 103 3736 A
111 3718 127 3735 1.
136 3717 150 3735 12
159 3716 203 3736 Ac
211 3716 230 3734 τ
238 3717 256 3735 u
266 3716 278 3735 s
287 3728 295 3741 ‚
316 3707 356 3735 us.
377 3715 414 3734 m.
437 3703 608 3741 [θέςμρινσ-ις]
631 3702 696 3732 Plin.
710 3701 758 3731 lib.
771 3710 814 3734 ²9-
827 3708 887 3735 cap.
903 3707 927 3733 3.
949 3697 1019 3726 Cibo
1031 3702 1099 3733 quot
1108 3697 1200 3726 modis

89 3745 201 3781 juvent.
221 3750 320 3773 notum
340 3744 393 3778 est,
414 3752 499 3780 quum
513 3739 681 3771 transmeent
698 3739 820 3769 faucium
841 3744 998 3771 tumorem,
1027 3735 1201 3773 calfactuque

91 3782 178 3812 obiter
188 3781 307 3810 foveant.
346 3781 386 3810 De
398 3781 456 3810 ovis
471 3779 601 3816 loquitur.

57 3817 79 3849 C
89 3829 130 3849 Ar.
139 3829 153 3848 11
163 3830 176 3848 ιτ
186 3829 203 3847 A
213 3828 256 3847 cr
265 3829 291 3853 o,
315 3811 979 3854 [Quam-w]are.frequent.Hor.2.Epist.2.16o-
1033 3824 1071 3830 —
1081 3809 1183 3846 emptis

167 3856 222 3885 Sub
232 3858 341 3885 nostem
354 3855 473 3892 gelidam
486 3854 566 3891 lignis
574 3853 719 3882 calefactat
731 3851 861 3880 ahenum.
944 3847 979 3877 Et
993 3846 1079 3878 Plaut.
1093 3847 1163 3877 Rud.
1174 3857 1200 3877 2.

111 3917 117 3923 .
129 3899 173 3927 80.
195 3895 297 3930 Aquam
309 3893 451 3922 calefactat
460 3900 491 3922 ut
499 3892 629 3921 lavemus.

114 3932 177 3998 irnyis
191 3930 394 3997 caliefaftabere.
410 3930 475 3961 Paff.
497 3929 582 3960 Plaut.
596 3927 654 3958 Cas.
667 3936 692 3957 2.
705 3929 730 3956 6.
744 3929 788 3958 48-

162 3978 179 3997 o
189 3978 213 3998 1..
248 3989 256 3997 .

1237 716 1362 745 CALos
1387 723 1522 748 Limam,

1623 114 1779 180 c‘A
1873 145 1900 179 L
2312 160 2378 194 403

1230 230 1252 260 C
1265 240 1283 258 A
1293 239 1350 258 ι,1117
1361 239 1378 257 A
1389 238 1433 258 cr
1444 239 1482 257 os
1496 238 1534 257 ru
1545 238 1556 258 s
1571 250 1578 263 ,
1600 237 1630 262 a,
1652 236 1707 256 um.
1730 232 1780 261 ut,
1803 226 1938 264 Acopium
1949 226 2163 257 calefactorium.
2205 228 2273 258 Plin.
2287 229 2344 259 val.
2358 241 2380 260 r.
2423 257 2426 260 ,

1271 273 1313 302 38.
1335 267 1409 296 cons.
1423 267 1476 296 Th.
1490 266 1566 295 Prisc.
1578 266 1612 294 dc
1623 266 1709 294 Diaeta
1721 274 1781 301 cap.
1797 273 1837 292 10.

1233 305 1254 334 C
1264 315 1282 333 A
1292 315 1353 332 tur
1363 315 1380 332 A
1390 315 1429 332 cr
1442 316 1458 332 o
1468 314 1499 331 ar
1511 314 1526 332 u
1538 315 1556 332 Μ
1573 325 1580 338 ,
1598 304 1615 332 i.
1636 313 1663 331 n.
1687 302 1900 340 Hypocaustum.

1233 343 1256 372 C
1267 352 1286 370 A
1296 352 1333 370 1.ss
1344 345 1401 370 rio
1416 363 1423 376 ,
1443 340 1648 376 [θιςμωίημοα]
1672 340 1720 369 ἔτί.
1742 339 1870 368 Calidum
1885 339 1951 368 ficri.
1973 339 2031 368 Cic.
2046 349 2071 368 2.
2085 339 2137 368 Att.
2149 348 2174 375 3.
2196 339 2329 369 Balneum
2343 351 2385 370 ca-

1270 379 1513 452 lxeffigssqulglegifferi·
1554 415 1639 444 Plaut.
1650 414 1730 453 Epid.
1746 425 1770 450 ς.
1786 423 1808 443 1.
1822 419 1866 450 48.
1897 413 2058 449 jumentum
2076 413 2194 443 calefieri
2207 416 2386 453 exercerique

1291 454 1387 491 pollet.
1426 454 1521 490 Nepos
1537 458 1578 485 18.
1594 464 1616 488 5.
1629 464 1654 488 4.
1696 453 1726 481 V.
1749 451 1833 481 Plaut.
1848 451 1915 481 Pers.
1932 462 1954 481 1.
1969 462 1993 486 3.
2006 462 2048 484 25-
2063 453 2088 480 «Sc
2104 462 2145 486 30.

1236 491 1258 521 C
1268 501 1286 519 A
1296 502 1311 519 r.
1321 500 1356 519 us
1366 500 1408 519 co
1418 512 1425 524 ,
1447 488 1618 526 [ὶβψίομοω]
1639 493 1693 519 ὅτε.
1716 490 1845 519 Calidum
1861 490 1928 519 fieri.
1949 490 2013 519 Ter.
2026 489 2094 518 Eun.
2111 501 2134 518 1.
2146 498 2171 518 2.
2184 500 2207 525 ς,
2227 491 2334 520 Accede
2350 491 2385 519 ad

1274 529 1367 565 ignem
1378 528 1470 561 hunc,
1492 528 1545 562 jam
1554 528 1671 556 calesces
1686 527 1746 563 plus
1758 527 1828 557 satis.

1273 566 1354 602 Ignes
1363 565 1509 593 calescunt.
1533 565 1616 594 Ovid.
1626 575 1651 594 2.
1667 565 1734 593 Met.
1747 575 1809 599 410.

1274 603 1356 632 Unda
1366 602 1482 631 calescit.
1505 602 1588 631 Ovid.
1606 613 1646 636 15-
1662 602 1727 631 Met.
1742 612 1803 637 310.

1273 640 1396 670 Flamma
1406 640 1535 677 propiore
1550 640 1663 668 calesco
1686 640 1771 669 Ovid.
1789 645 1829 673 ¹8·
1847 639 1929 677 Epist.
1942 649 2002 676 177.

1276 678 1381 707 Ventus
1392 676 1546 705 mobilitate
1560 677 1677 706 calescit.
1700 677 1806 706 Lucret.
1818 677 1867 706 lib.
1882 681 1907 706 6.
1923 686 1987 713 279.

1544 715 1647 749 [Καλόε
1671 716 1765 749 λιμήν]
1786 715 1802 743 i.
1815 725 1838 743 c.
1863 715 1954 744 Bonus
1966 721 2062 751 portus
2075 736 2083 748 ,
2103 714 2141 744 ita
2157 715 2244 744 Graeci
2260 716 2387 746 nomina.

1274 759 1338 782 runt
1351 762 1366 781 a
1378 762 1406 781 re
1421 751 1536 784 scilicet.
1557 760 1588 780 ut
1598 751 1686 780 solent
1697 751 1910 788 l'requentillinie
1925 762 1930 780 t
1956 753 2078 788 Scythia:
2092 752 2228 791 Europaeic
2240 761 2336 791 portus
2348 755 2387 784 est

1275 791 1304 819 in
1322 790 1429 819 Euxino
1440 789 1518 826 super
1529 789 1672 818 Tauricos.
1695 790 1770 818 Auel.
1782 790 1876 826 Pomp.
1889 789 1962 818 Mela
1978 790 2025 818 lib.
2038 799 2063 818 2.

1237 829 1286 858 CA
1297 839 1313 856 L
1322 838 1337 856 P
1348 837 1367 856 A
1377 837 1393 855 R
1405 849 1413 862 ‚
1435 824 1571 862 [ηρίλπκ]
1594 826 1693 856 Vinum
1704 836 1808 855 novum
1819 848 1827 861 ,
1848 827 1921 862 quod
1933 837 1967 856 ex
1979 827 2055 856 dolio
2067 828 2186 857 demitur
2195 827 2316 858 sacrificii
2326 839 2389 858 cau-

1274 865 1302 895 sa
1317 871 1382 894 ante
1398 874 1479 901 quarn
1493 863 1620 901 gustetur.
1658 863 1721 898 Jovi
1732 865 1806 892 enim
1818 865 1894 901 prius
1906 865 1951 893 sua
1961 866 2025 894 vina
2037 865 2175 900 libabant,
2197 876 2255 902 qua:
2268 868 2389 905 appella.

1274 903 1343 933 bant
1354 902 1420 931 festa
1432 901 1547 930 Vinalia.
1589 900 1686 938 Calpar
1698 911 1782 936 genus
1794 901 1861 930 vasis
1871 902 1970 931 fictilis.
2002 903 2067 931 Haec
2088 902 2154 932 Feli.
2168 904 2214 931 lib.
2229 914 2251 939 3.

1274 940 1390 978 Calpar,
1411 940 1526 968 nomine
1537 940 1651 976 antiquo
1669 938 1788 967 Dulium.
1814 939 1896 967 Varro
1908 940 1943 968 de
1954 940 2015 968 Vita
2028 940 2091 977 Pop.
2105 941 2184 970 Rom.
2195 941 2242 970 lib.
2258 951 2280 970 1.
2302 942 2390 978 Quod

1292 985 1357 1007 ante
1369 987 1450 1015 quam
1461 986 1566 1006 nomen
1576 977 1644 1005 dolii
1660 976 1797 1013 prolatum
1808 976 1873 1004 esset
1883 998 1891 1011 ‚
1912 987 1996 1013 quum
2014 978 2098 1006 etiam
2112 978 2140 1006 id
2155 989 2242 1015 genus
2264 980 2391 1010 vasorum

1294 1015 1389 1053 calpar
1399 1015 1537 1044 diceretur
1549 1037 1557 1048 ‚
1580 1015 1609 1043 id
1619 1015 1716 1043 vinum
1728 1013 1821 1051 calpar
1836 1015 2014 1050 appellatum.
2045 1016 2162 1046 Nonius.
2203 1017 2307 1052 [Forte
2318 1040 2324 1052 ‚
2346 1018 2390 1046 Vi.

1294 1063 1362 1083 num
1371 1052 1479 1090 calpare
1491 1075 1498 1087 ‚
1521 1052 1672 1087 Adjet‘tive.
1731 1051 1765 1080 Et
1783 1052 1857 1088 apud
1872 1052 1936 1080 Fest.
1953 1062 2063 1089 quoque
2074 1052 2190 1091 Calpare
2204 1055 2299 1083 vinum
2316 1057 2368 1084 &a

1239 1091 1364 1126 CALPAs‚
1373 1091 1509 1127 Bithyniae
1523 1097 1618 1128 portus
1627 1090 1663 1118 est
1673 1089 1889 1127 propeRhebam
1901 1089 2067 1118 vethesum
2080 1092 2266 1127 &Sangarium
2278 1093 2387 1122 fluvios.

1276 1130 1379 1159 Auctor
1394 1127 1465 1157 Plin.
1478 1127 1525 1156 lib.
1539 1131 1564 1157 6.
1585 1137 1645 1165 cap.
1660 1137 1682 1156 1.
1703 1127 1832 1155 Straboni
1845 1133 1938 1156 tamen
1955 1128 2049 1156 Amnis
2068 1129 2123 1157 cst:
2146 1129 2181 1157 sic
2202 1130 2281 1158 enirn·
2295 1130 2391 1160 scribit

1277 1167 1326 1196 lib.
1346 1176 1388 1196 12.
1409 1165 1485 1195 Inter
1504 1165 1693 1195 Calcedonem
1708 1166 1734 1194 &
1750 1163 1905 1194 Heracliam
1926 1165 2006 1193 multi
2021 1174 2114 1195 amnes
2128 1166 2234 1200 fluunt,
2255 1177 2271 1196 e
2291 1168 2393 1204 quibus

1278 1204 1317 1234 est
1327 1203 1433 1239 Psillis,
1455 1205 1481 1233 &
1500 1203 1619 1241 Calpas,
1639 1204 1665 1233 ἃ
1679 1203 1834 1240 Sangarius.
1872 1203 1974 1238 [Idem
1998 1201 2103 1238 Fluvii,
2125 1211 2222 1241 portus
2246 1206 2271 1234 Gt
2293 1207 2391 1243 oppidi

1278 1251 1385 1271 nomen
1402 1263 1410 1277 ‚
1431 1241 1465 1271 ad
1477 1242 1575 1270 ostium
1586 1250 1688 1278 nempe
1696 1240 1772 1269 fluvii
1784 1240 1834 1269 siti.

1241 1280 1264 1310 C
1275 1290 1382 1314 ΑΗΒ,
1403 1289 1441 1308 es,
1463 1279 1482 1308 f,
1505 1279 1642 1314 [κάλπη]
1662 1278 1799 1315 Hispaniae
1812 1286 1909 1311 mons,
1931 1277 2049 1306 circuitu
2069 1286 2126 1305 non
2145 1288 2260 1316 magnus
2272 1302 2279 1315 .,
2302 1281 2393 1311 altitu.

1280 1318 1346 1347 dine
1357 1318 1455 1354 ingens
1466 1338 1474 1352 ‚
1495 1316 1637 1354 oppositus
1650 1315 1741 1353 Abylae
1751 1316 1840 1345 monti
1851 1315 1955 1344 Africae.
1997 1315 2027 1344 V.
2051 1326 2069 1343 A
2082 1325 2095 1343 s
2106 1325 2148 1344 γι
2161 1326 2188 1345 A.

1278 1355 1367 1393 Calpe
1383 1365 1459 1384 nunc
1476 1362 1590 1384 vocatur
1615 1353 1749 1387 cibatur,
1780 1353 1825 1382 vel
1854 1353 1908 1388 (ut
1926 1353 2041 1389 quidam
2061 1353 2225 1390 proferunt)
2253 1355 2395 1386 (libratur,

1297 1393 1455 1460 {lltelglu‘tem
1471 1392 1544 1420 Gibel
1561 1393 1655 1429 lingua
1670 1391 1797 1427 Arabica,
1819 1391 1849 1420 id
1869 1391 1945 1428 quod
1963 1391 2047 1420 Mons
2062 1390 2166 1421 Latina.
2207 1392 2344 1423 Olivarius
2366 1395 2396 1423 in

1280 1453 1463 1506 vastacaipe.
1484 1468 1549 1497 Sen.
1567 1467 1657 1497 cath.
1670 1475 1696 1502 7.

1278 1506 1382 1544 Calpe‚
1405 1506 1533 1542 [uiam]
1554 1505 1647 1534 Genus
1661 1504 1803 1542 quoddam
1819 1504 1896 1540 equis
1916 1504 2039 1533 certandi
2060 1504 2088 1532 in
2103 1503 2183 1534 sacris
2198 1506 2397 1536 certaminibus

1300 1545 1423 1573 exerceri
1433 1543 1544 1572 solitum
1554 1565 1562 1578 ‚
1583 1543 1619 1572 de
1632 1553 1688 1580 quo
1698 1542 1734 1571 sic
1743 1541 1808 1571 Cael.
1830 1542 1877 1571 ubi
1887 1542 1921 1571 de
1932 1542 2067 1579 Synoride
2079 1543 2104 1571 ἃ
2118 1541 2214 1571 Celete
2223 1544 2396 1573 mentionem

1298 1582 1366 1625 fecit
1380 1592 1387 1611 ε
1410 1581 1585 1611 Accesserunt
1599 1580 1652 1609 alia
1671 1581 1727 1609 duo
1745 1579 1831 1617 Calpa
1845 1581 1871 1609 Se.
1883 1580 1985 1616 Apena.
2029 1580 2115 1617 Calpa
2132 1580 2290 1609 trahebatur
2307 1592 2375 1618 equa
2388 1604 2397 1613 .

1298 1619 1346 1649 sed
1358 1627 1395 1648 lta
1407 1627 1437 1649 ut
1446 1625 1602 1648 extremum
1613 1618 1721 1647 cursum
1738 1617 1859 1646 anahatae
1870 1639 1878 1651 ,
1900 1618 1953 1646 hoc
1973 1617 2011 1646 est
2028 1617 2138 1646 sessores
2157 1617 2205 1655 ipsi
2226 1617 2376 1648 delilrendo
2390 1642 2399 1654 ‚

1297 1657 1568 1725 ippffioe‘iiiasswssu
1578 1656 1765 1723 afflat?
1769 1655 1905 1722 111ἒίκὲἱέ
1917 1655 2011 1722 ΛιΗῗΒ
2020 1655 2077 1722 iile
2098 1655 2147 1684 nr..
2165 1665 2210 1685 ²¹·
2225 1666 2286 1723 ⁶³¹&
2299 1666 2341 1723 ³s¹1
2361 1667 2398 1701 27³

1302 1705 1412 1771 023¹...ss
1448 1733 1478 1762 v.
1502 1717 1693 1769 Hen'nsteph.
1711 1730 1793 1760 Thes.
1806 1715 1851 1759 Gr'.
1952 1702 1966 1722 ε
1989 1715 1995 1722 ’
2033 1703 2040 1721 ¹
2063 1704 2108 1729 ’ς’
2127 1699 2227 1731 cap‘g'
2288 1696 2400 1733 ΝΟΜ)

1284 1770 1402 1809 Calpes,
1423 1770 1462 1808 pl.
1483 1769 1574 1800 Galeae
1588 1769 1718 1798 militum.
1741 1767 1929 1799 lfidor.Gloss.

1246 1808 1268 1839 C
1277 1819 1296 1838 A
1307 1820 1323 1837 L
1331 1819 1346 1837 P
1356 1819 1373 1838 u
1382 1819 1399 1838 R
1408 1818 1428 1838 N
1439 1819 1448 1836 1
1460 1818 1480 1837 A
1502 1808 1576 1837 Gens
1587 1806 1712 1837 Romana
1732 1805 1898 1835 nobililsima
1908 1828 1915 1840 ,
1937 1805 2003 1835 licet
2021 1804 2138 1842 Plebeia.
2160 1806 2321 1836 Plutarchus
2339 1807 2400 1837 Cal-

1282 1848 1410 1885 purniam
1419 1852 1530 1882 gentem
1541 1847 1567 1875 ἃ
1581 1845 1704 1874 nominis
1714 1846 1740 1874 ἃ
1751 1845 1859 1881 generis
1869 1845 2004 1880 originem
2023 1853 2038 1872 a
2050 1843 2139 1880 Calpo
2149 1844 2248 1873 Numae
2261 1846 2331 1881 regis
2342 1845 2400 1875 filio

1282 1884 1419 1922 accepisse
1433 1885 1462 1912 in
1475 1884 1567 1913 Numa
1583 1883 1685 1912 tradit:
1707 1882 1782 1918 quod
1798 1881 1873 1911 idem
1885 1881 1977 1911 Festus
1992 1881 2039 1910 lib.
2054 1891 2078 1918 3.
2098 1882 2192 1911 scribit
2205 1892 2212 1912 :
2244 1884 2269 1912 Gt
2282 1883 2317 1912 ad
2329 1883 2401 1912 Piso.

1282 1932 1350 1951 nem
1364 1923 1407 1951 his
1418 1921 1507 1951 verbis
1518 1921 1639 1950 ostendit
1651 1920 1752 1949 Lucan.
1767 1930 1809 1955 ις.

1443 1974 1480 1980 -κ
1491 1968 1555 1988 nam
1566 1958 1632 1995 quid
1641 1967 1794 1987 memorare
1805 1955 1913 1986 necesse
1924 1956 1963 1986 est

1375 1996 1413 2026 Ut
1422 1997 1522 2026 domus
1533 2007 1548 2026 a
1558 1995 1644 2034 Calpo
1656 2005 1760 2025 nomen
1772 1994 1922 2032 Calpurnia
1933 1995 2017 2023 ducat
2032 1994 2046 2022 ²?
2124 1994 2219 2031 Quum
2237 1995 2319 2032 igitur
2331 1998 2403 2026 anti-

1303 2035 1410 2064 uiffima
1420 2035 1540 2070 sithujus
1555 2034 1643 2071 gentis
1657 2033 1769 2071 &regia
1782 2033 1878 2069 origo,
1900 2042 1916 2061 a
1935 2031 2058 2061 Patriciis
2074 2031 2108 2060 ad
2129 2033 2242 2070 plebem
2261 2032 2402 2064 descivisse

1309 2073 1465 2110 alpurnios‚
1486 2079 1516 2102 ut
1527 2072 1670 2109 plerosque
1682 2071 1750 2100 alios
1762 2093 1769 2106 ‚
1790 2071 1944 2100 existimare
1956 2069 2030 2099 licet.
2071 2070 2160 2105 Hujus
2182 2071 2273 2108 gentis
2290 2071 2403 2102 familiae

1307 2111 1431 2148 raecipuae
1443 2112 1503 2139 duae
1515 2110 1593 2140 sunt:
1615 2119 1670 2139 una
1683 2109 1820 2142 Pisonum,
1831 2107 1916 2137 altera
1925 2117 2023 2137 eorum
2035 2108 2082 2143 qui
2094 2108 2174 2146 Frugi
2185 2119 2219 2146 ap
2243 2108 2318 2138 ellati
2329 2109 2402 2139 sunt.

1283 2121 1317 2178 V.
1339 2158 1502 2177 Pisones.
1542 2148 1647 2184 [Atqui
1656 2146 1744 2176 iidem
1753 2146 1815 2175 sunt
1825 2145 1904 2182 Frugi
1916 2167 1924 2180 ,
1945 2145 1992 2183 qui
2009 2144 2128 2174 Pisones.
2164 2146 2194 2175 V.
2242 2146 2295 2176 ulV.
2313 2146 2401 2177 Ursin.

1284 2187 1332 2216 Sic
1345 2187 1370 2215 Sc
1381 2186 1438 2222 Qui
1449 2185 1543 2215 Bestiae
1553 2185 1786 2222 cognominantur
1798 2184 1828 2213 in
1839 2183 1936 2213 eadem
1947 2190 2029 2220 gente
2042 2182 2225 2213 nihilominus
2237 2183 2355 2221 Pisones,
2372 2192 2405 2214 ut

1284 2223 1314 2253 L.
1328 2223 1494 2261 Calpurnius
1507 2223 1564 2252 Piso
1577 2223 1664 2252 Bestia
1676 2244 1684 2258 ‚
1705 2221 1807 2251 Consul
1818 2230 1882 2251 cum
1895 2221 1922 2250 P.
1936 2220 2067 2250 Cornelio
2087 2221 2221 2258 Scipione
2238 2221 2351 2258 Nafica.
2373 2224 2404 2253 A.

1302 2261 1336 2291 U.
1348 2262 1379 2291 C.
1393 2265 1456 2297 642.
1479 2261 1526 2299 qui
1544 2261 1664 2299 pecunia
1681 2266 1827 2296 corruptus
1839 2268 1896 2288 rem
1912 2258 2040 2288 adversus
2055 2257 2218 2296 „Iugurtham
2230 2260 2300 2290 male
2315 2260 2404 2298 geffit.

1303 2299 1379 2329 Huic
1390 2321 1398 2334 ,
1421 2305 1452 2328 ut
1464 2298 1593 2328 nonnulli
1606 2304 1719 2336 putant,
1734 2307 1748 2326 a
1759 2297 1799 2327 M.
1810 2296 1923 2326 Caecilio
1933 2296 2089 2326 accusatore
2101 2296 2241 2332 objectum
2252 2298 2290 2326 est
2299 2320 2307 2331 ‚
2328 2299 2406 2336 quod.

1303 2347 1405 2367 uxores
1421 2336 1480 2366 suas
1495 2337 1665 2366 dormientes
1687 2334 1875 2364 interemisset.
1915 2334 1982 2363 Plin.
1997 2334 2044 2363 lib.
2059 2343 2104 2371 27.
2126 2344 2187 2372 cap.
2204 2345 2229 2364 2.
2250 2334 2405 2366 Caffiodor.

1303 2375 1391 2404 Valer.
1403 2375 1451 2404 lib.
1468 2384 1491 2404 1.
1505 2384 1565 2412 cap.
1577 2380 1602 2408 8.
1621 2384 1631 2403 1
1641 2384 1663 2403 1.
1687 2373 1793 2403 Sallust.
1806 2374 1835 2401 in
1850 2372 1975 2409 ,Iugurth
1988 2382 2049 2410 cap.
2061 2381 2105 2408 27.
2117 2372 2173 2409 seq.

1284 2412 1362 2442 Alius
1378 2413 1406 2443 L.
1422 2412 1590 2449 Calpurnius
1598 2411 1675 2446 Piso,
1697 2412 1775 2447 cujus
1794 2410 1946 2447 disciplina*
1964 2410 2089 2439 militaris
2106 2410 2276 2439 severitatem
2289 2411 2314 2440 &
2325 2410 2407 2440 absti-

1303 2451 1407 2518 nMentiae
1416 2450 1546 2518 laudemgc,
1567 2451 1596 2479 in
1606 2449 1682 2479 bello
1693 2448 1818 2479 adversus
1828 2448 1961 2486 fugitivos
1969 2448 1999 2477 in
2013 2448 2107 2478 Sicilia
2117 2448 2191 2485 gesto
2201 2449 2333 2486 praedicat
2343 2448 2402 2479 Val.

1338 2498 1380 2518 ax.
1399 2498 1425 2518 2.
1458 2511 1464 2518 .
1475 2499 1501 2523 9.
1554 2499 1579 2523 4.
1611 2510 1617 2517 .
1634 2497 1678 2516 10.

1284 2526 1326 2556 M.
1344 2498 1510 2570 Calpur7nius
1521 2497 1659 2558 Flamina,
1680 2534 1766 2568 quum
1778 2522 1857 2567 Trib.
1876 2522 1996 2552 militum
2016 2522 2046 2551 in
2063 2523 2158 2553 Sicilia
2168 2523 2252 2558 esset,
2274 2533 2407 2554 coronam

1302 2573 1491 2631 ffizss‘ifflssr
1504 2561 2409 2638 ..(1ξὶῆῖἱὲἓῖΞὲὟέἱᾏῖῧξέᾞξῑ.ἐὲῗὲξ“ῑ,ῗὲ.ᾎῑῗὲὲ.ῑέξ1ἳ.ξέῗ

1302 2640 1378 2706 guod
1392 2638 1549 2668 universum
1570 2649 1637 2677 pop.
1655 2639 1705 2668 Ro.
1728 2637 1890 2672 exercitum,
1914 2646 1979 2666 cum
1991 2639 2018 2665 A.
2031 2637 2112 2666 Atilio
2125 2637 2253 2667 Calatino
2264 2647 2319 2667 cos.
2334 2638 2408 2667 circa

1329 2677 1511 2706 amariensem
1521 2676 1618 2706 saltum
1630 2676 1759 2714 angustiis
1769 2674 1891 2704 clausum
1903 2696 1911 2710 ‚
1933 2674 2076 2704 obsidione
2084 2675 2256 2704 liberaverat.
2280 2675 2345 2704 teste
2355 2675 2408 2704 Pli-

1302 2715 1351 2744 nio
1366 2715 1415 2744 lib.
1426 2725 1470 2745 22.
1483 2724 1579 2753 cap.3.
1598 2716 1662 2745 &6.
1686 2713 1736 2743 ubi
1749 2713 1832 2742 Hard.
1866 2712 1898 2742 V.
1920 2714 1949 2742 δι
1967 2713 2073 2743 Schott.
2099 2713 2135 2742 ad
2155 2713 2224 2742 Vit‘t.
2246 2713 2281 2742 de
2299 2713 2351 2742 Vir.
2364 2712 2408 2743 nl.

1302 2762 1334 2782 ca
1359 2776 1365 2782 .
1417 2776 1423 2782 .
1806 2760 1808 2765 ’

1283 2763 1450 2828 Calgusn‘lus
1470 2790 1616 2825 Lanarius,
1638 2789 1716 2825 cujus
1726 2787 1856 2818 meminit
1871 2787 1929 2817 Cic.
1944 2797 1968 2823 3.
1989 2787 2128 2818 Offic.66.
2150 2788 2238 2818 Valer.
2251 2793 2276 2821 8.
2290 2797 2314 2817 2.
2332 2797 2354 2817 1.
2376 2788 2407 2817 in

1303 2829 1484 2866 proverbium
1499 2827 1593 2857 abiisse
1608 2827 1736 2863 videtur,
1758 2828 1792 2855 de
1806 2827 1928 2855 indoctis
1941 2847 1949 2861 ,
1969 2826 2085 2865 stupidis
2098 2849 2105 2860 ,
2130 2826 2229 2855 bardis.
2272 2826 2409 2863 Hierony-

1302 2876 1365 2896 mus
1375 2868 1402 2896 in
1414 2866 1528 2905 epistola
1540 2867 1574 2894 ad
1585 2866 1766 2903 Augustinum
1778 2864 1812 2893 de
1825 2863 2016 2897 Rufinomifit
2027 2864 2096 2893 mihi
2107 2864 2260 2893 temeritate
2269 2863 2407 2898 solita,sua

1302 2904 1460 2939 maledicta,
1470 2904 1638 2941 Calpurnius
1648 2909 1838 2940 cognomento
1852 2901 1992 2931 Lanarius.
2016 2904 2092 2932 Auel.
2102 2902 2223 2931 Turneb.
2236 2901 2406 2937 Adv.20.13..

1284 2941 1320 2971 T.
1343 2942 1508 2979 Calpurnius
1523 2941 1630 2970 Siculus
1643 2963 1650 2975 ,
1673 2940 1794 2970 bucolici
1804 2940 1937 2969 carminis
1948 2939 2074 2978 scriptor.
2115 2939 2146 2968 V.
2168 2939 2265 2968 Crinit.
2282 2939 2317 2967 de
2328 2939 2406 2969 Poet.

1305 2979 1362 3009 Lat.
1376 2990 1436 3027 cap.
1448 2986 1492 3016 83.
1513 2981 1539 3009 Sc
1556 2979 1627 3008 Vofl‘.
1642 2979 1677 3008 de
1696 2978 1792 3007 iisdem
1803 2988 1863 3016 cap.
1878 2989 1904 3012 4.

1285 3017 1328 3047 De
1347 3018 1388 3047 M.
1402 3018 1552 3055 Calpurnio
1567 3016 1667 3046 Bibulo
1684 3026 1740 3046 cos.
1765 3017 1873 3045 dietum
1885 3015 1922 3045 est
1933 3015 1963 3044 in
1976 3025 1991 3043 a
2000 3025 2009 3043 1
2019 3025 2034 3042 ss
2043 3024 2062 3043 u
2073 3025 2088 3042 L
2098 3024 2117 3043 υ
2127 3023 2148 3043 s.
2172 3013 2245 3042 Alios
2264 3013 2408 3044 brevitatis

1304 3057 1391 3093 gratia
1400 3056 1564 3084 omittimus.
1604 3055 1675 3084 Sunt
1682 3055 1729 3091 qui
1738 3064 1802 3084 curn
1811 3053 1995 3092 adspiratione
2007 3052 2191 3090 Calphurnius
2199 3051 2335 3088 scribunt,
2357 3052 2407 3082 sed

1306 3093 1387 3123 aliter
1397 3094 1426 3122 in
1440 3092 1558 3123 denariis
1569 3092 1698 3129 antiquis.

1286 3130 1438 3168 Calpurnia
1448 3153 1457 3166 ‚
1478 3131 1581 3160 Mulier
1591 3131 1644 3160 fuit
1654 3129 1895 3168 importunissima,
1916 3137 1976 3165 quae
1986 3126 2065 3156 sexus
2072 3125 2111 3156 sui
2121 3126 2296 3155 verecundia:
2306 3126 2406 3163 oblita,

1305 3168 1672 3236 Ξέἑὲἓὲἱῗῖεὲἒῗῖῗὶἓὲἓῐ
1695 3168 1764 3242 ³558
1768 3163 2334 3239 Ξ151ἘᾷῙὲῗέωᾶἓέῗὲὶὲῗῖΞῖἶέᾒῖὲὲξάἐξ
2339 3172 2408 3232 ἓξὲ·

1674 3228 1682 3240 Ἴ
1943 3224 1952 3237 Ἰ
2392 3222 2407 3228 -

1305 3244 1345 3274 sas
1359 3254 1439 3278 agere
1451 3244 1557 3274 liceret.
1599 3244 1661 3280 [Ex
1674 3243 1737 3272 Cael.
1752 3242 1843 3272 Rhod.
1860 3250 1901 3277 ¹3-
1917 3249 1960 3276 33.
1982 3239 2040 3275 Qui
2059 3239 2159 3268 vellem
2176 3242 2201 3269 ὅ(
2213 3242 2354 3269 auctorem
2364 3241 2406 3269 in-

1306 3282 1427 3312 dicasset.
1467 3282 1583 3312 Silentio
1595 3289 1668 3311 certe
1677 3281 1733 3310 'noc
1747 3278 1908 3316 exemplum
1922 3277 2062 3306 muliebris
2079 3277 2200 3306 audacia:
2221 3279 2342 3315 praeterit
2358 3278 2407 3307 Va-

1305 3319 1356 3349 let.
1368 3320 1415 3349 lib.
1429 3325 1453 3354 8.
1467 3330 1527 3358 cap.
1543 3330 1567 3357 3.
1582 3320 1618 3349 de
1630 3318 1769 3348 Mulierib.
1790 3326 1849 3357 quse
1861 3315 1951 3344 causas
1962 3320 2084 3351 egerunt.
2107 3314 2210 3344 Vereor
2220 3324 2256 3344 ne
2269 3316 2407 3353 deceptus

1306 3358 1402 3387 vitiosa
1411 3357 1532 3387 lec‘tione
1550 3358 1568 3388 l.
1585 3367 1606 3386 1.
1627 3358 1648 3394 §.
1669 3358 1772 3386 Sexum
1786 3356 1816 3383 1).
1834 3354 1869 3382 de
1889 3353 1986 3381 l'oltul.
2009 3361 2058 3388 pro
2071 3352 2213 3384 Carfania.
2235 3352 2407 3391 Calphurnia

1305 3395 1395 3425 forsan
1405 3395 1568 3433 reposuerit,
1580 3405 1643 3424 cum
1655 3404 1691 3423 ex
1701 3394 1759 3422 Val.
1773 3391 1922 3428 legendum
1933 3390 1962 3428 lit
1973 3396 2003 3425 2.
2017 3391 2034 3418 i.
2053 3399 2076 3418 e.
2104 3389 2170 3425 Caja
2180 3390 2296 3426 Afrania,
2308 3392 2343 3421 de
2354 3402 2406 3429 qua

1306 3433 1470 3500 dictumvsll.
1492 3433 1533 3463 De
1544 3432 1692 3470 Calpurnia
1703 3431 1725 3460 U
1729 3439 1794 3459 xore
1805 3429 1835 3458 C.
1846 3427 1914 3464 ι111111
1924 3427 2034 3456 Caelarr's
2046 3426 2076 3457 V.
2087 3428 2162 3457 Suet.
2177 3428 2272 3458 Caesar.
2283 3438 2345 3467 cap.
2358 3440 2405 3460 21.

1308 3474 1334 3502 &
1350 3477 1395 3506 8¹·
1430 3481 1444 3500 a
1457 3480 1495 3500 er.
1515 3481 1538 3500 1.
1555 3480 1580 3507 7.
1594 3480 1621 3499 2.

1251 3510 1274 3540 C
1283 3519 1326 3539 AL
1335 3519 1348 3537 P
1360 3519 1378 3537 u
1388 3519 1404 3537 R
1415 3518 1434 3537 N
1446 3520 1454 3536 1
1466 3519 1485 3537 u
1495 3518 1507 3537 s
1518 3530 1526 3543 ‚
1547 3518 1563 3536 a
1572 3529 1579 3541 ,
1601 3516 1657 3536 um.
1689 3505 1748 3540 Adi.
1770 3509 1802 3532 ut
1812 3525 1820 3537 ,
1850 3502 1906 3531 Lex
1925 3502 2074 3540 Calpurnia
2085 3524 2092 3537 ‚
2121 3502 2228 3533 Domus
2245 3504 2404 3542 Calpurnia..

1290 3547 1435 3576 Lucan.ad
1447 3546 1524 3583 Calp.
1541 3544 1588 3574 Pis.
1603 3555 1627 3574 v.
1642 3555 1682 3579 ¹5·
1706 3545 1730 3572 ἃ
1744 3541 1853 3570 familia
1864 3541 2022 3577 Calpurnia.
2045 3540 2104 3570 Cic.
2118 3541 2147 3569 in
2155 3541 2238 3570 Pison.
2253 3551 2296 3579 53.

1253 3585 1303 3615 CA
1314 3594 1358 3613 LT
1368 3594 1390 3613 H
1401 3594 1420 3612 A
1430 3606 1438 3618 ‚
1457 3584 1502 3612 vel
1519 3583 1540 3612 C
1550 3593 1568 3611 A
1578 3593 1594 3610 L
1603 3591 1647 3610 TA
1657 3603 1664 3614 ‚
1690 3590 1719 3609 τε.
1742 3579 1867 3614 [ww-Q]
1888 3581 1926 3607 eit
1939 3578 2013 3606 Viola
2024 3578 2124 3608 coloris
2136 3579 2199 3608 albi.
2215 3579 2283 3609 Plin.
2297 3580 2345 3609 lib.
2357 3590 2402 3610 21.

1290 3633 1351 3660 cap.
1364 3626 1390 3651 6.
1411 3622 1538 3650 Proxima
1557 3621 1583 3649 ei
1600 3618 1689 3648 caltha
1704 3618 1741 3646 est
1756 3638 1763 3650 .
1785 3614 1928 3644 concolori
1948 3616 2142 3652 amplitudine.
2184 3616 2276 3646 Vincit
2286 3628 2405 3647 nurnero

1290 3661 1420 3690 foliorum
1431 3659 1564 3687 marinam
1574 3657 1694 3693 quinque
1704 3654 1770 3683 solia
1781 3662 1838 3681 non
1858 3653 2057 3682 excedentem:
2079 3654 2177 3683 eadem
2197 3655 2283 3684 odore
2299 3655 2406 3692 supera..

1290 3704 1344 3728 tur.
1385 3697 1428 3726 Est
1437 3697 1512 3724 enirn
1524 3695 1611 3731 gravis
1623 3693 1720 3722 caltha.
1744 3690 1822 3720 Ruel.
1839 3690 1886 3719 lib.
1898 3700 1923 3719 2.
1939 3700 1999 3728 cap.
2014 3701 2072 3725 ¹29·
2094 3692 2192 3721 Caltha
2203 3713 2211 3727 ‚
2233 3693 2407 3722 Aurrrrnnvlis

1291 3735 1365 3766 viola
1378 3734 1416 3763 est
1426 3732 1609 3770 amplitudine
1620 3730 1796 3762 caiathiauae,
1818 3728 1911 3757 colore
1929 3728 2003 3757 luteo
2014 3750 2021 3762 ,
2043 3729 2111 3757 solio
2128 3729 2277 3767 multiplici
2291 3753 2298 3765 ‚
2322 3732 2406 3759 odore

1293 3773 1381 3811 gravi.
1404 3780 1455 3799 nec
1467 3771 1491 3798 ci
1503 3779 1587 3806 quam
1604 3768 1746 3805 appellant
1756 3766 1868 3803 scopam
1884 3767 1987 3801 regiam
2002 3766 2114 3796 leviore.
2157 3767 2227 3804 Virg.
2241 3779 2265 3797 2.
2289 3769 2342 3797 'riti
2361 3779 2403 3802 50-

1294 3820 1355 3839 eam
1366 3807 1471 3837 luteolo
1483 3807 1586 3835 cecinit
1594 3806 1686 3834 colore
1697 3805 1812 3833 tinctam
1823 3825 1830 3837 ‚
1852 3813 1905 3833 nec
1920 3803 2022 3832 Plinius
2034 3804 2067 3833 ab
2077 3814 2109 3834 eo
2121 3805 2254 3834 diffenrir.
2296 3807 2351 3834 Por:
2360 3818 2375 3833 ι.»
2390 3815 2405 3835 a

1294 3847 1391 3877 Caltha
1412 3844 1537 3873 Calthula
1550 3844 1629 3872 vestis
1637 3852 1724 3878 genus
1736 3841 1838 3870 dicitur
1847 3863 1855 3875 ‚
1875 3849 1906 3871 ut
1917 3851 1932 3871 a
1943 3841 2024 3870 Croci
2035 3842 2213 3871 lirnilitudine
2225 3864 2232 3874 .,
2251 3842 2407 3872 cuz-...rrum

1293 3884 1384 3915 Facile
1397 3883 1549 3919 putaverim
1563 3890 1622 3909 eam
1639 3879 1693 3909 else
1704 3889 1785 3916 quarn
1797 3886 1898 3908 vocant
1907 3879 2025 3908 oflicinae
2045 3881 2170 3907 calendam
2185 3881 2227 3908 vel
2242 3882 2395 3907 nandulum
2405 3900 2412 3911 ,

1294 3921 1368 3959 quasi
1378 3921 1471 3950 dicant
1481 3918 1601 3948 caltham
1611 3917 1653 3948 vel
1667 3917 1824 3982 caldarlam?
1849 3926 1913 3946 narn
1923 3928 1953 3946 ea
1966 3920 2104 3946 Autumno
2114 3918 2195 3947 fusius
2205 3919 2307 3946 emicat
2318 3917 2412 3945 colore

1815 3965 1871 3984 ‚ee
1893 3964 1909 3984 ²
2316 3955 2392 3984 luteo
2410 3977 2413 3985 .
