2600 4177
15 2278 18 2308 l

16 2510 19 2524 l

16 2623 20 2680 l

15 2681 21 2728 l

567 136 593 170 A
691 136 721 170 U
819 137 846 171 L

65 215 194 246 Candida.
216 215 286 252 Virg.
301 224 325 244 2.
350 216 448 252 Georg.
464 225 525 251 320.
548 216 575 244 h.
589 225 612 245 e.
636 216 758 245 Ciconia.

63 254 154 284 Devie..
178 254 288 282 011112.
304 254 382 290 Epist.
393 265 397 280 ι
410 259 449 286 18.
472 254 488 282 i.
502 264 525 282 e.
549 253 635 287 Bubo,
650 256 696 290 qui
707 255 737 282 in
747 255 925 285 transversum
936 256 1031 287 volans
1041 259 1169 292 aufertur.

64 292 133 321 Dira.
157 290 252 319 Claud.
267 299 291 318 π.
309 291 336 319 iri
354 291 464 327 Eutrop.
478 300 540 326 230.

64 327 210 359 Fluminea.
251 328 333 356 Ovid.
350 338 371 356 1.
386 329 476 357 Amor.
492 337 514 364 3.
530 337 574 356 22.
601 327 643 357 De
663 337 752 364 cygno
765 350 773 363 ,
794 330 822 358 in
842 340 925 366 quem
937 338 1057 361 mutatus
1067 332 1173 370 Jupiter

86 365 184 393 Ledam
198 364 362 400 compressit.

65 402 213 432 Genertisie.
236 402 332 436 lairen.
352 412 393 432 14.
408 402 461 431 Sat.
475 408 518 436 82.
542 401 569 430 11.
581 411 605 430 e.
628 402 738 438 Aquilae.

63 439 180 471 Inccstae.
203 440 268 467 Stat.
281 449 305 474 9.
323 439 412 468 Theb.
430 445 471 471 28.

63 476 180 514 Junonia
191 497 198 509 ,
219 477 298 505 Pavo.
339 477 421 505 Ovid.
437 487 456 504 i.
471 476 507 505 de
521 477 579 505 Arte
592 478 647 506 Ani.
659 481 723 512 627.

142 512 272 542 Laudatas
288 514 406 542 ostendit
419 514 474 542 avis
489 514 609 549 ,Iunonia
623 523 737 552 pennas.

63 550 198 582 Littoreze.
242 551 273 580 ln
295 561 448 579 L1'r'i*i·s.

15 627 16 634 ἵ
63 589 170 620 Mzianae
179 597 249 616 aves.
273 588 356 617 Plaut.
371 588 440 617 Rud.
455 597 476 622 3.
491 599 515 622 4.
530 594 574 622 ός.
596 589 693 625 Teque
705 589 914 620 ambustulatum
925 591 1056 627 objiciam
1068 593 1174 629 magnis

81 620 174 655 avibus
185 625 316 663 pabulum
366 626 481 661 Magnas
501 636 562 655 aives
574 627 663 661 dixit,
684 628 751 656 Aves
772 637 898 664 rapaces3
921 630 1083 666 utAquilam
1096 633 1175 660 &ac-

82 664 216 699 cipitrem.
269 663 365 699 [Quin
379 665 403 692 S.-
415 664 527 692 corvos.

65 700 225 734 Obscoenze,
243 699 368 738 Turpes,
390 701 454 729 iiiali
464 701 574 730 ominis.
594 701 715 731 Ovid.2.
736 702 826 731 Amor.
841 707 866 732 6.
882 713 924 739 5²-
947 705 1071 734 Contrar.
1091 705 1152 734 Pte.

64 737 213 773 Peregrina.
256 738 284 766 In
315 748 328 765 Ρ
338 748 351 765 r
362 748 376 765 a
386 747 426 766 nc
437 747 451 765 r<
464 749 472 765 i
484 747 501 766 N
514 748 559 767 us.

64 775 205 806 Perenncs.
249 775 316 804 Plin.
331 775 378 804 lib.
396 785 507 812 io.ci1p.
524 785 567 809 ης.
598 776 770 813 Temporiim
788 787 885 814 magna
900 777 1057 808 differentia
1069 779 1173 809 avibus.

83 812 236 845 Perenn'eS.
258 812 453 841 utcolumbae:
476 813 632 847 semestres,
655 821 686 842 ut
696 813 873 844 hirundines:
896 817 1061 851 trimestres,
1082 824 1176 846 uttur-

83 850 112 879 di
122 851 147 879 ἃ
159 857 292 879 turtures:
317 852 342 879 ἃ
352 860 411 886 quse
422 860 506 886 quum
518 851 614 879 soetum
627 851 748 880 eduxere
758 873 765 885 ,
789 859 818 880 ut
828 853 928 890 galguli
942 875 949 887 ,
971 864 1080 892 upupae.

65 887 194 924 Qierula.
216 888 279 916 Seri.
292 887 403 924 Hippol.
415 898 440 922 4.
464 888 515 916 llic
526 898 587 917 aves
602 888 720 925 querula}
730 889 856 918 fremunt.

15 931 17 954 ¹.
64 925 179 955 Sidereae
189 924 307 959 Junonis
319 935 383 954 aves
394 947 401 956 .
424 925 553 954 Pavones.
590 926 687 955 Claud.
700 935 724 954 2.
746 927 774 955 in
786 927 898 965 Eutrop.
911 937 972 964 330.

15 971 16 974 ’
64 962 133 992 Solis
146 962 217 995 avis.
238 962 364 992 Phoenix.
387 962 483 991 Claud.
497 963 525 991 in
541 972 561 992 1.
579 963 657 992 Cons.
669 963 775 993 Stilicli.
788 975 850 998 419-

15 1003 16 1029 ]
65 1000 161 1030 Torvae
174 1022 181 1033 ,
204 999 329 1030 Vultures
339 1000 400 1029 sunt
411 1007 457 1029 aut
467 1000 568 1038 Aquilae
581 1002 654 1039 apud
666 1001 731 1030 Stat.
745 1006 770 1031 6.
783 1003 873 1032 Theb.
886 1011 948 1038 751.

65 1037 151 1073 Vagae.
173 1037 238 1066 Hor.
251 1049 277 1073 4.
295 1038 383 1067 Carm.
398 1049 424 1072 4.
439 1048 463 1067 2.

65 1075 158 1108 Varia,
181 1075 354 1104 Verl'ieoloris
366 1075 475 1113 pluiiire.
498 1075 617 1113 Propert.
633 1085 657 1112 3.
673 1085 713 1112 13.
728 1086 771 1112 32.

64 1113 106 1142 Ali
119 1112 229 1147 avibus,
251 1113 351 1142 Avibus
360 1113 439 1142 vesci.
466 1113 548 1142 Ovid.
566 1123 606 1149 13.
618 1114 688 1143 Met.
702 1124 744 1151 53.

64 1149 172 1179 Canunt
183 1149 251 1179 silvae
270 1150 372 1179 avibus.
405 1150 511 1180 Lucret.
522 1151 569 1180 lib.
583 1161 605 1180 1.
619 1160 682 1189 257.

66 1187 257 1217 Glomerantur
266 1197 337 1217 aves.
359 1188 422 1225 Virg
445 1192 469 1216 6.
483 1189 543 1218 ffin.
557 1198 618 1224 311.

65 1223 158 1256 Moliri
171 1225 279 1254 insidias
290 1226 394 1255 avibus.
438 1226 466 1255 ln
488 1237 507 1254 M
516 1237 533 1254 o
544 1238 559 1254 L
570 1237 579 1254 1
591 1236 608 1255 o
619 1236 646 1256 R.

64 1262 181 1293 movent
199 1273 260 1292 aves
270 1273 318 1301 per
328 1266 390 1292 aera
400 1273 513 1300 pennas.
538 1264 622 1293 Ovid.
639 1274 680 1300 1ς.
699 1263 767 1294 Met.
780 1275 825 1300 99.

65 1300 155 1330 Teetae
166 1300 263 1330 fronde
275 1307 426 1338 queruntur
437 1311 507 1330 aves.
530 1301 613 1331 Ovid.
627 1312 668 1338 ις.
686 1302 767 1340 Epist.
787 1313 847 1338 152.

65 1339 143 1372 Avis,
168 1348 218 1376 pro
230 1339 356 1377 Auspicio
369 1341 394 1368 ἃ.
406 1340 508 1368 omine.
549 1339 605 1368 Liv.
620 1344 645 1368 6.
669 1340 766 1369 Veniat
776 1341 804 1368 in
815 1346 936 1370 mentem
949 1341 1099 1379 unicuique
1108 1342 1176 1372 deos

83 1375 135 1404 else
145 1397 153 1409 ,
175 1377 220 1412 qui
233 1376 359 1406 secundis
369 1376 462 1406 avibus
474 1376 612 1406 Romanos
622 1378 651 1406 in
658 1378 751 1416 praelia
761 1378 892 1408 miserint.
929 1380 1056 1409 Budaeus.

66 1412 147 1444 Bonis
158 1414 251 1443 avibus
263 1414 342 1443 visus.
366 1414 448 1443 Ovid.
465 1424 486 1442 1.
500 1414 566 1444 Fast.
582 1424 644 1450 513.

65 1451 180 1481 Adversa
199 1453 241 1480 avi
256 1451 375 1485 solvere,
397 1462 447 1489 pro
465 1452 567 1481 Omine
586 1452 706 1482 adverso.
756 1453 814 1482 Cic.
830 1463 852 1483 1.
874 1453 910 1482 de
922 1454 1014 1484 Divin.
1029 1464 1073 1488 29.
1111 1455 1176 1491 Aga-

82 1498 213 1518 memnon
224 1499 309 1525 quum
318 1490 410 1518 Achivi
425 1489 570 1527 coepill'ent
586 1491 656 1519 inter
667 1491 693 1520 se
705 1491 839 1528 strepere,
860 1499 1007 1529 aperteque
1025 1500 1111 1521 artem
1128 1493 1176 1521 ob-

83 1532 169 1556 terere
181 1527 343 1564 extispicum
356 1549 363 1560 ,
386 1527 489 1556 solvere
506 1528 638 1565 imperat,
659 1528 780 1557 secundo
788 1539 912 1563 rumore,
930 1529 1093 1566 adversaque
1102 1531 1155 1560 avi.

65 1563 187 1602 Experiri
195 1574 266 1594 aves.
307 1565 391 1594 Ovid.
402 1576 428 1600 4.
442 1565 507 1594 Fast.
521 1572 583 1600 814.
601 1566 635 1595 de
644 1566 765 1595 Romulo
777 1569 803 1596 ὃς
817 1567 905 1596 Remo
918 1567 1134 1605 auspicantibus:

59 1605 61 1610 ¹
144 1601 245 1639 Magna
254 1602 322 1632 fides
336 1603 426 1632 avium
437 1603 489 1631 est:
511 1604 684 1640 experiamur
691 1614 762 1633 aves.

65 1639 132 1670 Aves
143 1639 257 1677 pascunt
269 1662 277 1675 ‚
298 1639 429 1670 Asconius
442 1640 534 1669 scribit
544 1642 600 1670 dici
611 1641 720 1670 solitum
728 1641 912 1678 magistratum
923 1642 1092 1672 ineuntibus.
1104 1643 1176 1674 Nam

86 1678 104 1706 si
122 1677 315 1715 pascerentur,
337 1678 441 1707 bonum
459 1680 601 1715 augurium
624 1686 699 1709 erat:
741 1679 758 1708 si
775 1689 832 1708 non
850 1679 1042 1717 pascerentur,
1062 1681 1174 1711 malum.

85 1715 158 1744 Suet.
169 1715 263 1745 Tiber.
275 1725 300 1745 2.
326 1715 459 1746 Claudius
473 1716 586 1745 Pulcher
598 1717 672 1754 apud
689 1717 811 1746 Siciliain
829 1728 886 1746 riori
898 1717 1073 1755 pascentibus
1091 1720 1119 1747 in
1131 1729 1178 1747 au-

86 1752 216 1790 spicando
227 1753 310 1791 pullis
321 1776 329 1788 ,
350 1764 381 1783 ac
393 1764 441 1791 per
452 1762 645 1792 contemptum
656 1755 796 1791 religionis
809 1756 876 1784 mari
892 1756 1020 1785 denierlis
1028 1779 1036 1791 ,
1060 1762 1091 1785 ut
1102 1757 1178 1786 bibe-

85 1797 145 1819 rent
155 1792 264 1827 quando
277 1791 330 1821 esse
343 1791 466 1826 nollent,
489 1792 613 1829 praelium
623 1793 718 1821 navale
730 1794 792 1821 iniit
801 1815 809 1827 ,
830 1792 1023 1831 superatusque
1036 1794 1082 1823 est.

66 1828 135 1858 Aves
150 1830 183 1858 ab
196 1831 320 1858 Adventu
327 1839 421 1859 earum
430 1830 570 1865 dicuntur,
584 1831 660 1868 quod
671 1831 737 1860 inde
748 1830 861 1860 veniant
872 1831 946 1860 unde
956 1832 1016 1869 quis
1026 1842 1083 1860 non
1094 1831 1178 1871 suspi-

85 1873 169 1896 cetur.
206 1867 272 1896 Haec
286 1867 385 1896 Festus.

34 1904 214 1939 AvicuLA,
245 1915 276 1934 ae.
297 1905 316 1934 f.
339 1906 435 1934 dimin.
470 1902 635 1941 [ὀςνιῖτέςιω]
668 1904 750 1934 Parva
765 1906 833 1935 avis.
874 1905 944 1935 Gell.
964 1906 1010 1936 lib.
1022 1917 1047 1937 2.
1061 1917 1119 1947 cap.
1131 1917 1178 1944 29.

67 1942 176 1971 Aviculn
188 1943 225 1972 est
236 1952 319 1980 parva
328 1965 336 1978 ,
356 1952 461 1972 nomen
473 1943 510 1971 est
519 1942 609 1972 cassita
620 1966 628 1978 ‚
650 1943 843 1980 nidulaturque
854 1944 880 1972 in
891 1944 1036 1981 segetibus.

33 1978 95 2008 Avi
106 1989 123 2009 c
132 1990 146 2008 a
155 1991 170 2008 L
179 1991 195 2008 L
206 1991 224 2009 A
245 1988 374 2017 tanquam
385 2003 392 2015 ,
413 1980 570 2009 inusitatum
581 1980 660 2010 affert
670 1981 752 2010 Varro
762 2003 769 2015 ,
787 1982 862 2018 quod
874 1989 967 2011 tamen
978 1983 1032 2012 tale
1042 1983 1081 2012 est
1090 2005 1098 2017 ,
1114 1993 1178 2020 qua-

70 2015 95 2045 le
108 2017 248 2047 Navicella
266 2028 281 2047 a
300 2019 392 2048 Navis.
431 2018 500 2047 Vide
512 2026 597 2056 caput
612 2028 656 2054 25.
682 2020 850 2056 Appendicis
866 2020 895 2048 in
909 2020 1067 2050 Varronem.
1088 2021 1122 2050 H.
1135 2021 1175 2051 St.

68 2054 169 2091 [Locus
177 2056 214 2084 est
231 2055 248 2084 l.
262 2065 287 2092 7.
299 2064 367 2085 extr.
387 2067 414 2094 p.
424 2066 467 2091 99.
482 2063 550 2085 extr.
562 2058 606 2086 ed.
618 2063 679 2086 tert.
692 2057 787 2094 Steph.
828 2057 908 2086 Porro
919 2057 977 2086 haec
987 2068 1041 2087 vox
1058 2059 1178 2088 Avicella

67 2092 112 2121 vel
123 2093 233 2122 Aucella
242 2093 338 2132 saepius
351 2094 425 2131 apud
437 2094 561 2131 Apicium
579 2095 614 2123 de
635 2097 676 2124 Ar.
695 2095 762 2131 Coq.
775 2096 903 2124 occurrit.
940 2095 1045 2125 Ancilla
1061 2096 1177 2134 Apuleio

65 2129 134 2159 Met.
148 2141 173 2166 9.
192 2142 218 2169 p.
231 2141 294 2168 232.
316 2132 346 2160 in
367 2131 448 2161 Gloff.
466 2131 593 2162 Aucellus
611 2132 708 2168 ςρεξιίον.
747 2133 820 2162 Hinc
837 2133 939 2162 Gallor.
959 2134 1070 2171 Oyseau,
1092 2141 1122 2164 ut
1143 2134 1176 2164 ab

67 2168 139 2198 Auca
147 2172 204 2206 Oye.
227 2169 299 2198 conf.
312 2169 418 2198 Reines.
442 2169 472 2198 V.
498 2170 528 2199 L.
545 2180 572 2208 p.
588 2176 648 2206 198.
671 2172 697 2200 δε
708 2170 802 2207 Cangii
816 2170 899 2200 Gloss.

32 2205 312 2242 AvrcuLassius‚
345 2207 377 2235 V.
397 2217 591 2237 AvaRlUS.

33 2243 53 2272 A
62 2253 80 2272 u
89 2253 105 2272 c
114 2254 127 2272 s
137 2254 149 2272 r
158 2253 170 2273 s
181 2266 188 2279 ,
212 2245 282 2282 quasi
293 2245 409 2282 Aviceps
419 2266 426 2280 ,
449 2255 523 2282 pone
535 2245 588 2274 hic.
611 2245 646 2275 H.
661 2245 700 2275 St.

34 2281 191 2311 AviAkiu
201 2294 220 2311 M
231 2305 238 2317 ,
260 2283 277 2311 i.
300 2293 327 2312 n.
352 2281 488 2319 [ἐρυθ-ὲν]
510 2283 598 2312 Locus
612 2284 641 2312 in
653 2293 708 2321 quo
719 2291 782 2312 aves
801 2284 878 2313 domi
892 2284 1053 2314 educantur.
1082 2285 1139 2315 Cic.
1150 2294 1175 2322 3.

67 2318 102 2355 Q.
112 2318 170 2348 frat.
188 2330 209 2349 1.
232 2320 286 2350 Sed
298 2326 391 2349 tamen
402 2320 472 2349 nihil
482 2321 507 2350 ei
518 2321 631 2350 restabat
643 2329 740 2359 praeter
754 2321 899 2356 balnearia,
911 2324 936 2352 &
946 2323 1176 2359 ambulationem,

68 2358 241 2387 &aviarium
282 2358 417 2387 Columel.
427 2358 474 2388 lib.
490 2364 514 2392 8.
529 2369 587 2397 cap.
604 2369 627 2388 1.
647 2359 777 2388 Similiter
789 2360 959 2397 appellamus
970 2371 1053 2399 apum
1063 2361 1176 2398 cubilia,

65 2395 179 2433 apiaria:
201 2395 244 2425 vel
256 2397 383 2425 nantium
393 2396 536 2425 volucrum
548 2419 556 2431 ,
577 2407 636 2434 quae
646 2397 744 2435 stagnis
757 2397 923 2435 piscinisque
937 2399 1062 2428 laetantur
1076 2421 1084 2434 ,
1106 2401 1178 2429 avia-

16 2454 18 2475 :
65 2434 121 2469 ria3
143 2433 186 2476 vel
205 2435 287 2477 etiam
300 2434 443 2472 pecudum
462 2434 620 2464 silvestrium
633 2456 641 2471 ‚
662 2445 723 2472 quae
737 2436 897 2465 nemoribus
914 2436 1008 2466 clausis
1020 2437 1179 2466 custodiun-

17 2481 18 2500 l
66 2476 122 2505 tur,
145 2480 255 2500 vivaria.

17 2533 19 2543 ‚
57 2508 187 2543 Aviaria,
207 2509 317 2538 Secreta
327 2518 457 2544 nemora,
481 2519 610 2547 quaeaves
619 2510 804 2547 frequentant.
826 2510 899 2548 Virg.
912 2520 938 2540 2.
952 2511 1050 2550 Georg.
1065 2521 1130 2549 430.

142 2547 360 2584 Sanguineisquc
369 2548 473 2576 inculta
484 2548 583 2577 rubent
593 2549 692 2577 aviaria
702 2549 803 2578 baccis.
897 2549 1015 2579 Servius.

32 2583 51 2613 A
60 2592 93 2612 vx
103 2593 121 2613 A
131 2594 164 2612 Rl
175 2595 191 2613 u
202 2595 213 2613 s
222 2607 228 2616 ,
246 2585 264 2613 i.
283 2595 320 2613 ni.
335 2586 537 2620 [dybur-ducar]
553 2586 608 2622 Qui
618 2587 719 2615 aviario
729 2586 830 2623 praeest.
854 2586 990 2616 Columel.
1003 2587 1173 2626 lib.8.cap.3.

67 2622 186 2651 Aviarius
196 2622 312 2651 subinde
322 2623 404 2652 debet
414 2623 545 2660 speculari
558 2624 769 2653 autincubantis
782 2647 790 2658 ,
811 2631 857 2653 aut
866 2625 1041 2661 parturientis
1052 2626 1144 2656 foetus.

32 2658 77 2688 Av
87 2670 96 2688 1
106 2669 123 2689 c
133 2670 149 2688 u
159 2671 175 2688 L
185 2671 202 2688 A
212 2670 227 2688 a
237 2671 246 2688 1
255 2670 271 2689 υ
281 2670 292 2689 s
301 2682 309 2694 ,
330 2661 348 2689 i.
370 2671 406 2690 m.
430 2661 515 2691 Idem.
542 2662 616 2699 Apic.
633 2668 658 2696 8.
669 2671 694 2697 7.
758 2662 798 2692 Ex
807 2663 880 2698 conj.
893 2662 1091 2701 Humelbergii.
1120 2665 1176 2694 Sed

69 2699 214 2734 cuinpriiis
225 2697 327 2727 lectum
335 2698 416 2728 fuerit
426 2721 433 2733 ,
455 2699 582 2729 Fistulam
592 2701 685 2729 aviarii
697 2710 727 2729 ro
753 2710 781 2729 ro
792 2700 886 2729 vesicae
898 2700 1020 2738 alligabis
1030 2712 1038 2738 3
1059 2712 1107 2732 cur
1116 2713 1177 2732 mu-

63 2737 158 2764 taverit
168 2736 259 2764 miror.

31 2771 212 2808 AvrTiuit,
234 2773 251 2802 i.
274 2783 301 2803 n.
326 2773 457 2811 Apuleius
471 2774 517 2803 lib.
533 2775 568 2804 de
579 2774 638 2804 Deo
649 2776 782 2809 Socratis.
805 2785 829 2812 p.
845 2779 889 2810 68.
912 2776 995 2806 SteW.
1016 2776 1117 2807 Florid.
1128 2788 1176 2808 ex-

67 2816 98 2839 tr.
112 2810 283 2847 Elmenh.p.3
291 2815 333 2841 66.
347 2813 376 2840 in
386 2812 477 2841 fabula
487 2813 522 2840 de
535 2812 624 2841 Corvo
634 2815 659 2843 &
671 2814 763 2851 vulpe.
785 2813 855 2843 Tam
864 2813 979 2851 pulchra
987 2814 1054 2850 ales,
1071 2825 1131 2852 quae
1140 2826 1175 2845 ei(

30 2884 51 2914 A
67 2849 141 2877 omni
150 2849 240 2914 avitiol
241 2849 323 2886 longe
335 2849 567 2887 praecellit.i.e.Ex
577 2851 654 2880 omni
665 2852 757 2880 avium
767 2861 876 2888 genere,
885 2862 919 2881 ex
930 2852 1060 2882 omnibus
1071 2854 1175 2884 avibus.

58 2894 188 2921 virus,
243 2910 249 2916 .
276 2897 378 2916 Avus.

30 2923 156 2958 Av1us,
178 2924 238 2955 Adi.
260 2922 414 2960 [ἁῦεἷοὸζῷι
425 2944 432 2955 ‚
449 2926 618 2961 ἀκέλευθέη]
640 2926 688 2955 Per
699 2926 774 2962 quod
787 2927 817 2955 iri
829 2936 884 2955 non
918 2927 994 2957 otest.
1015 2927 1102 2959 Plaut.
1113 2929 1175 2959 Aul.

65 2972 92 2999 4.
103 2966 127 2991 6.
143 2966 168 2995 8.
194 2962 297 2992 Silvani
306 2962 385 2991 lucus
393 2969 469 2991 extra
479 2973 587 2992 murum
598 2964 726 2994 estavius.
751 2964 824 3002 Virg.
839 2973 863 3001 3.
913 2974 984 3002 eorg.
997 2972 1059 3002 328.

142 3000 207 3029 Avia
221 3007 279 3029 tum
293 3000 419 3029 resonant
429 3000 524 3030 avibus
537 3002 654 3038 virgulta
663 3003 779 3031 canoris.

64 3035 163 3067 Itinera
174 3039 240 3066 avia.
281 3038 385 3067 Sallust.
399 3039 428 3067 iri
437 3038 562 3075 jugurth.
579 3049 602 3068 c.
615 3051 658 3075 54.
686 3040 746 3077 lpse
764 3050 827 3069 cum
841 3040 956 3070 delectis
966 3041 1103 3078 equitibus
1114 3041 1175 3071 Me-

83 3073 179 3103 tellum
187 3075 307 3112 sequitur
318 3098 326 3111 ,
348 3077 490 3105 nocturnis
506 3078 532 3107 ἀ
551 3078 617 3107 aviis
629 3078 772 3107 itineribus
791 3079 931 3116 ignoratus
942 3100 951 3114 ,
972 3077 1112 3110 Romanos
1126 3089 1175 3118 pa-

83 3111 169 3142 lantes
180 3123 208 3142 re
231 3120 295 3143 ente
303 3115 467 3150 aggreditur.

64 3147 185 3180 montes.
210 3123 274 3180 llor.
289 3161 312 3180 1.
328 3151 418 3180 Carni.
432 3160 477 3187 23.
494 3160 520 3181 2.

64 3185 191 3217 Nemora.
213 3188 321 3218 Lucret.
332 3188 379 3218 lib.
394 3199 419 3218 2.
434 3198 494 3224 144.

64 3222 174 3254 Nubila.
196 3226 293 3256 Claud.
308 3238 329 3255 1·
342 3227 377 3256 de
388 3227 670 3266 Rapt.Proserp.183.
688 3227 722 3258 al.
744 3227 837 3258 Pervia
848 3228 951 3258 nubila.

65 3261 140 3292 Saxa.
166 3263 274 3293 Sil.1ib.
286 3275 312 3301 4.

64 3297 161 3330 Valles.
189 3302 256 3330 Stat.
269 3312 294 3336 4.
312 3301 384 3338 Sylv.
398 3310 422 3337 3.
437 3311 481 3339 73.

64 3337 161 3374 Avius,
184 3340 203 3368 A
217 3340 260 3369 via
271 3341 296 3369 Sc
306 3341 411 3369 ratione
421 3346 551 3370 remotus.
572 3340 680 3371 Lucret.
693 3340 741 3371 lib.
756 3351 781 3370 2.
796 3346 839 3375 8¹-

143 3377 222 3406 Avius
233 3387 248 3406 a
262 3387 324 3406 vera
337 3378 419 3414 longe
435 3379 541 3408 ratione
550 3380 664 3416 vagaris.

64 3411 174 3443 Animus
186 3422 256 3444 errat
265 3416 348 3444 avius.
372 3414 479 3445 Lucret.
494 3416 543 3445 lib.
557 3426 581 3453 3.
597 3421 661 3452 4⁶5-

31 3448 121 3479 Av1A
133 3473 140 3485 ,
161 3461 248 3481 orurn.
270 3462 297 3482 n.
325 3453 413 3483 Tacit.
430 3458 454 3482 6.
468 3455 538 3483 Ann.
553 3464 596 3482 21.
627 3454 750 3492 Corpore
771 3453 864 3483 valido
874 3463 925 3491 per
936 3454 995 3483 avia
1012 3464 1044 3484 ac
1057 3454 1124 3484 deru
1148 3461 1175 3485 ta

11 3519 16 3528 ,
65 3488 146 3523 (nam
157 3489 224 3518 saxis
235 3490 335 3520 domus
345 3491 493 3527 imminet)
514 3491 629 3529 praeIbat
646 3502 710 3522 eum
721 3513 730 3528 ‚
752 3493 830 3527 cujus
847 3499 934 3521 artem
951 3494 1071 3530 experiri
1089 3493 1125 3522 Ti
1147 3503 1173 3523 e-

65 3525 118 3554 rius
129 3526 266 3557 statuisset.

65 3561 207 3594 Horrenda
218 3566 285 3594 avia.
308 3565 396 3595 Valer.
410 3577 433 3601 ς.
450 3567 549 3604 Argon.
561 3576 625 3603 475.

63 3599 165 3637 Ignota.
189 3602 286 3632 Claud.
298 3603 333 3632 de
345 3615 370 3639 4.
388 3604 468 3634 Coris.
480 3605 552 3634 Hori.
564 3611 629 3639 481.

33 3635 151 3668 Avium
169 3639 270 3670 Civitas
281 3663 288 3675 ,
311 3642 440 3677 [Ὸςιίθω
455 3642 546 3677 nim]
567 3641 710 3671 dicebatur
719 3641 856 3679 oppidum
868 3640 1011 3678 quoddam
1028 3643 1102 3673 inter
1117 3643 1174 3681 Ty-

58 3677 299 3707 wm&Sidoiieni
311 3700 318 3713 ‚
339 3679 375 3708 de
396 3690 451 3717 quo
462 3680 558 3709 Strabo
574 3679 623 3709 lib.
640 3684 682 3708 16.
723 3679 794 3715 [Nisi
806 3679 883 3708 malis
895 3678 1064 3709 Gallinarum
1076 3681 1173 3711 urbem

65 3721 230 3751 convertere,
242 3716 329 3745 Plinio
341 3716 358 3745 l.
376 3728 399 3752 5.
415 3727 438 3746 c.
452 3727 492 3752 19.
505 3724 574 3747 extr.
598 3717 740 3747 Ornithon
753 3717 900 3754 oppidum.
915 3718 995 3754 Apud
1003 3718 1090 3748 Strab.
1102 3719 1171 3749 ibid.

64 3752 201 3787 Σνειφμίνων
217 3752 285 3781 πόλις
296 3775 305 3789 ,
326 3756 434 3781 Βεκέλων
446 3767 474 3783 π,
494 3753 650 3791 Κροκοδείλων
665 3766 693 3783 π.
719 3755 816 3784 eadem
829 3754 926 3784 forma.

35 3835 142 3872 num,
166 3847 195 3868 τε.
219 3839 237 3869 f.
262 3840 363 3876 [admi.
389 3794 497 3876 >3350st
523 3793 664 3875 βασὶξιῖεων]
685 3793 819 3877 [Ιῇήηοίρῐε
841 3840 960 3874 domus,
986 3839 1014 3870 h.
1031 3851 1055 3870 e.
1077 3842 1171 3881 Regia.

63 3874 129 3904 Aula
146 3877 256 3914 proprie
269 3877 357 3906 Locus
379 3877 417 3906 est
431 3879 476 3914 qui
497 3879 643 3915 perflatum
657 3878 763 3908 habeat.
804 3877 876 3907 Nam
895 3877 949 3906 hoc
962 3879 1077 3909 nomine
1096 3881 1173 3918 apud

62 3910 213 3942 Homerum
232 3914 379 3953 Hypaethra
393 3936 400 3949 ‚
422 3916 439 3944 i.
454 3928 477 3945 e.
501 3915 661 3949 Subdialia,
682 3916 788 3952 semper
804 3915 1017 3952 intelliguntur,
1038 3918 1085 3946 ubi
1107 3918 1175 3947 effet

62 3947 160 4018 Ηείἶεεὶ
179 3951 255 4020 Joxiis
272 3962 324 3982 ara.
364 3952 448 3983 Aulos
469 3963 534 3983 vero
555 3951 668 3991 (ἀυλὶς)
688 3954 791 3983 dicitur
810 3952 892 3984 Tibia
904 3974 912 3989 ,
933 3962 983 3991 per
1002 3964 1085 3991 quam
1105 3956 1173 3985 item

132 3997 182 4018 01..

1655 149 1682 183 Α
1782 151 1813 185 U
1907 155 1934 188 L
2320 176 2389 213 307

1265 231 1404 254 commeat
1414 225 1529 271 spiritus.
1569 229 1648 259 Aulas
1658 240 1733 260 nunc
1745 242 1794 267 pro
1811 231 1902 270 Regiis
1914 234 2075 273 usurpamus
2092 260 2099 273 ‚
2121 242 2194 277 quod
2206 250 2268 273 anre
2281 245 2304 274 se
2317 245 2388 276 Loca

1266 261 1385 291 habeant
1398 263 1529 294 subdialia
1545 268 1571 296 ἃ
1584 267 1683 304 ampla.
1724 269 1788 298 Cael.
1802 270 1848 299 lib.
1864 281 1903 299 12.
1918 282 1982 308 cap.
2002 284 2025 307 ς.
2066 276 2130 305 Aula
2145 282 2255 315 proprie
2270 283 2371 312 dicitur

1267 309 1326 334 quse
1337 301 1512 330 concluditur
1523 305 1674 340 porticibus
1685 314 1815 342 quatuor,
1838 309 1935 345 inquit.
1950 312 2026 340 Serv.
2040 312 2073 340 ad
2090 323 2111 348 3.
2127 315 2187 345 ffin.
2202 327 2262 351 354.
2379 305 2387 320 ²

1267 336 1336 365 Aula
1353 338 1445 380 transl.
1461 349 1512 381 pro
1530 341 1604 378 Rege
1620 344 1645 371 St
1670 345 1728 378 ejus
1748 345 1884 374 ministris.
1924 347 1981 376 Cic.
2001 358 2041 382 1ς.
2055 350 2164 387 Faiii.4.
2196 354 2297 384 Perfeci
2321 365 2350 385 ut
2370 369 2386 387 e

1288 383 1372 409 regno
1384 375 1430 404 ille
1439 376 1589 407 discederet
1600 401 1607 414 ,
1628 390 1730 417 rexque
1740 382 1793 410 sine
1809 382 1929 412 tumultu
1944 395 1974 413 :ic
1985 385 2039 414 fine
2052 389 2149 424 armis,
2171 393 2248 420 omni
2271 396 2386 424 auctori·-

1288 419 1343 439 tate
1357 411 1423 440 auhs
1436 417 1606 445 communita
1616 439 1623 451 ,
1638 428 1754 455 regnum
1768 429 1832 449 cuin
1845 421 1977 457 dignitate
1987 423 2133 455 obtineret.

1270 447 1336 476 Alta.
1361 449 1424 477 Seri.
1437 452 1534 481 Octav.
1548 463 1573 487 4.

1270 484 1358 513 Infida
1371 486 1439 514 aula.
1462 488 1514 517 i.e.
1537 490 1565 518 In
1577 500 1627 527 qua
1638 492 1704 521 fides
1718 504 1774 522 non
1793 494 1968 533 observatur,
1995 499 2075 528 cuive
2096 511 2151 530 non
2173 503 2210 531 est
2230 503 2373 535 fidendum

1295 522 1379 551 Valer.
1394 533 1418 557 7.
1432 525 1528 560 Argon.
1546 537 1606 556 102.
1629 532 1654 558 ok
1668 530 1768 559 Lucan.
1782 531 1827 561 lib.
1842 538 1866 565 8.
1880 545 1943 569 494.
2038 546 2165 568 —exeat
2173 540 2235 570 aula
2376 528 2382 537 Ι

1350 559 1407 594 Qui
1419 561 1493 590 volet
1503 563 1556 593 esse
1568 565 1639 601 pius.
1682 568 1771 598 Virtus
1784 571 1809 599 S.-
1821 569 1926 601 summa
1937 573 2055 610 potestas

1350 596 1414 625 Non
1426 607 1536 628 coeunt.

1268 632 1412 663 Praedivcs.
1437 635 1533 664 Claud.
1548 647 1572 666 2.
1585 639 1612 666 in
1626 639 1697 670 Ruff.
1715 652 1775 677 14²·

1269 670 1389 706 Regalis.
1411 672 1473 701 Sen.
1488 674 1590 704 Troad.
1611 682 1636 709 8.

1271 707 1412 737 Sublimis.
1436 710 1499 739 Seri.
1514 712 1627 749 Hippol.
1645 725 1670 749 9.

1270 745 1440 787 Sanctiorem
1457 757 1554 778 vocare
1568 750 1776 794 aulamnvidetur
1791 755 1909 787 Martial.
1946 760 2039 790 Aulam
2059 762 2211 795 Domitiani
2252 768 2279 796 in
2301 776 2383 804 quam

1290 781 1445 826 petitsuam
1457 785 1578 829 chartam
1598 789 1708 832 admitti
1720 801 1734 819 a
1746 792 1892 823 Parthenio
1903 818 1910 829 ,
1932 797 1977 826 lib.
1993 809 2014 833 ς.
2028 803 2057 829 6.
2108 803 2178 837 [Sic
2193 789 2273 835 vdcat
2290 806 2384 835 Aulam

1289 826 1449 849 interiorem
1462 844 1470 855 ,
1494 823 1606 866 ubi-ipse
1621 826 1658 854 est
1670 837 1796 866 princeps
1806 853 1814 864 ,
1836 839 1866 860 ut
1880 834 2004 863 Sanctius
2013 839 2136 869 ararium
2186 841 2216 871 V.
2241 852 2383 873 SANCTUS.

1269 857 1416 894 Refingere
1429 859 1503 888 aulas
1518 861 1649 891 dicuntur
1659 874 1733 901 apes.
1768 867 1837 903 Virg.
1851 881 1877 902 4.
1896 871 1994 909 Georg.
2009 883 2070 903 202.

1342 932 1348 938 .
1386 911 1424 916 —
1439 897 1568 940 aulasque
1584 901 1610 928 δε
1626 909 1703 944 cerea
1715 912 1795 939 regna
1808 906 1952 942 refingunt.
2034 912 2051 940 i.
2067 922 2090 942 e.
2113 914 2241 953 Fingunt.
2263 917 2382 948 Servius.

1271 931 1367 966 Aulai,
1390 942 1438 976 per
1447 934 1568 979 digerelin
1581 958 1590 971 ,
1613 947 1749 974 genitivus
1759 943 1833 979 apud
1855 944 1926 982 Virg.
1940 955 1963 981 3.
1976 947 2036 977 AEn.
2052 959 2113 986 354.

1271 969 1481 1013 AulasAntiqui
1498 973 1644 1009 dicebant,
1667 986 1740 1021 quas*
1753 989 1803 1008 nos
1823 980 1941 1012 dicimus
1963 984 2055 1015 Ollas:
2078 989 2140 1024 quia
2158 990 2263 1020 nullam
2277 992 2384 1023 literam

1290 1008 1478 1051 geminabant.
1515 1010 1608 1053 Itaque
1620 1013 1759 1044 AuliCOCia
1770 1023 1833 1046 exta
1843 1040 1851 1051 ‚
1883 1020 1952 1056 Quae
1962 1022 1991 1050 in
2002 1024 2070 1053 aulis
2080 1027 2269 1063 coquebantur
2309 1031 2386 1059 dice-

1291 1044 1359 1073 bant
1374 1067 1381 1080 ,
1402 1056 1420 1075 i.
1433 1056 1457 1075 e.
1480 1047 1565 1078 Elixa.
1605 1050 1673 1079 Haec
1684 1052 1750 1081 Fest.
2281 1052 2289 1065 '

1288 1082 1456 1150 pglnpffuilllic
1466 1085 1610 1122 pulchram
1621 1089 1743 1125 praedam
1755 1099 1816 1129 agat
1828 1114 1836 1128 ,
1857 1094 1938 1132 siquis
1956 1095 2032 1126 illam
2053 1100 2190 1131 invenerit
2206 1088 2296 1134 aulam
2316 1116 2386 1135 onu-

1235 1156 1408 1201 Auipca,
1432 1169 1461 1188 ae.
1483 1160 1501 1189 f.
1525 1160 1692 1205 [μ’-τεῶν]
1713 1165 1809 1196 dimin.
1834 1167 1867 1197 ab
1884 1168 1950 1198 Aula
1968 1181 2018 1208 pro
2033 1172 2105 1203 Olla.
2147 1175 2228 1207 Unde
2248 1179 2386 1211 Aulularia

1272 1194 1360 1224 Plauti
1370 1196 1561 1241 fabula-Ptin.
1576 1199 1623 1244 lib.
1639 1206 1680 1235 18.
1693 1212 1753 1239 cap.
1770 1214 1810 1233 11.
1833 1208 1972 1243 Artoptam
1984 1209 2093 1241 Plautus
2106 1214 2235 1251 appellat,
2253 1217 2281 1245 in
2294 1218 2386 1249 fabula

1273 1242 1356 1278 quam
1366 1234 1531 1279 Aululariam
1550 1236 1661 1275 scripfit.
1722 1240 1817 1279 [Lego
1828 1243 1968 1282 Inscripsit.

1234 1270 1257 1299 A
1268 1280 1285 1298 u
1295 1280 1328 1299 L1
1340 1281 1356 1299 c
1367 1282 1383 1300 u
1394 1282 1406 1300 s
1416 1294 1423 1307 ,
1447 1272 1590 1309 [αόλιῶν]
1609 1277 1670 1312 Adj.
1692 1278 1843 1316 Apparatus
1853 1281 1959 1312 aulicus
1972 1305 1980 1319 ,
2002 1284 2098 1321 Qualis
2108 1286 2178 1317 solet
2189 1288 2247 1318 fieri
2257 1291 2286 1320 in
2297 1292 2387 1323 domi-

1275 1308 1325 1337 bus
1335 1318 1429 1346 regum
1442 1311 1641 1355 apud'Sueton.
1653 1316 1681 1343 in
1693 1315 1797 1347 Domit.
1810 1328 1870 1357 cap.
1884 1330 1911 1355 4.

1274 1344 1433 1377 Lustatores
1443 1349 1533 1378 aulici.
1558 1350 1635 1380 Idem
1651 1352 1753 1383 Neron.
1771 1365 1833 1393 cap.
1843 1368 1889 1392 45.

1234 1383 1403 1414 AuLicus
1416 1407 1423 1420 ,
1446 1386 1462 1414 i.
1480 1396 1516 1416 ni.
1539 1387 1596 1423 Qui
1615 1390 1682 1419 aulae
1701 1391 1815 1422 senator
1837 1395 1874 1424 est
1888 1395 2016 1426 assiduus.
2056 1398 2129 1437 Nep.
2147 1409 2189 1436 14.
2204 1412 2226 1438 ς.
2258 1403 2387 1436 Datames

1273 1430 1331 1464 non
1342 1423 1478 1467 minorem
1490 1425 1624 1469 invidiam
1634 1427 1786 1471 auli-corum
1799 1433 1918 1471 excepit.
1959 1435 2129 1475 Suet-Calig.
2149 1448 2210 1476 cap.
2225 1450 2268 1477 19.
2302 1442 2387 1475 Causa

1273 1459 1308 1487 ab
1319 1461 1495 1491 interioribus
1505 1462 1603 1493 aulicis
1612 1466 1730 1501 prodita.

1274 1496 1345 1527 Vide
1365 1508 1559 1529 cuaiaLis.
1593 1502 1627 1531 H.
1645 1503 1683 1532 St.

1234 1533 1365 1578 AULJEA
1376 1558 1383 1570 ,
1404 1546 1491 1566 orum.
1514 1547 1541 1567 n.
1563 1539 1699 1583 [adm-222]
1719 1538 1777 1573 fere
1793 1544 1821 1572 in
1833 1545 1870 1582 pl.
1881 1545 1996 1582 legitur,
2016 1550 2042 1578 &
2054 1548 2087 1578 ab
2101 1550 2166 1580 Aula
2177 1551 2333 1590 derivatur3
2356 1555 2388 1585 Ii..

1272 1572 1399 1609 gnificat,
1421 1575 1702 1620 Ornamenta'quibus
1711 1582 1828 1617 parietes
1837 1584 1862 1612 ἃ
1873 1584 1940 1612 aulae
1950 1590 2087 1621 teguntur.
2111 1588 2182 1625 Virg.
2193 1598 2216 1625 3.
2231 1590 2328 1628 Georg.
2339 1603 2384 1628 25-

1352 1611 1598 1656 Purpureaintexti
1614 1616 1714 1646 tollant
1731 1619 1815 1648 aulaea
1835 1620 1966 1650 Britanni.
2052 1624 2104 1653 Ubi
2121 1626 2246 1662 Servius,
2270 1629 2331 1659 Hoc
2347 1631 2386 1660 se-

1272 1648 1397 1692 cundum
1408 1651 1545 1695 historiam
1555 1653 1593 1695 est
1602 1652 1743 1690 loquutus.
1765 1667 1829 1686 narn
1837 1659 1968 1695 Augustus
1978 1661 2121 1698 postquam
2130 1664 2196 1694 vicit
2206 1665 2385 1704 Britanniam,

1271 1685 1405 1730 plurimos
1414 1688 1448 1716 de
1461 1696 1577 1733 captivis
1589 1712 1596 1725 ‚
1617 1701 1685 1727 quos
1694 1693 1844 1724 adduxerat
1854 1718 1862 1729 ,
1884 1696 1999 1727 donavit
2007 1700 2042 1727 ad
2053 1700 2143 1730 officia
2158 1703 2308 1734 theatralia.
2332 1706 2386 1735 De-

1273 1723 1316 1752 dit
1334 1731 1418 1753 etiam
1433 1725 1535 1762 aulaea,
1556 1728 1637 1757 ldest
1653 1729 1805 1767 velamina,
1824 1733 1852 1761 iri
1868 1734 1967 1770 quibus
1987 1737 2151 1774 depinxerat
2169 1741 2297 1771 victorias
2315 1743 2383 1773 suas.

1271 1759 1468 1806 Et‘paulo-post
1479 1786 1487 1799 ,
1508 1764 1599 1794 iiulaea
1609 1773 1701 1810 autem
1718 1769 1791 1798 dicta
1808 1770 1872 1800 sunt
1885 1771 1919 1800 ab
1931 1773 1992 1803 aula
2009 1775 2087 1804 Attali
2101 1777 2170 1813 regis
2188 1779 2267 1814 Asiae,
2290 1781 2316 1808 in
2331 1791 2385 1817 qua

1272 1808 1393 1865 primum
1404 1808 1515 1831 inventa
1526 1802 1588 1832 sunt
1597 1804 1656 1833 vela
1668 1808 1799 1842 ingentia.
1841 1809 1923 1838 Varro
1932 1817 2026 1840 tamen
2038 1813 2199 1844 dicitaulaea
2209 1816 2337 1854 suspendi
2346 1819 2387 1848 so-

1274 1846 1330 1904 1-tire
1350 1838 1386 1867 ad
1399 1840 1600 1911 §xcipigndum
1615 1842 1773 1879 pulverem,
1795 1846 1859 1883 quia
1876 1847 1937 1877 usus
1956 1858 2072 1879 camerae
2088 1852 2275 1889 ignorabatur.
2310 1857 2387 1886 undo

1302 1885 1340 1904 or.
1356 1885 1381 1904 2.
1418 1886 1484 1906 erni.
1516 1888 1577 1913 ,54

1353 1913 1461 1943 Interea
1469 1914 1593 1952 suspensa
1601 1926 1695 1954 graves
1705 1919 1790 1949 aulaea
1804 1921 1896 1951 ruinas

1353 1951 1386 1980 In
1398 1953 1520 1996 patinam
1531 1953 1620 1984 fecere
1632 1977 1640 1988 ,
1661 1957 1796 1987 trahentia
1807 1960 1928 1996 pulveris
1940 1961 1991 1990 atri
2071 1963 2216 2001 Quantum
2231 1968 2282 1998 &c.

1274 1987 1417 2033 Aulaeum,
1439 2000 1468 2019 iri
1478 1990 1543 2028 sing.
1581 1991 1638 2022 Cic.
1652 2004 1702 2032 pro
1714 1995 1783 2024 Coel.
1797 2006 1840 2031 55-
1862 1997 1943 2026 Mimi
1953 2009 2017 2036 ergo
2033 2000 2137 2037 estjam
2153 2004 2262 2040 exitus,
2283 2015 2340 2035 non
2350 2005 2389 2037 fa.

1293 2025 1365 2069 bulae
1378 2037 1384 2055 :
1407 2037 1434 2056 in
1451 2038 1505 2065 quo
1519 2039 1603 2066 quum
1618 2030 1737 2062 clausula
1746 2043 1803 2062 non
1817 2034 1957 2065 invenitur
1968 2058 1976 2071 ‚
2002 2037 2074 2075 fugit
2087 2040 2185 2077 aliquis
2203 2052 2219 2071 e
2239 2044 2365 2075 manibus
2379 2054 2387 2076 τ

1293 2063 1398 2094 deinde
1406 2064 1521 2095 scabella
1531 2076 1718 2106 concrepant,
1741 2070 1858 2101 aulaeum
1868 2073 1982 2103 tollitur.
2004 2076 2078 2105 conf.
2092 2077 2165 2107 Non.
2179 2089 2220 2115 14.
2233 2091 2260 2116 4.

1275 2101 1367 2131 Aulaea
1378 2104 1407 2131 in
1416 2102 1496 2133 scena
1507 2105 1536 2133 in
1547 2110 1619 2135 terra
1638 2107 1742 2143 (codd.
1755 2110 1864 2139 emend.
1878 2111 2004 2147 intexta)
2020 2114 2177 2145 sternuntur
2187 2139 2194 2151 ,
2213 2119 2287 2154 quod
2297 2120 2389 2157 pistus

1292 2147 1405 2182 ornatus
1419 2148 1476 2170 erat
1486 2163 1494 2176 ,
1515 2152 1549 2171 ex
1560 2144 1674 2174 Attalica
1685 2147 1757 2183 regia
1768 2146 1884 2177 Romam
1892 2159 1979 2186 usque
1990 2151 2127 2188 perlatum
2150 2164 2202 2191 pro
2220 2157 2319 2192 quibus
2328 2180 2336 2193 ,
2358 2158 2390 2187 si-

1292 2187 1368 2221 paria
1379 2186 1443 2207 aetas
1456 2179 1588 2217 posterior
1604 2184 1721 2220 accepit.
1762 2183 1887 2215 Donatus
1907 2187 1935 2215 in
1946 2188 2106 2224 praefatione
2124 2198 2193 2221 extr.
2212 2192 2391 2225 Commenta-

1292 2225 1397 2245 riorum
1407 2215 1517 2246 suorum
1529 2219 1559 2246 in
1569 2218 1733 2250 Terentium
1744 2243 1752 2256 ,
1770 2222 1805 2251 de
1817 2222 1965 2261 Tragoedia
1975 2227 2000 2254 &
2010 2226 2166 2258 Comoedia.

1273 2252 1395 2297 Aulaeam
1411 2254 1489 2298 soem.
1511 2265 1612 2300 genere
1631 2258 1703 2287 dixit
1722 2259 1797 2288 Curt.
1811 2259 1859 2290 lib.
1871 2267 1896 2295 8.
1912 2273 1936 2297 ς.
1958 2262 1975 2291 si
1994 2262 2072 2294 locus
2091 2267 2195 2296 mendo
2212 2274 2306 2304 vacat,
2327 2270 2390 2301 Nec

1292 2300 1441 2328 quicquam
1461 2295 1593 2330 (inquit)
1613 2305 1709 2325 eorum
1723 2307 1783 2332 quae
1793 2298 1915 2329 invicem
1932 2301 2032 2336 jacisata
2045 2310 2139 2340 erant,
2161 2314 2209 2334 rex
2227 2307 2388 2344 ignorabat:

1293 2338 1379 2365 quum
1395 2330 1454 2366 post
1470 2330 1600 2374 aulaeam‚
1622 2343 1682 2370 quae
1695 2333 1782 2367 leutos
1801 2335 1971 2374 obduxerat,
1993 2340 2081 2371 staret.
2140 2342 2326 2381 [Legendum
2337 2348 2390 2376 Au-

1293 2365 1359 2401 laea,
1381 2367 1531 2403 quaelectis
1545 2371 1596 2399 ἃς.

1273 2403 1365 2433 Aulaea
1382 2405 1504 2435 Attalica.
1544 2407 1575 2436 V.
1612 2417 1713 2438 ATTA
1722 2420 1767 2439 Lu
1778 2420 1799 2441 s.

1274 2442 1399 2480 Superba
1412 2443 1504 2473 aulaea.
1527 2444 1599 2483 Virg.
1613 2455 1636 2475 1.
1647 2447 1709 2476 ffin.
1722 2451 1786 2485 697.

1235 2479 1258 2509 A
1266 2489 1284 2509 u
1293 2491 1309 2508 L
1317 2491 1341 2509 AE
1350 2491 1371 2509 A
1379 2489 1399 2508 *r
1408 2491 1426 2510 u
1435 2491 1446 2510 s
1456 2503 1463 2516 ,
1485 2492 1499 2510 a
1510 2504 1517 2517 ,
1538 2492 1595 2513 um.
1618 2484 1716 2514 Aulaeis
1732 2493 1889 2518 exornatus.

1353 2518 1473 2548 Aulaeata
1482 2519 1583 2549 domus
1595 2543 1603 2557 ,
1626 2522 1711 2552 stratis
1721 2523 1823 2555 asarota
1835 2525 1966 2563 superbis.
2061 2529 2207 2562 Mantuan.

1196 2552 1199 2554 ’
1236 2555 1438 2592 AuLicoQU
1451 2566 1503 2591 us,
1525 2558 1585 2590 Adi.
1606 2558 1719 2595 Elixus,
1741 2568 1785 2595 ut,
1809 2563 1959 2601 Aulicoqua
1968 2570 2039 2596 exta.
2061 2567 2162 2600 Festus.
2185 2572 2261 2601 conf.
2282 2573 2390 2605 Turne.

1274 2593 1301 2621 bi
1317 2594 1424 2623 Advers.
1435 2604 1480 2638 223
1490 2604 1515 2624 2.
1538 2596 1578 2625 Al.
1600 2596 1741 2628 Aulicocia
1756 2599 1799 2629 vel
1817 2601 1974 2640 Anulicoclia.
2015 2604 2044 2634 V.
2065 2615 2085 2634 A
2096 2616 2167 2636 ULA
2207 2609 2254 2639 sub
2263 2610 2309 2640 fin.

1234 2631 1384 2675 AuLAtsii
1396 2642 1433 2661 us
1462 2632 1605 2677 Lvander,
1628 2636 1783 2670 [Αὑλιὶνιεῑὲ]Ν
1803 2637 1953 2675 affro-J
1973 2641 2102 2680 Sculptor
2115 2630 2190 2682 apud
2208 2647 2276 2677 Plin.
2294 2650 2341 2686 qui
2359 2651 2389 2679 si-

1272 2678 1328 2706 gno
1336 2669 1430 2699 Dianae
1441 2669 1583 2714 Timothei
1593 2682 1676 2716 manu
1688 2673 1784 2717 effictae
1794 2697 1802 2710 ,
1824 2686 1884 2713 quae
1895 2685 1953 2707 erat
1962 2679 1990 2707 in
2002 2681 2135 2717 Apollinis
2150 2683 2267 2715 delubro
2278 2686 2371 2718 Romae

1272 2715 1357 2773 {lapus
1366 2707 1503 2774 tpelpglsi'iit.
1544 2709 1576 2738 V.
1606 2709 1674 2739 Plin.
1687 2711 1735 2741 lib.
1749 2717 1791 2749 36.
1811 2723 1872 2752 cap.
1886 2725 1910 2751 5.
1948 2716 2050 2752 [Forte
2069 2719 2219 2759 Aulonius,
2242 2710 2387 2762 Αῠλώνικῷιζ

1233 2782 1257 2813 A
1268 2792 1416 2858 zpoasugpts
1425 2805 1433 2819 ,
1455 2783 1496 2813 M.
1517 2783 1639 2815 Aulanus
1652 2785 1730 2816 Trib.
1749 2787 1870 2819 militum
1879 2811 1887 2826 ‚
1908 2800 1924 2820 a
1942 2790 1969 2821 P.
1981 2792 2076 2823 Sextio
2087 2794 2182 2834 Capua
2193 2782 2311 2835 pun-us..
2324 2800 2383 2831 Cic.

1232 2858 1255 2887 A
1263 2868 1280 2886 u
1289 2869 1306 2886 L
1315 2868 1354 2886 nii.
1363 2867 1380 2887 c
1389 2869 1398 2887 i
1409 2881 1417 2894 ,
1439 2861 1454 2896 [
1465 2858 1596 2896 Αὖλέςκοι]
1617 2860 1717 2900 Populi
1728 2862 1822 2893 Galliae
1830 2864 2019 2903 Lugdunensis
2031 2870 2105 2907 apud
2116 2869 2256 2902 caesarem.
2273 2878 2367 2905 Rauen.

1273 2895 1302 2924 V.
1326 2895 1391 2925 Caes.
1402 2907 1426 2933 7.
1443 2897 1511 2927 Bell.
1523 2898 1594 2928 Gall.
1610 2909 1653 2935 75.
1695 2900 1728 2929 V.
1751 2911 1911 2932 assuaovr
1922 2914 1992 2934 cas.

1233 2934 1255 2963 A
1265 2943 1283 2962 u
1293 2943 1309 2961 L
1319 2937 1335 2962 i}
1345 2944 1363 2962 r
1373 2944 1386 2962 E
1397 2944 1408 2964 s
1418 2957 1426 2970 ,
1448 2945 1478 2964 ae.
1501 2946 1538 2965 m.
1567 2937 1715 2973 [αὖλητῆς]
1736 2937 1832 2969 Latine
1853 2941 1956 2971 dicitur
1965 2943 2094 2974 Tibicen.
2131 2946 2189 2976 Cic.
2206 2957 2257 2983 pro
2271 2948 2382 2980 Muren.

1271 2981 1316 3006 29.
1328 2971 1416 3015 ‘Postst
1438 2983 1523 3010 quum
1531 2973 1560 3002 id
1571 2973 1670 3017 assequi
1682 2985 1739 3005 non
1751 2977 1903 3013 potuissent
1914 3001 1921 3014 ‚
1942 2980 2010 3010 istuc
2020 2982 2189 3019 potissimum
2199 2984 2261 3014 sunt
2272 2986 2383 3025 delapsi,

1269 3015 1301 3038 ut
1310 3019 1423 3039 aiuntin
1435 3011 1534 3040 Graecis
1545 3012 1694 3042 artificibus
1703 3035 1712 3048 ,
1732 3024 1779 3043 eos
1790 3015 1894 3046 auletas
1908 3017 1962 3047 effe
1974 3020 2021 3056 qui
2036 3020 2183 3051 citharoedi
2193 3021 2252 3051 fieri
2262 3033 2319 3052 non
2335 3034 2386 3062 po.

1270 3047 1384 3076 tuerint.
1425 3048 1465 3077 Al.
1486 3049 1532 3078 hic
1548 3048 1644 3087 legunt
1656 3051 1796 3082 Auloedos.

1269 3085 1380 3128 Auletes
1389 3107 1397 3120 ,
1437 3085 1602 3131 cognomen
1623 3087 1761 3118 Ptolemaei
1776 3090 1887 3128 AEgypti
1910 3093 1980 3130 regis
2005 3093 2073 3129 fuit,
2111 3094 2264 3134 Cleopatrae
2282 3100 2384 3136 patris,

1287 3132 1335 3165 qui
1346 3129 1446 3160 praeter
1454 3123 1507 3153 alia
1518 3124 1637 3162 flagitia,
1654 3127 1738 3156 etiam
1748 3128 1907 3158 choraulam
1927 3132 2067 3166 exercuit,
2094 3133 2120 3161 &
2138 3133 2207 3162 adeo
2222 3135 2251 3163 iri
2272 3146 2306 3169 eo
2327 3137 2384 3174 glo.

1288 3160 1423 3195 riabatur,
1445 3169 1476 3190 ut
1486 3172 1544 3191 non
1562 3165 1736 3194 cunctaretur
1756 3167 1907 3196 certamina
1927 3168 1956 3196 in
1971 3169 2043 3205 regia
2063 3169 2215 3206 celebrare,
2239 3174 2273 3201 ad
2285 3184 2344 3211 quae
2356 3177 2384 3205 ἀ

1287 3197 1345 3235 ipse
1355 3208 1418 3227 cum
1430 3199 1491 3229 aliis
1501 3207 1708 3232 concertaturus
1718 3204 1856 3240 prodibat.
1892 3205 1980 3241 Atque
1995 3206 2041 3234 hic
2056 3207 2093 3235 est
2111 3217 2192 3244 quem
2205 3209 2384 3243 Alexandrini

1287 3245 1447 3273 exegerunt.
1478 3238 1513 3266 de
1532 3248 1589 3275 quo
1608 3239 1688 3276 plura
1706 3241 1780 3278 apud
1804 3241 1891 3270 Strab.
1906 3242 1954 3271 lib.
1977 3252 2019 3278 17.

1288 3273 1402 3303 Auletes
1419 3275 1526 3310 dietus,
1551 3276 1616 3313 quia
1629 3277 1703 3306 tibiis
1720 3288 1817 3307 canere
1828 3301 1836 3313 ,
1858 3286 1954 3316 praeter
1973 3280 2134 3317 dignitatem
2146 3284 2266 3324 regiam,
2289 3286 2385 3317 solitus

1286 3310 1362 3340 esset.
1375 3349 1381 3354 ἱ
1395 3312 1436 3341 Ita
1445 3312 1552 3348 scribit,
1574 3315 1621 3351 qui
1633 3314 1735 3353 scripsit
1751 3316 1907 3352 historiam,
1927 3317 2067 3354 praefixam
2077 3320 2173 3356 ptimae
2192 3322 2321 3362 Epistoiae
2338 3325 2385 3355 Ci-

1286 3358 1416 3383 ceronis,
1436 3351 1500 3380 loco
1520 3353 1684 3389 argumenti.
1709 3353 1742 3382 H.
1755 3353 1793 3382 St.
1855 3354 1858 3356 ’

1267 3385 1377 3416 Auletes
1389 3387 1458 3417 alius
1467 3389 1541 3426 apud
1555 3389 1625 3426 Virg.
1642 3400 1684 3418 10.
1704 3390 1764 3419 [En.
1774 3400 1836 3428 207.

1228 3423 1392 3453 AuLizrfc
1403 3435 1454 3459 cs,
1477 3427 1644 3462 [aedanwoe‘r]
1664 3428 1726 3463 Adj.
1754 3435 1799 3462 ut,
1821 3427 1959 3458 Auleticus
1969 3429 2097 3461 calamus.
2119 3432 2186 3463 Plin.
2200 3434 2249 3466 lib.
2265 3441 2306 3467 16.
2316 3447 2380 3477 cap.

1268 3465 1312 3497 36.
1353 3462 1559 3492 Orchomenius
1575 3464 1613 3493 est
1625 3466 1760 3493 continuo
1777 3466 1912 3495 foramine
1926 3468 2055 3504 pervius,
2076 3479 2159 3507 quem
2175 3472 2383 3507 Auleticon'vo.

1266 3505 1340 3529 cant.
1380 3499 1435 3530 Hic
1447 3501 1520 3530 tibiis
1531 3501 1625 3530 utilior
1636 3523 1643 3537 ,
1665 3501 1758 3531 fistulis
1767 3501 1822 3532 ille.

1228 3548 1251 3577 A
1260 3557 1279 3576 u
1288 3550 1327 3577 sz
1336 3557 1356 3576 T
1364 3558 1381 3576 R
1390 3559 1399 3576 1
1408 3558 1420 3577 s
1432 3570 1440 3584 ,
1460 3549 1533 3577 idos.
1552 3549 1572 3577 f.
1594 3548 1751 3584 [adnm-gif]
1771 3549 1909 3580 Tibicina.

1229 3586 1414 3620 AuLicus,
1444 3586 1476 3615 V.
1500 3595 1609 3614 AULA.

1229 3623 1251 3652 A
1261 3633 1279 3651 u
1288 3634 1305 3651 L
1314 3634 1323 3651 1
1332 3633 1344 3652 s
1354 3645 1362 3659 ‚
1382 3624 1405 3652 is
1421 3623 1465 3652 vel
1477 3623 1540 3652 idis.
1564 3623 1680 3659 [Αὐλὶς]
1697 3623 1791 3652 Portus
1802 3623 1984 3655 nobilissimus
1995 3625 2110 3659 Boeotiae
2122 3631 2219 3670 oppidi
2232 3634 2320 3669 ejusd.
2332 3645 2381 3665 no.

1266 3661 1367 3696 minis,
1389 3671 1444 3697 quo
1464 3667 1655 3689 convenerunt
1671 3669 1754 3690 naves
1772 3661 1930 3692 Graecorum
1952 3665 1986 3693 ad
2005 3664 2118 3701 Troiam
2136 3669 2378 3706 proficiscentium.

1266 3697 1364 3727 Strabo
1375 3698 1423 3727 lib.
1436 3708 1460 3732 9.
1484 3697 1558 3726 Aulis
1568 3697 1691 3734 lapidosa
1700 3698 1763 3727 sane
1777 3708 1842 3734 ora,
1866 3701 1893 3730 δι
1911 3702 2096 3738 Anagreorum
2109 3707 2192 3736 vicus.
2235 3710 2329 3740 Portus
2344 3712 2381 3740 sa·
2406 3726 2410 3729 ·

1269 3745 1305 3764 ne
1315 3734 1353 3764 est
1363 3735 1560 3773 quinquaginta
1570 3735 1681 3771 capiens
1693 3745 1783 3765 naves.
1805 3738 1933 3774 quocirca
1945 3740 2101 3771 Graecorum
2112 3744 2219 3774 clallem
2240 3757 2338 3779 magno
2350 3750 2379 3777 in

1268 3779 1351 3810 portu
1360 3771 1549 3801 conscendisse
1560 3771 1646 3801 simile
1655 3773 1849 3804 veri-dixerim.
1871 3776 1980 3806 Servius
1988 3800 1996 3813 ,
2020 3779 2093 3809 Aulis
2104 3780 2189 3811 insula
2200 3783 2237 3812 est
2249 3784 2276 3812 in
2284 3778 2380 3823 ‘AEgaeo

1267 3811 1335 3839 mari
1347 3832 1354 3844 ,
1370 3811 1399 3838 in
1412 3819 1464 3846 qua
1473 3810 1651 3844 conjurarunt
1664 3809 1751 3839 Graeci
1761 3810 1786 3839 se
1797 3821 1854 3840 non
1865 3820 1929 3843 ante
1938 3815 2089 3847 reversuros
2099 3819 2134 3848 ad
2145 3822 2260 3857 patriam
2272 3844 2280 3856 ,
2298 3833 2380 3861 quam

1268 3847 1353 3882 Troja
1363 3852 1514 3882 caperetur.
1538 3847 1572 3875 ad
1583 3846 1653 3884 Virg.
1666 3858 1692 3882 4.
1709 3848 1769 3878 IEn.
1784 3853 1847 3883 426.

1267 3884 1371 3913 Pi'scosa
1381 3883 1463 3912 Aulis.
1485 3883 1568 3912 Ovid.
1582 3893 1623 3913 12.
1637 3885 1704 3914 Met.
1720 3896 1760 3914 10.
1784 3886 1915 3916 Meminit
1925 3889 1951 3918 &
1962 3889 2018 3920 Cic.
2036 3901 2057 3920 1.
2072 3892 2153 3923 Tusc.
2169 3899 2229 3925 116.

1230 3923 1251 3952 A
1262 3932 1280 3950 υ
1289 3933 1304 3949 L
1314 3931 1331 3949 o
1341 3931 1358 3949 c
1367 3931 1382 3948 R
1392 3923 1407 3949 ἒ
1416 3930 1437 3949 N
1446 3930 1459 3948 a
1469 3942 1476 3954 ,
1500 3930 1538 3950 es.
1560 3922 1741 3958 [Abzoxgn'in]
1763 3923 1934 3961 Regiuncula
1952 3928 2066 3958 minoris
2089 3932 2149 3960 ill‘iae
2159 3955 2166 3966 ,
2192 3934 2221 3961 in
2242 3941 2382 3963 conventu

1267 3960 1410 3997 apameno
1420 3979 1428 3994 ,
1449 3968 1499 3997 per
1512 3968 1593 3996 quarn
1605 3959 1639 3988 ab
1651 3961 1763 4035 11931ηέ
1775 3962 1803 3989 111
1815 3962 1958 4000 Phrygiam
1969 3965 2030 3996 itur.
2071 3967 2113 4000 Ibi
2123 3969 2251 4002 Platanus
2266 3972 2384 4002 ostendi-

1765 4009 1782 4036 q
1809 4009 1827 4030 2
2322 4018 2382 4045 tur.
