<?xml version="1.0" encoding="UTF-8"?>
<!DOCTYPE html PUBLIC "-//W3C//DTD XHTML 1.0 Transitional//EN"
    "http://www.w3.org/TR/xhtml1/DTD/xhtml1-transitional.dtd">
<html xmlns="http://www.w3.org/1999/xhtml" xml:lang="en" lang="en">
 <head>
  <title>
</title>
<meta http-equiv="Content-Type" content="text/html;charset=utf-8" />
  <meta name='ocr-system' content='tesseract 3.04.00' />
  <meta name='ocr-capabilities' content='ocr_page ocr_carea ocr_par ocr_line ocrx_word'/>
</head>
<body>
  <div class='ocr_page' id='page_1' title='image "./robertistephanil01esti_0807.png"; bbox 0 0 2600 4177; ppageno 0'>
   <div class='ocr_carea' id='block_1_1' title="bbox 523 93 818 128">
    <p class='ocr_par' dir='ltr' id='par_1_1' title="bbox 523 93 818 128">
     <span class='ocr_line' id='line_1_1' title="bbox 523 93 818 128; baseline -0.003 0"><span class='ocrx_word' id='word_1_1' title='bbox 523 95 552 128; x_wconf 91' lang='lat' dir='ltr'>C</span> <span class='ocrx_word' id='word_1_2' title='bbox 650 93 682 128; x_wconf 92' lang='lat' dir='ltr'>U</span> <span class='ocrx_word' id='word_1_3' title='bbox 778 93 818 128; x_wconf 90' lang='lat' dir='ltr'>M</span> 
     </span>
    </p>
   </div>
   <div class='ocr_carea' id='block_1_2' title="bbox 116 169 1239 437">
    <p class='ocr_par' dir='ltr' id='par_1_2' title="bbox 133 169 1234 248">
     <span class='ocr_line' id='line_1_2' title="bbox 133 169 1234 212; baseline 0.005 -13"><span class='ocrx_word' id='word_1_4' title='bbox 133 169 191 200; x_wconf 89' lang='lat' dir='ltr'>tina</span> <span class='ocrx_word' id='word_1_5' title='bbox 207 171 324 202; x_wconf 82' lang='lat' dir='ltr'>Romam</span> <span class='ocrx_word' id='word_1_6' title='bbox 336 175 457 203; x_wconf 83' lang='lat' dir='ltr'>venienti</span> <span class='ocrx_word' id='word_1_7' title='bbox 468 176 552 204; x_wconf 61' lang='lat' dir='ltr'>noctu</span> <span class='ocrx_word' id='word_1_8' title='bbox 564 175 621 204; x_wconf 89' lang='lat' dir='ltr'>duo</span> <span class='ocrx_word' id='word_1_9' title='bbox 631 176 745 210; x_wconf 84' lang='lat' dir='ltr'>juvenes</span> <span class='ocrx_word' id='word_1_10' title='bbox 755 184 818 204; x_wconf 87' lang='lat' dir='ltr'>cuin</span> <span class='ocrx_word' id='word_1_11' title='bbox 829 175 907 212; x_wconf 86' lang='lat' dir='ltr'>equis</span> <span class='ocrx_word' id='word_1_12' title='bbox 922 175 990 205; x_wconf 87' lang='lat' dir='ltr'>albis</span> <span class='ocrx_word' id='word_1_13' title='bbox 1009 175 1158 210; x_wconf 72' lang='lat' dir='ltr'>dixissent,</span> <span class='ocrx_word' id='word_1_14' title='bbox 1181 173 1234 204; x_wconf 84' lang='lat' dir='ltr'>Re-</span> 
     </span>
     <span class='ocr_line' id='line_1_3' title="bbox 134 210 874 248; baseline 0.007 -11"><span class='ocrx_word' id='word_1_15' title='bbox 134 217 196 244; x_wconf 78' lang='lat' dir='ltr'>gem</span> <span class='ocrx_word' id='word_1_16' title='bbox 209 210 313 239; x_wconf 82' lang='lat' dir='ltr'>Persem</span> <span class='ocrx_word' id='word_1_17' title='bbox 323 211 371 240; x_wconf 90' lang='lat' dir='ltr'>illo</span> <span class='ocrx_word' id='word_1_18' title='bbox 386 212 431 240; x_wconf 88' lang='lat' dir='ltr'>die</span> <span class='ocrx_word' id='word_1_19' title='bbox 447 222 577 248; x_wconf 83' lang='lat' dir='ltr'>captum,</span> <span class='ocrx_word' id='word_1_20' title='bbox 599 213 713 241; x_wconf 76' lang='lat' dir='ltr'>Senatui</span> <span class='ocrx_word' id='word_1_21' title='bbox 729 214 874 242; x_wconf 82' lang='lat' dir='ltr'>nuntiavit.</span> 
     </span>
    </p>

    <p class='ocr_par' dir='ltr' id='par_1_3' title="bbox 116 245 1165 287">
     <span class='ocr_line' id='line_1_4' title="bbox 116 245 1165 287; baseline 0.004 -13"><span class='ocrx_word' id='word_1_22' title='bbox 116 245 188 275; x_wconf 87' lang='lat' dir='ltr'>Cum</span> <span class='ocrx_word' id='word_1_23' title='bbox 198 247 315 277; x_wconf 86' lang='lat' dir='ltr'>falcibus</span> <span class='ocrx_word' id='word_1_24' title='bbox 328 249 406 277; x_wconf 87' lang='lat' dir='ltr'>multi</span> <span class='ocrx_word' id='word_1_25' title='bbox 417 256 566 287; x_wconf 84' lang='lat' dir='ltr'>purgarunt</span> <span class='ocrx_word' id='word_1_26' title='bbox 577 250 778 285; x_wconf 84' lang='lat' dir='ltr'>&amp;aperuerunt</span> <span class='ocrx_word' id='word_1_27' title='bbox 788 251 892 280; x_wconf 89' lang='lat' dir='ltr'>locum.</span> <span class='ocrx_word' id='word_1_28' title='bbox 914 252 972 280; x_wconf 85' lang='lat' dir='ltr'><strong>Cic.</strong></span> <span class='ocrx_word' id='word_1_29' title='bbox 987 262 1009 285; x_wconf 83' lang='grc' dir='ltr'>ς.</span> <span class='ocrx_word' id='word_1_30' title='bbox 1024 250 1106 279; x_wconf 83' lang='lat' dir='ltr'>Tusc.</span> <span class='ocrx_word' id='word_1_31' title='bbox 1119 253 1165 284; x_wconf 67' lang='lat'>65.</span> 
     </span>
    </p>

    <p class='ocr_par' dir='ltr' id='par_1_4' title="bbox 118 283 1238 390">
     <span class='ocr_line' id='line_1_5' title="bbox 118 283 1236 325; baseline 0.002 -13"><span class='ocrx_word' id='word_1_32' title='bbox 118 283 190 313; x_wconf 83' lang='lat' dir='ltr'>Cum</span> <span class='ocrx_word' id='word_1_33' title='bbox 202 285 274 313; x_wconf 84' lang='lat' dir='ltr'>ferro</span> <span class='ocrx_word' id='word_1_34' title='bbox 285 286 591 320; x_wconf 87' lang='lat' dir='ltr'>inaliqueminvadere.</span> <span class='ocrx_word' id='word_1_35' title='bbox 632 287 689 316; x_wconf 91' lang='lat' dir='ltr'>Cic.</span> <span class='ocrx_word' id='word_1_36' title='bbox 704 297 754 325; x_wconf 89' lang='lat' dir='ltr'>pro</span> <span class='ocrx_word' id='word_1_37' title='bbox 767 288 858 317; x_wconf 82' lang='lat' dir='ltr'>Caecin</span> <span class='ocrx_word' id='word_1_38' title='bbox 881 297 925 319; x_wconf 67' lang='grc' dir='ltr'>ας.</span> <span class='ocrx_word' id='word_1_39' title='bbox 960 288 1000 316; x_wconf 78' lang='lat' dir='ltr'>De</span> <span class='ocrx_word' id='word_1_40' title='bbox 1022 287 1048 316; x_wconf 88' lang='lat' dir='ltr'>se</span> <span class='ocrx_word' id='word_1_41' title='bbox 1069 295 1160 316; x_wconf 80' lang='lat' dir='ltr'>auten-i</span> <span class='ocrx_word' id='word_1_42' title='bbox 1181 286 1236 315; x_wconf 89' lang='lat' dir='ltr'>hoc</span> 
     </span>
     <span class='ocr_line' id='line_1_6' title="bbox 138 322 1238 364; baseline 0.002 -14"><span class='ocrx_word' id='word_1_43' title='bbox 138 322 272 357; x_wconf 77' lang='lat' dir='ltr'>praedicat</span> <span class='ocrx_word' id='word_1_44' title='bbox 282 344 289 353; x_wconf 86' lang='lat'>.</span> <span class='ocrx_word' id='word_1_45' title='bbox 312 323 447 351; x_wconf 77' lang='lat' dir='ltr'><strong>Antiocho</strong></span> <span class='ocrx_word' id='word_1_46' title='bbox 464 322 567 352; x_wconf 81' lang='lat' dir='ltr'>AEburi&#39;i</span> <span class='ocrx_word' id='word_1_47' title='bbox 577 323 654 354; x_wconf 87' lang='lat' dir='ltr'>servo</span> <span class='ocrx_word' id='word_1_48' title='bbox 666 323 811 364; x_wconf 77' lang='lat' dir='ltr'>imperasse</span> <span class='ocrx_word' id='word_1_49' title='bbox 822 347 830 361; x_wconf 79' lang='lat'>,</span> <span class='ocrx_word' id='word_1_50' title='bbox 852 333 881 355; x_wconf 94' lang='lat' dir='ltr'>ut</span> <span class='ocrx_word' id='word_1_51' title='bbox 896 327 924 355; x_wconf 93' lang='lat' dir='ltr'>in</span> <span class='ocrx_word' id='word_1_52' title='bbox 938 326 1075 355; x_wconf 63' lang='lat' dir='ltr'>Caecinam</span> <span class='ocrx_word' id='word_1_53' title='bbox 1087 324 1238 354; x_wconf 85' lang='lat' dir='ltr'>advenien-</span> 
     </span>
     <span class='ocr_line' id='line_1_7' title="bbox 137 360 509 390; baseline 0.005 -3"><span class='ocrx_word' id='word_1_54' title='bbox 137 365 194 388; x_wconf 87' lang='lat' dir='ltr'>tem</span> <span class='ocrx_word' id='word_1_55' title='bbox 202 369 267 388; x_wconf 88' lang='lat' dir='ltr'>cum</span> <span class='ocrx_word' id='word_1_56' title='bbox 278 360 349 389; x_wconf 83' lang='lat' dir='ltr'>ferro</span> <span class='ocrx_word' id='word_1_57' title='bbox 357 360 509 390; x_wconf 86' lang='lat' dir='ltr'>invaderet.</span> 
     </span>
    </p>

    <p class='ocr_par' dir='ltr' id='par_1_5' title="bbox 119 397 1239 437">
     <span class='ocr_line' id='line_1_8' title="bbox 119 397 1239 437; baseline 0.002 -13"><span class='ocrx_word' id='word_1_58' title='bbox 119 397 191 425; x_wconf 88' lang='lat' dir='ltr'>Cum</span> <span class='ocrx_word' id='word_1_59' title='bbox 202 397 265 425; x_wconf 85' lang='lat' dir='ltr'>fide.</span> <span class='ocrx_word' id='word_1_60' title='bbox 289 397 346 426; x_wconf 83' lang='lat' dir='ltr'>Cic.</span> <span class='ocrx_word' id='word_1_61' title='bbox 358 407 384 426; x_wconf 82' lang='lat'>².</span> <span class='ocrx_word' id='word_1_62' title='bbox 397 397 433 425; x_wconf 91' lang='lat' dir='ltr'>de</span> <span class='ocrx_word' id='word_1_63' title='bbox 443 397 542 434; x_wconf 81' lang='lat' dir='ltr'>Orat.3</span> <span class='ocrx_word' id='word_1_64' title='bbox 570 410 592 433; x_wconf 82' lang='grc' dir='ltr'>ς.</span> <span class='ocrx_word' id='word_1_65' title='bbox 615 399 671 428; x_wconf 88' lang='lat' dir='ltr'>Erit</span> <span class='ocrx_word' id='word_1_66' title='bbox 685 399 885 437; x_wconf 79' lang='lat' dir='ltr'>explicandum</span> <span class='ocrx_word' id='word_1_67' title='bbox 899 400 925 428; x_wconf 89' lang='lat' dir='ltr'>in</span> <span class='ocrx_word' id='word_1_68' title='bbox 938 400 1018 429; x_wconf 85' lang='lat' dir='ltr'>laude</span> <span class='ocrx_word' id='word_1_69' title='bbox 1032 398 1150 435; x_wconf 64' lang='lat' dir='ltr'>justitiae,</span> <span class='ocrx_word' id='word_1_70' title='bbox 1172 397 1239 435; x_wconf 88' lang='lat' dir='ltr'>quid</span> 
     </span>
    </p>
   </div>
   <div class='ocr_carea' id='block_1_3' title="bbox 139 434 1238 501">
    <p class='ocr_par' dir='ltr' id='par_1_6' title="bbox 139 434 1238 501">
     <span class='ocr_line' id='line_1_9' title="bbox 139 434 1238 500; baseline 0.003 -38"><span class='ocrx_word' id='word_1_71' title='bbox 139 444 203 500; x_wconf 78' lang='lat' dir='ltr'>lcum</span> <span class='ocrx_word' id='word_1_72' title='bbox 213 434 374 500; x_wconf 44' lang='lat' dir='ltr'>fiFthqtrerid</span> <span class='ocrx_word' id='word_1_73' title='bbox 394 443 459 464; x_wconf 89' lang='lat' dir='ltr'>cum</span> <span class='ocrx_word' id='word_1_74' title='bbox 481 446 559 472; x_wconf 85' lang='lat' dir='ltr'>aequa</span> <span class='ocrx_word' id='word_1_75' title='bbox 581 437 688 472; x_wconf 67' lang='lat' dir='ltr'>nitate,</span> <span class='ocrx_word' id='word_1_76' title='bbox 710 439 778 475; x_wconf 89' lang='lat' dir='ltr'>quid</span> <span class='ocrx_word' id='word_1_77' title='bbox 796 448 860 467; x_wconf 88' lang='lat' dir='ltr'>cum</span> <span class='ocrx_word' id='word_1_78' title='bbox 881 437 1035 473; x_wconf 82' lang='lat' dir='ltr'>ejusmodi,</span> <span class='ocrx_word' id='word_1_79' title='bbox 1057 438 1108 469; x_wconf 70' lang='grc' dir='ltr'>ἃς.</span> <span class='ocrx_word' id='word_1_80' title='bbox 1131 436 1238 466; x_wconf 80' lang='lat' dir='ltr'>fecerit.</span> 
     </span>
     <span class='ocr_line' id='line_1_10' title="bbox 148 481 366 501; baseline 0 -1"><span class='ocrx_word' id='word_1_81' title='bbox 148 482 167 501; x_wconf 83' lang='lat' dir='ltr'>i.</span> <span class='ocrx_word' id='word_1_82' title='bbox 180 481 205 501; x_wconf 87' lang='lat' dir='ltr'>e.</span> <span class='ocrx_word' id='word_1_83' title='bbox 247 481 255 499; x_wconf 93' lang='lat' dir='ltr'>i</span> <span class='ocrx_word' id='word_1_84' title='bbox 306 481 314 499; x_wconf 86' lang='lat'>1</span> <span class='ocrx_word' id='word_1_85' title='bbox 346 481 366 500; x_wconf 91' lang='lat' dir='ltr'>r.</span> 
     </span>
    </p>
   </div>
   <div class='ocr_carea' id='block_1_4' title="bbox 101 508 1260 3843">
    <p class='ocr_par' dir='ltr' id='par_1_7' title="bbox 120 508 953 624">
     <span class='ocr_line' id='line_1_11' title="bbox 120 508 741 548; baseline 0.003 -9"><span class='ocrx_word' id='word_1_86' title='bbox 120 509 194 539; x_wconf 86' lang='lat' dir='ltr'>Cum</span> <span class='ocrx_word' id='word_1_87' title='bbox 202 508 257 537; x_wconf 88' lang='lat' dir='ltr'>fide</span> <span class='ocrx_word' id='word_1_88' title='bbox 265 517 363 545; x_wconf 84' lang='lat' dir='ltr'>magna</span> <span class='ocrx_word' id='word_1_89' title='bbox 373 509 423 539; x_wconf 93' lang='lat' dir='ltr'>vir.</span> <span class='ocrx_word' id='word_1_90' title='bbox 447 509 532 540; x_wconf 86' lang='lat' dir='ltr'>Plaut.</span> <span class='ocrx_word' id='word_1_91' title='bbox 544 510 622 540; x_wconf 88' lang='lat' dir='ltr'>Trin.</span> <span class='ocrx_word' id='word_1_92' title='bbox 633 523 660 547; x_wconf 83' lang='lat'>4.</span> <span class='ocrx_word' id='word_1_93' title='bbox 673 523 698 546; x_wconf 88' lang='lat'>4.</span> <span class='ocrx_word' id='word_1_94' title='bbox 716 521 741 548; x_wconf 77' lang='lat'>3.</span> 
     </span>
     <span class='ocr_line' id='line_1_12' title="bbox 213 544 822 581; baseline 0.005 -7"><span class='ocrx_word' id='word_1_95' title='bbox 213 544 335 581; x_wconf 83' lang='lat' dir='ltr'>Qualine</span> <span class='ocrx_word' id='word_1_96' title='bbox 345 548 434 576; x_wconf 86' lang='lat' dir='ltr'>arnico</span> <span class='ocrx_word' id='word_1_97' title='bbox 445 557 506 577; x_wconf 91' lang='lat' dir='ltr'>mea</span> <span class='ocrx_word' id='word_1_98' title='bbox 516 550 713 579; x_wconf 85' lang='lat' dir='ltr'>commendavi</span> <span class='ocrx_word' id='word_1_99' title='bbox 727 549 822 578; x_wconf 77' lang='lat' dir='ltr'>bona?</span> 
     </span>
     <span class='ocr_line' id='line_1_13' title="bbox 213 583 953 624; baseline 0.009 -14"><span class='ocrx_word' id='word_1_100' title='bbox 213 591 266 612; x_wconf 76' lang='lat' dir='ltr'>CA.</span> <span class='ocrx_word' id='word_1_101' title='bbox 289 583 376 614; x_wconf 84' lang='lat' dir='ltr'>Probo</span> <span class='ocrx_word' id='word_1_102' title='bbox 389 587 414 615; x_wconf 70' lang='grc' dir='ltr'>ἅ</span> <span class='ocrx_word' id='word_1_103' title='bbox 426 585 500 615; x_wconf 78' lang='lat' dir='ltr'>fideii</span> <span class='ocrx_word' id='word_1_104' title='bbox 518 588 543 616; x_wconf 69' lang='grc' dir='ltr'>δε</span> <span class='ocrx_word' id='word_1_105' title='bbox 554 587 613 616; x_wconf 78' lang='lat' dir='ltr'>fido</span> <span class='ocrx_word' id='word_1_106' title='bbox 628 609 636 621; x_wconf 83' lang='lat'>‚</span> <span class='ocrx_word' id='word_1_107' title='bbox 658 590 684 617; x_wconf 84' lang='lat'>&amp;</span> <span class='ocrx_word' id='word_1_108' title='bbox 698 596 763 616; x_wconf 84' lang='lat' dir='ltr'>curn</span> <span class='ocrx_word' id='word_1_109' title='bbox 776 597 874 624; x_wconf 70' lang='lat' dir='ltr'>magna</span> <span class='ocrx_word' id='word_1_110' title='bbox 889 587 953 617; x_wconf 78' lang='lat' dir='ltr'>fide.</span> 
     </span>
    </p>

    <p class='ocr_par' dir='ltr' id='par_1_8' title="bbox 121 620 920 664">
     <span class='ocr_line' id='line_1_14' title="bbox 121 620 920 664; baseline 0.004 -13"><span class='ocrx_word' id='word_1_111' title='bbox 121 620 193 651; x_wconf 88' lang='lat' dir='ltr'>Cum</span> <span class='ocrx_word' id='word_1_112' title='bbox 206 620 270 664; x_wconf 75' lang='lat' dir='ltr'>fuga</span> <span class='ocrx_word' id='word_1_113' title='bbox 280 622 440 652; x_wconf 68' lang='lat' dir='ltr'>conscensio</span> <span class='ocrx_word' id='word_1_114' title='bbox 456 624 482 652; x_wconf 92' lang='lat' dir='ltr'>in</span> <span class='ocrx_word' id='word_1_115' title='bbox 495 633 587 653; x_wconf 86' lang='lat' dir='ltr'>naves.</span> <span class='ocrx_word' id='word_1_116' title='bbox 611 625 670 654; x_wconf 85' lang='lat' dir='ltr'>Cic.</span> <span class='ocrx_word' id='word_1_117' title='bbox 684 635 707 654; x_wconf 87' lang='lat'>1.</span> <span class='ocrx_word' id='word_1_118' title='bbox 726 625 761 653; x_wconf 88' lang='lat' dir='ltr'>de</span> <span class='ocrx_word' id='word_1_119' title='bbox 771 624 864 654; x_wconf 89' lang='lat' dir='ltr'>Divin.</span> <span class='ocrx_word' id='word_1_120' title='bbox 876 629 920 658; x_wconf 78' lang='lat'>68.</span> 
     </span>
    </p>

    <p class='ocr_par' dir='ltr' id='par_1_9' title="bbox 121 658 1242 730">
     <span class='ocr_line' id='line_1_15' title="bbox 121 658 1242 700; baseline 0.001 -12"><span class='ocrx_word' id='word_1_121' title='bbox 121 658 191 688; x_wconf 88' lang='lat' dir='ltr'>Cum</span> <span class='ocrx_word' id='word_1_122' title='bbox 204 665 287 694; x_wconf 83' lang='lat' dir='ltr'>gratia</span> <span class='ocrx_word' id='word_1_123' title='bbox 298 659 372 689; x_wconf 91' lang='lat' dir='ltr'>bona</span> <span class='ocrx_word' id='word_1_124' title='bbox 383 661 523 692; x_wconf 85' lang='lat' dir='ltr'>dimittere</span> <span class='ocrx_word' id='word_1_125' title='bbox 531 662 661 700; x_wconf 81' lang='lat' dir='ltr'>aliquem.</span> <span class='ocrx_word' id='word_1_126' title='bbox 702 661 762 692; x_wconf 92' lang='lat' dir='ltr'><strong>Cic.</strong></span> <span class='ocrx_word' id='word_1_127' title='bbox 775 663 811 692; x_wconf 86' lang='lat' dir='ltr'>de</span> <span class='ocrx_word' id='word_1_128' title='bbox 821 663 888 692; x_wconf 87' lang='lat' dir='ltr'>Fato</span> <span class='ocrx_word' id='word_1_129' title='bbox 905 672 932 699; x_wconf 88' lang='lat'>7.</span> <span class='ocrx_word' id='word_1_130' title='bbox 954 661 1039 699; x_wconf 84' lang='lat' dir='ltr'>Quod</span> <span class='ocrx_word' id='word_1_131' title='bbox 1047 660 1146 698; x_wconf 82' lang='lat' dir='ltr'>vulgus</span> <span class='ocrx_word' id='word_1_132' title='bbox 1155 659 1225 690; x_wconf 88' lang='lat' dir='ltr'>dicit</span> <span class='ocrx_word' id='word_1_133' title='bbox 1233 681 1242 696; x_wconf 73' lang='lat' dir='ltr'>n</span> 
     </span>
     <span class='ocr_line' id='line_1_16' title="bbox 142 694 484 730; baseline 0.003 -6"><span class='ocrx_word' id='word_1_134' title='bbox 142 696 178 724; x_wconf 84' lang='lat' dir='ltr'>Ut</span> <span class='ocrx_word' id='word_1_135' title='bbox 186 694 219 730; x_wconf 78' lang='lat' dir='ltr'>sit</span> <span class='ocrx_word' id='word_1_136' title='bbox 230 704 356 725; x_wconf 71' lang='lat' dir='ltr'>contentus</span> <span class='ocrx_word' id='word_1_137' title='bbox 367 699 396 725; x_wconf 76' lang='lat' dir='ltr'>de</span> <span class='ocrx_word' id='word_1_138' title='bbox 409 698 484 728; x_wconf 76' lang='lat' dir='ltr'>nobis.</span> 
     </span>
    </p>

    <p class='ocr_par' dir='ltr' id='par_1_10' title="bbox 119 733 700 773">
     <span class='ocr_line' id='line_1_17' title="bbox 119 733 700 773; baseline 0.007 -11"><span class='ocrx_word' id='word_1_139' title='bbox 119 733 193 762; x_wconf 88' lang='lat' dir='ltr'>Cum</span> <span class='ocrx_word' id='word_1_140' title='bbox 206 733 330 764; x_wconf 81' lang='lat' dir='ltr'>hostibus</span> <span class='ocrx_word' id='word_1_141' title='bbox 343 745 472 773; x_wconf 77' lang='lat' dir='ltr'><strong>pangere.</strong></span> <span class='ocrx_word' id='word_1_142' title='bbox 513 736 544 766; x_wconf 93' lang='lat' dir='ltr'>V.</span> <span class='ocrx_word' id='word_1_143' title='bbox 566 746 607 766; x_wconf 71' lang='grc' dir='ltr'>ΡΑ</span> <span class='ocrx_word' id='word_1_144' title='bbox 617 746 637 765; x_wconf 69' lang='grc' dir='ltr'><strong>Ν</strong></span> <span class='ocrx_word' id='word_1_145' title='bbox 646 746 664 765; x_wconf 81' lang='lat' dir='ltr'>c</span> <span class='ocrx_word' id='word_1_146' title='bbox 673 746 700 765; x_wconf 90' lang='lat' dir='ltr'>o.</span> 
     </span>
    </p>

    <p class='ocr_par' dir='ltr' id='par_1_11' title="bbox 121 771 1246 924">
     <span class='ocr_line' id='line_1_18' title="bbox 121 771 1246 811; baseline 0.003 -12"><span class='ocrx_word' id='word_1_147' title='bbox 121 771 193 800; x_wconf 90' lang='lat' dir='ltr'>Cum</span> <span class='ocrx_word' id='word_1_148' title='bbox 205 772 323 809; x_wconf 84' lang='lat' dir='ltr'>imperio</span> <span class='ocrx_word' id='word_1_149' title='bbox 333 772 387 802; x_wconf 86' lang='lat' dir='ltr'>esse</span> <span class='ocrx_word' id='word_1_150' title='bbox 399 773 544 803; x_wconf 83' lang='lat' dir='ltr'>dicebatur</span> <span class='ocrx_word' id='word_1_151' title='bbox 554 775 629 811; x_wconf 83' lang='lat' dir='ltr'>apud</span> <span class='ocrx_word' id='word_1_152' title='bbox 640 775 768 811; x_wconf 85' lang='lat' dir='ltr'>antiquos</span> <span class='ocrx_word' id='word_1_153' title='bbox 778 795 786 809; x_wconf 84' lang='lat'><strong><em>‚</em></strong></span> <span class='ocrx_word' id='word_1_154' title='bbox 809 774 861 803; x_wconf 90' lang='lat' dir='ltr'>Cui</span> <span class='ocrx_word' id='word_1_155' title='bbox 876 774 1041 804; x_wconf 89' lang='lat' dir='ltr'>nominatim</span> <span class='ocrx_word' id='word_1_156' title='bbox 1055 783 1070 802; x_wconf 91' lang='lat' dir='ltr'>a</span> <span class='ocrx_word' id='word_1_157' title='bbox 1103 773 1189 811; x_wconf 87' lang='lat' dir='ltr'>opulo</span> <span class='ocrx_word' id='word_1_158' title='bbox 1198 772 1246 802; x_wconf 87' lang='lat' dir='ltr'>da-</span> 
     </span>
     <span class='ocr_line' id='line_1_19' title="bbox 141 783 1246 848; baseline 0.001 -11"><span class='ocrx_word' id='word_1_159' title='bbox 141 809 221 838; x_wconf 86' lang='lat' dir='ltr'>batur</span> <span class='ocrx_word' id='word_1_160' title='bbox 231 810 396 847; x_wconf 80' lang='lat' dir='ltr'>imperium,</span> <span class='ocrx_word' id='word_1_161' title='bbox 417 818 448 840; x_wconf 87' lang='lat' dir='ltr'>ut</span> <span class='ocrx_word' id='word_1_162' title='bbox 459 812 497 840; x_wconf 85' lang='lat' dir='ltr'>ait</span> <span class='ocrx_word' id='word_1_163' title='bbox 511 812 609 840; x_wconf 84' lang='lat' dir='ltr'>Festus.</span> <span class='ocrx_word' id='word_1_164' title='bbox 631 810 690 841; x_wconf 89' lang='lat' dir='ltr'>Cic.</span> <span class='ocrx_word' id='word_1_165' title='bbox 704 813 739 841; x_wconf 89' lang='lat' dir='ltr'>de</span> <span class='ocrx_word' id='word_1_166' title='bbox 754 813 865 841; x_wconf 59' lang='lat' dir='ltr'>Senect.</span> <span class='ocrx_word' id='word_1_167' title='bbox 879 816 924 846; x_wconf 73' lang='grc'>64.</span> <span class='ocrx_word' id='word_1_168' title='bbox 946 812 1044 848; x_wconf 85' lang='lat' dir='ltr'>Neque</span> <span class='ocrx_word' id='word_1_169' title='bbox 1056 783 1143 840; x_wconf 58' lang='lat' dir='ltr'>soi&#39;um</span> <span class='ocrx_word' id='word_1_170' title='bbox 1155 811 1246 839; x_wconf 86' lang='lat' dir='ltr'>hono-</span> 
     </span>
     <span class='ocr_line' id='line_1_20' title="bbox 138 848 1244 888; baseline 0.002 -13"><span class='ocrx_word' id='word_1_171' title='bbox 138 854 168 875; x_wconf 84' lang='lat' dir='ltr'>re</span> <span class='ocrx_word' id='word_1_172' title='bbox 177 848 407 878; x_wconf 83' lang='lat' dir='ltr'>antecedentibus</span> <span class='ocrx_word' id='word_1_173' title='bbox 417 870 425 883; x_wconf 82' lang='lat'><strong>‚</strong></span> <span class='ocrx_word' id='word_1_174' title='bbox 446 849 492 878; x_wconf 86' lang='lat' dir='ltr'>sed</span> <span class='ocrx_word' id='word_1_175' title='bbox 507 850 540 879; x_wconf 87' lang='lat' dir='ltr'>iis</span> <span class='ocrx_word' id='word_1_176' title='bbox 550 850 632 879; x_wconf 90' lang='lat' dir='ltr'>etiam</span> <span class='ocrx_word' id='word_1_177' title='bbox 643 869 652 884; x_wconf 81' lang='lat'>‚</span> <span class='ocrx_word' id='word_1_178' title='bbox 675 851 720 886; x_wconf 92' lang='lat' dir='ltr'>qui</span> <span class='ocrx_word' id='word_1_179' title='bbox 733 859 797 879; x_wconf 90' lang='lat' dir='ltr'>curn</span> <span class='ocrx_word' id='word_1_180' title='bbox 809 851 928 888; x_wconf 79' lang='lat' dir='ltr'>imperio</span> <span class='ocrx_word' id='word_1_181' title='bbox 940 849 1002 879; x_wconf 88' lang='lat' dir='ltr'>sunt</span> <span class='ocrx_word' id='word_1_182' title='bbox 1010 871 1019 885; x_wconf 88' lang='lat'>,</span> <span class='ocrx_word' id='word_1_183' title='bbox 1045 850 1166 884; x_wconf 81' lang='lat' dir='ltr'>majores</span> <span class='ocrx_word' id='word_1_184' title='bbox 1176 854 1244 878; x_wconf 85' lang='lat' dir='ltr'>natu</span> 
     </span>
     <span class='ocr_line' id='line_1_21' title="bbox 138 893 486 924; baseline 0.003 -10"><span class='ocrx_word' id='word_1_185' title='bbox 138 894 256 923; x_wconf 80' lang='lat' dir='ltr'>augures</span> <span class='ocrx_word' id='word_1_186' title='bbox 270 893 486 924; x_wconf 89' lang='lat' dir='ltr'>anteponuntur.</span> 
     </span>
    </p>

    <p class='ocr_par' dir='ltr' id='par_1_12' title="bbox 121 922 1029 967">
     <span class='ocr_line' id='line_1_22' title="bbox 121 922 1029 967; baseline 0.003 -15"><span class='ocrx_word' id='word_1_187' title='bbox 121 922 193 953; x_wconf 87' lang='lat' dir='ltr'>Cum</span> <span class='ocrx_word' id='word_1_188' title='bbox 202 924 319 961; x_wconf 88' lang='lat' dir='ltr'>imperio</span> <span class='ocrx_word' id='word_1_189' title='bbox 330 923 443 961; x_wconf 87' lang='lat' dir='ltr'>publico</span> <span class='ocrx_word' id='word_1_190' title='bbox 459 924 581 967; x_wconf 63' lang='lat' dir='ltr'>legatum</span> <span class='ocrx_word' id='word_1_191' title='bbox 594 923 657 953; x_wconf 81' lang='lat' dir='ltr'>effe.</span> <span class='ocrx_word' id='word_1_192' title='bbox 679 923 766 954; x_wconf 85' lang='lat' dir='ltr'>Plaut.</span> <span class='ocrx_word' id='word_1_193' title='bbox 779 922 894 955; x_wconf 89' lang='lat' dir='ltr'>Trucul.</span> <span class='ocrx_word' id='word_1_194' title='bbox 910 934 933 954; x_wconf 86' lang='lat'>1.</span> <span class='ocrx_word' id='word_1_195' title='bbox 948 933 972 955; x_wconf 80' lang='lat'>1.</span> <span class='ocrx_word' id='word_1_196' title='bbox 983 933 1029 962; x_wconf 80' lang='lat'>74.</span> 
     </span>
    </p>

    <p class='ocr_par' dir='ltr' id='par_1_13' title="bbox 202 961 958 1036">
     <span class='ocr_line' id='line_1_23' title="bbox 202 961 958 998; baseline 0.004 -8"><span class='ocrx_word' id='word_1_197' title='bbox 202 961 274 990; x_wconf 88' lang='lat' dir='ltr'>Nam</span> <span class='ocrx_word' id='word_1_198' title='bbox 285 971 336 998; x_wconf 81' lang='lat' dir='ltr'>ego</span> <span class='ocrx_word' id='word_1_199' title='bbox 349 961 455 991; x_wconf 88' lang='lat' dir='ltr'>Lemno</span> <span class='ocrx_word' id='word_1_200' title='bbox 466 963 585 992; x_wconf 86' lang='lat' dir='ltr'>advenio</span> <span class='ocrx_word' id='word_1_201' title='bbox 651 971 715 991; x_wconf 89' lang='lat' dir='ltr'>enas</span> <span class='ocrx_word' id='word_1_202' title='bbox 730 962 832 991; x_wconf 89' lang='lat' dir='ltr'>nudius</span> <span class='ocrx_word' id='word_1_203' title='bbox 843 963 941 993; x_wconf 87' lang='lat' dir='ltr'>tertius</span> <span class='ocrx_word' id='word_1_204' title='bbox 949 984 958 998; x_wconf 89' lang='lat'>,</span> 
     </span>
     <span class='ocr_line' id='line_1_24' title="bbox 204 999 856 1036; baseline 0.003 -9"><span class='ocrx_word' id='word_1_205' title='bbox 204 999 321 1036; x_wconf 82' lang='lat' dir='ltr'>Legatus</span> <span class='ocrx_word' id='word_1_206' title='bbox 332 999 398 1028; x_wconf 83' lang='lat' dir='ltr'>hinc</span> <span class='ocrx_word' id='word_1_207' title='bbox 408 1008 463 1036; x_wconf 90' lang='lat' dir='ltr'>quo</span> <span class='ocrx_word' id='word_1_208' title='bbox 474 1008 538 1029; x_wconf 90' lang='lat' dir='ltr'>cum</span> <span class='ocrx_word' id='word_1_209' title='bbox 551 999 608 1036; x_wconf 88' lang='lat' dir='ltr'>pub</span> <span class='ocrx_word' id='word_1_210' title='bbox 621 1008 665 1028; x_wconf 89' lang='lat' dir='ltr'>ico</span> <span class='ocrx_word' id='word_1_211' title='bbox 677 1000 715 1028; x_wconf 89' lang='lat' dir='ltr'>im</span> <span class='ocrx_word' id='word_1_212' title='bbox 739 1001 795 1028; x_wconf 90' lang='lat' dir='ltr'>erio</span> <span class='ocrx_word' id='word_1_213' title='bbox 807 1000 856 1029; x_wconf 85' lang='lat' dir='ltr'>fui.</span> 
     </span>
    </p>

    <p class='ocr_par' dir='ltr' id='par_1_14' title="bbox 121 1009 1211 1074">
     <span class='ocr_line' id='line_1_25' title="bbox 121 1009 1211 1074; baseline 0.001 -9"><span class='ocrx_word' id='word_1_214' title='bbox 121 1036 193 1066; x_wconf 87' lang='lat' dir='ltr'>Cum</span> <span class='ocrx_word' id='word_1_215' title='bbox 202 1037 296 1066; x_wconf 84' lang='lat' dir='ltr'>labore</span> <span class='ocrx_word' id='word_1_216' title='bbox 306 1036 423 1073; x_wconf 82' lang='lat' dir='ltr'>operoso</span> <span class='ocrx_word' id='word_1_217' title='bbox 432 1046 464 1067; x_wconf 91' lang='lat' dir='ltr'>ac</span> <span class='ocrx_word' id='word_1_218' title='bbox 474 1037 589 1066; x_wconf 88' lang='lat' dir='ltr'>molesto</span> <span class='ocrx_word' id='word_1_219' title='bbox 599 1037 691 1070; x_wconf 73' lang='lat' dir='ltr'>moliti</span> <span class='ocrx_word' id='word_1_220' title='bbox 701 1009 816 1074; x_wconf 75' lang='lat' dir='ltr'>aliquid.</span> <span class='ocrx_word' id='word_1_221' title='bbox 839 1038 898 1067; x_wconf 90' lang='lat' dir='ltr'>Cic.</span> <span class='ocrx_word' id='word_1_222' title='bbox 910 1046 936 1066; x_wconf 87' lang='lat'>2.</span> <span class='ocrx_word' id='word_1_223' title='bbox 947 1038 982 1066; x_wconf 88' lang='lat' dir='ltr'>de</span> <span class='ocrx_word' id='word_1_224' title='bbox 990 1036 1053 1067; x_wconf 85' lang='lat' dir='ltr'>Nat.</span> <span class='ocrx_word' id='word_1_225' title='bbox 1066 1037 1149 1067; x_wconf 89' lang='lat' dir='ltr'>Dcor.</span> <span class='ocrx_word' id='word_1_226' title='bbox 1168 1046 1211 1073; x_wconf 77' lang='lat'>59.</span> 
     </span>
    </p>

    <p class='ocr_par' dir='ltr' id='par_1_15' title="bbox 121 1069 1247 1150">
     <span class='ocr_line' id='line_1_26' title="bbox 121 1069 1247 1114; baseline 0.001 -11"><span class='ocrx_word' id='word_1_227' title='bbox 121 1075 195 1103; x_wconf 84' lang='lat' dir='ltr'>Cum</span> <span class='ocrx_word' id='word_1_228' title='bbox 209 1074 303 1103; x_wconf 87' lang='lat' dir='ltr'>labore</span> <span class='ocrx_word' id='word_1_229' title='bbox 313 1075 439 1105; x_wconf 83' lang='lat' dir='ltr'>scribere.</span> <span class='ocrx_word' id='word_1_230' title='bbox 481 1075 549 1104; x_wconf 90' lang='lat' dir='ltr'>Plin.</span> <span class='ocrx_word' id='word_1_231' title='bbox 565 1085 591 1104; x_wconf 86' lang='lat'>2.</span> <span class='ocrx_word' id='word_1_232' title='bbox 607 1069 689 1112; x_wconf 75' lang='lat' dir='ltr'>Epiff.</span> <span class='ocrx_word' id='word_1_233' title='bbox 702 1084 745 1110; x_wconf 88' lang='lat'>19.</span> <span class='ocrx_word' id='word_1_234' title='bbox 777 1075 848 1111; x_wconf 83' lang='lat' dir='ltr'>Quae</span> <span class='ocrx_word' id='word_1_235' title='bbox 872 1075 1026 1114; x_wconf 79' lang='lat' dir='ltr'>scripsimus</span> <span class='ocrx_word' id='word_1_236' title='bbox 1044 1084 1109 1105; x_wconf 90' lang='lat' dir='ltr'>cum</span> <span class='ocrx_word' id='word_1_237' title='bbox 1128 1074 1223 1104; x_wconf 81' lang='lat' dir='ltr'>labore</span> <span class='ocrx_word' id='word_1_238' title='bbox 1237 1095 1247 1110; x_wconf 83' lang='lat'>,</span> 
     </span>
     <span class='ocr_line' id='line_1_27' title="bbox 142 1112 654 1150; baseline 0 -9"><span class='ocrx_word' id='word_1_239' title='bbox 142 1113 225 1141; x_wconf 85' lang='lat' dir='ltr'>etiam</span> <span class='ocrx_word' id='word_1_240' title='bbox 237 1122 301 1141; x_wconf 91' lang='lat' dir='ltr'>cum</span> <span class='ocrx_word' id='word_1_241' title='bbox 311 1112 405 1142; x_wconf 86' lang='lat' dir='ltr'>labore</span> <span class='ocrx_word' id='word_1_242' title='bbox 416 1113 504 1142; x_wconf 87' lang='lat' dir='ltr'>audiri</span> <span class='ocrx_word' id='word_1_243' title='bbox 515 1119 654 1150; x_wconf 77' lang='lat' dir='ltr'>putamus,</span> 
     </span>
    </p>

    <p class='ocr_par' dir='ltr' id='par_1_16' title="bbox 121 1149 1249 1227">
     <span class='ocr_line' id='line_1_28' title="bbox 121 1149 1249 1188; baseline 0.001 -10"><span class='ocrx_word' id='word_1_244' title='bbox 121 1150 194 1179; x_wconf 87' lang='lat' dir='ltr'>Cum</span> <span class='ocrx_word' id='word_1_245' title='bbox 209 1150 303 1179; x_wconf 86' lang='lat' dir='ltr'>laetitia</span> <span class='ocrx_word' id='word_1_246' title='bbox 313 1151 412 1180; x_wconf 84' lang='lat' dir='ltr'>vivere.</span> <span class='ocrx_word' id='word_1_247' title='bbox 448 1150 508 1180; x_wconf 88' lang='lat' dir='ltr'>Cic.</span> <span class='ocrx_word' id='word_1_248' title='bbox 519 1160 544 1180; x_wconf 84' lang='lat'>2.</span> <span class='ocrx_word' id='word_1_249' title='bbox 557 1151 592 1180; x_wconf 81' lang='lat' dir='ltr'>de</span> <span class='ocrx_word' id='word_1_250' title='bbox 606 1150 697 1188; x_wconf 85' lang='lat' dir='ltr'>Legib.</span> <span class='ocrx_word' id='word_1_251' title='bbox 711 1155 756 1184; x_wconf 83' lang='lat'>28.</span> <span class='ocrx_word' id='word_1_252' title='bbox 787 1150 885 1188; x_wconf 89' lang='lat' dir='ltr'>Neque</span> <span class='ocrx_word' id='word_1_253' title='bbox 903 1150 994 1179; x_wconf 89' lang='lat' dir='ltr'>solum</span> <span class='ocrx_word' id='word_1_254' title='bbox 1013 1160 1078 1180; x_wconf 90' lang='lat' dir='ltr'>cum</span> <span class='ocrx_word' id='word_1_255' title='bbox 1099 1149 1196 1180; x_wconf 79' lang='lat' dir='ltr'>laetitia</span> <span class='ocrx_word' id='word_1_256' title='bbox 1208 1150 1249 1179; x_wconf 77' lang='lat' dir='ltr'>vi-</span> 
     </span>
     <span class='ocr_line' id='line_1_29' title="bbox 141 1187 1154 1227; baseline 0.002 -11"><span class='ocrx_word' id='word_1_257' title='bbox 141 1189 227 1217; x_wconf 87' lang='lat' dir='ltr'>vendi</span> <span class='ocrx_word' id='word_1_258' title='bbox 236 1189 373 1218; x_wconf 87' lang='lat' dir='ltr'>rationem</span> <span class='ocrx_word' id='word_1_259' title='bbox 385 1189 545 1226; x_wconf 89' lang='lat' dir='ltr'>accepimus</span> <span class='ocrx_word' id='word_1_260' title='bbox 557 1210 565 1223; x_wconf 83' lang='lat'>,</span> <span class='ocrx_word' id='word_1_261' title='bbox 586 1187 633 1217; x_wconf 90' lang='lat' dir='ltr'>sed</span> <span class='ocrx_word' id='word_1_262' title='bbox 646 1188 729 1217; x_wconf 88' lang='lat' dir='ltr'>etiam</span> <span class='ocrx_word' id='word_1_263' title='bbox 741 1197 806 1218; x_wconf 87' lang='lat' dir='ltr'>cum</span> <span class='ocrx_word' id='word_1_264' title='bbox 818 1187 866 1227; x_wconf 87' lang='lat' dir='ltr'>spe</span> <span class='ocrx_word' id='word_1_265' title='bbox 877 1188 994 1219; x_wconf 89' lang='lat' dir='ltr'>meliore</span> <span class='ocrx_word' id='word_1_266' title='bbox 1004 1188 1154 1218; x_wconf 88' lang='lat' dir='ltr'>moriendi.</span> 
     </span>
    </p>

    <p class='ocr_par' dir='ltr' id='par_1_17' title="bbox 121 1225 725 1264">
     <span class='ocr_line' id='line_1_30' title="bbox 121 1225 725 1264; baseline -0.003 -8"><span class='ocrx_word' id='word_1_267' title='bbox 121 1225 268 1256; x_wconf 80' lang='lat' dir='ltr'>Cumluce</span> <span class='ocrx_word' id='word_1_268' title='bbox 277 1227 374 1264; x_wconf 85' lang='lat' dir='ltr'>prima.</span> <span class='ocrx_word' id='word_1_269' title='bbox 396 1227 461 1256; x_wconf 92' lang='lat' dir='ltr'>Ter.</span> <span class='ocrx_word' id='word_1_270' title='bbox 472 1226 589 1263; x_wconf 75' lang='lat' dir='ltr'>Adelph.</span> <span class='ocrx_word' id='word_1_271' title='bbox 603 1235 627 1261; x_wconf 83' lang='grc' dir='ltr'>ς.</span> <span class='ocrx_word' id='word_1_272' title='bbox 642 1234 667 1261; x_wconf 84' lang='lat'>3.</span> <span class='ocrx_word' id='word_1_273' title='bbox 680 1236 725 1262; x_wconf 84' lang='lat'>55.</span> 
     </span>
    </p>

    <p class='ocr_par' dir='ltr' id='par_1_18' title="bbox 216 1262 1250 1340">
     <span class='ocr_line' id='line_1_31' title="bbox 397 1262 770 1293; baseline -0.003 0"><span class='ocrx_word' id='word_1_274' title='bbox 397 1279 434 1284; x_wconf 89' lang='lat'>-—</span> <span class='ocrx_word' id='word_1_275' title='bbox 444 1271 567 1293; x_wconf 88' lang='lat' dir='ltr'>ceterum</span> <span class='ocrx_word' id='word_1_276' title='bbox 578 1273 623 1293; x_wconf 90' lang='lat' dir='ltr'>rus</span> <span class='ocrx_word' id='word_1_277' title='bbox 636 1273 699 1293; x_wconf 90' lang='lat' dir='ltr'>cum</span> <span class='ocrx_word' id='word_1_278' title='bbox 711 1262 770 1292; x_wconf 83' lang='lat' dir='ltr'>filio</span> 
     </span>
     <span class='ocr_line' id='line_1_32' title="bbox 216 1299 1250 1340; baseline -0.001 -8"><span class='ocrx_word' id='word_1_279' title='bbox 216 1302 286 1331; x_wconf 86' lang='lat' dir='ltr'>Cum</span> <span class='ocrx_word' id='word_1_280' title='bbox 299 1302 388 1340; x_wconf 87' lang='lat' dir='ltr'>prima</span> <span class='ocrx_word' id='word_1_281' title='bbox 399 1301 461 1331; x_wconf 77' lang='lat' dir='ltr'>luce</span> <span class='ocrx_word' id='word_1_282' title='bbox 477 1301 524 1330; x_wconf 91' lang='lat' dir='ltr'>ibo</span> <span class='ocrx_word' id='word_1_283' title='bbox 533 1301 610 1330; x_wconf 90' lang='lat' dir='ltr'>hinc.</span> <span class='ocrx_word' id='word_1_284' title='bbox 738 1301 798 1331; x_wconf 91' lang='lat' dir='ltr'>Cic.</span> <span class='ocrx_word' id='word_1_285' title='bbox 813 1311 841 1336; x_wconf 88' lang='lat'>4.</span> <span class='ocrx_word' id='word_1_286' title='bbox 863 1301 916 1330; x_wconf 72' lang='lat' dir='ltr'>Att.</span> <span class='ocrx_word' id='word_1_287' title='bbox 931 1310 956 1337; x_wconf 64' lang='grc' dir='ltr'>ς.</span> <span class='ocrx_word' id='word_1_288' title='bbox 980 1300 1114 1331; x_wconf 84' lang='lat' dir='ltr'>Metellus</span> <span class='ocrx_word' id='word_1_289' title='bbox 1121 1308 1186 1331; x_wconf 85' lang='lat' dir='ltr'>cum</span> <span class='ocrx_word' id='word_1_290' title='bbox 1194 1299 1250 1340; x_wconf 80' lang='lat' dir='ltr'>pri-</span> 
     </span>
    </p>

    <p class='ocr_par' dir='ltr' id='par_1_19' title="bbox 136 1338 1057 1377">
     <span class='ocr_line' id='line_1_33' title="bbox 136 1338 1057 1377; baseline -0.002 -7"><span class='ocrx_word' id='word_1_291' title='bbox 136 1350 187 1377; x_wconf 39' lang='lat' dir='ltr'>,ma</span> <span class='ocrx_word' id='word_1_292' title='bbox 201 1340 264 1369; x_wconf 89' lang='lat' dir='ltr'>luce</span> <span class='ocrx_word' id='word_1_293' title='bbox 274 1340 368 1369; x_wconf 86' lang='lat' dir='ltr'>furtim</span> <span class='ocrx_word' id='word_1_294' title='bbox 382 1340 411 1368; x_wconf 91' lang='lat' dir='ltr'>in</span> <span class='ocrx_word' id='word_1_295' title='bbox 420 1348 552 1376; x_wconf 84' lang='lat' dir='ltr'>campum</span> <span class='ocrx_word' id='word_1_296' title='bbox 563 1338 710 1368; x_wconf 85' lang='lat' dir='ltr'>itineribus</span> <span class='ocrx_word' id='word_1_297' title='bbox 722 1349 809 1377; x_wconf 81' lang='lat' dir='ltr'>prope</span> <span class='ocrx_word' id='word_1_298' title='bbox 820 1339 908 1368; x_wconf 88' lang='lat' dir='ltr'>deviis</span> <span class='ocrx_word' id='word_1_299' title='bbox 919 1339 1057 1369; x_wconf 86' lang='lat' dir='ltr'>currebat.</span> 
     </span>
    </p>

    <p class='ocr_par' dir='ltr' id='par_1_20' title="bbox 122 1377 1046 1415">
     <span class='ocr_line' id='line_1_34' title="bbox 122 1377 1046 1415; baseline 0 -9"><span class='ocrx_word' id='word_1_300' title='bbox 122 1379 195 1407; x_wconf 84' lang='lat' dir='ltr'>Cum</span> <span class='ocrx_word' id='word_1_301' title='bbox 208 1378 372 1415; x_wconf 82' lang='lat' dir='ltr'>magistratu.</span> <span class='ocrx_word' id='word_1_302' title='bbox 392 1378 410 1408; x_wconf 88' lang='lat' dir='ltr'>i.</span> <span class='ocrx_word' id='word_1_303' title='bbox 420 1386 445 1407; x_wconf 92' lang='lat' dir='ltr'>e.</span> <span class='ocrx_word' id='word_1_304' title='bbox 470 1377 630 1415; x_wconf 83' lang='lat' dir='ltr'>Magistratu</span> <span class='ocrx_word' id='word_1_305' title='bbox 641 1377 781 1415; x_wconf 82' lang='lat' dir='ltr'>praeditus.</span> <span class='ocrx_word' id='word_1_306' title='bbox 804 1377 880 1407; x_wconf 90' lang='lat' dir='ltr'>Suet.</span> <span class='ocrx_word' id='word_1_307' title='bbox 893 1377 989 1407; x_wconf 89' lang='lat' dir='ltr'>Tiber.</span> <span class='ocrx_word' id='word_1_308' title='bbox 1003 1386 1046 1407; x_wconf 87' lang='lat'>12.</span> 
     </span>
    </p>

    <p class='ocr_par' dir='ltr' id='par_1_21' title="bbox 122 1414 734 1453">
     <span class='ocr_line' id='line_1_35' title="bbox 122 1414 734 1453; baseline -0.002 -8"><span class='ocrx_word' id='word_1_309' title='bbox 122 1416 196 1445; x_wconf 88' lang='lat' dir='ltr'>Cum</span> <span class='ocrx_word' id='word_1_310' title='bbox 211 1424 287 1445; x_wconf 89' lang='lat' dir='ltr'>metu</span> <span class='ocrx_word' id='word_1_311' title='bbox 303 1416 406 1445; x_wconf 87' lang='lat' dir='ltr'>dicere.</span> <span class='ocrx_word' id='word_1_312' title='bbox 430 1415 488 1444; x_wconf 93' lang='lat' dir='ltr'>Cic.</span> <span class='ocrx_word' id='word_1_313' title='bbox 503 1424 553 1453; x_wconf 89' lang='lat' dir='ltr'>pro</span> <span class='ocrx_word' id='word_1_314' title='bbox 564 1414 674 1444; x_wconf 86' lang='lat' dir='ltr'>Cluent.</span> <span class='ocrx_word' id='word_1_315' title='bbox 691 1425 734 1450; x_wconf 76' lang='lat'>5¹·</span> 
     </span>
    </p>

    <p class='ocr_par' dir='ltr' id='par_1_22' title="bbox 124 1451 1251 1521">
     <span class='ocr_line' id='line_1_36' title="bbox 124 1451 1251 1489; baseline 0 -6"><span class='ocrx_word' id='word_1_316' title='bbox 124 1455 195 1483; x_wconf 83' lang='lat' dir='ltr'>Cum</span> <span class='ocrx_word' id='word_1_317' title='bbox 210 1462 296 1483; x_wconf 90' lang='lat' dir='ltr'>onere</span> <span class='ocrx_word' id='word_1_318' title='bbox 307 1463 413 1483; x_wconf 86' lang='lat' dir='ltr'>moram</span> <span class='ocrx_word' id='word_1_319' title='bbox 424 1452 527 1482; x_wconf 79' lang='lat' dir='ltr'>offerre</span> <span class='ocrx_word' id='word_1_320' title='bbox 545 1452 637 1483; x_wconf 89' lang='lat' dir='ltr'>alicui.</span> <span class='ocrx_word' id='word_1_321' title='bbox 674 1452 761 1483; x_wconf 90' lang='lat' dir='ltr'>Plaut.</span> <span class='ocrx_word' id='word_1_322' title='bbox 775 1452 854 1483; x_wconf 88' lang='lat' dir='ltr'>Poen.</span> <span class='ocrx_word' id='word_1_323' title='bbox 865 1463 892 1489; x_wconf 74' lang='lat'>4.</span> <span class='ocrx_word' id='word_1_324' title='bbox 905 1462 932 1483; x_wconf 83' lang='lat'>2.</span> <span class='ocrx_word' id='word_1_325' title='bbox 947 1460 990 1489; x_wconf 90' lang='lat'>30.</span> <span class='ocrx_word' id='word_1_326' title='bbox 1018 1452 1036 1481; x_wconf 90' lang='lat' dir='ltr'>i.</span> <span class='ocrx_word' id='word_1_327' title='bbox 1047 1461 1071 1482; x_wconf 92' lang='lat' dir='ltr'>e.</span> <span class='ocrx_word' id='word_1_328' title='bbox 1093 1451 1251 1483; x_wconf 88' lang='lat' dir='ltr'>Oneratum</span> 
     </span>
     <span class='ocr_line' id='line_1_37' title="bbox 142 1492 425 1521; baseline 0 -1"><span class='ocrx_word' id='word_1_329' title='bbox 142 1492 244 1521; x_wconf 89' lang='lat' dir='ltr'>morari</span> <span class='ocrx_word' id='word_1_330' title='bbox 258 1493 284 1520; x_wconf 73' lang='lat' dir='ltr'>Sc</span> <span class='ocrx_word' id='word_1_331' title='bbox 296 1492 425 1521; x_wconf 83' lang='lat' dir='ltr'>retinere.</span> 
     </span>
    </p>

    <p class='ocr_par' dir='ltr' id='par_1_23' title="bbox 122 1527 1252 1604">
     <span class='ocr_line' id='line_1_38' title="bbox 122 1527 1252 1567; baseline -0.001 -8"><span class='ocrx_word' id='word_1_332' title='bbox 122 1529 194 1559; x_wconf 90' lang='lat' dir='ltr'>Cum</span> <span class='ocrx_word' id='word_1_333' title='bbox 205 1538 273 1567; x_wconf 80' lang='lat' dir='ltr'>pace</span> <span class='ocrx_word' id='word_1_334' title='bbox 284 1529 389 1567; x_wconf 86' lang='lat' dir='ltr'>aliquid</span> <span class='ocrx_word' id='word_1_335' title='bbox 400 1528 500 1558; x_wconf 85' lang='lat' dir='ltr'>facere.</span> <span class='ocrx_word' id='word_1_336' title='bbox 540 1528 599 1559; x_wconf 83' lang='lat' dir='ltr'>Cic.</span> <span class='ocrx_word' id='word_1_337' title='bbox 613 1539 637 1565; x_wconf 89' lang='lat'>5.</span> <span class='ocrx_word' id='word_1_338' title='bbox 654 1527 769 1559; x_wconf 86' lang='lat' dir='ltr'>Tuscul.</span> <span class='ocrx_word' id='word_1_339' title='bbox 786 1533 832 1565; x_wconf 80' lang='lat'>83.</span> <span class='ocrx_word' id='word_1_340' title='bbox 854 1528 913 1558; x_wconf 90' lang='lat' dir='ltr'>Nos</span> <span class='ocrx_word' id='word_1_341' title='bbox 923 1527 994 1558; x_wconf 88' lang='lat' dir='ltr'>illud</span> <span class='ocrx_word' id='word_1_342' title='bbox 1006 1528 1122 1566; x_wconf 79' lang='lat' dir='ltr'>quitlem</span> <span class='ocrx_word' id='word_1_343' title='bbox 1131 1537 1252 1566; x_wconf 85' lang='lat' dir='ltr'>cumpa-</span> 
     </span>
     <span class='ocr_line' id='line_1_39' title="bbox 142 1576 313 1604; baseline 0 -8"><span class='ocrx_word' id='word_1_344' title='bbox 142 1577 176 1596; x_wconf 88' lang='lat' dir='ltr'>ce</span> <span class='ocrx_word' id='word_1_345' title='bbox 190 1576 313 1604; x_wconf 83' lang='lat' dir='ltr'>agemus.</span> 
     </span>
    </p>

    <p class='ocr_par' dir='ltr' id='par_1_24' title="bbox 122 1603 674 1642">
     <span class='ocr_line' id='line_1_40' title="bbox 122 1603 674 1642; baseline 0.002 -9"><span class='ocrx_word' id='word_1_346' title='bbox 122 1605 196 1634; x_wconf 67' lang='lat' dir='ltr'>Cum</span> <span class='ocrx_word' id='word_1_347' title='bbox 211 1605 345 1642; x_wconf 81' lang='lat' dir='ltr'>periculo.</span> <span class='ocrx_word' id='word_1_348' title='bbox 368 1603 433 1634; x_wconf 88' lang='lat' dir='ltr'>Ter.</span> <span class='ocrx_word' id='word_1_349' title='bbox 445 1604 515 1634; x_wconf 89' lang='lat' dir='ltr'>And.</span> <span class='ocrx_word' id='word_1_350' title='bbox 530 1613 554 1634; x_wconf 86' lang='lat'>1.</span> <span class='ocrx_word' id='word_1_351' title='bbox 573 1613 597 1634; x_wconf 90' lang='lat'>1.</span> <span class='ocrx_word' id='word_1_352' title='bbox 611 1613 674 1640; x_wconf 88' lang='lat'><strong>¹04·</strong></span> 
     </span>
    </p>

    <p class='ocr_par' dir='ltr' id='par_1_25' title="bbox 123 1641 1249 1711">
     <span class='ocr_line' id='line_1_41' title="bbox 123 1641 1249 1711; baseline -0.001 -38"><span class='ocrx_word' id='word_1_353' title='bbox 123 1643 205 1711; x_wconf 46' lang='lat' dir='ltr'>eximit</span> <span class='ocrx_word' id='word_1_354' title='bbox 217 1643 326 1681; x_wconf 84' lang='lat' dir='ltr'>populo</span> <span class='ocrx_word' id='word_1_355' title='bbox 346 1651 439 1681; x_wconf 79' lang='lat' dir='ltr'>agere.</span> <span class='ocrx_word' id='word_1_356' title='bbox 471 1643 500 1674; x_wconf 91' lang='lat' dir='ltr'>h.</span> <span class='ocrx_word' id='word_1_357' title='bbox 512 1652 537 1672; x_wconf 93' lang='lat' dir='ltr'>e.</span> <span class='ocrx_word' id='word_1_358' title='bbox 557 1642 697 1681; x_wconf 83' lang='lat' dir='ltr'>Populum</span> <span class='ocrx_word' id='word_1_359' title='bbox 714 1641 750 1672; x_wconf 81' lang='lat' dir='ltr'>ad</span> <span class='ocrx_word' id='word_1_360' title='bbox 763 1641 917 1672; x_wconf 89' lang='lat' dir='ltr'>concilium</span> <span class='ocrx_word' id='word_1_361' title='bbox 937 1647 984 1672; x_wconf 89' lang='lat' dir='ltr'>aut</span> <span class='ocrx_word' id='word_1_362' title='bbox 1003 1642 1118 1672; x_wconf 86' lang='lat' dir='ltr'>comitia</span> <span class='ocrx_word' id='word_1_363' title='bbox 1138 1650 1249 1672; x_wconf 84' lang='lat' dir='ltr'>vocare.</span> 
     </span>
    </p>

    <p class='ocr_par' dir='ltr' id='par_1_26' title="bbox 167 1690 246 1710">
     <span class='ocr_line' id='line_1_42' title="bbox 167 1690 246 1710; baseline 0 0"><span class='ocrx_word' id='word_1_364' title='bbox 167 1691 182 1710; x_wconf 91' lang='lat' dir='ltr'>e</span> <span class='ocrx_word' id='word_1_365' title='bbox 208 1690 246 1710; x_wconf 89' lang='lat' dir='ltr'>us.</span> 
     </span>
    </p>

    <p class='ocr_par' dir='ltr' id='par_1_27' title="bbox 123 1716 1253 1832">
     <span class='ocr_line' id='line_1_43' title="bbox 123 1716 1252 1756; baseline -0.003 -7"><span class='ocrx_word' id='word_1_366' title='bbox 123 1719 196 1749; x_wconf 78' lang='lat' dir='ltr'>Cum</span> <span class='ocrx_word' id='word_1_367' title='bbox 207 1719 340 1756; x_wconf 81' lang='lat' dir='ltr'>potestate</span> <span class='ocrx_word' id='word_1_368' title='bbox 354 1717 424 1754; x_wconf 80' lang='lat' dir='ltr'>effe,</span> <span class='ocrx_word' id='word_1_369' title='bbox 445 1718 492 1748; x_wconf 89' lang='lat' dir='ltr'>cui</span> <span class='ocrx_word' id='word_1_370' title='bbox 502 1728 519 1747; x_wconf 92' lang='lat' dir='ltr'>o</span> <span class='ocrx_word' id='word_1_371' title='bbox 542 1718 656 1756; x_wconf 87' lang='lat' dir='ltr'>ponitur</span> <span class='ocrx_word' id='word_1_372' title='bbox 665 1717 804 1747; x_wconf 87' lang='lat' dir='ltr'>Privatum</span> <span class='ocrx_word' id='word_1_373' title='bbox 815 1716 869 1747; x_wconf 82' lang='lat' dir='ltr'>effe</span> <span class='ocrx_word' id='word_1_374' title='bbox 881 1726 887 1747; x_wconf 96' lang='lat'><strong>:</strong></span> <span class='ocrx_word' id='word_1_375' title='bbox 910 1717 1056 1747; x_wconf 83' lang='lat' dir='ltr'>dicebatur</span> <span class='ocrx_word' id='word_1_376' title='bbox 1076 1717 1089 1753; x_wconf 88' lang='lat'>(</span> <span class='ocrx_word' id='word_1_377' title='bbox 1102 1717 1193 1754; x_wconf 87' lang='lat' dir='ltr'>inquit</span> <span class='ocrx_word' id='word_1_378' title='bbox 1202 1717 1252 1747; x_wconf 88' lang='lat' dir='ltr'>Fe-</span> 
     </span>
     <span class='ocr_line' id='line_1_44' title="bbox 144 1754 1253 1794; baseline -0.001 -7"><span class='ocrx_word' id='word_1_379' title='bbox 144 1758 199 1787; x_wconf 81' lang='lat' dir='ltr'>stus</span> <span class='ocrx_word' id='word_1_380' title='bbox 212 1759 224 1793; x_wconf 88' lang='lat'><em>)</em></span> <span class='ocrx_word' id='word_1_381' title='bbox 246 1758 283 1787; x_wconf 88' lang='lat' dir='ltr'>de</span> <span class='ocrx_word' id='word_1_382' title='bbox 297 1766 331 1786; x_wconf 71' lang='lat' dir='ltr'>e&#39;o</span> <span class='ocrx_word' id='word_1_383' title='bbox 345 1757 392 1794; x_wconf 87' lang='lat' dir='ltr'>qui</span> <span class='ocrx_word' id='word_1_384' title='bbox 413 1766 428 1786; x_wconf 90' lang='lat' dir='ltr'>a</span> <span class='ocrx_word' id='word_1_385' title='bbox 441 1766 519 1794; x_wconf 89' lang='lat' dir='ltr'>popu</span> <span class='ocrx_word' id='word_1_386' title='bbox 532 1767 549 1785; x_wconf 92' lang='lat' dir='ltr'>o</span> <span class='ocrx_word' id='word_1_387' title='bbox 560 1756 642 1786; x_wconf 88' lang='lat' dir='ltr'>alicui</span> <span class='ocrx_word' id='word_1_388' title='bbox 660 1756 777 1793; x_wconf 88' lang='lat' dir='ltr'>negotio</span> <span class='ocrx_word' id='word_1_389' title='bbox 791 1755 1000 1794; x_wconf 78' lang='lat' dir='ltr'>praeficiebatur.</span> <span class='ocrx_word' id='word_1_390' title='bbox 1041 1754 1099 1785; x_wconf 89' lang='lat' dir='ltr'>Cic.</span> <span class='ocrx_word' id='word_1_391' title='bbox 1111 1755 1159 1784; x_wconf 92' lang='lat' dir='ltr'>lib.</span> <span class='ocrx_word' id='word_1_392' title='bbox 1175 1766 1198 1786; x_wconf 91' lang='lat'>1.</span> <span class='ocrx_word' id='word_1_393' title='bbox 1216 1755 1253 1786; x_wconf 81' lang='lat' dir='ltr'>de</span> 
     </span>
     <span class='ocr_line' id='line_1_45' title="bbox 144 1792 1173 1832; baseline -0.003 -7"><span class='ocrx_word' id='word_1_394' title='bbox 144 1796 254 1825; x_wconf 78' lang='lat' dir='ltr'>invent.</span> <span class='ocrx_word' id='word_1_395' title='bbox 269 1805 312 1832; x_wconf 82' lang='lat'>35.</span> <span class='ocrx_word' id='word_1_396' title='bbox 334 1794 501 1824; x_wconf 88' lang='lat' dir='ltr'>Pecuniosus</span> <span class='ocrx_word' id='word_1_397' title='bbox 515 1804 551 1824; x_wconf 92' lang='lat' dir='ltr'>an</span> <span class='ocrx_word' id='word_1_398' title='bbox 562 1794 671 1824; x_wconf 87' lang='lat' dir='ltr'>tenuis:</span> <span class='ocrx_word' id='word_1_399' title='bbox 693 1794 818 1832; x_wconf 87' lang='lat' dir='ltr'>privatus</span> <span class='ocrx_word' id='word_1_400' title='bbox 828 1816 836 1828; x_wconf 83' lang='grc'>,</span> <span class='ocrx_word' id='word_1_401' title='bbox 858 1803 893 1823; x_wconf 90' lang='lat' dir='ltr'>an</span> <span class='ocrx_word' id='word_1_402' title='bbox 905 1803 971 1823; x_wconf 90' lang='lat' dir='ltr'>cum</span> <span class='ocrx_word' id='word_1_403' title='bbox 984 1793 1120 1831; x_wconf 86' lang='lat' dir='ltr'>potestate</span> <span class='ocrx_word' id='word_1_404' title='bbox 1133 1792 1173 1823; x_wconf 87' lang='lat' dir='ltr'>sit.</span> 
     </span>
    </p>

    <p class='ocr_par' dir='ltr' id='par_1_28' title="bbox 125 1831 1137 1872">
     <span class='ocr_line' id='line_1_46' title="bbox 125 1831 1137 1872; baseline -0.002 -9"><span class='ocrx_word' id='word_1_405' title='bbox 125 1832 197 1863; x_wconf 78' lang='lat' dir='ltr'>Cum</span> <span class='ocrx_word' id='word_1_406' title='bbox 209 1834 306 1872; x_wconf 88' lang='lat' dir='ltr'>primis</span> <span class='ocrx_word' id='word_1_407' title='bbox 315 1833 424 1870; x_wconf 83' lang='lat' dir='ltr'>aliquid</span> <span class='ocrx_word' id='word_1_408' title='bbox 438 1833 537 1862; x_wconf 87' lang='lat' dir='ltr'>facere.</span> <span class='ocrx_word' id='word_1_409' title='bbox 568 1833 585 1861; x_wconf 89' lang='lat' dir='ltr'>i.</span> <span class='ocrx_word' id='word_1_410' title='bbox 596 1843 620 1863; x_wconf 85' lang='lat' dir='ltr'>e.</span> <span class='ocrx_word' id='word_1_411' title='bbox 643 1832 673 1862; x_wconf 91' lang='lat' dir='ltr'>Iri</span> <span class='ocrx_word' id='word_1_412' title='bbox 684 1832 789 1869; x_wconf 90' lang='lat' dir='ltr'>primis.</span> <span class='ocrx_word' id='word_1_413' title='bbox 812 1831 898 1862; x_wconf 88' lang='lat' dir='ltr'>Plaut.</span> <span class='ocrx_word' id='word_1_414' title='bbox 909 1831 993 1862; x_wconf 90' lang='lat' dir='ltr'>Truc.</span> <span class='ocrx_word' id='word_1_415' title='bbox 1009 1840 1034 1869; x_wconf 83' lang='lat'>3.</span> <span class='ocrx_word' id='word_1_416' title='bbox 1053 1841 1078 1861; x_wconf 72' lang='grc' dir='ltr'>ι.</span> <span class='ocrx_word' id='word_1_417' title='bbox 1092 1841 1137 1867; x_wconf 81' lang='lat'>15.</span> 
     </span>
    </p>

    <p class='ocr_par' dir='ltr' id='par_1_29' title="bbox 124 1869 750 1910">
     <span class='ocr_line' id='line_1_47' title="bbox 124 1869 750 1910; baseline -0.002 -9"><span class='ocrx_word' id='word_1_418' title='bbox 124 1872 199 1901; x_wconf 89' lang='lat' dir='ltr'>Cum</span> <span class='ocrx_word' id='word_1_419' title='bbox 213 1872 309 1910; x_wconf 87' lang='lat' dir='ltr'>primis</span> <span class='ocrx_word' id='word_1_420' title='bbox 325 1871 464 1901; x_wconf 87' lang='lat' dir='ltr'>honestus.</span> <span class='ocrx_word' id='word_1_421' title='bbox 486 1871 546 1900; x_wconf 91' lang='lat' dir='ltr'>Cic.</span> <span class='ocrx_word' id='word_1_422' title='bbox 557 1879 582 1906; x_wconf 81' lang='lat'>3.</span> <span class='ocrx_word' id='word_1_423' title='bbox 597 1869 671 1900; x_wconf 90' lang='lat' dir='ltr'>Verr.</span> <span class='ocrx_word' id='word_1_424' title='bbox 688 1877 750 1907; x_wconf 76' lang='lat'>137.</span> 
     </span>
    </p>

    <p class='ocr_par' dir='ltr' id='par_1_30' title="bbox 125 1909 630 1947">
     <span class='ocr_line' id='line_1_48' title="bbox 125 1909 630 1947; baseline -0.004 -8"><span class='ocrx_word' id='word_1_425' title='bbox 125 1909 199 1939; x_wconf 78' lang='lat' dir='ltr'>Cum</span> <span class='ocrx_word' id='word_1_426' title='bbox 209 1910 321 1947; x_wconf 84' lang='lat' dir='ltr'>probro.</span> <span class='ocrx_word' id='word_1_427' title='bbox 343 1909 410 1939; x_wconf 85' lang='lat' dir='ltr'>Ter.</span> <span class='ocrx_word' id='word_1_428' title='bbox 424 1909 493 1938; x_wconf 80' lang='lat' dir='ltr'>And.</span> <span class='ocrx_word' id='word_1_429' title='bbox 507 1919 531 1945; x_wconf 83' lang='grc' dir='ltr'>ς,</span> <span class='ocrx_word' id='word_1_430' title='bbox 546 1917 571 1944; x_wconf 80' lang='lat'>3.</span> <span class='ocrx_word' id='word_1_431' title='bbox 587 1917 630 1938; x_wconf 83' lang='lat' dir='ltr'>ro.</span> 
     </span>
    </p>

    <p class='ocr_par' dir='ltr' id='par_1_31' title="bbox 208 1945 955 1984">
     <span class='ocr_line' id='line_1_49' title="bbox 208 1945 955 1984; baseline -0.004 -6"><span class='ocrx_word' id='word_1_432' title='bbox 208 1949 316 1978; x_wconf 83' lang='lat' dir='ltr'>Tamen</span> <span class='ocrx_word' id='word_1_433' title='bbox 331 1948 403 1977; x_wconf 87' lang='lat' dir='ltr'>hanc</span> <span class='ocrx_word' id='word_1_434' title='bbox 414 1947 515 1976; x_wconf 87' lang='lat' dir='ltr'>habere</span> <span class='ocrx_word' id='word_1_435' title='bbox 527 1946 634 1976; x_wconf 85' lang='lat' dir='ltr'>studeat</span> <span class='ocrx_word' id='word_1_436' title='bbox 643 1954 708 1975; x_wconf 91' lang='lat' dir='ltr'>cum</span> <span class='ocrx_word' id='word_1_437' title='bbox 720 1945 828 1975; x_wconf 91' lang='lat' dir='ltr'>summo</span> <span class='ocrx_word' id='word_1_438' title='bbox 842 1945 955 1984; x_wconf 74' lang='lat' dir='ltr'>probro.</span> 
     </span>
    </p>

    <p class='ocr_par' dir='ltr' id='par_1_32' title="bbox 126 1983 748 2024">
     <span class='ocr_line' id='line_1_50' title="bbox 126 1983 748 2024; baseline -0.005 -8"><span class='ocrx_word' id='word_1_439' title='bbox 126 1986 199 2016; x_wconf 90' lang='lat' dir='ltr'>Cum</span> <span class='ocrx_word' id='word_1_440' title='bbox 209 1986 394 2024; x_wconf 87' lang='lat' dir='ltr'>querimonia.</span> <span class='ocrx_word' id='word_1_441' title='bbox 413 1985 497 2014; x_wconf 86' lang='lat' dir='ltr'>Plaut.</span> <span class='ocrx_word' id='word_1_442' title='bbox 512 1983 607 2014; x_wconf 84' lang='lat' dir='ltr'>Pseud.</span> <span class='ocrx_word' id='word_1_443' title='bbox 624 1994 647 2014; x_wconf 82' lang='lat' dir='ltr'>x.</span> <span class='ocrx_word' id='word_1_444' title='bbox 663 1992 689 2018; x_wconf 76' lang='lat'>3.</span> <span class='ocrx_word' id='word_1_445' title='bbox 703 1989 748 2020; x_wconf 81' lang='lat'>78.</span> 
     </span>
    </p>

    <p class='ocr_par' dir='ltr' id='par_1_33' title="bbox 125 2020 1254 2099">
     <span class='ocr_line' id='line_1_51' title="bbox 125 2020 1254 2062; baseline -0.004 -8"><span class='ocrx_word' id='word_1_446' title='bbox 125 2025 198 2054; x_wconf 90' lang='lat' dir='ltr'>Cum</span> <span class='ocrx_word' id='word_1_447' title='bbox 206 2034 234 2053; x_wconf 88' lang='lat' dir='ltr'>re</span> <span class='ocrx_word' id='word_1_448' title='bbox 243 2024 370 2062; x_wconf 82' lang='lat' dir='ltr'>praesenti</span> <span class='ocrx_word' id='word_1_449' title='bbox 381 2023 541 2052; x_wconf 89' lang='lat' dir='ltr'>deliberare.</span> <span class='ocrx_word' id='word_1_450' title='bbox 583 2021 704 2059; x_wconf 82' lang='lat' dir='ltr'>Quintil.</span> <span class='ocrx_word' id='word_1_451' title='bbox 717 2021 766 2051; x_wconf 88' lang='lat' dir='ltr'>lib.</span> <span class='ocrx_word' id='word_1_452' title='bbox 778 2032 804 2058; x_wconf 86' lang='lat'>9.</span> <span class='ocrx_word' id='word_1_453' title='bbox 815 2031 878 2059; x_wconf 90' lang='lat' dir='ltr'>cap.</span> <span class='ocrx_word' id='word_1_454' title='bbox 889 2021 939 2052; x_wconf 88' lang='lat' dir='ltr'>ult.</span> <span class='ocrx_word' id='word_1_455' title='bbox 962 2020 1162 2051; x_wconf 87' lang='lat' dir='ltr'>Occasionibus</span> <span class='ocrx_word' id='word_1_456' title='bbox 1172 2025 1254 2051; x_wconf 88' lang='lat' dir='ltr'>uten-</span> 
     </span>
     <span class='ocr_line' id='line_1_52' title="bbox 144 2059 1252 2099; baseline -0.004 -7"><span class='ocrx_word' id='word_1_457' title='bbox 144 2063 214 2092; x_wconf 83' lang='lat' dir='ltr'>dum</span> <span class='ocrx_word' id='word_1_458' title='bbox 227 2084 235 2099; x_wconf 93' lang='lat'>‚</span> <span class='ocrx_word' id='word_1_459' title='bbox 257 2063 282 2093; x_wconf 76' lang='grc' dir='ltr'>ἅ</span> <span class='ocrx_word' id='word_1_460' title='bbox 293 2071 358 2092; x_wconf 88' lang='lat' dir='ltr'>cum</span> <span class='ocrx_word' id='word_1_461' title='bbox 368 2071 398 2091; x_wconf 88' lang='lat' dir='ltr'>re</span> <span class='ocrx_word' id='word_1_462' title='bbox 410 2060 536 2099; x_wconf 80' lang='lat' dir='ltr'>praesenti</span> <span class='ocrx_word' id='word_1_463' title='bbox 545 2059 767 2090; x_wconf 84' lang='lat' dir='ltr'>deliberandum.</span> <span class='ocrx_word' id='word_1_464' title='bbox 809 2059 884 2089; x_wconf 89' lang='lat' dir='ltr'>conf.</span> <span class='ocrx_word' id='word_1_465' title='bbox 905 2059 937 2089; x_wconf 91' lang='lat' dir='ltr'>In</span> <span class='ocrx_word' id='word_1_466' title='bbox 947 2069 976 2089; x_wconf 88' lang='lat' dir='ltr'>re</span> <span class='ocrx_word' id='word_1_467' title='bbox 985 2059 1114 2098; x_wconf 80' lang='lat' dir='ltr'>praesenti</span> <span class='ocrx_word' id='word_1_468' title='bbox 1126 2060 1154 2088; x_wconf 91' lang='lat' dir='ltr'>in</span> <span class='ocrx_word' id='word_1_469' title='bbox 1166 2068 1252 2097; x_wconf 83' lang='lat' dir='ltr'>praep.</span> 
     </span>
    </p>

    <p class='ocr_par' dir='ltr' id='par_1_34' title="bbox 126 2111 1256 2395">
     <span class='ocr_line' id='line_1_53' title="bbox 126 2111 1255 2174; baseline -0.004 -6"><span class='ocrx_word' id='word_1_470' title='bbox 126 2111 200 2169; x_wconf 48' lang='lat' dir='ltr'>Cluhi</span> <span class='ocrx_word' id='word_1_471' title='bbox 209 2137 288 2168; x_wconf 86' lang='lat' dir='ltr'>sacco</span> <span class='ocrx_word' id='word_1_472' title='bbox 298 2137 391 2173; x_wconf 84' lang='lat' dir='ltr'>adire3</span> <span class='ocrx_word' id='word_1_473' title='bbox 414 2135 640 2174; x_wconf 85' lang='lat' dir='ltr'>eleganslocutio</span> <span class='ocrx_word' id='word_1_474' title='bbox 652 2157 660 2170; x_wconf 89' lang='lat'>‚</span> <span class='ocrx_word' id='word_1_475' title='bbox 681 2134 872 2173; x_wconf 78' lang='lat' dir='ltr'>significatque</span> <span class='ocrx_word' id='word_1_476' title='bbox 884 2132 1021 2164; x_wconf 86' lang='lat' dir='ltr'>Postulare</span> <span class='ocrx_word' id='word_1_477' title='bbox 1036 2140 1067 2164; x_wconf 89' lang='lat' dir='ltr'>ut</span> <span class='ocrx_word' id='word_1_478' title='bbox 1080 2132 1128 2164; x_wconf 89' lang='lat' dir='ltr'>sibi</span> <span class='ocrx_word' id='word_1_479' title='bbox 1145 2144 1161 2164; x_wconf 86' lang='lat' dir='ltr'>e</span> <span class='ocrx_word' id='word_1_480' title='bbox 1175 2134 1255 2164; x_wconf 86' lang='lat' dir='ltr'>vesti-</span> 
     </span>
     <span class='ocr_line' id='line_1_54' title="bbox 147 2172 1253 2214; baseline -0.004 -8"><span class='ocrx_word' id='word_1_481' title='bbox 147 2178 192 2214; x_wconf 79' lang='lat' dir='ltr'>gio</span> <span class='ocrx_word' id='word_1_482' title='bbox 204 2198 212 2209; x_wconf 80' lang='grc'>.</span> <span class='ocrx_word' id='word_1_483' title='bbox 234 2183 316 2213; x_wconf 88' lang='lat' dir='ltr'>atque</span> <span class='ocrx_word' id='word_1_484' title='bbox 329 2175 431 2205; x_wconf 90' lang='lat' dir='ltr'>eodem</span> <span class='ocrx_word' id='word_1_485' title='bbox 443 2175 578 2212; x_wconf 87' lang='lat' dir='ltr'>temporis</span> <span class='ocrx_word' id='word_1_486' title='bbox 593 2175 700 2212; x_wconf 71' lang='lat' dir='ltr'>puntfio</span> <span class='ocrx_word' id='word_1_487' title='bbox 716 2173 835 2211; x_wconf 88' lang='lat' dir='ltr'>pecunia</span> <span class='ocrx_word' id='word_1_488' title='bbox 847 2172 975 2201; x_wconf 87' lang='lat' dir='ltr'>solvatur.</span> <span class='ocrx_word' id='word_1_489' title='bbox 999 2172 1098 2202; x_wconf 88' lang='lat' dir='ltr'>Paulus</span> <span class='ocrx_word' id='word_1_490' title='bbox 1112 2172 1130 2202; x_wconf 90' lang='lat' dir='ltr'>l.</span> <span class='ocrx_word' id='word_1_491' title='bbox 1146 2183 1206 2209; x_wconf 88' lang='lat'>¹05·</span> <span class='ocrx_word' id='word_1_492' title='bbox 1218 2173 1253 2202; x_wconf 93' lang='lat' dir='ltr'>D.</span> 
     </span>
     <span class='ocr_line' id='line_1_55' title="bbox 147 2209 1256 2251; baseline -0.003 -8"><span class='ocrx_word' id='word_1_493' title='bbox 147 2217 184 2243; x_wconf 87' lang='lat' dir='ltr'>de</span> <span class='ocrx_word' id='word_1_494' title='bbox 194 2214 273 2243; x_wconf 91' lang='lat' dir='ltr'>solut.</span> <span class='ocrx_word' id='word_1_495' title='bbox 294 2214 382 2251; x_wconf 85' lang='lat' dir='ltr'>Quod</span> <span class='ocrx_word' id='word_1_496' title='bbox 393 2212 593 2242; x_wconf 86' lang='lat' dir='ltr'>dicimusineo</span> <span class='ocrx_word' id='word_1_497' title='bbox 606 2212 726 2246; x_wconf 61' lang='lat' dir='ltr'>haerede,</span> <span class='ocrx_word' id='word_1_498' title='bbox 740 2209 946 2248; x_wconf 74' lang='lat' dir='ltr'>quifideiuffori</span> <span class='ocrx_word' id='word_1_499' title='bbox 965 2210 1110 2245; x_wconf 81' lang='lat' dir='ltr'>testatoris,</span> <span class='ocrx_word' id='word_1_500' title='bbox 1131 2209 1161 2240; x_wconf 90' lang='lat' dir='ltr'>id</span> <span class='ocrx_word' id='word_1_501' title='bbox 1179 2211 1256 2247; x_wconf 86' lang='lat' dir='ltr'>quod</span> 
     </span>
     <span class='ocr_line' id='line_1_56' title="bbox 146 2248 1255 2284; baseline -0.004 -2"><span class='ocrx_word' id='word_1_502' title='bbox 146 2260 213 2283; x_wconf 85' lang='lat' dir='ltr'>ante</span> <span class='ocrx_word' id='word_1_503' title='bbox 222 2252 324 2281; x_wconf 86' lang='lat' dir='ltr'>aditam</span> <span class='ocrx_word' id='word_1_504' title='bbox 334 2251 525 2281; x_wconf 67' lang='lat' dir='ltr'>haereditatem</span> <span class='ocrx_word' id='word_1_505' title='bbox 537 2249 570 2279; x_wconf 89' lang='lat' dir='ltr'>ab</span> <span class='ocrx_word' id='word_1_506' title='bbox 578 2259 612 2278; x_wconf 92' lang='lat' dir='ltr'>eo</span> <span class='ocrx_word' id='word_1_507' title='bbox 623 2249 743 2278; x_wconf 86' lang='lat' dir='ltr'>solutum</span> <span class='ocrx_word' id='word_1_508' title='bbox 755 2249 794 2278; x_wconf 88' lang='lat' dir='ltr'>est</span> <span class='ocrx_word' id='word_1_509' title='bbox 803 2270 811 2284; x_wconf 82' lang='lat'><strong>‚</strong></span> <span class='ocrx_word' id='word_1_510' title='bbox 833 2249 939 2278; x_wconf 87' lang='lat' dir='ltr'>debere</span> <span class='ocrx_word' id='word_1_511' title='bbox 952 2248 1041 2277; x_wconf 83' lang='lat' dir='ltr'>statim</span> <span class='ocrx_word' id='word_1_512' title='bbox 1051 2248 1169 2283; x_wconf 80' lang='lat' dir='ltr'>solvere,</span> <span class='ocrx_word' id='word_1_513' title='bbox 1190 2258 1255 2278; x_wconf 90' lang='lat' dir='ltr'>cum</span> 
     </span>
     <span class='ocr_line' id='line_1_57' title="bbox 145 2286 1256 2328; baseline -0.004 -9"><span class='ocrx_word' id='word_1_514' title='bbox 145 2291 240 2328; x_wconf 90' lang='lat' dir='ltr'>-aliquo</span> <span class='ocrx_word' id='word_1_515' title='bbox 255 2290 360 2319; x_wconf 88' lang='lat' dir='ltr'>scilicet</span> <span class='ocrx_word' id='word_1_516' title='bbox 379 2294 600 2326; x_wconf 84' lang='lat' dir='ltr'>temperamento</span> <span class='ocrx_word' id='word_1_517' title='bbox 618 2288 753 2325; x_wconf 88' lang='lat' dir='ltr'>temporis</span> <span class='ocrx_word' id='word_1_518' title='bbox 774 2286 990 2324; x_wconf 81' lang='lat' dir='ltr'>intelligendum</span> <span class='ocrx_word' id='word_1_519' title='bbox 1019 2286 1073 2315; x_wconf 86' lang='lat' dir='ltr'>est:</span> <span class='ocrx_word' id='word_1_520' title='bbox 1106 2295 1159 2316; x_wconf 87' lang='lat' dir='ltr'>nec</span> <span class='ocrx_word' id='word_1_521' title='bbox 1178 2286 1256 2316; x_wconf 89' lang='lat' dir='ltr'>enim</span> 
     </span>
     <span class='ocr_line' id='line_1_58' title="bbox 148 2323 1255 2362; baseline -0.004 -4"><span class='ocrx_word' id='word_1_522' title='bbox 148 2338 214 2358; x_wconf 90' lang='lat' dir='ltr'>cum</span> <span class='ocrx_word' id='word_1_523' title='bbox 225 2327 303 2357; x_wconf 85' lang='lat' dir='ltr'>sacco</span> <span class='ocrx_word' id='word_1_524' title='bbox 312 2327 387 2357; x_wconf 86' lang='lat' dir='ltr'>adire</span> <span class='ocrx_word' id='word_1_525' title='bbox 396 2327 489 2356; x_wconf 88' lang='lat' dir='ltr'>debet.</span> <span class='ocrx_word' id='word_1_526' title='bbox 527 2325 648 2356; x_wconf 83' lang='lat' dir='ltr'>Alciatus</span> <span class='ocrx_word' id='word_1_527' title='bbox 662 2331 755 2354; x_wconf 88' lang='lat' dir='ltr'>autem</span> <span class='ocrx_word' id='word_1_528' title='bbox 768 2324 802 2353; x_wconf 89' lang='lat' dir='ltr'>ad</span> <span class='ocrx_word' id='word_1_529' title='bbox 823 2325 965 2353; x_wconf 67' lang='lat' dir='ltr'>haeredem</span> <span class='ocrx_word' id='word_1_530' title='bbox 983 2323 1038 2354; x_wconf 84' lang='lat' dir='ltr'>hoc</span> <span class='ocrx_word' id='word_1_531' title='bbox 1057 2324 1160 2361; x_wconf 81' lang='lat' dir='ltr'>refert,</span> <span class='ocrx_word' id='word_1_532' title='bbox 1181 2324 1255 2362; x_wconf 78' lang='lat' dir='ltr'>quasi</span> 
     </span>
     <span class='ocr_line' id='line_1_59' title="bbox 147 2362 993 2395; baseline -0.004 0"><span class='ocrx_word' id='word_1_533' title='bbox 147 2366 339 2395; x_wconf 66' lang='lat' dir='ltr'>haereditatem</span> <span class='ocrx_word' id='word_1_534' title='bbox 350 2372 416 2394; x_wconf 88' lang='lat' dir='ltr'>cum</span> <span class='ocrx_word' id='word_1_535' title='bbox 424 2364 505 2394; x_wconf 84' lang='lat' dir='ltr'>sacco</span> <span class='ocrx_word' id='word_1_536' title='bbox 517 2364 594 2393; x_wconf 85' lang='lat' dir='ltr'>adire</span> <span class='ocrx_word' id='word_1_537' title='bbox 604 2373 662 2392; x_wconf 91' lang='lat' dir='ltr'>non</span> <span class='ocrx_word' id='word_1_538' title='bbox 676 2363 785 2393; x_wconf 86' lang='lat' dir='ltr'>debeat.</span> <span class='ocrx_word' id='word_1_539' title='bbox 808 2362 993 2392; x_wconf 80' lang='lat' dir='ltr'>Hotomanus.</span> 
     </span>
    </p>

    <p class='ocr_par' dir='ltr' id='par_1_35' title="bbox 126 2401 709 2439">
     <span class='ocr_line' id='line_1_60' title="bbox 126 2401 709 2439; baseline -0.007 -5"><span class='ocrx_word' id='word_1_540' title='bbox 126 2405 202 2435; x_wconf 88' lang='lat' dir='ltr'>Cum</span> <span class='ocrx_word' id='word_1_541' title='bbox 213 2403 309 2433; x_wconf 87' lang='lat' dir='ltr'>salute.</span> <span class='ocrx_word' id='word_1_542' title='bbox 331 2402 397 2432; x_wconf 84' lang='lat' dir='ltr'>Ter.</span> <span class='ocrx_word' id='word_1_543' title='bbox 414 2401 530 2439; x_wconf 77' lang='lat' dir='ltr'>Adelph.</span> <span class='ocrx_word' id='word_1_544' title='bbox 543 2413 569 2437; x_wconf 78' lang='lat'>4.</span> <span class='ocrx_word' id='word_1_545' title='bbox 583 2411 606 2431; x_wconf 86' lang='lat' dir='ltr'>r.</span> <span class='ocrx_word' id='word_1_546' title='bbox 620 2409 644 2438; x_wconf 86' lang='lat'>3.</span> <span class='ocrx_word' id='word_1_547' title='bbox 706 2404 709 2410; x_wconf 94' lang='grc'><strong>“</strong></span> 
     </span>
    </p>

    <p class='ocr_par' dir='ltr' id='par_1_36' title="bbox 208 2440 1101 2516">
     <span class='ocr_line' id='line_1_61' title="bbox 346 2440 685 2476; baseline -0.009 -5"><span class='ocrx_word' id='word_1_548' title='bbox 346 2469 351 2471; x_wconf 53' lang='lat'>.</span> <span class='ocrx_word' id='word_1_549' title='bbox 403 2456 440 2462; x_wconf 83' lang='lat'>-—</span> <span class='ocrx_word' id='word_1_550' title='bbox 449 2441 558 2469; x_wconf 87' lang='lat' dir='ltr'>utinam</span> <span class='ocrx_word' id='word_1_551' title='bbox 569 2440 685 2476; x_wconf 88' lang='lat' dir='ltr'>quidem</span> 
     </span>
     <span class='ocr_line' id='line_1_62' title="bbox 208 2474 1101 2516; baseline -0.003 -7"><span class='ocrx_word' id='word_1_552' title='bbox 208 2479 316 2516; x_wconf 86' lang='lat' dir='ltr'>(Quod</span> <span class='ocrx_word' id='word_1_553' title='bbox 324 2488 389 2509; x_wconf 88' lang='lat' dir='ltr'>cum</span> <span class='ocrx_word' id='word_1_554' title='bbox 399 2477 485 2508; x_wconf 86' lang='lat' dir='ltr'>salute</span> <span class='ocrx_word' id='word_1_555' title='bbox 497 2478 556 2514; x_wconf 85' lang='lat' dir='ltr'>ejus</span> <span class='ocrx_word' id='word_1_556' title='bbox 567 2477 638 2513; x_wconf 81' lang='lat' dir='ltr'>fiat)</span> <span class='ocrx_word' id='word_1_557' title='bbox 659 2477 697 2506; x_wconf 85' lang='lat' dir='ltr'>ita</span> <span class='ocrx_word' id='word_1_558' title='bbox 710 2477 736 2506; x_wconf 88' lang='lat' dir='ltr'>se</span> <span class='ocrx_word' id='word_1_559' title='bbox 750 2475 906 2513; x_wconf 85' lang='lat' dir='ltr'>defatigarit</span> <span class='ocrx_word' id='word_1_560' title='bbox 917 2474 1002 2506; x_wconf 87' lang='lat' dir='ltr'>velim</span> <span class='ocrx_word' id='word_1_561' title='bbox 1017 2497 1026 2512; x_wconf 93' lang='lat'>‚</span> <span class='ocrx_word' id='word_1_562' title='bbox 1049 2476 1101 2506; x_wconf 76' lang='grc' dir='ltr'>διο.</span> 
     </span>
    </p>

    <p class='ocr_par' dir='ltr' id='par_1_37' title="bbox 129 2514 918 2552">
     <span class='ocr_line' id='line_1_63' title="bbox 129 2514 918 2552; baseline -0.008 -4"><span class='ocrx_word' id='word_1_563' title='bbox 129 2519 202 2549; x_wconf 88' lang='lat' dir='ltr'>Cum</span> <span class='ocrx_word' id='word_1_564' title='bbox 213 2517 322 2547; x_wconf 90' lang='lat' dir='ltr'>silentio</span> <span class='ocrx_word' id='word_1_565' title='bbox 337 2517 566 2546; x_wconf 89' lang='lat' dir='ltr'>animadvertere.</span> <span class='ocrx_word' id='word_1_566' title='bbox 588 2515 653 2545; x_wconf 87' lang='lat' dir='ltr'>Ter.</span> <span class='ocrx_word' id='word_1_567' title='bbox 669 2516 697 2544; x_wconf 88' lang='lat' dir='ltr'>in</span> <span class='ocrx_word' id='word_1_568' title='bbox 708 2514 778 2552; x_wconf 91' lang='lat' dir='ltr'>prol.</span> <span class='ocrx_word' id='word_1_569' title='bbox 790 2514 859 2543; x_wconf 86' lang='lat' dir='ltr'>Eun.</span> <span class='ocrx_word' id='word_1_570' title='bbox 871 2525 918 2549; x_wconf 73' lang='lat'>4⁴·</span> 
     </span>
    </p>

    <p class='ocr_par' dir='ltr' id='par_1_38' title="bbox 130 2550 1257 2631">
     <span class='ocr_line' id='line_1_64' title="bbox 130 2550 1257 2594; baseline -0.005 -8"><span class='ocrx_word' id='word_1_571' title='bbox 130 2558 202 2586; x_wconf 88' lang='lat' dir='ltr'>Cum</span> <span class='ocrx_word' id='word_1_572' title='bbox 213 2556 268 2594; x_wconf 85' lang='lat' dir='ltr'>spe.</span> <span class='ocrx_word' id='word_1_573' title='bbox 308 2554 367 2584; x_wconf 91' lang='lat' dir='ltr'>Cic.</span> <span class='ocrx_word' id='word_1_574' title='bbox 379 2564 430 2592; x_wconf 90' lang='lat' dir='ltr'>pro</span> <span class='ocrx_word' id='word_1_575' title='bbox 444 2554 535 2583; x_wconf 85' lang='lat' dir='ltr'>Rabir.</span> <span class='ocrx_word' id='word_1_576' title='bbox 547 2553 615 2582; x_wconf 85' lang='lat' dir='ltr'>Post.</span> <span class='ocrx_word' id='word_1_577' title='bbox 630 2563 653 2588; x_wconf 81' lang='grc' dir='ltr'>ς.</span> <span class='ocrx_word' id='word_1_578' title='bbox 685 2553 716 2582; x_wconf 85' lang='lat' dir='ltr'>ld</span> <span class='ocrx_word' id='word_1_579' title='bbox 727 2552 764 2582; x_wconf 90' lang='lat' dir='ltr'>est</span> <span class='ocrx_word' id='word_1_580' title='bbox 774 2551 887 2581; x_wconf 84' lang='lat' dir='ltr'>difficile</span> <span class='ocrx_word' id='word_1_581' title='bbox 897 2571 906 2587; x_wconf 78' lang='grc'><em>,</em></span> <span class='ocrx_word' id='word_1_582' title='bbox 928 2551 1005 2589; x_wconf 89' lang='lat' dir='ltr'>quod</span> <span class='ocrx_word' id='word_1_583' title='bbox 1017 2560 1082 2582; x_wconf 89' lang='lat' dir='ltr'>cum</span> <span class='ocrx_word' id='word_1_584' title='bbox 1093 2550 1140 2589; x_wconf 86' lang='lat' dir='ltr'>spe</span> <span class='ocrx_word' id='word_1_585' title='bbox 1157 2557 1257 2590; x_wconf 83' lang='lat' dir='ltr'>magna</span> 
     </span>
     <span class='ocr_line' id='line_1_65' title="bbox 150 2591 899 2631; baseline -0.008 -6"><span class='ocrx_word' id='word_1_586' title='bbox 150 2595 182 2625; x_wconf 82' lang='lat' dir='ltr'>sis</span> <span class='ocrx_word' id='word_1_587' title='bbox 192 2591 325 2631; x_wconf 77' lang='lat' dir='ltr'>ingressus</span> <span class='ocrx_word' id='word_1_588' title='bbox 337 2614 345 2629; x_wconf 82' lang='lat'>‚</span> <span class='ocrx_word' id='word_1_589' title='bbox 366 2593 396 2621; x_wconf 89' lang='lat' dir='ltr'>id</span> <span class='ocrx_word' id='word_1_590' title='bbox 407 2602 463 2620; x_wconf 90' lang='lat' dir='ltr'>non</span> <span class='ocrx_word' id='word_1_591' title='bbox 475 2592 576 2627; x_wconf 80' lang='lat' dir='ltr'>exequi</span> <span class='ocrx_word' id='word_1_592' title='bbox 590 2591 674 2628; x_wconf 90' lang='lat' dir='ltr'>usque</span> <span class='ocrx_word' id='word_1_593' title='bbox 685 2591 720 2620; x_wconf 86' lang='lat' dir='ltr'>ad</span> <span class='ocrx_word' id='word_1_594' title='bbox 733 2596 899 2620; x_wconf 77' lang='lat' dir='ltr'>extremum.</span> 
     </span>
    </p>

    <p class='ocr_par' dir='ltr' id='par_1_39' title="bbox 130 2626 1257 2742">
     <span class='ocr_line' id='line_1_66' title="bbox 130 2626 1256 2669; baseline -0.005 -6"><span class='ocrx_word' id='word_1_595' title='bbox 130 2633 204 2663; x_wconf 84' lang='lat' dir='ltr'>Cum</span> <span class='ocrx_word' id='word_1_596' title='bbox 216 2633 264 2669; x_wconf 88' lang='lat' dir='ltr'>spe</span> <span class='ocrx_word' id='word_1_597' title='bbox 275 2631 350 2660; x_wconf 81' lang='lat' dir='ltr'>bona</span> <span class='ocrx_word' id='word_1_598' title='bbox 367 2629 567 2659; x_wconf 81' lang='lat' dir='ltr'>adolescentes.</span> <span class='ocrx_word' id='word_1_599' title='bbox 608 2628 714 2658; x_wconf 87' lang='lat' dir='ltr'>Sallust.</span> <span class='ocrx_word' id='word_1_600' title='bbox 733 2628 768 2657; x_wconf 87' lang='lat' dir='ltr'>ad</span> <span class='ocrx_word' id='word_1_601' title='bbox 780 2627 845 2657; x_wconf 79' lang='lat' dir='ltr'>Caes.</span> <span class='ocrx_word' id='word_1_602' title='bbox 861 2628 896 2656; x_wconf 87' lang='lat' dir='ltr'>de</span> <span class='ocrx_word' id='word_1_603' title='bbox 911 2627 982 2664; x_wconf 84' lang='lat' dir='ltr'>Rep.</span> <span class='ocrx_word' id='word_1_604' title='bbox 995 2626 1055 2656; x_wconf 88' lang='lat' dir='ltr'>ord.</span> <span class='ocrx_word' id='word_1_605' title='bbox 1079 2626 1128 2665; x_wconf 90' lang='lat' dir='ltr'>Ep.</span> <span class='ocrx_word' id='word_1_606' title='bbox 1143 2635 1169 2656; x_wconf 88' lang='lat'>2.</span> <span class='ocrx_word' id='word_1_607' title='bbox 1190 2637 1215 2656; x_wconf 80' lang='lat' dir='ltr'>e.</span> <span class='ocrx_word' id='word_1_608' title='bbox 1227 2638 1256 2663; x_wconf 86' lang='lat'>4.</span> 
     </span>
     <span class='ocr_line' id='line_1_67' title="bbox 152 2663 1220 2707; baseline -0.007 -6"><span class='ocrx_word' id='word_1_609' title='bbox 152 2671 234 2701; x_wconf 74' lang='lat' dir='ltr'>Multi</span> <span class='ocrx_word' id='word_1_610' title='bbox 245 2676 378 2707; x_wconf 71' lang='lat' dir='ltr'>praeterea</span> <span class='ocrx_word' id='word_1_611' title='bbox 390 2677 454 2697; x_wconf 88' lang='lat' dir='ltr'>cum</span> <span class='ocrx_word' id='word_1_612' title='bbox 465 2665 511 2705; x_wconf 88' lang='lat' dir='ltr'>spe</span> <span class='ocrx_word' id='word_1_613' title='bbox 522 2668 594 2696; x_wconf 88' lang='lat' dir='ltr'>bona</span> <span class='ocrx_word' id='word_1_614' title='bbox 604 2666 794 2697; x_wconf 85' lang='lat' dir='ltr'>adolescentes</span> <span class='ocrx_word' id='word_1_615' title='bbox 805 2687 813 2701; x_wconf 78' lang='lat'>‚</span> <span class='ocrx_word' id='word_1_616' title='bbox 836 2663 911 2694; x_wconf 90' lang='lat' dir='ltr'>sicuti</span> <span class='ocrx_word' id='word_1_617' title='bbox 923 2664 1017 2694; x_wconf 62' lang='lat' dir='ltr'>hostia</span> <span class='ocrx_word' id='word_1_618' title='bbox 1026 2665 1138 2694; x_wconf 62' lang='lat' dir='ltr'>mastati</span> <span class='ocrx_word' id='word_1_619' title='bbox 1150 2664 1220 2694; x_wconf 90' lang='lat' dir='ltr'>sunt.</span> 
     </span>
     <span class='ocr_line' id='line_1_68' title="bbox 130 2702 1257 2742; baseline -0.005 -3"><span class='ocrx_word' id='word_1_620' title='bbox 130 2710 204 2740; x_wconf 84' lang='lat' dir='ltr'>Cum</span> <span class='ocrx_word' id='word_1_621' title='bbox 214 2708 293 2737; x_wconf 85' lang='lat' dir='ltr'>venia</span> <span class='ocrx_word' id='word_1_622' title='bbox 303 2708 375 2736; x_wconf 86' lang='lat' dir='ltr'>bona</span> <span class='ocrx_word' id='word_1_623' title='bbox 387 2706 490 2735; x_wconf 86' lang='lat' dir='ltr'>audire.</span> <span class='ocrx_word' id='word_1_624' title='bbox 532 2704 590 2735; x_wconf 90' lang='lat' dir='ltr'>Liv.</span> <span class='ocrx_word' id='word_1_625' title='bbox 602 2714 647 2740; x_wconf 80' lang='lat'>²9-</span> <span class='ocrx_word' id='word_1_626' title='bbox 665 2714 689 2734; x_wconf 89' lang='lat'>1.</span> <span class='ocrx_word' id='word_1_627' title='bbox 711 2704 913 2742; x_wconf 82' lang='lat' dir='ltr'>Expromerent</span> <span class='ocrx_word' id='word_1_628' title='bbox 931 2703 1000 2740; x_wconf 90' lang='lat' dir='ltr'>quid</span> <span class='ocrx_word' id='word_1_629' title='bbox 1015 2702 1170 2739; x_wconf 84' lang='lat' dir='ltr'>sentirent,</span> <span class='ocrx_word' id='word_1_630' title='bbox 1191 2712 1257 2733; x_wconf 87' lang='lat' dir='ltr'>cum</span> 
     </span>
    </p>

    <p class='ocr_par' dir='ltr' id='par_1_40' title="bbox 149 2742 961 2820">
     <span class='ocr_line' id='line_1_69' title="bbox 150 2742 652 2777; baseline -0.008 0"><span class='ocrx_word' id='word_1_631' title='bbox 150 2748 224 2777; x_wconf 86' lang='lat' dir='ltr'>bona</span> <span class='ocrx_word' id='word_1_632' title='bbox 236 2746 317 2775; x_wconf 86' lang='lat' dir='ltr'>venia</span> <span class='ocrx_word' id='word_1_633' title='bbox 325 2744 351 2774; x_wconf 88' lang='lat' dir='ltr'>se</span> <span class='ocrx_word' id='word_1_634' title='bbox 361 2744 520 2773; x_wconf 88' lang='lat' dir='ltr'>auditurum</span> <span class='ocrx_word' id='word_1_635' title='bbox 531 2742 652 2773; x_wconf 84' lang='lat' dir='ltr'>dicebat.</span> 
     </span>
     <span class='ocr_line' id='line_1_70' title="bbox 149 2777 961 2820; baseline -0.01 -5"><span class='ocrx_word' id='word_1_636' title='bbox 149 2786 234 2816; x_wconf 89' lang='lat' dir='ltr'>Unde</span> <span class='ocrx_word' id='word_1_637' title='bbox 244 2786 269 2814; x_wconf 71' lang='grc' dir='ltr'><strong>ἃ</strong></span> <span class='ocrx_word' id='word_1_638' title='bbox 280 2783 336 2813; x_wconf 83' lang='lat' dir='ltr'>linc</span> <span class='ocrx_word' id='word_1_639' title='bbox 347 2781 540 2820; x_wconf 74' lang='lat' dir='ltr'>praepositione</span> <span class='ocrx_word' id='word_1_640' title='bbox 553 2781 629 2811; x_wconf 90' lang='lat' dir='ltr'>Bona</span> <span class='ocrx_word' id='word_1_641' title='bbox 639 2780 722 2809; x_wconf 81' lang='lat' dir='ltr'>venia</span> <span class='ocrx_word' id='word_1_642' title='bbox 736 2778 843 2809; x_wconf 87' lang='lat' dir='ltr'>audire.</span> <span class='ocrx_word' id='word_1_643' title='bbox 864 2778 900 2808; x_wconf 86' lang='lat' dir='ltr'>H.</span> <span class='ocrx_word' id='word_1_644' title='bbox 920 2777 961 2808; x_wconf 86' lang='lat' dir='ltr'>St.</span> 
     </span>
    </p>

    <p class='ocr_par' dir='ltr' id='par_1_41' title="bbox 130 2815 1260 2974">
     <span class='ocr_line' id='line_1_71' title="bbox 130 2815 1257 2859; baseline -0.006 -6"><span class='ocrx_word' id='word_1_645' title='bbox 130 2823 204 2854; x_wconf 88' lang='lat' dir='ltr'>Cum</span> <span class='ocrx_word' id='word_1_646' title='bbox 214 2832 248 2851; x_wconf 88' lang='lat' dir='ltr'>eo</span> <span class='ocrx_word' id='word_1_647' title='bbox 259 2844 267 2857; x_wconf 95' lang='lat'>‚</span> <span class='ocrx_word' id='word_1_648' title='bbox 287 2830 339 2859; x_wconf 91' lang='lat' dir='ltr'>pro</span> <span class='ocrx_word' id='word_1_649' title='bbox 353 2821 390 2849; x_wconf 87' lang='lat' dir='ltr'>Ea</span> <span class='ocrx_word' id='word_1_650' title='bbox 401 2820 470 2857; x_wconf 82' lang='lat' dir='ltr'>lege.</span> <span class='ocrx_word' id='word_1_651' title='bbox 511 2818 652 2848; x_wconf 88' lang='lat' dir='ltr'>Columel.</span> <span class='ocrx_word' id='word_1_652' title='bbox 664 2817 714 2847; x_wconf 89' lang='lat' dir='ltr'>lib.</span> <span class='ocrx_word' id='word_1_653' title='bbox 733 2827 757 2852; x_wconf 82' lang='grc' dir='ltr'>ς.</span> <span class='ocrx_word' id='word_1_654' title='bbox 778 2826 840 2855; x_wconf 89' lang='lat' dir='ltr'>cap.</span> <span class='ocrx_word' id='word_1_655' title='bbox 855 2825 879 2845; x_wconf 91' lang='lat'>1.</span> <span class='ocrx_word' id='word_1_656' title='bbox 901 2815 1043 2853; x_wconf 83' lang='lat' dir='ltr'>obsequar</span> <span class='ocrx_word' id='word_1_657' title='bbox 1051 2816 1190 2846; x_wconf 86' lang='lat' dir='ltr'>voluntati</span> <span class='ocrx_word' id='word_1_658' title='bbox 1203 2822 1257 2846; x_wconf 84' lang='lat' dir='ltr'>tuae</span> 
     </span>
     <span class='ocr_line' id='line_1_72' title="bbox 150 2853 1260 2895; baseline -0.007 -5"><span class='ocrx_word' id='word_1_659' title='bbox 150 2870 216 2891; x_wconf 88' lang='lat' dir='ltr'>cum</span> <span class='ocrx_word' id='word_1_660' title='bbox 227 2869 278 2895; x_wconf 72' lang='lat' dir='ltr'>eo.</span> <span class='ocrx_word' id='word_1_661' title='bbox 300 2869 335 2888; x_wconf 86' lang='lat' dir='ltr'>ne</span> <span class='ocrx_word' id='word_1_662' title='bbox 348 2858 468 2888; x_wconf 83' lang='lat' dir='ltr'>dubites.</span> <span class='ocrx_word' id='word_1_663' title='bbox 491 2856 560 2886; x_wconf 70' lang='lat' dir='ltr'>Cels]</span> <span class='ocrx_word' id='word_1_664' title='bbox 579 2857 627 2886; x_wconf 90' lang='lat' dir='ltr'>lib.</span> <span class='ocrx_word' id='word_1_665' title='bbox 641 2865 666 2892; x_wconf 83' lang='lat'>3.</span> <span class='ocrx_word' id='word_1_666' title='bbox 680 2865 740 2893; x_wconf 86' lang='lat' dir='ltr'>cap.</span> <span class='ocrx_word' id='word_1_667' title='bbox 753 2864 799 2884; x_wconf 89' lang='lat'>22.</span> <span class='ocrx_word' id='word_1_668' title='bbox 816 2855 852 2883; x_wconf 82' lang='lat' dir='ltr'>de</span> <span class='ocrx_word' id='word_1_669' title='bbox 863 2853 938 2889; x_wconf 81' lang='lat' dir='ltr'>tabe,</span> <span class='ocrx_word' id='word_1_670' title='bbox 960 2854 988 2883; x_wconf 89' lang='lat' dir='ltr'>Si</span> <span class='ocrx_word' id='word_1_671' title='bbox 998 2853 1068 2883; x_wconf 88' lang='lat' dir='ltr'>nihil</span> <span class='ocrx_word' id='word_1_672' title='bbox 1080 2854 1184 2891; x_wconf 83' lang='lat' dir='ltr'>reliqua</span> <span class='ocrx_word' id='word_1_673' title='bbox 1195 2864 1260 2892; x_wconf 86' lang='lat' dir='ltr'>pro-</span> 
     </span>
     <span class='ocr_line' id='line_1_73' title="bbox 150 2891 1258 2933; baseline -0.005 -5"><span class='ocrx_word' id='word_1_674' title='bbox 150 2900 266 2932; x_wconf 76' lang='lat' dir='ltr'>ficiunt,</span> <span class='ocrx_word' id='word_1_675' title='bbox 288 2896 395 2933; x_wconf 81' lang='lat' dir='ltr'>sanguis</span> <span class='ocrx_word' id='word_1_676' title='bbox 409 2895 562 2925; x_wconf 86' lang='lat' dir='ltr'>mittendus</span> <span class='ocrx_word' id='word_1_677' title='bbox 573 2894 612 2924; x_wconf 87' lang='lat' dir='ltr'>est</span> <span class='ocrx_word' id='word_1_678' title='bbox 622 2916 630 2929; x_wconf 90' lang='lat'><strong><em>‚</em></strong></span> <span class='ocrx_word' id='word_1_679' title='bbox 650 2893 697 2923; x_wconf 88' lang='lat' dir='ltr'>sed</span> <span class='ocrx_word' id='word_1_680' title='bbox 709 2892 853 2930; x_wconf 88' lang='lat' dir='ltr'>paulatim,</span> <span class='ocrx_word' id='word_1_681' title='bbox 873 2892 1054 2929; x_wconf 87' lang='lat' dir='ltr'>quotidieque</span> <span class='ocrx_word' id='word_1_682' title='bbox 1063 2891 1190 2930; x_wconf 88' lang='lat' dir='ltr'>pluribus</span> <span class='ocrx_word' id='word_1_683' title='bbox 1200 2892 1258 2922; x_wconf 84' lang='lat' dir='ltr'>die-</span> 
     </span>
     <span class='ocr_line' id='line_1_74' title="bbox 152 2929 1100 2974; baseline -0.009 -8"><span class='ocrx_word' id='word_1_684' title='bbox 152 2937 205 2966; x_wconf 81' lang='lat' dir='ltr'>bus</span> <span class='ocrx_word' id='word_1_685' title='bbox 214 2959 221 2971; x_wconf 85' lang='lat'><strong>‚</strong></span> <span class='ocrx_word' id='word_1_686' title='bbox 243 2945 306 2965; x_wconf 89' lang='lat' dir='ltr'>cum</span> <span class='ocrx_word' id='word_1_687' title='bbox 318 2944 351 2964; x_wconf 88' lang='lat' dir='ltr'>eo</span> <span class='ocrx_word' id='word_1_688' title='bbox 361 2942 392 2963; x_wconf 88' lang='lat' dir='ltr'>ut</span> <span class='ocrx_word' id='word_1_689' title='bbox 407 2940 500 2962; x_wconf 85' lang='lat' dir='ltr'>cetera</span> <span class='ocrx_word' id='word_1_690' title='bbox 511 2941 622 2970; x_wconf 88' lang='lat' dir='ltr'>quoque</span> <span class='ocrx_word' id='word_1_691' title='bbox 630 2931 732 2961; x_wconf 88' lang='lat' dir='ltr'>eodem</span> <span class='ocrx_word' id='word_1_692' title='bbox 747 2930 832 2960; x_wconf 89' lang='lat' dir='ltr'>modo</span> <span class='ocrx_word' id='word_1_693' title='bbox 843 2929 993 2959; x_wconf 89' lang='lat' dir='ltr'>serventur.</span> <span class='ocrx_word' id='word_1_694' title='bbox 1092 2964 1100 2974; x_wconf 16' lang='lat' dir='ltr'>r.</span> 
     </span>
    </p>

    <p class='ocr_par' dir='ltr' id='par_1_42' title="bbox 133 2967 1125 3005">
     <span class='ocr_line' id='line_1_75' title="bbox 133 2967 1125 3005; baseline -0.01 0"><span class='ocrx_word' id='word_1_695' title='bbox 133 2974 225 3005; x_wconf 84' lang='lat' dir='ltr'>Simul</span> <span class='ocrx_word' id='word_1_696' title='bbox 236 2983 309 3003; x_wconf 86' lang='lat' dir='ltr'>cum.</span> <span class='ocrx_word' id='word_1_697' title='bbox 330 2972 393 3001; x_wconf 85' lang='lat' dir='ltr'>Ter.</span> <span class='ocrx_word' id='word_1_698' title='bbox 406 2972 476 3001; x_wconf 89' lang='lat' dir='ltr'>Eun.</span> <span class='ocrx_word' id='word_1_699' title='bbox 489 2980 550 3000; x_wconf 84' lang='lat'>2.2.</span> <span class='ocrx_word' id='word_1_700' title='bbox 563 2980 606 3000; x_wconf 82' lang='lat'>10.</span> <span class='ocrx_word' id='word_1_701' title='bbox 627 2969 716 2999; x_wconf 90' lang='lat' dir='ltr'>Simul</span> <span class='ocrx_word' id='word_1_702' title='bbox 732 2967 878 2998; x_wconf 89' lang='lat' dir='ltr'>consilium</span> <span class='ocrx_word' id='word_1_703' title='bbox 889 2977 953 2996; x_wconf 89' lang='lat' dir='ltr'>cum</span> <span class='ocrx_word' id='word_1_704' title='bbox 969 2977 997 2997; x_wconf 91' lang='lat' dir='ltr'>re</span> <span class='ocrx_word' id='word_1_705' title='bbox 1013 2967 1125 2996; x_wconf 71' lang='lat' dir='ltr'>amisti?</span> 
     </span>
    </p>

    <p class='ocr_par' dir='ltr' id='par_1_43' title="bbox 133 3005 1164 3050">
     <span class='ocr_line' id='line_1_76' title="bbox 133 3005 1164 3050; baseline -0.006 -8"><span class='ocrx_word' id='word_1_706' title='bbox 133 3014 223 3047; x_wconf 82' lang='lat' dir='ltr'>Cum,</span> <span class='ocrx_word' id='word_1_707' title='bbox 246 3021 295 3050; x_wconf 84' lang='lat' dir='ltr'>pro</span> <span class='ocrx_word' id='word_1_708' title='bbox 309 3010 341 3040; x_wconf 80' lang='lat' dir='ltr'>Et</span> <span class='ocrx_word' id='word_1_709' title='bbox 354 3032 362 3045; x_wconf 85' lang='lat'>‚</span> <span class='ocrx_word' id='word_1_710' title='bbox 385 3009 524 3038; x_wconf 83' lang='lat' dir='ltr'>interdum</span> <span class='ocrx_word' id='word_1_711' title='bbox 536 3007 661 3046; x_wconf 76' lang='lat' dir='ltr'>syllepsin</span> <span class='ocrx_word' id='word_1_712' title='bbox 671 3007 746 3037; x_wconf 81' lang='lat' dir='ltr'>facit.</span> <span class='ocrx_word' id='word_1_713' title='bbox 768 3012 798 3036; x_wconf 90' lang='lat' dir='ltr'>ut</span> <span class='ocrx_word' id='word_1_714' title='bbox 808 3005 882 3044; x_wconf 89' lang='lat' dir='ltr'>apud</span> <span class='ocrx_word' id='word_1_715' title='bbox 896 3005 1021 3040; x_wconf 80' lang='lat' dir='ltr'>Ovid.4.</span> <span class='ocrx_word' id='word_1_716' title='bbox 1041 3005 1107 3035; x_wconf 87' lang='lat' dir='ltr'>Fast.</span> <span class='ocrx_word' id='word_1_717' title='bbox 1120 3016 1164 3041; x_wconf 82' lang='lat'>54.</span> 
     </span>
    </p>

    <p class='ocr_par' dir='ltr' id='par_1_44' title="bbox 151 3044 1259 3307">
     <span class='ocr_line' id='line_1_77' title="bbox 215 3044 711 3080; baseline -0.012 0"><span class='ocrx_word' id='word_1_718' title='bbox 215 3050 264 3080; x_wconf 91' lang='lat' dir='ltr'>llia</span> <span class='ocrx_word' id='word_1_719' title='bbox 279 3058 343 3078; x_wconf 87' lang='lat' dir='ltr'>curn</span> <span class='ocrx_word' id='word_1_720' title='bbox 353 3047 438 3077; x_wconf 83' lang='lat' dir='ltr'>Lauso</span> <span class='ocrx_word' id='word_1_721' title='bbox 449 3047 484 3076; x_wconf 83' lang='lat' dir='ltr'>de</span> <span class='ocrx_word' id='word_1_722' title='bbox 495 3046 642 3076; x_wconf 81' lang='lat' dir='ltr'>Numitore</span> <span class='ocrx_word' id='word_1_723' title='bbox 653 3044 711 3074; x_wconf 86' lang='lat' dir='ltr'>sati.</span> 
     </span>
     <span class='ocr_line' id='line_1_78' title="bbox 151 3085 805 3125; baseline -0.017 -6"><span class='ocrx_word' id='word_1_724' title='bbox 151 3089 262 3119; x_wconf 82' lang='lat' dir='ltr'>mitore.</span> <span class='ocrx_word' id='word_1_725' title='bbox 284 3087 359 3123; x_wconf 84' lang='lat' dir='ltr'>Virg.</span> <span class='ocrx_word' id='word_1_726' title='bbox 375 3097 398 3116; x_wconf 87' lang='lat'>1.</span> <span class='ocrx_word' id='word_1_727' title='bbox 411 3085 473 3116; x_wconf 81' lang='lat' dir='ltr'>AEn.</span> <span class='ocrx_word' id='word_1_728' title='bbox 489 3087 551 3119; x_wconf 74' lang='lat'>556.</span> <span class='ocrx_word' id='word_1_729' title='bbox 600 3094 609 3099; x_wconf 58' lang='lat'><em>¹</em></span> <span class='ocrx_word' id='word_1_730' title='bbox 774 3118 780 3125; x_wconf 47' lang='lat'><strong>·</strong></span> <span class='ocrx_word' id='word_1_731' title='bbox 799 3118 805 3125; x_wconf 35' lang='grc' dir='ltr'>ι</span> 
     </span>
     <span class='ocr_line' id='line_1_79' title="bbox 405 3120 861 3156; baseline -0.011 -4"><span class='ocrx_word' id='word_1_732' title='bbox 405 3138 444 3144; x_wconf 84' lang='lat'>-—</span> <span class='ocrx_word' id='word_1_733' title='bbox 454 3122 543 3152; x_wconf 86' lang='lat' dir='ltr'>Remo</span> <span class='ocrx_word' id='word_1_734' title='bbox 558 3128 623 3151; x_wconf 89' lang='lat' dir='ltr'>cum</span> <span class='ocrx_word' id='word_1_735' title='bbox 633 3121 714 3150; x_wconf 84' lang='lat' dir='ltr'>fratre</span> <span class='ocrx_word' id='word_1_736' title='bbox 725 3120 861 3156; x_wconf 82' lang='lat' dir='ltr'>Quirinus</span> 
     </span>
     <span class='ocr_line' id='line_1_80' title="bbox 226 3154 1258 3199; baseline -0.005 -7"><span class='ocrx_word' id='word_1_737' title='bbox 226 3159 292 3199; x_wconf 70' lang='lat' dir='ltr'>jura</span> <span class='ocrx_word' id='word_1_738' title='bbox 311 3161 426 3191; x_wconf 88' lang='lat' dir='ltr'>dabunt.</span> <span class='ocrx_word' id='word_1_739' title='bbox 525 3160 543 3188; x_wconf 88' lang='lat' dir='ltr'>i.</span> <span class='ocrx_word' id='word_1_740' title='bbox 560 3170 584 3190; x_wconf 90' lang='lat' dir='ltr'>e.</span> <span class='ocrx_word' id='word_1_741' title='bbox 613 3159 748 3195; x_wconf 79' lang='lat' dir='ltr'>Quirinus</span> <span class='ocrx_word' id='word_1_742' title='bbox 765 3156 812 3186; x_wconf 88' lang='lat' dir='ltr'>seu</span> <span class='ocrx_word' id='word_1_743' title='bbox 836 3154 973 3186; x_wconf 85' lang='lat' dir='ltr'>Romulus</span> <span class='ocrx_word' id='word_1_744' title='bbox 996 3158 1022 3186; x_wconf 75' lang='grc' dir='ltr'>δι</span> <span class='ocrx_word' id='word_1_745' title='bbox 1044 3155 1148 3186; x_wconf 86' lang='lat' dir='ltr'>Remus</span> <span class='ocrx_word' id='word_1_746' title='bbox 1166 3156 1258 3195; x_wconf 80' lang='lat' dir='ltr'>frater.</span> 
     </span>
     <span class='ocr_line' id='line_1_81' title="bbox 153 3194 1259 3236; baseline -0.01 -3"><span class='ocrx_word' id='word_1_747' title='bbox 153 3203 217 3233; x_wconf 84' lang='lat' dir='ltr'>Nec</span> <span class='ocrx_word' id='word_1_748' title='bbox 227 3201 314 3230; x_wconf 81' lang='lat' dir='ltr'>obstat</span> <span class='ocrx_word' id='word_1_749' title='bbox 325 3199 401 3236; x_wconf 88' lang='lat' dir='ltr'>quod</span> <span class='ocrx_word' id='word_1_750' title='bbox 415 3197 547 3236; x_wconf 83' lang='lat' dir='ltr'>praecedit</span> <span class='ocrx_word' id='word_1_751' title='bbox 556 3219 565 3233; x_wconf 83' lang='lat'>‚</span> <span class='ocrx_word' id='word_1_752' title='bbox 585 3196 662 3226; x_wconf 88' lang='lat' dir='ltr'>Cana</span> <span class='ocrx_word' id='word_1_753' title='bbox 673 3196 742 3226; x_wconf 84' lang='lat' dir='ltr'>fides</span> <span class='ocrx_word' id='word_1_754' title='bbox 750 3217 758 3230; x_wconf 93' lang='lat'><strong>‚</strong></span> <span class='ocrx_word' id='word_1_755' title='bbox 780 3197 806 3224; x_wconf 62' lang='lat' dir='ltr'>&amp;a</span> <span class='ocrx_word' id='word_1_756' title='bbox 817 3194 903 3223; x_wconf 77' lang='lat' dir='ltr'>Vesta.</span> <span class='ocrx_word' id='word_1_757' title='bbox 927 3195 991 3230; x_wconf 86' lang='lat' dir='ltr'>quia</span> <span class='ocrx_word' id='word_1_758' title='bbox 1001 3195 1110 3224; x_wconf 90' lang='lat' dir='ltr'>Servius</span> <span class='ocrx_word' id='word_1_759' title='bbox 1121 3196 1176 3230; x_wconf 80' lang='lat' dir='ltr'>ait,</span> <span class='ocrx_word' id='word_1_760' title='bbox 1197 3195 1259 3224; x_wconf 87' lang='lat' dir='ltr'>sub.</span> 
     </span>
     <span class='ocr_line' id='line_1_82' title="bbox 154 3232 1258 3273; baseline -0.007 -3"><span class='ocrx_word' id='word_1_761' title='bbox 154 3240 220 3271; x_wconf 88' lang='lat' dir='ltr'>audi</span> <span class='ocrx_word' id='word_1_762' title='bbox 231 3261 239 3273; x_wconf 76' lang='grc'><em>,</em></span> <span class='ocrx_word' id='word_1_763' title='bbox 261 3239 333 3272; x_wconf 74' lang='lat' dir='ltr'>Erit3</span> <span class='ocrx_word' id='word_1_764' title='bbox 355 3244 387 3266; x_wconf 91' lang='lat' dir='ltr'>ut</span> <span class='ocrx_word' id='word_1_765' title='bbox 400 3236 429 3265; x_wconf 86' lang='lat' dir='ltr'>sit</span> <span class='ocrx_word' id='word_1_766' title='bbox 442 3233 532 3265; x_wconf 84' lang='lat' dir='ltr'>sensus</span> <span class='ocrx_word' id='word_1_767' title='bbox 543 3257 552 3271; x_wconf 90' lang='lat'>,</span> <span class='ocrx_word' id='word_1_768' title='bbox 572 3234 648 3265; x_wconf 90' lang='lat' dir='ltr'>Cana</span> <span class='ocrx_word' id='word_1_769' title='bbox 660 3233 731 3264; x_wconf 80' lang='lat' dir='ltr'>fides</span> <span class='ocrx_word' id='word_1_770' title='bbox 739 3233 886 3268; x_wconf 83' lang='lat' dir='ltr'>erittune‚</span> <span class='ocrx_word' id='word_1_771' title='bbox 909 3233 935 3261; x_wconf 83' lang='lat'>&amp;</span> <span class='ocrx_word' id='word_1_772' title='bbox 950 3232 1025 3262; x_wconf 85' lang='lat' dir='ltr'>Vesta</span> <span class='ocrx_word' id='word_1_773' title='bbox 1036 3253 1044 3268; x_wconf 91' lang='lat'>,</span> <span class='ocrx_word' id='word_1_774' title='bbox 1066 3233 1095 3262; x_wconf 88' lang='lat' dir='ltr'>id</span> <span class='ocrx_word' id='word_1_775' title='bbox 1107 3234 1144 3262; x_wconf 85' lang='lat' dir='ltr'>est</span> <span class='ocrx_word' id='word_1_776' title='bbox 1157 3233 1258 3271; x_wconf 87' lang='lat' dir='ltr'>religio</span> 
     </span>
     <span class='ocr_line' id='line_1_83' title="bbox 153 3285 292 3307; baseline -0.022 0"><span class='ocrx_word' id='word_1_777' title='bbox 153 3286 205 3307; x_wconf 86' lang='lat' dir='ltr'>erit</span> <span class='ocrx_word' id='word_1_778' title='bbox 216 3285 292 3306; x_wconf 89' lang='lat' dir='ltr'>tunc.</span> 
     </span>
    </p>

    <p class='ocr_par' dir='ltr' id='par_1_45' title="bbox 132 3307 1260 3383">
     <span class='ocr_line' id='line_1_84' title="bbox 132 3307 1260 3350; baseline -0.005 -5"><span class='ocrx_word' id='word_1_779' title='bbox 132 3315 261 3348; x_wconf 66' lang='lat' dir='ltr'>Bocchus</span> <span class='ocrx_word' id='word_1_780' title='bbox 278 3322 342 3343; x_wconf 87' lang='lat' dir='ltr'>cum</span> <span class='ocrx_word' id='word_1_781' title='bbox 353 3311 493 3350; x_wconf 83' lang='lat' dir='ltr'>peditibus</span> <span class='ocrx_word' id='word_1_782' title='bbox 503 3309 649 3340; x_wconf 87' lang='lat' dir='ltr'>invadunt.</span> <span class='ocrx_word' id='word_1_783' title='bbox 669 3308 775 3338; x_wconf 89' lang='lat' dir='ltr'>Sallust.</span> <span class='ocrx_word' id='word_1_784' title='bbox 796 3307 924 3345; x_wconf 85' lang='lat' dir='ltr'>Jugurth.</span> <span class='ocrx_word' id='word_1_785' title='bbox 938 3312 998 3346; x_wconf 81' lang='lat' dir='ltr'>cap.</span> <span class='ocrx_word' id='word_1_786' title='bbox 1014 3317 1076 3338; x_wconf 84' lang='lat'>101.</span> <span class='ocrx_word' id='word_1_787' title='bbox 1113 3308 1131 3338; x_wconf 91' lang='lat' dir='ltr'>i.</span> <span class='ocrx_word' id='word_1_788' title='bbox 1144 3318 1168 3338; x_wconf 90' lang='lat' dir='ltr'>e.</span> <span class='ocrx_word' id='word_1_789' title='bbox 1190 3308 1260 3339; x_wconf 71' lang='lat' dir='ltr'>Boe-</span> 
     </span>
     <span class='ocr_line' id='line_1_85' title="bbox 152 3352 392 3383; baseline -0.021 0"><span class='ocrx_word' id='word_1_790' title='bbox 152 3356 221 3383; x_wconf 85' lang='lat' dir='ltr'>chus</span> <span class='ocrx_word' id='word_1_791' title='bbox 235 3354 261 3382; x_wconf 64' lang='grc' dir='ltr'>ἃ</span> <span class='ocrx_word' id='word_1_792' title='bbox 297 3352 392 3381; x_wconf 84' lang='lat' dir='ltr'>edites.</span> 
     </span>
    </p>

    <p class='ocr_par' dir='ltr' id='par_1_46' title="bbox 134 3362 987 3422">
     <span class='ocr_line' id='line_1_86' title="bbox 134 3362 987 3422; baseline -0.009 -1"><span class='ocrx_word' id='word_1_793' title='bbox 134 3362 336 3422; x_wconf 54' lang='lat' dir='ltr'>Demosthgnes</span> <span class='ocrx_word' id='word_1_794' title='bbox 346 3397 410 3417; x_wconf 82' lang='lat' dir='ltr'>cuin</span> <span class='ocrx_word' id='word_1_795' title='bbox 421 3387 520 3417; x_wconf 89' lang='lat' dir='ltr'>ceteris</span> <span class='ocrx_word' id='word_1_796' title='bbox 534 3382 733 3422; x_wconf 83' lang='lat' dir='ltr'>erantexpulsi.</span> <span class='ocrx_word' id='word_1_797' title='bbox 756 3382 852 3420; x_wconf 86' lang='lat' dir='ltr'>Nepos</span> <span class='ocrx_word' id='word_1_798' title='bbox 866 3390 908 3418; x_wconf 87' lang='lat'>19.</span> <span class='ocrx_word' id='word_1_799' title='bbox 923 3391 949 3412; x_wconf 87' lang='lat'>2.</span> <span class='ocrx_word' id='word_1_800' title='bbox 960 3391 987 3413; x_wconf 68' lang='grc' dir='ltr'>α.</span> 
     </span>
    </p>

    <p class='ocr_par' dir='ltr' id='par_1_47' title="bbox 135 3420 955 3465">
     <span class='ocr_line' id='line_1_87' title="bbox 135 3420 955 3465; baseline -0.013 -5"><span class='ocrx_word' id='word_1_801' title='bbox 135 3430 202 3460; x_wconf 77' lang='lat' dir='ltr'>Dux</span> <span class='ocrx_word' id='word_1_802' title='bbox 217 3438 281 3458; x_wconf 89' lang='lat' dir='ltr'>curn</span> <span class='ocrx_word' id='word_1_803' title='bbox 294 3426 401 3464; x_wconf 84' lang='lat' dir='ltr'>aliquot</span> <span class='ocrx_word' id='word_1_804' title='bbox 410 3424 584 3463; x_wconf 87' lang='lat' dir='ltr'>principibus</span> <span class='ocrx_word' id='word_1_805' title='bbox 597 3424 756 3461; x_wconf 76' lang='lat' dir='ltr'>capiuntur.</span> <span class='ocrx_word' id='word_1_806' title='bbox 779 3420 836 3465; x_wconf 53' lang='grc' dir='ltr'>[ἰν.</span> <span class='ocrx_word' id='word_1_807' title='bbox 850 3429 894 3464; x_wconf 59' lang='lat' dir='ltr'>ai.</span> <span class='ocrx_word' id='word_1_808' title='bbox 910 3424 955 3450; x_wconf 86' lang='lat'>⁶0.</span> 
     </span>
    </p>

    <p class='ocr_par' dir='ltr' id='par_1_48' title="bbox 101 3457 1259 3802">
     <span class='ocr_line' id='line_1_88' title="bbox 101 3457 1258 3503; baseline -0.008 -5"><span class='ocrx_word' id='word_1_809' title='bbox 101 3466 275 3503; x_wconf 46' lang='lat' dir='ltr'>Cuii‚=[&#39;m’</span> <span class='ocrx_word' id='word_1_810' title='bbox 294 3465 340 3500; x_wconf 60' lang='lat' dir='ltr'>a»,</span> <span class='ocrx_word' id='word_1_811' title='bbox 369 3463 459 3498; x_wconf 65' lang='grc' dir='ltr'>ὴιιιωι]</span> <span class='ocrx_word' id='word_1_812' title='bbox 482 3463 547 3492; x_wconf 75' lang='grc' dir='ltr'>Αάν.</span> <span class='ocrx_word' id='word_1_813' title='bbox 569 3471 584 3490; x_wconf 90' lang='lat' dir='ltr'>a</span> <span class='ocrx_word' id='word_1_814' title='bbox 600 3460 743 3491; x_wconf 88' lang='lat' dir='ltr'>nonnullis</span> <span class='ocrx_word' id='word_1_815' title='bbox 759 3458 864 3497; x_wconf 88' lang='lat' dir='ltr'>duplici</span> <span class='ocrx_word' id='word_1_816' title='bbox 883 3468 902 3487; x_wconf 81' lang='lat' dir='ltr'>u</span> <span class='ocrx_word' id='word_1_817' title='bbox 917 3460 943 3488; x_wconf 75' lang='grc' dir='ltr'>δι</span> <span class='ocrx_word' id='word_1_818' title='bbox 962 3468 1012 3496; x_wconf 88' lang='lat' dir='ltr'>per</span> <span class='ocrx_word' id='word_1_819' title='bbox 1033 3469 1070 3494; x_wconf 71' lang='lat' dir='ltr'>Q,</span> <span class='ocrx_word' id='word_1_820' title='bbox 1089 3457 1202 3495; x_wconf 85' lang='lat' dir='ltr'>Quum:</span> <span class='ocrx_word' id='word_1_821' title='bbox 1223 3458 1258 3489; x_wconf 78' lang='lat' dir='ltr'>ab</span> 
     </span>
     <span class='ocr_line' id='line_1_89' title="bbox 137 3496 1255 3542; baseline -0.006 -8"><span class='ocrx_word' id='word_1_822' title='bbox 137 3505 196 3535; x_wconf 81' lang='lat' dir='ltr'>aliis</span> <span class='ocrx_word' id='word_1_823' title='bbox 206 3514 254 3542; x_wconf 89' lang='lat' dir='ltr'>per</span> <span class='ocrx_word' id='word_1_824' title='bbox 266 3514 282 3533; x_wconf 93' lang='lat' dir='ltr'>o</span> <span class='ocrx_word' id='word_1_825' title='bbox 295 3525 303 3538; x_wconf 88' lang='lat'>‚</span> <span class='ocrx_word' id='word_1_826' title='bbox 319 3509 384 3532; x_wconf 80' lang='lat' dir='ltr'>ante</span> <span class='ocrx_word' id='word_1_827' title='bbox 396 3512 416 3530; x_wconf 85' lang='lat' dir='ltr'>M</span> <span class='ocrx_word' id='word_1_828' title='bbox 428 3523 437 3536; x_wconf 82' lang='lat'>,</span> <span class='ocrx_word' id='word_1_829' title='bbox 458 3500 552 3537; x_wconf 83' lang='lat' dir='ltr'>Quom</span> <span class='ocrx_word' id='word_1_830' title='bbox 565 3498 691 3528; x_wconf 75' lang='lat' dir='ltr'>scribitur</span> <span class='ocrx_word' id='word_1_831' title='bbox 700 3519 708 3533; x_wconf 81' lang='lat'>‚</span> <span class='ocrx_word' id='word_1_832' title='bbox 728 3502 952 3526; x_wconf 84' lang='lat' dir='ltr'>moreveterum:</span> <span class='ocrx_word' id='word_1_833' title='bbox 970 3497 1090 3532; x_wconf 79' lang='lat' dir='ltr'>Quintil.</span> <span class='ocrx_word' id='word_1_834' title='bbox 1099 3496 1148 3526; x_wconf 84' lang='lat' dir='ltr'>lib.</span> <span class='ocrx_word' id='word_1_835' title='bbox 1159 3506 1182 3526; x_wconf 87' lang='lat'>1.</span> <span class='ocrx_word' id='word_1_836' title='bbox 1194 3507 1255 3535; x_wconf 88' lang='lat' dir='ltr'>cap.</span> 
     </span>
     <span class='ocr_line' id='line_1_90' title="bbox 138 3533 1257 3578; baseline -0.007 -6"><span class='ocrx_word' id='word_1_837' title='bbox 138 3553 164 3571; x_wconf 83' lang='lat'>·-.</span> <span class='ocrx_word' id='word_1_838' title='bbox 188 3540 448 3578; x_wconf 82' lang='lat' dir='ltr'>Deorrliographia‚</span> <span class='ocrx_word' id='word_1_839' title='bbox 470 3537 518 3568; x_wconf 87' lang='lat' dir='ltr'>llla</span> <span class='ocrx_word' id='word_1_840' title='bbox 530 3546 640 3574; x_wconf 88' lang='lat' dir='ltr'>quoque</span> <span class='ocrx_word' id='word_1_841' title='bbox 653 3535 754 3566; x_wconf 82' lang='lat' dir='ltr'>servata</span> <span class='ocrx_word' id='word_1_842' title='bbox 767 3535 804 3564; x_wconf 87' lang='lat' dir='ltr'>est</span> <span class='ocrx_word' id='word_1_843' title='bbox 824 3544 840 3563; x_wconf 82' lang='lat' dir='ltr'>a</span> <span class='ocrx_word' id='word_1_844' title='bbox 853 3533 947 3563; x_wconf 84' lang='lat' dir='ltr'>multis</span> <span class='ocrx_word' id='word_1_845' title='bbox 964 3533 1139 3570; x_wconf 83' lang='lat' dir='ltr'>differentia,</span> <span class='ocrx_word' id='word_1_846' title='bbox 1159 3542 1190 3564; x_wconf 91' lang='lat' dir='ltr'>ut</span> <span class='ocrx_word' id='word_1_847' title='bbox 1209 3545 1257 3564; x_wconf 76' lang='lat' dir='ltr'>Ao</span> 
     </span>
     <span class='ocr_line' id='line_1_91' title="bbox 137 3570 1259 3616; baseline -0.011 -6"><span class='ocrx_word' id='word_1_848' title='bbox 137 3570 223 3609; x_wconf 63' lang='lat' dir='ltr'>cuum</span> <span class='ocrx_word' id='word_1_849' title='bbox 237 3579 302 3608; x_wconf 79' lang='lat' dir='ltr'>esset</span> <span class='ocrx_word' id='word_1_850' title='bbox 315 3577 469 3616; x_wconf 84' lang='lat' dir='ltr'>praepositio</span> <span class='ocrx_word' id='word_1_851' title='bbox 482 3598 490 3611; x_wconf 90' lang='lat'><strong>‚</strong></span> <span class='ocrx_word' id='word_1_852' title='bbox 512 3585 531 3604; x_wconf 84' lang='lat' dir='ltr'>D</span> <span class='ocrx_word' id='word_1_853' title='bbox 547 3574 673 3603; x_wconf 87' lang='lat' dir='ltr'>literam:</span> <span class='ocrx_word' id='word_1_854' title='bbox 695 3580 782 3610; x_wconf 84' lang='lat' dir='ltr'>quum</span> <span class='ocrx_word' id='word_1_855' title='bbox 799 3578 891 3601; x_wconf 87' lang='lat' dir='ltr'>autem</span> <span class='ocrx_word' id='word_1_856' title='bbox 911 3572 1089 3608; x_wconf 68' lang='lat' dir='ltr'>conjunffio,</span> <span class='ocrx_word' id='word_1_857' title='bbox 1111 3581 1132 3600; x_wconf 77' lang='lat' dir='ltr'>*r</span> <span class='ocrx_word' id='word_1_858' title='bbox 1149 3573 1259 3610; x_wconf 76' lang='lat' dir='ltr'>accipe.</span> 
     </span>
     <span class='ocr_line' id='line_1_92' title="bbox 137 3609 1256 3653; baseline -0.008 -5"><span class='ocrx_word' id='word_1_859' title='bbox 137 3611 187 3648; x_wconf 69' lang='lat' dir='ltr'>fet.</span> <span class='ocrx_word' id='word_1_860' title='bbox 228 3617 297 3647; x_wconf 84' lang='lat' dir='ltr'>Item</span> <span class='ocrx_word' id='word_1_861' title='bbox 316 3616 338 3645; x_wconf 87' lang='lat' dir='ltr'>C</span> <span class='ocrx_word' id='word_1_862' title='bbox 349 3626 365 3645; x_wconf 86' lang='lat' dir='ltr'>u</span> <span class='ocrx_word' id='word_1_863' title='bbox 377 3626 397 3644; x_wconf 78' lang='lat' dir='ltr'>M</span> <span class='ocrx_word' id='word_1_864' title='bbox 407 3637 414 3649; x_wconf 77' lang='lat'>,</span> <span class='ocrx_word' id='word_1_865' title='bbox 436 3614 453 3643; x_wconf 84' lang='lat' dir='ltr'>si</span> <span class='ocrx_word' id='word_1_866' title='bbox 465 3621 574 3651; x_wconf 90' lang='lat' dir='ltr'>tempus</span> <span class='ocrx_word' id='word_1_867' title='bbox 585 3611 746 3649; x_wconf 76' lang='lat' dir='ltr'>significaret</span> <span class='ocrx_word' id='word_1_868' title='bbox 755 3632 764 3644; x_wconf 75' lang='lat'>‚</span> <span class='ocrx_word' id='word_1_869' title='bbox 786 3620 835 3648; x_wconf 88' lang='lat' dir='ltr'>per</span> <span class='ocrx_word' id='word_1_870' title='bbox 846 3619 882 3645; x_wconf 70' lang='lat' dir='ltr'>q:</span> <span class='ocrx_word' id='word_1_871' title='bbox 905 3609 973 3645; x_wconf 66' lang='lat' dir='ltr'>(Qu</span> <span class='ocrx_word' id='word_1_872' title='bbox 984 3619 1001 3638; x_wconf 91' lang='grc' dir='ltr'>ο</span> <span class='ocrx_word' id='word_1_873' title='bbox 1011 3610 1056 3644; x_wconf 75' lang='grc' dir='ltr'>Μ)</span> <span class='ocrx_word' id='word_1_874' title='bbox 1079 3609 1097 3638; x_wconf 93' lang='lat' dir='ltr'>si</span> <span class='ocrx_word' id='word_1_875' title='bbox 1112 3611 1256 3653; x_wconf 79' lang='lat' dir='ltr'>comitem,</span> 
     </span>
     <span class='ocr_line' id='line_1_93' title="bbox 137 3646 1257 3694; baseline -0.006 -9"><span class='ocrx_word' id='word_1_876' title='bbox 137 3666 187 3694; x_wconf 85' lang='lat' dir='ltr'>per</span> <span class='ocrx_word' id='word_1_877' title='bbox 201 3660 236 3684; x_wconf 76' lang='lat' dir='ltr'>c:</span> <span class='ocrx_word' id='word_1_878' title='bbox 257 3656 323 3690; x_wconf 84' lang='lat' dir='ltr'>(eu</span> <span class='ocrx_word' id='word_1_879' title='bbox 334 3664 354 3683; x_wconf 82' lang='lat' dir='ltr'>M</span> <span class='ocrx_word' id='word_1_880' title='bbox 368 3654 379 3687; x_wconf 57' lang='grc' dir='ltr'>δ</span> <span class='ocrx_word' id='word_1_881' title='bbox 401 3653 418 3681; x_wconf 87' lang='lat' dir='ltr'>si</span> <span class='ocrx_word' id='word_1_882' title='bbox 431 3661 495 3682; x_wconf 81' lang='lat' dir='ltr'>vero</span> <span class='ocrx_word' id='word_1_883' title='bbox 505 3650 629 3684; x_wconf 83' lang='lat' dir='ltr'>causam,</span> <span class='ocrx_word' id='word_1_884' title='bbox 650 3659 701 3687; x_wconf 90' lang='lat' dir='ltr'>per</span> <span class='ocrx_word' id='word_1_885' title='bbox 717 3658 787 3684; x_wconf 55' lang='grc' dir='ltr'>(ζει-</span> <span class='ocrx_word' id='word_1_886' title='bbox 797 3649 864 3677; x_wconf 81' lang='lat' dir='ltr'>duas</span> <span class='ocrx_word' id='word_1_887' title='bbox 874 3646 1018 3684; x_wconf 83' lang='lat' dir='ltr'>sequentes</span> <span class='ocrx_word' id='word_1_888' title='bbox 1037 3657 1054 3676; x_wconf 90' lang='grc' dir='ltr'>υ</span> <span class='ocrx_word' id='word_1_889' title='bbox 1067 3657 1087 3676; x_wconf 91' lang='grc' dir='ltr'>υ</span> <span class='ocrx_word' id='word_1_890' title='bbox 1098 3669 1107 3683; x_wconf 90' lang='grc'>,</span> <span class='ocrx_word' id='word_1_891' title='bbox 1128 3647 1257 3678; x_wconf 87' lang='lat' dir='ltr'>scribere-</span> 
     </span>
     <span class='ocr_line' id='line_1_94' title="bbox 137 3685 1258 3730; baseline -0.011 -7"><span class='ocrx_word' id='word_1_892' title='bbox 137 3702 188 3723; x_wconf 73' lang='lat' dir='ltr'>tur.</span> <span class='ocrx_word' id='word_1_893' title='bbox 228 3693 283 3722; x_wconf 83' lang='lat' dir='ltr'>Sed</span> <span class='ocrx_word' id='word_1_894' title='bbox 295 3692 355 3722; x_wconf 82' lang='lat' dir='ltr'>haec</span> <span class='ocrx_word' id='word_1_895' title='bbox 366 3691 466 3729; x_wconf 71' lang='lat' dir='ltr'>frigida</span> <span class='ocrx_word' id='word_1_896' title='bbox 475 3690 585 3724; x_wconf 80' lang='lat' dir='ltr'>merito,</span> <span class='ocrx_word' id='word_1_897' title='bbox 607 3688 658 3717; x_wconf 85' lang='lat' dir='ltr'>i.e.</span> <span class='ocrx_word' id='word_1_898' title='bbox 679 3687 768 3729; x_wconf 80' lang='lat' dir='ltr'>inanis</span> <span class='ocrx_word' id='word_1_899' title='bbox 786 3685 936 3730; x_wconf 79' lang='lat' dir='ltr'>diligentiae</span> <span class='ocrx_word' id='word_1_900' title='bbox 946 3686 1121 3723; x_wconf 83' lang='lat' dir='ltr'>pronuntiat.</span> <span class='ocrx_word' id='word_1_901' title='bbox 1161 3685 1258 3724; x_wconf 85' lang='lat' dir='ltr'>Jungi.</span> 
     </span>
     <span class='ocr_line' id='line_1_95' title="bbox 137 3724 1110 3766; baseline -0.013 -5"><span class='ocrx_word' id='word_1_902' title='bbox 137 3739 181 3762; x_wconf 87' lang='lat' dir='ltr'>tur</span> <span class='ocrx_word' id='word_1_903' title='bbox 195 3738 287 3760; x_wconf 88' lang='lat' dir='ltr'>autem</span> <span class='ocrx_word' id='word_1_904' title='bbox 298 3728 559 3761; x_wconf 85' lang='lat' dir='ltr'>modoindicativo,</span> <span class='ocrx_word' id='word_1_905' title='bbox 580 3725 666 3754; x_wconf 84' lang='lat' dir='ltr'>modo</span> <span class='ocrx_word' id='word_1_906' title='bbox 681 3724 868 3760; x_wconf 66' lang='lat' dir='ltr'>subjunctivo.</span> <span class='ocrx_word' id='word_1_907' title='bbox 1104 3761 1110 3766; x_wconf 95' lang='lat'>.</span> 
     </span>
     <span class='ocr_line' id='line_1_96' title="bbox 137 3760 1255 3802; baseline -0.006 -3"><span class='ocrx_word' id='word_1_908' title='bbox 137 3769 302 3802; x_wconf 70' lang='lat' dir='ltr'>indicativo.</span> <span class='ocrx_word' id='word_1_909' title='bbox 313 3767 377 3796; x_wconf 87' lang='lat' dir='ltr'>Ter.</span> <span class='ocrx_word' id='word_1_910' title='bbox 390 3767 458 3797; x_wconf 85' lang='lat' dir='ltr'>Eun.</span> <span class='ocrx_word' id='word_1_911' title='bbox 469 3775 523 3801; x_wconf 81' lang='lat'>2.3.</span> <span class='ocrx_word' id='word_1_912' title='bbox 532 3775 574 3800; x_wconf 75' lang='lat'>50.</span> <span class='ocrx_word' id='word_1_913' title='bbox 587 3764 683 3800; x_wconf 80' lang='lat' dir='ltr'>Quum</span> <span class='ocrx_word' id='word_1_914' title='bbox 691 3763 747 3791; x_wconf 91' lang='lat' dir='ltr'>huc</span> <span class='ocrx_word' id='word_1_915' title='bbox 755 3762 872 3799; x_wconf 86' lang='lat' dir='ltr'>respicio</span> <span class='ocrx_word' id='word_1_916' title='bbox 882 3760 916 3790; x_wconf 88' lang='lat' dir='ltr'>ad</span> <span class='ocrx_word' id='word_1_917' title='bbox 925 3761 1069 3798; x_wconf 80' lang='lat' dir='ltr'>virginem.</span> <span class='ocrx_word' id='word_1_918' title='bbox 1078 3760 1167 3796; x_wconf 77' lang='lat' dir='ltr'>Cic.4.</span> <span class='ocrx_word' id='word_1_919' title='bbox 1179 3761 1255 3792; x_wconf 90' lang='lat' dir='ltr'>Verr.</span> 
     </span>
    </p>

    <p class='ocr_par' dir='ltr' id='par_1_49' title="bbox 157 3798 1255 3843">
     <span class='ocr_line' id='line_1_97' title="bbox 157 3798 1255 3843; baseline -0.006 -8"><span class='ocrx_word' id='word_1_920' title='bbox 157 3815 201 3843; x_wconf 66' lang='lat'>89.</span> <span class='ocrx_word' id='word_1_921' title='bbox 226 3806 285 3835; x_wconf 88' lang='lat' dir='ltr'>Una</span> <span class='ocrx_word' id='word_1_922' title='bbox 297 3815 353 3834; x_wconf 79' lang='lat' dir='ltr'>nox</span> <span class='ocrx_word' id='word_1_923' title='bbox 364 3803 566 3835; x_wconf 71' lang='lat' dir='ltr'>intercesserat.</span> <span class='ocrx_word' id='word_1_924' title='bbox 587 3810 673 3839; x_wconf 86' lang='lat' dir='ltr'>quum</span> <span class='ocrx_word' id='word_1_925' title='bbox 683 3800 732 3830; x_wconf 86' lang='lat' dir='ltr'>iste</span> <span class='ocrx_word' id='word_1_926' title='bbox 742 3799 915 3829; x_wconf 82' lang='lat' dir='ltr'>Dorotheum</span> <span class='ocrx_word' id='word_1_927' title='bbox 926 3798 961 3827; x_wconf 90' lang='lat' dir='ltr'>sic</span> <span class='ocrx_word' id='word_1_928' title='bbox 972 3798 1126 3837; x_wconf 81' lang='lat' dir='ltr'>diligebat,</span> <span class='ocrx_word' id='word_1_929' title='bbox 1148 3805 1189 3836; x_wconf 84' lang='lat' dir='ltr'>ut,</span> <span class='ocrx_word' id='word_1_930' title='bbox 1202 3801 1255 3830; x_wconf 71' lang='grc' dir='ltr'>ἃς.</span> 
     </span>
    </p>
   </div>
   <div class='ocr_carea' id='block_1_5' title="bbox 139 3842 1010 3916">
    <p class='ocr_par' dir='ltr' id='par_1_50' title="bbox 139 3842 1010 3916">
     <span class='ocr_line' id='line_1_98' title="bbox 139 3842 934 3880; baseline -0.021 -2"><span class='ocrx_word' id='word_1_931' title='bbox 139 3847 210 3878; x_wconf 89' lang='lat' dir='ltr'>Cum</span> <span class='ocrx_word' id='word_1_932' title='bbox 221 3845 316 3874; x_wconf 82' lang='lat' dir='ltr'>modo.</span> <span class='ocrx_word' id='word_1_933' title='bbox 341 3842 457 3874; x_wconf 72' lang='lat' dir='ltr'>Mastial.</span> <span class='ocrx_word' id='word_1_934' title='bbox 472 3842 516 3871; x_wconf 92' lang='lat' dir='ltr'>lib.</span> <span class='ocrx_word' id='word_1_935' title='bbox 536 3850 576 3869; x_wconf 82' lang='lat' dir='ltr'>ri.</span> <span class='ocrx_word' id='word_1_936' title='bbox 593 3849 636 3876; x_wconf 86' lang='lat'>57.</span> <span class='ocrx_word' id='word_1_937' title='bbox 928 3874 934 3880; x_wconf 90' lang='lat'>.</span> 
     </span>
     <span class='ocr_line' id='line_1_99' title="bbox 233 3873 1010 3916; baseline -0.008 -7"><span class='ocrx_word' id='word_1_938' title='bbox 233 3882 393 3913; x_wconf 70' lang='lat' dir='ltr'>Dormiat&amp;</span> <span class='ocrx_word' id='word_1_939' title='bbox 406 3888 498 3909; x_wconf 87' lang='lat' dir='ltr'>tecum</span> <span class='ocrx_word' id='word_1_940' title='bbox 510 3902 517 3915; x_wconf 89' lang='lat'>‚</span> <span class='ocrx_word' id='word_1_941' title='bbox 539 3879 585 3916; x_wconf 90' lang='lat' dir='ltr'>qui</span> <span class='ocrx_word' id='word_1_942' title='bbox 600 3886 665 3906; x_wconf 88' lang='lat' dir='ltr'>cum</span> <span class='ocrx_word' id='word_1_943' title='bbox 674 3875 759 3905; x_wconf 89' lang='lat' dir='ltr'>modo</span> <span class='ocrx_word' id='word_1_944' title='bbox 770 3873 888 3905; x_wconf 82' lang='lat' dir='ltr'>Caecuba</span> <span class='ocrx_word' id='word_1_945' title='bbox 897 3873 1010 3911; x_wconf 82' lang='lat' dir='ltr'>miscet,</span> 
     </span>
    </p>
   </div>
   <div class='ocr_carea' id='block_1_6' title="bbox 268 3916 770 3953">
    <p class='ocr_par' dir='ltr' id='par_1_51' title="bbox 268 3916 770 3953">
     <span class='ocr_line' id='line_1_100' title="bbox 268 3916 770 3953; baseline -0.014 -4"><span class='ocrx_word' id='word_1_946' title='bbox 268 3919 407 3949; x_wconf 61' lang='lat' dir='ltr'>Conviiras</span> <span class='ocrx_word' id='word_1_947' title='bbox 418 3920 501 3949; x_wconf 86' lang='lat' dir='ltr'>niveo</span> <span class='ocrx_word' id='word_1_948' title='bbox 512 3916 624 3948; x_wconf 76' lang='lat' dir='ltr'>torserat</span> <span class='ocrx_word' id='word_1_949' title='bbox 634 3924 682 3945; x_wconf 83' lang='lat' dir='ltr'>ore</span> <span class='ocrx_word' id='word_1_950' title='bbox 694 3923 770 3953; x_wconf 85' lang='lat' dir='ltr'>puer.</span> 
     </span>
    </p>
   </div>
   <div class='ocr_carea' id='block_1_7' title="bbox 793 3042 1262 3074">
    <p class='ocr_par' dir='ltr' id='par_1_52' title="bbox 793 3042 1262 3074">
     <span class='ocr_line' id='line_1_101' title="bbox 793 3042 1262 3074; baseline 0.002 -1"><span class='ocrx_word' id='word_1_951' title='bbox 793 3042 822 3073; x_wconf 87' lang='lat' dir='ltr'>h.</span> <span class='ocrx_word' id='word_1_952' title='bbox 833 3053 858 3073; x_wconf 88' lang='lat' dir='ltr'>e.</span> <span class='ocrx_word' id='word_1_953' title='bbox 879 3042 931 3073; x_wconf 82' lang='lat' dir='ltr'>nia</span> <span class='ocrx_word' id='word_1_954' title='bbox 942 3044 967 3073; x_wconf 84' lang='lat'>&amp;</span> <span class='ocrx_word' id='word_1_955' title='bbox 978 3042 1078 3073; x_wconf 90' lang='lat' dir='ltr'>Lausus</span> <span class='ocrx_word' id='word_1_956' title='bbox 1088 3045 1146 3073; x_wconf 88' lang='lat' dir='ltr'>nati</span> <span class='ocrx_word' id='word_1_957' title='bbox 1156 3044 1191 3073; x_wconf 92' lang='lat' dir='ltr'>de</span> <span class='ocrx_word' id='word_1_958' title='bbox 1201 3043 1262 3074; x_wconf 88' lang='lat' dir='ltr'>Nu-</span> 
     </span>
    </p>
   </div>
   <div class='ocr_carea' id='block_1_8' title="bbox 1752 90 2445 146">
    <p class='ocr_par' dir='ltr' id='par_1_53' title="bbox 1752 90 2445 146">
     <span class='ocr_line' id='line_1_102' title="bbox 1752 90 2445 146; baseline 0 -2"><span class='ocrx_word' id='word_1_959' title='bbox 1752 90 2050 130; x_wconf 81' lang='lat' dir='ltr'>CUM</span> <span class='ocrx_word' id='word_1_960' title='bbox 2376 111 2445 146; x_wconf 76' lang='lat'>733</span> 
     </span>
    </p>
   </div>
   <div class='ocr_carea' id='block_1_9' title="bbox 1323 168 2458 699">
    <p class='ocr_par' dir='ltr' id='par_1_54' title="bbox 1323 168 2448 282">
     <span class='ocr_line' id='line_1_103' title="bbox 1323 168 2448 216; baseline 0.012 -18"><span class='ocrx_word' id='word_1_961' title='bbox 1323 171 1419 208; x_wconf 82' lang='lat' dir='ltr'>Quum</span> <span class='ocrx_word' id='word_1_962' title='bbox 1429 170 1549 208; x_wconf 74' lang='lat' dir='ltr'>primum</span> <span class='ocrx_word' id='word_1_963' title='bbox 1561 168 1679 200; x_wconf 84' lang='lat' dir='ltr'>Romam</span> <span class='ocrx_word' id='word_1_964' title='bbox 1690 171 1765 205; x_wconf 76' lang='lat' dir='ltr'>veni.</span> <span class='ocrx_word' id='word_1_965' title='bbox 1786 171 1896 208; x_wconf 82' lang='lat' dir='ltr'>fuitque</span> <span class='ocrx_word' id='word_1_966' title='bbox 1907 174 1951 202; x_wconf 87' lang='lat' dir='ltr'>cui</span> <span class='ocrx_word' id='word_1_967' title='bbox 1962 175 2036 203; x_wconf 68' lang='lat' dir='ltr'>reste</span> <span class='ocrx_word' id='word_1_968' title='bbox 2046 176 2079 204; x_wconf 89' lang='lat' dir='ltr'>ad</span> <span class='ocrx_word' id='word_1_969' title='bbox 2091 183 2118 206; x_wconf 85' lang='lat' dir='ltr'>te</span> <span class='ocrx_word' id='word_1_970' title='bbox 2129 177 2232 208; x_wconf 77' lang='lat' dir='ltr'>litteras</span> <span class='ocrx_word' id='word_1_971' title='bbox 2244 179 2338 210; x_wconf 86' lang='lat' dir='ltr'>darem</span> <span class='ocrx_word' id='word_1_972' title='bbox 2349 203 2357 216; x_wconf 89' lang='lat'>,</span> <span class='ocrx_word' id='word_1_973' title='bbox 2377 182 2448 213; x_wconf 85' lang='lat' dir='ltr'>nihil</span> 
     </span>
     <span class='ocr_line' id='line_1_104' title="bbox 1344 209 2063 249; baseline 0.004 -11"><span class='ocrx_word' id='word_1_974' title='bbox 1344 211 1419 246; x_wconf 81' lang='lat' dir='ltr'>prius</span> <span class='ocrx_word' id='word_1_975' title='bbox 1430 209 1589 238; x_wconf 68' lang='lat' dir='ltr'>‘faciendum</span> <span class='ocrx_word' id='word_1_976' title='bbox 1601 209 1668 237; x_wconf 88' lang='lat' dir='ltr'>mihi</span> <span class='ocrx_word' id='word_1_977' title='bbox 1682 210 1785 247; x_wconf 87' lang='lat' dir='ltr'>putavi.</span> <span class='ocrx_word' id='word_1_978' title='bbox 1806 209 1864 239; x_wconf 86' lang='lat' dir='ltr'>Cic.</span> <span class='ocrx_word' id='word_1_979' title='bbox 1877 221 1903 246; x_wconf 89' lang='lat'>4.</span> <span class='ocrx_word' id='word_1_980' title='bbox 1918 213 1970 240; x_wconf 79' lang='lat' dir='ltr'>Att.</span> <span class='ocrx_word' id='word_1_981' title='bbox 1985 221 2007 240; x_wconf 89' lang='lat'>1.</span> <span class='ocrx_word' id='word_1_982' title='bbox 2021 222 2063 249; x_wconf 89' lang='lat' dir='ltr'>pr.</span> 
     </span>
     <span class='ocr_line' id='line_1_105' title="bbox 1325 246 1833 282; baseline -0.004 -5"><span class='ocrx_word' id='word_1_983' title='bbox 1325 247 1516 282; x_wconf 61' lang='lat' dir='ltr'>subjunctivo.</span> <span class='ocrx_word' id='word_1_984' title='bbox 1538 246 1603 275; x_wconf 91' lang='lat' dir='ltr'>Ter.</span> <span class='ocrx_word' id='word_1_985' title='bbox 1621 246 1688 275; x_wconf 83' lang='lat' dir='ltr'>Eun.</span> <span class='ocrx_word' id='word_1_986' title='bbox 1708 255 1731 282; x_wconf 85' lang='lat'>3.</span> <span class='ocrx_word' id='word_1_987' title='bbox 1750 258 1773 282; x_wconf 79' lang='grc' dir='ltr'>ς.</span> <span class='ocrx_word' id='word_1_988' title='bbox 1791 252 1833 279; x_wconf 73' lang='lat'>18.</span> 
     </span>
    </p>

    <p class='ocr_par' dir='ltr' id='par_1_55' title="bbox 1346 283 2451 394">
     <span class='ocr_line' id='line_1_106' title="bbox 1407 283 2447 324; baseline 0.011 -12"><span class='ocrx_word' id='word_1_989' title='bbox 1407 284 1504 320; x_wconf 81' lang='lat' dir='ltr'>Quum</span> <span class='ocrx_word' id='word_1_990' title='bbox 1520 283 1607 320; x_wconf 87' lang='lat' dir='ltr'>ipsum</span> <span class='ocrx_word' id='word_1_991' title='bbox 1618 293 1662 313; x_wconf 84' lang='lat' dir='ltr'>me</span> <span class='ocrx_word' id='word_1_992' title='bbox 1672 284 1748 313; x_wconf 74' lang='lat' dir='ltr'>noris</span> <span class='ocrx_word' id='word_1_993' title='bbox 1761 294 1842 322; x_wconf 82' lang='lat' dir='ltr'>quam</span> <span class='ocrx_word' id='word_1_994' title='bbox 1854 285 1966 322; x_wconf 74' lang='lat' dir='ltr'>elegans</span> <span class='ocrx_word' id='word_1_995' title='bbox 1974 286 2122 315; x_wconf 77' lang='lat' dir='ltr'>formarum</span> <span class='ocrx_word' id='word_1_996' title='bbox 2135 286 2269 324; x_wconf 64' lang='lat' dir='ltr'>spectator</span> <span class='ocrx_word' id='word_1_997' title='bbox 2280 291 2447 324; x_wconf 67' lang='lat' dir='ltr'>ssemCim.</span> 
     </span>
     <span class='ocr_line' id='line_1_107' title="bbox 1346 321 2451 369; baseline 0.009 -20"><span class='ocrx_word' id='word_1_998' title='bbox 1346 321 1382 350; x_wconf 89' lang='lat' dir='ltr'>de</span> <span class='ocrx_word' id='word_1_999' title='bbox 1393 321 1464 358; x_wconf 62' lang='lat' dir='ltr'>Lege</span> <span class='ocrx_word' id='word_1_1000' title='bbox 1478 322 1614 363; x_wconf 60' lang='lat' dir='ltr'>Agranm.</span> <span class='ocrx_word' id='word_1_1001' title='bbox 1638 322 1734 358; x_wconf 79' lang='lat' dir='ltr'>Quum</span> <span class='ocrx_word' id='word_1_1002' title='bbox 1748 321 1837 351; x_wconf 84' lang='lat' dir='ltr'>velint</span> <span class='ocrx_word' id='word_1_1003' title='bbox 1851 323 1945 352; x_wconf 82' lang='lat' dir='ltr'>Romae</span> <span class='ocrx_word' id='word_1_1004' title='bbox 1955 323 2009 353; x_wconf 83' lang='lat' dir='ltr'>effe</span> <span class='ocrx_word' id='word_1_1005' title='bbox 2019 345 2027 359; x_wconf 85' lang='lat'>,</span> <span class='ocrx_word' id='word_1_1006' title='bbox 2048 334 2133 362; x_wconf 90' lang='lat' dir='ltr'>quum</span> <span class='ocrx_word' id='word_1_1007' title='bbox 2146 329 2326 359; x_wconf 88' lang='lat' dir='ltr'>commodum</span> <span class='ocrx_word' id='word_1_1008' title='bbox 2337 331 2376 367; x_wconf 86' lang='lat' dir='ltr'>sit,</span> <span class='ocrx_word' id='word_1_1009' title='bbox 2386 341 2451 369; x_wconf 86' lang='lat' dir='ltr'>qua.</span> 
     </span>
     <span class='ocr_line' id='line_1_108' title="bbox 1346 358 1944 394; baseline 0.003 -7"><span class='ocrx_word' id='word_1_1010' title='bbox 1346 369 1458 394; x_wconf 86' lang='lat' dir='ltr'>cunque</span> <span class='ocrx_word' id='word_1_1011' title='bbox 1469 358 1564 388; x_wconf 84' lang='lat' dir='ltr'>velint.</span> <span class='ocrx_word' id='word_1_1012' title='bbox 1614 359 1664 387; x_wconf 81' lang='lat' dir='ltr'>Alii</span> <span class='ocrx_word' id='word_1_1013' title='bbox 1674 359 1752 388; x_wconf 85' lang='lat' dir='ltr'>aliter</span> <span class='ocrx_word' id='word_1_1014' title='bbox 1765 360 1944 394; x_wconf 60' lang='lat' dir='ltr'>distinuuunt.</span> 
     </span>
    </p>

    <p class='ocr_par' dir='ltr' id='par_1_56' title="bbox 1329 395 2455 584">
     <span class='ocr_line' id='line_1_109' title="bbox 1329 395 2455 436; baseline 0.007 -11"><span class='ocrx_word' id='word_1_1015' title='bbox 1329 396 1400 425; x_wconf 87' lang='lat' dir='ltr'>Cum</span> <span class='ocrx_word' id='word_1_1016' title='bbox 1416 398 1471 425; x_wconf 81' lang='lat' dir='ltr'>vix.</span> <span class='ocrx_word' id='word_1_1017' title='bbox 1513 395 1598 424; x_wconf 89' lang='lat' dir='ltr'>Plaut.</span> <span class='ocrx_word' id='word_1_1018' title='bbox 1610 396 1688 425; x_wconf 75' lang='lat' dir='ltr'>Poen.</span> <span class='ocrx_word' id='word_1_1019' title='bbox 1701 406 1723 425; x_wconf 87' lang='lat' dir='ltr'>i.</span> <span class='ocrx_word' id='word_1_1020' title='bbox 1736 402 1816 427; x_wconf 65' lang='lat'>226.</span> <span class='ocrx_word' id='word_1_1021' title='bbox 1841 398 1910 427; x_wconf 88' lang='lat' dir='ltr'>Nam</span> <span class='ocrx_word' id='word_1_1022' title='bbox 1923 408 2009 433; x_wconf 87' lang='lat' dir='ltr'>quum</span> <span class='ocrx_word' id='word_1_1023' title='bbox 2027 398 2123 428; x_wconf 87' lang='lat' dir='ltr'>sedulo</span> <span class='ocrx_word' id='word_1_1024' title='bbox 2144 400 2287 431; x_wconf 80' lang='lat' dir='ltr'>munditer</span> <span class='ocrx_word' id='word_1_1025' title='bbox 2304 413 2355 434; x_wconf 84' lang='lat' dir='ltr'>nos</span> <span class='ocrx_word' id='word_1_1026' title='bbox 2371 406 2455 436; x_wconf 86' lang='lat' dir='ltr'>habe.</span> 
     </span>
     <span class='ocr_line' id='line_1_110' title="bbox 1349 434 2014 469; baseline 0.005 -6"><span class='ocrx_word' id='word_1_1027' title='bbox 1349 444 1410 463; x_wconf 88' lang='lat' dir='ltr'>mus</span> <span class='ocrx_word' id='word_1_1028' title='bbox 1420 456 1428 468; x_wconf 81' lang='lat'><strong>‚</strong></span> <span class='ocrx_word' id='word_1_1029' title='bbox 1451 434 1500 462; x_wconf 84' lang='lat' dir='ltr'>Vix</span> <span class='ocrx_word' id='word_1_1030' title='bbox 1515 441 1641 469; x_wconf 68' lang='lat' dir='ltr'>:egreque</span> <span class='ocrx_word' id='word_1_1031' title='bbox 1650 435 1836 465; x_wconf 85' lang='lat' dir='ltr'>amatorculos</span> <span class='ocrx_word' id='word_1_1032' title='bbox 1846 436 2014 466; x_wconf 82' lang='lat' dir='ltr'>invenimus.</span> 
     </span>
     <span class='ocr_line' id='line_1_111' title="bbox 1330 471 1826 508; baseline 0.002 -7"><span class='ocrx_word' id='word_1_1033' title='bbox 1330 471 1415 501; x_wconf 90' lang='lat' dir='ltr'>Nunc</span> <span class='ocrx_word' id='word_1_1034' title='bbox 1428 479 1523 508; x_wconf 87' lang='lat' dir='ltr'>quum.</span> <span class='ocrx_word' id='word_1_1035' title='bbox 1546 471 1608 501; x_wconf 87' lang='lat' dir='ltr'>Ter.</span> <span class='ocrx_word' id='word_1_1036' title='bbox 1625 472 1694 501; x_wconf 80' lang='lat' dir='ltr'>And.</span> <span class='ocrx_word' id='word_1_1037' title='bbox 1710 482 1733 502; x_wconf 87' lang='lat' dir='ltr'>i.</span> <span class='ocrx_word' id='word_1_1038' title='bbox 1748 482 1770 501; x_wconf 84' lang='lat'>1.</span> <span class='ocrx_word' id='word_1_1039' title='bbox 1783 481 1826 507; x_wconf 70' lang='grc' dir='ltr'>ῃ.</span> 
     </span>
     <span class='ocr_line' id='line_1_112' title="bbox 1488 508 2202 548; baseline 0.008 -12"><span class='ocrx_word' id='word_1_1040' title='bbox 1488 523 1527 528; x_wconf 91' lang='lat'>—-—</span> <span class='ocrx_word' id='word_1_1041' title='bbox 1536 515 1567 537; x_wconf 92' lang='lat' dir='ltr'>ut</span> <span class='ocrx_word' id='word_1_1042' title='bbox 1577 508 1722 538; x_wconf 86' lang='lat' dir='ltr'>consumat</span> <span class='ocrx_word' id='word_1_1043' title='bbox 1734 519 1810 539; x_wconf 90' lang='lat' dir='ltr'>nunc</span> <span class='ocrx_word' id='word_1_1044' title='bbox 1820 532 1828 547; x_wconf 86' lang='lat'>,</span> <span class='ocrx_word' id='word_1_1045' title='bbox 1849 519 1934 548; x_wconf 86' lang='lat' dir='ltr'>quum</span> <span class='ocrx_word' id='word_1_1046' title='bbox 1945 511 2014 540; x_wconf 88' lang='lat' dir='ltr'>nihil</span> <span class='ocrx_word' id='word_1_1047' title='bbox 2030 510 2121 542; x_wconf 84' lang='lat' dir='ltr'>obsint</span> <span class='ocrx_word' id='word_1_1048' title='bbox 2132 511 2202 543; x_wconf 87' lang='lat' dir='ltr'>doli.</span> 
     </span>
     <span class='ocr_line' id='line_1_113' title="bbox 1330 546 1867 584; baseline 0.004 -9"><span class='ocrx_word' id='word_1_1049' title='bbox 1330 546 1403 575; x_wconf 81' lang='lat' dir='ltr'>Cum</span> <span class='ocrx_word' id='word_1_1050' title='bbox 1413 551 1515 575; x_wconf 89' lang='lat' dir='ltr'>tamen.</span> <span class='ocrx_word' id='word_1_1051' title='bbox 1536 546 1600 575; x_wconf 89' lang='lat' dir='ltr'>Ter.</span> <span class='ocrx_word' id='word_1_1052' title='bbox 1614 547 1730 584; x_wconf 79' lang='lat' dir='ltr'>Adelph.</span> <span class='ocrx_word' id='word_1_1053' title='bbox 1747 557 1770 577; x_wconf 87' lang='lat' dir='ltr'>i.</span> <span class='ocrx_word' id='word_1_1054' title='bbox 1785 557 1809 577; x_wconf 86' lang='lat'>2.</span> <span class='ocrx_word' id='word_1_1055' title='bbox 1822 552 1867 583; x_wconf 81' lang='lat'>64.</span> 
     </span>
    </p>

    <p class='ocr_par' dir='ltr' id='par_1_57' title="bbox 1412 583 2050 621">
     <span class='ocr_line' id='line_1_114' title="bbox 1412 583 2050 621; baseline 0.005 -9"><span class='ocrx_word' id='word_1_1056' title='bbox 1412 584 1483 612; x_wconf 89' lang='lat' dir='ltr'>Cum</span> <span class='ocrx_word' id='word_1_1057' title='bbox 1500 583 1580 620; x_wconf 88' lang='lat' dir='ltr'>placo</span> <span class='ocrx_word' id='word_1_1058' title='bbox 1591 605 1599 618; x_wconf 85' lang='lat'><strong>‚</strong></span> <span class='ocrx_word' id='word_1_1059' title='bbox 1620 584 1746 614; x_wconf 81' lang='lat' dir='ltr'>adversor</span> <span class='ocrx_word' id='word_1_1060' title='bbox 1759 585 1854 615; x_wconf 85' lang='lat' dir='ltr'>sedulo</span> <span class='ocrx_word' id='word_1_1061' title='bbox 1869 588 1894 616; x_wconf 85' lang='lat'>&amp;</span> <span class='ocrx_word' id='word_1_1062' title='bbox 1905 585 2050 621; x_wconf 80' lang='lat' dir='ltr'>deterreo,</span> 
     </span>
    </p>

    <p class='ocr_par' dir='ltr' id='par_1_58' title="bbox 1350 621 2458 699">
     <span class='ocr_line' id='line_1_115' title="bbox 1411 621 2456 663; baseline 0.007 -12"><span class='ocrx_word' id='word_1_1063' title='bbox 1411 621 1519 663; x_wconf 77' lang='lat' dir='ltr'>Tamen</span> <span class='ocrx_word' id='word_1_1064' title='bbox 1530 621 1573 650; x_wconf 81' lang='lat' dir='ltr'>vix</span> <span class='ocrx_word' id='word_1_1065' title='bbox 1583 621 1704 651; x_wconf 81' lang='lat' dir='ltr'>humane</span> <span class='ocrx_word' id='word_1_1066' title='bbox 1716 623 1828 660; x_wconf 89' lang='lat' dir='ltr'>patitur.</span> <span class='ocrx_word' id='word_1_1067' title='bbox 1922 624 1982 653; x_wconf 90' lang='lat' dir='ltr'>Cic.</span> <span class='ocrx_word' id='word_1_1068' title='bbox 1994 634 2044 662; x_wconf 83' lang='lat' dir='ltr'>pro</span> <span class='ocrx_word' id='word_1_1069' title='bbox 2059 624 2150 654; x_wconf 86' lang='lat' dir='ltr'>Deiot.</span> <span class='ocrx_word' id='word_1_1070' title='bbox 2163 634 2186 655; x_wconf 84' lang='lat' dir='ltr'>i.</span> <span class='ocrx_word' id='word_1_1071' title='bbox 2210 625 2306 662; x_wconf 86' lang='lat' dir='ltr'>Quum</span> <span class='ocrx_word' id='word_1_1072' title='bbox 2325 627 2353 657; x_wconf 91' lang='lat' dir='ltr'>in</span> <span class='ocrx_word' id='word_1_1073' title='bbox 2365 631 2456 658; x_wconf 86' lang='lat' dir='ltr'>omni-</span> 
     </span>
     <span class='ocr_line' id='line_1_116' title="bbox 1350 656 2458 699; baseline 0.008 -12"><span class='ocrx_word' id='word_1_1074' title='bbox 1350 656 1402 687; x_wconf 86' lang='lat' dir='ltr'>bus</span> <span class='ocrx_word' id='word_1_1075' title='bbox 1415 660 1499 688; x_wconf 78' lang='lat' dir='ltr'>caulis</span> <span class='ocrx_word' id='word_1_1076' title='bbox 1508 658 1680 695; x_wconf 85' lang='lat' dir='ltr'>gravioribus</span> <span class='ocrx_word' id='word_1_1077' title='bbox 1690 660 1772 689; x_wconf 86' lang='lat' dir='ltr'>initio</span> <span class='ocrx_word' id='word_1_1078' title='bbox 1784 661 1897 690; x_wconf 85' lang='lat' dir='ltr'>dicendi</span> <span class='ocrx_word' id='word_1_1079' title='bbox 1910 663 2080 691; x_wconf 87' lang='lat' dir='ltr'>commoveri</span> <span class='ocrx_word' id='word_1_1080' title='bbox 2097 661 2197 691; x_wconf 87' lang='lat' dir='ltr'>soleam</span> <span class='ocrx_word' id='word_1_1081' title='bbox 2208 685 2216 699; x_wconf 88' lang='lat'>‚</span> <span class='ocrx_word' id='word_1_1082' title='bbox 2238 671 2331 693; x_wconf 80' lang='lat' dir='ltr'>tamen</span> <span class='ocrx_word' id='word_1_1083' title='bbox 2356 667 2384 695; x_wconf 89' lang='lat' dir='ltr'>in</span> <span class='ocrx_word' id='word_1_1084' title='bbox 2406 668 2458 697; x_wconf 83' lang='lat' dir='ltr'>hac</span> 
     </span>
    </p>
   </div>
   <div class='ocr_carea' id='block_1_10' title="bbox 1350 696 2460 762">
    <p class='ocr_par' dir='ltr' id='par_1_59' title="bbox 1350 696 2460 762">
     <span class='ocr_line' id='line_1_117' title="bbox 1350 696 2460 762; baseline 0.01 -38"><span class='ocrx_word' id='word_1_1085' title='bbox 1350 696 1438 762; x_wconf 51' lang='lat' dir='ltr'>pibultta</span> <span class='ocrx_word' id='word_1_1086' title='bbox 1450 697 1488 725; x_wconf 84' lang='lat' dir='ltr'>ita</span> <span class='ocrx_word' id='word_1_1087' title='bbox 1498 705 1543 725; x_wconf 91' lang='lat' dir='ltr'>me</span> <span class='ocrx_word' id='word_1_1088' title='bbox 1553 696 1734 734; x_wconf 78' lang='lat' dir='ltr'>perturbant,</span> <span class='ocrx_word' id='word_1_1089' title='bbox 1755 699 1808 728; x_wconf 66' lang='grc' dir='ltr'>διο.</span> <span class='ocrx_word' id='word_1_1090' title='bbox 1847 699 1901 728; x_wconf 83' lang='lat' dir='ltr'>Hic</span> <span class='ocrx_word' id='word_1_1091' title='bbox 1914 709 1964 736; x_wconf 91' lang='lat' dir='ltr'>pro</span> <span class='ocrx_word' id='word_1_1092' title='bbox 1977 699 2111 736; x_wconf 80' lang='lat' dir='ltr'>Quamvis</span> <span class='ocrx_word' id='word_1_1093' title='bbox 2121 701 2245 739; x_wconf 81' lang='lat' dir='ltr'>ponitur,</span> <span class='ocrx_word' id='word_1_1094' title='bbox 2261 704 2372 733; x_wconf 72' lang='lat' dir='ltr'>auctore</span> <span class='ocrx_word' id='word_1_1095' title='bbox 2384 704 2460 736; x_wconf 78' lang='lat' dir='ltr'>Valla</span> 
     </span>
     <span class='ocr_line' id='line_1_118' title="bbox 1364 743 1438 762; baseline -0.027 0"><span class='ocrx_word' id='word_1_1096' title='bbox 1364 743 1370 761; x_wconf 91' lang='lat' dir='ltr'>i</span> <span class='ocrx_word' id='word_1_1097' title='bbox 1392 756 1398 762; x_wconf 86' lang='lat'>.</span> <span class='ocrx_word' id='word_1_1098' title='bbox 1433 754 1438 760; x_wconf 95' lang='lat'>.</span> 
     </span>
    </p>
   </div>
   <div class='ocr_carea' id='block_1_11' title="bbox 1334 770 2482 3950">
    <p class='ocr_par' dir='ltr' id='par_1_60' title="bbox 1334 770 2128 886">
     <span class='ocr_line' id='line_1_119' title="bbox 1334 770 1970 808; baseline 0.006 -9"><span class='ocrx_word' id='word_1_1099' title='bbox 1334 770 1432 807; x_wconf 83' lang='lat' dir='ltr'>Quum</span> <span class='ocrx_word' id='word_1_1100' title='bbox 1447 771 1508 801; x_wconf 82' lang='lat' dir='ltr'>haec</span> <span class='ocrx_word' id='word_1_1101' title='bbox 1518 771 1556 800; x_wconf 85' lang='lat' dir='ltr'>ita</span> <span class='ocrx_word' id='word_1_1102' title='bbox 1567 770 1627 800; x_wconf 85' lang='lat' dir='ltr'>sint.</span> <span class='ocrx_word' id='word_1_1103' title='bbox 1648 771 1713 801; x_wconf 87' lang='lat' dir='ltr'>Ter.</span> <span class='ocrx_word' id='word_1_1104' title='bbox 1726 772 1836 802; x_wconf 87' lang='lat' dir='ltr'>Pliorm.</span> <span class='ocrx_word' id='word_1_1105' title='bbox 1851 783 1874 802; x_wconf 90' lang='lat'>1.</span> <span class='ocrx_word' id='word_1_1106' title='bbox 1885 784 1910 808; x_wconf 87' lang='lat'>4.</span> <span class='ocrx_word' id='word_1_1107' title='bbox 1925 777 1970 804; x_wconf 83' lang='lat'>26.</span> 
     </span>
     <span class='ocr_line' id='line_1_120' title="bbox 1527 809 2128 850; baseline 0.003 -11"><span class='ocrx_word' id='word_1_1108' title='bbox 1527 825 1564 829; x_wconf 97' lang='lat'><strong>—</strong></span> <span class='ocrx_word' id='word_1_1109' title='bbox 1572 818 1638 846; x_wconf 82' lang='lat' dir='ltr'>ergo</span> <span class='ocrx_word' id='word_1_1110' title='bbox 1651 809 1742 839; x_wconf 81' lang='lat' dir='ltr'>isthaec</span> <span class='ocrx_word' id='word_1_1111' title='bbox 1753 820 1839 847; x_wconf 90' lang='lat' dir='ltr'>quum</span> <span class='ocrx_word' id='word_1_1112' title='bbox 1850 811 1887 840; x_wconf 89' lang='lat' dir='ltr'>ita</span> <span class='ocrx_word' id='word_1_1113' title='bbox 1897 811 1948 840; x_wconf 88' lang='lat' dir='ltr'>sint</span> <span class='ocrx_word' id='word_1_1114' title='bbox 1959 834 1968 847; x_wconf 83' lang='lat'>‚</span> <span class='ocrx_word' id='word_1_1115' title='bbox 1991 811 2112 850; x_wconf 85' lang='lat' dir='ltr'>Antipho</span> <span class='ocrx_word' id='word_1_1116' title='bbox 2120 834 2128 849; x_wconf 88' lang='lat'>‚</span> 
     </span>
     <span class='ocr_line' id='line_1_121' title="bbox 1414 844 1980 886; baseline 0.007 -12"><span class='ocrx_word' id='word_1_1117' title='bbox 1414 844 1508 875; x_wconf 83' lang='lat' dir='ltr'>Tanto</span> <span class='ocrx_word' id='word_1_1118' title='bbox 1518 848 1605 883; x_wconf 86' lang='lat' dir='ltr'>magis</span> <span class='ocrx_word' id='word_1_1119' title='bbox 1617 853 1644 875; x_wconf 92' lang='lat' dir='ltr'>te</span> <span class='ocrx_word' id='word_1_1120' title='bbox 1656 847 1804 885; x_wconf 84' lang='lat' dir='ltr'>advigilare</span> <span class='ocrx_word' id='word_1_1121' title='bbox 1812 858 1921 886; x_wconf 82' lang='lat' dir='ltr'>aequuin</span> <span class='ocrx_word' id='word_1_1122' title='bbox 1933 850 1980 879; x_wconf 86' lang='lat' dir='ltr'>est.</span> 
     </span>
    </p>

    <p class='ocr_par' dir='ltr' id='par_1_61' title="bbox 1334 882 1966 923">
     <span class='ocr_line' id='line_1_122' title="bbox 1334 882 1966 923; baseline 0.006 -11"><span class='ocrx_word' id='word_1_1123' title='bbox 1334 882 1429 919; x_wconf 81' lang='lat' dir='ltr'>Cum,</span> <span class='ocrx_word' id='word_1_1124' title='bbox 1452 894 1502 921; x_wconf 79' lang='lat' dir='ltr'>pro</span> <span class='ocrx_word' id='word_1_1125' title='bbox 1512 884 1607 920; x_wconf 80' lang='lat' dir='ltr'>Quod.</span> <span class='ocrx_word' id='word_1_1126' title='bbox 1629 884 1716 914; x_wconf 83' lang='lat' dir='ltr'>Plaut.</span> <span class='ocrx_word' id='word_1_1127' title='bbox 1730 885 1801 915; x_wconf 92' lang='lat' dir='ltr'>Rud.</span> <span class='ocrx_word' id='word_1_1128' title='bbox 1819 897 1845 921; x_wconf 81' lang='lat'>4.</span> <span class='ocrx_word' id='word_1_1129' title='bbox 1858 897 1885 921; x_wconf 84' lang='lat'>4·</span> <span class='ocrx_word' id='word_1_1130' title='bbox 1904 895 1966 923; x_wconf 77' lang='lat'>134.</span> 
     </span>
    </p>

    <p class='ocr_par' dir='ltr' id='par_1_62' title="bbox 1429 921 2241 996">
     <span class='ocr_line' id='line_1_123' title="bbox 1429 921 2241 963; baseline 0.007 -13"><span class='ocrx_word' id='word_1_1131' title='bbox 1429 921 1501 951; x_wconf 86' lang='lat' dir='ltr'>Ecce</span> <span class='ocrx_word' id='word_1_1132' title='bbox 1514 921 1590 959; x_wconf 87' lang='lat' dir='ltr'>Gripi</span> <span class='ocrx_word' id='word_1_1133' title='bbox 1599 921 1699 952; x_wconf 89' lang='lat' dir='ltr'>scelera</span> <span class='ocrx_word' id='word_1_1134' title='bbox 1710 932 1718 952; x_wconf 76' lang='lat' dir='ltr'>t</span> <span class='ocrx_word' id='word_1_1135' title='bbox 1742 932 1807 953; x_wconf 88' lang='lat' dir='ltr'>cum</span> <span class='ocrx_word' id='word_1_1136' title='bbox 1818 924 1891 953; x_wconf 84' lang='lat' dir='ltr'>istaec</span> <span class='ocrx_word' id='word_1_1137' title='bbox 1900 933 1943 954; x_wconf 90' lang='lat' dir='ltr'>res</span> <span class='ocrx_word' id='word_1_1138' title='bbox 1953 924 2025 954; x_wconf 86' lang='lat' dir='ltr'>male</span> <span class='ocrx_word' id='word_1_1139' title='bbox 2035 925 2146 962; x_wconf 80' lang='lat' dir='ltr'>evenit,</span> <span class='ocrx_word' id='word_1_1140' title='bbox 2166 926 2219 956; x_wconf 88' lang='lat' dir='ltr'>tibi</span> <span class='ocrx_word' id='word_1_1141' title='bbox 2231 949 2241 963; x_wconf 94' lang='lat'>‚</span> 
     </span>
     <span class='ocr_line' id='line_1_124' title="bbox 1429 960 1690 996; baseline 0.004 -8"><span class='ocrx_word' id='word_1_1142' title='bbox 1429 960 1515 996; x_wconf 82' lang='lat' dir='ltr'>Gripe</span> <span class='ocrx_word' id='word_1_1143' title='bbox 1529 981 1537 995; x_wconf 94' lang='lat'><strong>‚</strong></span> <span class='ocrx_word' id='word_1_1144' title='bbox 1559 960 1690 996; x_wconf 84' lang='lat' dir='ltr'>gratulor.</span> 
     </span>
    </p>

    <p class='ocr_par' dir='ltr' id='par_1_63' title="bbox 1334 992 2462 1071">
     <span class='ocr_line' id='line_1_125' title="bbox 1334 992 2462 1040; baseline 0.007 -14"><span class='ocrx_word' id='word_1_1145' title='bbox 1334 992 1402 1040; x_wconf 71' lang='lat' dir='ltr'>&#39;Tibi</span> <span class='ocrx_word' id='word_1_1146' title='bbox 1415 998 1549 1026; x_wconf 88' lang='lat' dir='ltr'>maximas</span> <span class='ocrx_word' id='word_1_1147' title='bbox 1556 999 1654 1033; x_wconf 79' lang='lat' dir='ltr'>gratias</span> <span class='ocrx_word' id='word_1_1148' title='bbox 1664 1007 1716 1035; x_wconf 87' lang='lat' dir='ltr'>ago</span> <span class='ocrx_word' id='word_1_1149' title='bbox 1726 1019 1735 1034; x_wconf 89' lang='lat'><strong>‚</strong></span> <span class='ocrx_word' id='word_1_1150' title='bbox 1757 1007 1822 1028; x_wconf 89' lang='lat' dir='ltr'>cum</span> <span class='ocrx_word' id='word_1_1151' title='bbox 1833 1004 1941 1029; x_wconf 89' lang='lat' dir='ltr'>tantum</span> <span class='ocrx_word' id='word_1_1152' title='bbox 1951 1007 2020 1030; x_wconf 86' lang='lat' dir='ltr'>meae</span> <span class='ocrx_word' id='word_1_1153' title='bbox 2033 1000 2129 1031; x_wconf 75' lang='lat' dir='ltr'>litterae</span> <span class='ocrx_word' id='word_1_1154' title='bbox 2140 1008 2303 1040; x_wconf 83' lang='lat' dir='ltr'>potuerunt,</span> <span class='ocrx_word' id='word_1_1155' title='bbox 2324 1011 2355 1036; x_wconf 93' lang='lat' dir='ltr'>ut</span> <span class='ocrx_word' id='word_1_1156' title='bbox 2369 1004 2411 1038; x_wconf 82' lang='lat' dir='ltr'>his</span> <span class='ocrx_word' id='word_1_1157' title='bbox 2423 1007 2462 1038; x_wconf 85' lang='lat' dir='ltr'>le.</span> 
     </span>
     <span class='ocr_line' id='line_1_126' title="bbox 1356 1035 1783 1071; baseline 0.007 -9"><span class='ocrx_word' id='word_1_1158' title='bbox 1356 1035 1429 1069; x_wconf 75' lang='lat' dir='ltr'>ctis,</span> <span class='ocrx_word' id='word_1_1159' title='bbox 1450 1037 1502 1065; x_wconf 67' lang='lat' dir='ltr'>dcc.</span> <span class='ocrx_word' id='word_1_1160' title='bbox 1524 1035 1582 1064; x_wconf 88' lang='lat' dir='ltr'>Cic.</span> <span class='ocrx_word' id='word_1_1161' title='bbox 1598 1035 1783 1071; x_wconf 79' lang='lat' dir='ltr'>13.Fam.25.</span> 
     </span>
    </p>

    <p class='ocr_par' dir='ltr' id='par_1_64' title="bbox 1336 1071 2140 1113">
     <span class='ocr_line' id='line_1_127' title="bbox 1336 1071 2140 1113; baseline 0.006 -12"><span class='ocrx_word' id='word_1_1162' title='bbox 1336 1071 1503 1102; x_wconf 86' lang='lat' dir='ltr'>Benefacitis</span> <span class='ocrx_word' id='word_1_1163' title='bbox 1514 1082 1579 1102; x_wconf 91' lang='lat' dir='ltr'>curn</span> <span class='ocrx_word' id='word_1_1164' title='bbox 1590 1074 1700 1103; x_wconf 89' lang='lat' dir='ltr'>venitis.</span> <span class='ocrx_word' id='word_1_1165' title='bbox 1723 1074 1825 1103; x_wconf 73' lang='lat' dir='ltr'>Auctor</span> <span class='ocrx_word' id='word_1_1166' title='bbox 1834 1073 1869 1103; x_wconf 86' lang='lat' dir='ltr'>ad</span> <span class='ocrx_word' id='word_1_1167' title='bbox 1881 1073 1983 1104; x_wconf 87' lang='lat' dir='ltr'>Heren.</span> <span class='ocrx_word' id='word_1_1168' title='bbox 1995 1074 2043 1105; x_wconf 86' lang='lat' dir='ltr'>lib.</span> <span class='ocrx_word' id='word_1_1169' title='bbox 2055 1086 2082 1112; x_wconf 87' lang='lat'>4.</span> <span class='ocrx_word' id='word_1_1170' title='bbox 2095 1079 2140 1113; x_wconf 85' lang='lat'>63.</span> 
     </span>
    </p>

    <p class='ocr_par' dir='ltr' id='par_1_65' title="bbox 1335 1109 2238 1153">
     <span class='ocr_line' id='line_1_128' title="bbox 1335 1109 2238 1153; baseline 0.008 -15"><span class='ocrx_word' id='word_1_1171' title='bbox 1335 1109 1410 1139; x_wconf 90' lang='lat' dir='ltr'>Cum</span> <span class='ocrx_word' id='word_1_1172' title='bbox 1421 1130 1430 1145; x_wconf 78' lang='lat'><strong>‚</strong></span> <span class='ocrx_word' id='word_1_1173' title='bbox 1451 1119 1502 1147; x_wconf 92' lang='lat' dir='ltr'>pro</span> <span class='ocrx_word' id='word_1_1174' title='bbox 1513 1111 1586 1147; x_wconf 89' lang='lat' dir='ltr'>Quia</span> <span class='ocrx_word' id='word_1_1175' title='bbox 1597 1111 1643 1140; x_wconf 85' lang='lat' dir='ltr'>vel</span> <span class='ocrx_word' id='word_1_1176' title='bbox 1653 1111 1889 1149; x_wconf 87' lang='lat' dir='ltr'>quandoquidem.</span> <span class='ocrx_word' id='word_1_1177' title='bbox 1913 1111 1977 1142; x_wconf 89' lang='lat' dir='ltr'>Ter.</span> <span class='ocrx_word' id='word_1_1178' title='bbox 1990 1111 2099 1143; x_wconf 88' lang='lat' dir='ltr'>Phorm.</span> <span class='ocrx_word' id='word_1_1179' title='bbox 2117 1125 2141 1150; x_wconf 86' lang='grc' dir='ltr'>ς.</span> <span class='ocrx_word' id='word_1_1180' title='bbox 2154 1122 2179 1152; x_wconf 86' lang='lat'>7.</span> <span class='ocrx_word' id='word_1_1181' title='bbox 2193 1123 2238 1153; x_wconf 89' lang='lat'>77.</span> 
     </span>
    </p>

    <p class='ocr_par' dir='ltr' id='par_1_66' title="bbox 1431 1148 2231 1228">
     <span class='ocr_line' id='line_1_129' title="bbox 1432 1148 2220 1188; baseline 0.006 -11"><span class='ocrx_word' id='word_1_1182' title='bbox 1432 1148 1489 1185; x_wconf 75' lang='lat' dir='ltr'>Ego</span> <span class='ocrx_word' id='word_1_1183' title='bbox 1505 1148 1629 1186; x_wconf 86' lang='lat' dir='ltr'>redigam</span> <span class='ocrx_word' id='word_1_1184' title='bbox 1644 1149 1728 1178; x_wconf 85' lang='lat' dir='ltr'>vosin</span> <span class='ocrx_word' id='word_1_1185' title='bbox 1737 1149 1851 1188; x_wconf 79' lang='lat' dir='ltr'>gratiam</span> <span class='ocrx_word' id='word_1_1186' title='bbox 1860 1171 1869 1185; x_wconf 90' lang='lat'>‚</span> <span class='ocrx_word' id='word_1_1187' title='bbox 1891 1149 1945 1179; x_wconf 90' lang='lat' dir='ltr'>hoc</span> <span class='ocrx_word' id='word_1_1188' title='bbox 1955 1149 2042 1180; x_wconf 88' lang='lat' dir='ltr'>fretus</span> <span class='ocrx_word' id='word_1_1189' title='bbox 2054 1174 2061 1186; x_wconf 79' lang='lat'>,</span> <span class='ocrx_word' id='word_1_1190' title='bbox 2082 1151 2202 1182; x_wconf 86' lang='lat' dir='ltr'>Chreme</span> <span class='ocrx_word' id='word_1_1191' title='bbox 2212 1175 2220 1188; x_wconf 78' lang='grc'><em>,</em></span> 
     </span>
     <span class='ocr_line' id='line_1_130' title="bbox 1431 1185 2231 1228; baseline 0.009 -14"><span class='ocrx_word' id='word_1_1192' title='bbox 1431 1185 1502 1215; x_wconf 90' lang='lat' dir='ltr'>Cum</span> <span class='ocrx_word' id='word_1_1193' title='bbox 1518 1186 1553 1214; x_wconf 91' lang='lat' dir='ltr'>de</span> <span class='ocrx_word' id='word_1_1194' title='bbox 1565 1187 1660 1216; x_wconf 90' lang='lat' dir='ltr'>medio</span> <span class='ocrx_word' id='word_1_1195' title='bbox 1667 1186 1781 1216; x_wconf 81' lang='lat' dir='ltr'>excessit</span> <span class='ocrx_word' id='word_1_1196' title='bbox 1793 1209 1800 1222; x_wconf 89' lang='lat'><strong>‚</strong></span> <span class='ocrx_word' id='word_1_1197' title='bbox 1819 1187 1898 1217; x_wconf 86' lang='lat' dir='ltr'>unde</span> <span class='ocrx_word' id='word_1_1198' title='bbox 1909 1188 1969 1218; x_wconf 82' lang='lat' dir='ltr'>haec</span> <span class='ocrx_word' id='word_1_1199' title='bbox 1978 1188 2102 1228; x_wconf 87' lang='lat' dir='ltr'>suscepta</span> <span class='ocrx_word' id='word_1_1200' title='bbox 2117 1191 2157 1220; x_wconf 87' lang='lat' dir='ltr'>est</span> <span class='ocrx_word' id='word_1_1201' title='bbox 2170 1191 2231 1221; x_wconf 89' lang='lat' dir='ltr'>tibi.</span> 
     </span>
    </p>

    <p class='ocr_par' dir='ltr' id='par_1_67' title="bbox 1338 1222 1941 1262">
     <span class='ocr_line' id='line_1_131' title="bbox 1338 1222 1941 1262; baseline 0.003 -9"><span class='ocrx_word' id='word_1_1202' title='bbox 1338 1222 1411 1254; x_wconf 85' lang='lat' dir='ltr'>Cum</span> <span class='ocrx_word' id='word_1_1203' title='bbox 1422 1244 1431 1259; x_wconf 88' lang='lat'>,</span> <span class='ocrx_word' id='word_1_1204' title='bbox 1451 1233 1503 1261; x_wconf 90' lang='lat' dir='ltr'>pro</span> <span class='ocrx_word' id='word_1_1205' title='bbox 1514 1223 1653 1254; x_wconf 80' lang='lat' dir='ltr'>Praeterea.</span> <span class='ocrx_word' id='word_1_1206' title='bbox 1675 1224 1740 1254; x_wconf 88' lang='lat' dir='ltr'>Ter.</span> <span class='ocrx_word' id='word_1_1207' title='bbox 1754 1225 1824 1254; x_wconf 80' lang='lat' dir='ltr'>And.</span> <span class='ocrx_word' id='word_1_1208' title='bbox 1837 1233 1862 1262; x_wconf 87' lang='lat'>3.</span> <span class='ocrx_word' id='word_1_1209' title='bbox 1875 1235 1901 1255; x_wconf 83' lang='lat'>2.</span> <span class='ocrx_word' id='word_1_1210' title='bbox 1915 1231 1941 1260; x_wconf 88' lang='lat'>8.</span> 
     </span>
    </p>

    <p class='ocr_par' dir='ltr' id='par_1_68' title="bbox 1432 1261 2409 1306">
     <span class='ocr_line' id='line_1_132' title="bbox 1432 1261 2409 1306; baseline 0.009 -16"><span class='ocrx_word' id='word_1_1211' title='bbox 1432 1261 1508 1291; x_wconf 89' lang='lat' dir='ltr'>Deos</span> <span class='ocrx_word' id='word_1_1212' title='bbox 1518 1262 1609 1299; x_wconf 81' lang='lat' dir='ltr'>quaeso</span> <span class='ocrx_word' id='word_1_1213' title='bbox 1618 1282 1625 1295; x_wconf 87' lang='lat'>,</span> <span class='ocrx_word' id='word_1_1214' title='bbox 1645 1268 1675 1292; x_wconf 90' lang='lat' dir='ltr'>ut</span> <span class='ocrx_word' id='word_1_1215' title='bbox 1685 1262 1855 1300; x_wconf 86' lang='lat' dir='ltr'>sitsuperstes</span> <span class='ocrx_word' id='word_1_1216' title='bbox 1869 1285 1878 1298; x_wconf 83' lang='grc'><em>,</em></span> <span class='ocrx_word' id='word_1_1217' title='bbox 1899 1263 2127 1301; x_wconf 77' lang='lat' dir='ltr'>quandoquidem</span> <span class='ocrx_word' id='word_1_1218' title='bbox 2139 1265 2176 1295; x_wconf 86' lang='lat' dir='ltr'>est</span> <span class='ocrx_word' id='word_1_1219' title='bbox 2187 1266 2302 1304; x_wconf 82' lang='lat' dir='ltr'>ingenio</span> <span class='ocrx_word' id='word_1_1220' title='bbox 2310 1268 2387 1300; x_wconf 79' lang='lat' dir='ltr'>bono</span> <span class='ocrx_word' id='word_1_1221' title='bbox 2401 1293 2409 1306; x_wconf 93' lang='lat'>,</span> 
     </span>
    </p>

    <p class='ocr_par' dir='ltr' id='par_1_69' title="bbox 1339 1298 2362 1368">
     <span class='ocr_line' id='line_1_133' title="bbox 1339 1298 2362 1368; baseline 0.01 -41"><span class='ocrx_word' id='word_1_1222' title='bbox 1339 1339 1341 1342; x_wconf 53' lang='lat'>.</span> <span class='ocrx_word' id='word_1_1223' title='bbox 1432 1298 1560 1336; x_wconf 85' lang='lat' dir='ltr'>Cumque</span> <span class='ocrx_word' id='word_1_1224' title='bbox 1570 1301 1636 1330; x_wconf 85' lang='lat' dir='ltr'>huic</span> <span class='ocrx_word' id='word_1_1225' title='bbox 1645 1301 1747 1330; x_wconf 86' lang='lat' dir='ltr'>veritus</span> <span class='ocrx_word' id='word_1_1226' title='bbox 1761 1301 1799 1330; x_wconf 84' lang='lat' dir='ltr'>est</span> <span class='ocrx_word' id='word_1_1227' title='bbox 1809 1302 1922 1368; x_wconf 69' lang='lat' dir='ltr'>optimae</span> <span class='ocrx_word' id='word_1_1228' title='bbox 1934 1302 2102 1332; x_wconf 85' lang='lat' dir='ltr'>adolescenti</span> <span class='ocrx_word' id='word_1_1229' title='bbox 2116 1304 2207 1333; x_wconf 87' lang='lat' dir='ltr'>facere</span> <span class='ocrx_word' id='word_1_1230' title='bbox 2220 1306 2362 1342; x_wconf 83' lang='lat' dir='ltr'>injuriam.</span> 
     </span>
    </p>

    <p class='ocr_par' dir='ltr' id='par_1_70' title="bbox 1338 1337 2143 1376">
     <span class='ocr_line' id='line_1_134' title="bbox 1338 1337 2143 1376; baseline 0.005 -10"><span class='ocrx_word' id='word_1_1231' title='bbox 1338 1337 1413 1367; x_wconf 81' lang='lat' dir='ltr'>Cum</span> <span class='ocrx_word' id='word_1_1232' title='bbox 1427 1359 1436 1371; x_wconf 76' lang='grc'><em>,</em></span> <span class='ocrx_word' id='word_1_1233' title='bbox 1456 1347 1507 1375; x_wconf 90' lang='lat' dir='ltr'>pro</span> <span class='ocrx_word' id='word_1_1234' title='bbox 1520 1337 1699 1376; x_wconf 76' lang='lat' dir='ltr'>Praeterquam</span> <span class='ocrx_word' id='word_1_1235' title='bbox 1709 1338 1794 1376; x_wconf 85' lang='lat' dir='ltr'>quod.</span> <span class='ocrx_word' id='word_1_1236' title='bbox 1843 1348 1880 1368; x_wconf 91' lang='lat' dir='ltr'>er.</span> <span class='ocrx_word' id='word_1_1237' title='bbox 1896 1339 2007 1370; x_wconf 88' lang='lat' dir='ltr'>Phorm.</span> <span class='ocrx_word' id='word_1_1238' title='bbox 2023 1350 2046 1369; x_wconf 85' lang='lat'>1.</span> <span class='ocrx_word' id='word_1_1239' title='bbox 2058 1351 2084 1376; x_wconf 88' lang='grc'>4.</span> <span class='ocrx_word' id='word_1_1240' title='bbox 2100 1350 2143 1371; x_wconf 88' lang='lat'>10.</span> 
     </span>
    </p>

    <p class='ocr_par' dir='ltr' id='par_1_71' title="bbox 1360 1375 2468 1442">
     <span class='ocr_line' id='line_1_135' title="bbox 1360 1375 2468 1441; baseline 0.008 -37"><span class='ocrx_word' id='word_1_1241' title='bbox 1360 1375 1467 1441; x_wconf 79' lang='lat' dir='ltr'>DEheu,</span> <span class='ocrx_word' id='word_1_1242' title='bbox 1476 1384 1521 1405; x_wconf 89' lang='lat' dir='ltr'>me</span> <span class='ocrx_word' id='word_1_1243' title='bbox 1531 1375 1677 1406; x_wconf 78' lang='lat' dir='ltr'>miserum!</span> <span class='ocrx_word' id='word_1_1244' title='bbox 1699 1386 1764 1406; x_wconf 91' lang='lat' dir='ltr'>cum</span> <span class='ocrx_word' id='word_1_1245' title='bbox 1773 1376 1844 1406; x_wconf 79' lang='lat' dir='ltr'>mihi</span> <span class='ocrx_word' id='word_1_1246' title='bbox 1853 1386 1952 1415; x_wconf 85' lang='lat' dir='ltr'>pave0,</span> <span class='ocrx_word' id='word_1_1247' title='bbox 1963 1385 2023 1408; x_wconf 85' lang='lat' dir='ltr'>tum</span> <span class='ocrx_word' id='word_1_1248' title='bbox 2032 1379 2155 1416; x_wconf 87' lang='lat' dir='ltr'>Antipho</span> <span class='ocrx_word' id='word_1_1249' title='bbox 2163 1389 2209 1409; x_wconf 92' lang='lat' dir='ltr'>me</span> <span class='ocrx_word' id='word_1_1250' title='bbox 2220 1382 2362 1412; x_wconf 86' lang='lat' dir='ltr'>excruciat</span> <span class='ocrx_word' id='word_1_1251' title='bbox 2369 1383 2468 1415; x_wconf 89' lang='lat' dir='ltr'>animi.</span> 
     </span>
     <span class='ocr_line' id='line_1_136' title="bbox 1388 1420 1496 1442; baseline 0 0"><span class='ocrx_word' id='word_1_1252' title='bbox 1388 1420 1496 1442; x_wconf 88' lang='lat' dir='ltr'>onatus.</span> 
     </span>
    </p>

    <p class='ocr_par' dir='ltr' id='par_1_72' title="bbox 1339 1450 2475 1668">
     <span class='ocr_line' id='line_1_137' title="bbox 1339 1450 2472 1496; baseline 0.009 -17"><span class='ocrx_word' id='word_1_1253' title='bbox 1339 1450 1413 1480; x_wconf 84' lang='lat' dir='ltr'>Cum</span> <span class='ocrx_word' id='word_1_1254' title='bbox 1424 1452 1449 1480; x_wconf 74' lang='grc' dir='ltr'>ἂ</span> <span class='ocrx_word' id='word_1_1255' title='bbox 1459 1450 1534 1481; x_wconf 86' lang='lat' dir='ltr'>Tum</span> <span class='ocrx_word' id='word_1_1256' title='bbox 1544 1450 1684 1493; x_wconf 79' lang='lat' dir='ltr'>eleganter</span> <span class='ocrx_word' id='word_1_1257' title='bbox 1695 1451 1721 1481; x_wconf 89' lang='lat' dir='ltr'>se</span> <span class='ocrx_word' id='word_1_1258' title='bbox 1732 1452 1854 1481; x_wconf 89' lang='lat' dir='ltr'>invicem</span> <span class='ocrx_word' id='word_1_1259' title='bbox 1869 1452 1898 1482; x_wconf 89' lang='lat' dir='ltr'>in</span> <span class='ocrx_word' id='word_1_1260' title='bbox 1908 1452 2006 1483; x_wconf 85' lang='lat' dir='ltr'>eadem</span> <span class='ocrx_word' id='word_1_1261' title='bbox 2015 1453 2137 1484; x_wconf 90' lang='lat' dir='ltr'>clausula</span> <span class='ocrx_word' id='word_1_1262' title='bbox 2147 1453 2358 1493; x_wconf 84' lang='lat' dir='ltr'>subsequuntur.</span> <span class='ocrx_word' id='word_1_1263' title='bbox 2399 1459 2472 1496; x_wconf 82' lang='lat' dir='ltr'>Quae</span> 
     </span>
     <span class='ocr_line' id='line_1_138' title="bbox 1361 1487 2473 1527; baseline 0.009 -10"><span class='ocrx_word' id='word_1_1264' title='bbox 1361 1488 1431 1518; x_wconf 90' lang='lat' dir='ltr'>licet</span> <span class='ocrx_word' id='word_1_1265' title='bbox 1447 1488 1524 1517; x_wconf 87' lang='lat' dir='ltr'>idem</span> <span class='ocrx_word' id='word_1_1266' title='bbox 1533 1488 1702 1526; x_wconf 70' lang='lat' dir='ltr'>figniucent‚</span> <span class='ocrx_word' id='word_1_1267' title='bbox 1724 1487 1834 1519; x_wconf 87' lang='lat' dir='ltr'>diverso</span> <span class='ocrx_word' id='word_1_1268' title='bbox 1851 1498 1944 1520; x_wconf 87' lang='lat' dir='ltr'>tamen</span> <span class='ocrx_word' id='word_1_1269' title='bbox 1967 1492 2054 1520; x_wconf 89' lang='lat' dir='ltr'>modo</span> <span class='ocrx_word' id='word_1_1270' title='bbox 2075 1493 2247 1524; x_wconf 87' lang='lat' dir='ltr'>ordinantur.</span> <span class='ocrx_word' id='word_1_1271' title='bbox 2271 1505 2334 1525; x_wconf 91' lang='lat' dir='ltr'>nam</span> <span class='ocrx_word' id='word_1_1272' title='bbox 2354 1497 2382 1525; x_wconf 91' lang='lat' dir='ltr'>in</span> <span class='ocrx_word' id='word_1_1273' title='bbox 2400 1497 2473 1527; x_wconf 84' lang='lat' dir='ltr'>Cum</span> 
     </span>
     <span class='ocr_line' id='line_1_139' title="bbox 1359 1526 2472 1566; baseline 0.008 -11"><span class='ocrx_word' id='word_1_1274' title='bbox 1359 1527 1398 1555; x_wconf 88' lang='lat' dir='ltr'>est</span> <span class='ocrx_word' id='word_1_1275' title='bbox 1413 1526 1548 1565; x_wconf 85' lang='lat' dir='ltr'>quiddam</span> <span class='ocrx_word' id='word_1_1276' title='bbox 1566 1527 1673 1557; x_wconf 85' lang='lat' dir='ltr'>minus:</span> <span class='ocrx_word' id='word_1_1277' title='bbox 1696 1528 1725 1556; x_wconf 90' lang='lat' dir='ltr'>in</span> <span class='ocrx_word' id='word_1_1278' title='bbox 1745 1527 1821 1557; x_wconf 88' lang='lat' dir='ltr'>Tum</span> <span class='ocrx_word' id='word_1_1279' title='bbox 1837 1529 1971 1566; x_wconf 88' lang='lat' dir='ltr'>quiddam</span> <span class='ocrx_word' id='word_1_1280' title='bbox 1989 1530 2088 1565; x_wconf 76' lang='lat' dir='ltr'>majus.</span> <span class='ocrx_word' id='word_1_1281' title='bbox 2129 1531 2163 1560; x_wconf 86' lang='lat' dir='ltr'>Et</span> <span class='ocrx_word' id='word_1_1282' title='bbox 2180 1531 2235 1561; x_wconf 87' lang='lat' dir='ltr'>hoc</span> <span class='ocrx_word' id='word_1_1283' title='bbox 2255 1533 2365 1563; x_wconf 88' lang='lat' dir='ltr'>duobus</span> <span class='ocrx_word' id='word_1_1284' title='bbox 2378 1536 2472 1565; x_wconf 90' lang='lat' dir='ltr'>modis</span> 
     </span>
     <span class='ocr_line' id='line_1_140' title="bbox 1361 1564 2472 1606; baseline 0.008 -13"><span class='ocrx_word' id='word_1_1285' title='bbox 1361 1564 1410 1593; x_wconf 83' lang='lat' dir='ltr'>fit:</span> <span class='ocrx_word' id='word_1_1286' title='bbox 1433 1571 1463 1593; x_wconf 88' lang='lat' dir='ltr'>ut</span> <span class='ocrx_word' id='word_1_1287' title='bbox 1476 1571 1523 1593; x_wconf 88' lang='lat' dir='ltr'>aut</span> <span class='ocrx_word' id='word_1_1288' title='bbox 1533 1565 1662 1601; x_wconf 88' lang='lat' dir='ltr'>generale</span> <span class='ocrx_word' id='word_1_1289' title='bbox 1682 1564 1787 1602; x_wconf 86' lang='lat' dir='ltr'>aliquid</span> <span class='ocrx_word' id='word_1_1290' title='bbox 1805 1567 1944 1604; x_wconf 84' lang='lat' dir='ltr'>praecedat</span> <span class='ocrx_word' id='word_1_1291' title='bbox 1957 1589 1965 1601; x_wconf 75' lang='lat'>.</span> <span class='ocrx_word' id='word_1_1292' title='bbox 1988 1569 2152 1605; x_wconf 85' lang='lat' dir='ltr'>&amp;sequatur</span> <span class='ocrx_word' id='word_1_1293' title='bbox 2170 1569 2304 1606; x_wconf 81' lang='lat' dir='ltr'>speciale:</span> <span class='ocrx_word' id='word_1_1294' title='bbox 2326 1579 2373 1601; x_wconf 86' lang='lat' dir='ltr'>aut</span> <span class='ocrx_word' id='word_1_1295' title='bbox 2388 1574 2472 1602; x_wconf 88' lang='lat' dir='ltr'>ambo</span> 
     </span>
     <span class='ocr_line' id='line_1_141' title="bbox 1361 1601 2475 1668; baseline 0.009 -38"><span class='ocrx_word' id='word_1_1296' title='bbox 1361 1601 1414 1668; x_wconf 52' lang='lat' dir='ltr'>gut</span> <span class='ocrx_word' id='word_1_1297' title='bbox 1423 1601 1561 1639; x_wconf 88' lang='lat' dir='ltr'>specialia.</span> <span class='ocrx_word' id='word_1_1298' title='bbox 1602 1603 1635 1633; x_wconf 83' lang='lat' dir='ltr'>Et</span> <span class='ocrx_word' id='word_1_1299' title='bbox 1645 1610 1706 1633; x_wconf 89' lang='lat' dir='ltr'>tum</span> <span class='ocrx_word' id='word_1_1300' title='bbox 1718 1604 1884 1641; x_wconf 68' lang='lat' dir='ltr'>indicativo,</span> <span class='ocrx_word' id='word_1_1301' title='bbox 1904 1611 1965 1635; x_wconf 89' lang='lat' dir='ltr'>tum</span> <span class='ocrx_word' id='word_1_1302' title='bbox 1975 1605 2155 1641; x_wconf 60' lang='lat' dir='ltr'>subjunctivo</span> <span class='ocrx_word' id='word_1_1303' title='bbox 2166 1608 2323 1645; x_wconf 70' lang='lat' dir='ltr'>adhaerent,</span> <span class='ocrx_word' id='word_1_1304' title='bbox 2344 1619 2403 1639; x_wconf 90' lang='lat' dir='ltr'>uno</span> <span class='ocrx_word' id='word_1_1305' title='bbox 2413 1621 2475 1641; x_wconf 86' lang='lat' dir='ltr'>ver-</span> 
     </span>
    </p>

    <p class='ocr_par' dir='ltr' id='par_1_73' title="bbox 1384 1645 1914 1670">
     <span class='ocr_line' id='line_1_142' title="bbox 1384 1645 1914 1670; baseline 0.011 -2"><span class='ocrx_word' id='word_1_1306' title='bbox 1384 1650 1400 1668; x_wconf 92' lang='lat' dir='ltr'>o</span> <span class='ocrx_word' id='word_1_1307' title='bbox 1416 1646 1558 1670; x_wconf 88' lang='lat' dir='ltr'>contenta.</span> <span class='ocrx_word' id='word_1_1308' title='bbox 1911 1645 1914 1655; x_wconf 72' lang='lat'><em>⁴</em></span> 
     </span>
    </p>

    <p class='ocr_par' dir='ltr' id='par_1_74' title="bbox 1341 1677 2477 2019">
     <span class='ocr_line' id='line_1_143' title="bbox 1341 1677 2472 1717; baseline 0.008 -10"><span class='ocrx_word' id='word_1_1309' title='bbox 1341 1677 1500 1708; x_wconf 86' lang='lat' dir='ltr'>Indicativo</span> <span class='ocrx_word' id='word_1_1310' title='bbox 1511 1700 1520 1713; x_wconf 86' lang='lat'>‚</span> <span class='ocrx_word' id='word_1_1311' title='bbox 1541 1679 1568 1708; x_wconf 69' lang='grc' dir='ltr'><strong>ἃ</strong></span> <span class='ocrx_word' id='word_1_1312' title='bbox 1583 1679 1674 1716; x_wconf 84' lang='lat' dir='ltr'>primo</span> <span class='ocrx_word' id='word_1_1313' title='bbox 1686 1680 1782 1710; x_wconf 88' lang='lat' dir='ltr'>modo.</span> <span class='ocrx_word' id='word_1_1314' title='bbox 1822 1679 1882 1710; x_wconf 87' lang='lat' dir='ltr'>Cic.</span> <span class='ocrx_word' id='word_1_1315' title='bbox 1895 1689 1921 1710; x_wconf 83' lang='lat'>2.</span> <span class='ocrx_word' id='word_1_1316' title='bbox 1939 1680 1997 1710; x_wconf 79' lang='lat' dir='ltr'>Off.</span> <span class='ocrx_word' id='word_1_1317' title='bbox 2013 1690 2072 1717; x_wconf 75' lang='lat'>123.</span> <span class='ocrx_word' id='word_1_1318' title='bbox 2097 1681 2217 1711; x_wconf 76' lang='lat' dir='ltr'>Luxuria</span> <span class='ocrx_word' id='word_1_1319' title='bbox 2227 1693 2292 1713; x_wconf 87' lang='lat' dir='ltr'>vero</span> <span class='ocrx_word' id='word_1_1320' title='bbox 2310 1694 2373 1714; x_wconf 89' lang='lat' dir='ltr'>cum</span> <span class='ocrx_word' id='word_1_1321' title='bbox 2392 1687 2472 1716; x_wconf 89' lang='lat' dir='ltr'>omni</span> 
     </span>
     <span class='ocr_line' id='line_1_144' title="bbox 1362 1717 2474 1758; baseline 0.008 -13"><span class='ocrx_word' id='word_1_1322' title='bbox 1362 1717 1437 1745; x_wconf 83' lang='lat' dir='ltr'>aetati</span> <span class='ocrx_word' id='word_1_1323' title='bbox 1446 1717 1554 1754; x_wconf 87' lang='lat' dir='ltr'>turpis,</span> <span class='ocrx_word' id='word_1_1324' title='bbox 1575 1722 1635 1746; x_wconf 91' lang='lat' dir='ltr'>tum</span> <span class='ocrx_word' id='word_1_1325' title='bbox 1647 1717 1780 1748; x_wconf 66' lang='lat' dir='ltr'>senestuti</span> <span class='ocrx_word' id='word_1_1326' title='bbox 1795 1717 1945 1747; x_wconf 81' lang='lat' dir='ltr'>foediffima</span> <span class='ocrx_word' id='word_1_1327' title='bbox 1957 1719 2003 1748; x_wconf 88' lang='lat' dir='ltr'>est.</span> <span class='ocrx_word' id='word_1_1328' title='bbox 2045 1720 2142 1754; x_wconf 77' lang='lat' dir='ltr'>idem.</span> <span class='ocrx_word' id='word_1_1329' title='bbox 2162 1730 2187 1749; x_wconf 87' lang='lat'>2.</span> <span class='ocrx_word' id='word_1_1330' title='bbox 2208 1721 2282 1751; x_wconf 82' lang='lat' dir='ltr'>Fam.</span> <span class='ocrx_word' id='word_1_1331' title='bbox 2299 1732 2340 1758; x_wconf 85' lang='lat'>13.</span> <span class='ocrx_word' id='word_1_1332' title='bbox 2365 1724 2405 1753; x_wconf 87' lang='grc' dir='ltr'>Μ.</span> <span class='ocrx_word' id='word_1_1333' title='bbox 2427 1725 2474 1754; x_wconf 88' lang='lat' dir='ltr'>Fa-</span> 
     </span>
     <span class='ocr_line' id='line_1_145' title="bbox 1362 1754 2476 1799; baseline 0.007 -16"><span class='ocrx_word' id='word_1_1334' title='bbox 1362 1754 1409 1783; x_wconf 87' lang='lat' dir='ltr'>bio</span> <span class='ocrx_word' id='word_1_1335' title='bbox 1421 1755 1481 1783; x_wconf 88' lang='lat' dir='ltr'>viro</span> <span class='ocrx_word' id='word_1_1336' title='bbox 1497 1755 1607 1792; x_wconf 87' lang='lat' dir='ltr'>optimo</span> <span class='ocrx_word' id='word_1_1337' title='bbox 1624 1756 1651 1785; x_wconf 86' lang='lat'>&amp;</span> <span class='ocrx_word' id='word_1_1338' title='bbox 1662 1756 1778 1786; x_wconf 90' lang='lat' dir='ltr'>homine</span> <span class='ocrx_word' id='word_1_1339' title='bbox 1796 1756 1954 1786; x_wconf 71' lang='lat' dir='ltr'>docuffimo</span> <span class='ocrx_word' id='word_1_1340' title='bbox 1974 1757 2187 1788; x_wconf 75' lang='lat' dir='ltr'>familiarissime</span> <span class='ocrx_word' id='word_1_1341' title='bbox 2203 1767 2280 1795; x_wconf 84' lang='lat' dir='ltr'>utor,</span> <span class='ocrx_word' id='word_1_1342' title='bbox 2302 1761 2476 1799; x_wconf 83' lang='lat' dir='ltr'>mirificeque</span> 
     </span>
     <span class='ocr_line' id='line_1_146' title="bbox 1363 1792 2474 1835; baseline 0.007 -14"><span class='ocrx_word' id='word_1_1343' title='bbox 1363 1801 1429 1821; x_wconf 86' lang='lat' dir='ltr'>eum</span> <span class='ocrx_word' id='word_1_1344' title='bbox 1440 1792 1527 1830; x_wconf 78' lang='lat' dir='ltr'>diligo</span> <span class='ocrx_word' id='word_1_1345' title='bbox 1536 1814 1544 1828; x_wconf 79' lang='grc'>,</span> <span class='ocrx_word' id='word_1_1346' title='bbox 1565 1802 1630 1822; x_wconf 90' lang='lat' dir='ltr'>cum</span> <span class='ocrx_word' id='word_1_1347' title='bbox 1641 1802 1756 1832; x_wconf 86' lang='lat' dir='ltr'>propter</span> <span class='ocrx_word' id='word_1_1348' title='bbox 1767 1794 1904 1824; x_wconf 89' lang='lat' dir='ltr'>summum</span> <span class='ocrx_word' id='word_1_1349' title='bbox 1912 1795 2057 1831; x_wconf 86' lang='lat' dir='ltr'>ingenium</span> <span class='ocrx_word' id='word_1_1350' title='bbox 2068 1796 2129 1831; x_wconf 78' lang='lat' dir='ltr'>eius</span> <span class='ocrx_word' id='word_1_1351' title='bbox 2139 1818 2147 1831; x_wconf 76' lang='grc'><em>,</em></span> <span class='ocrx_word' id='word_1_1352' title='bbox 2169 1797 2360 1835; x_wconf 86' lang='lat' dir='ltr'>summamque</span> <span class='ocrx_word' id='word_1_1353' title='bbox 2370 1801 2474 1829; x_wconf 68' lang='lat' dir='ltr'>doctri-</span> 
     </span>
     <span class='ocr_line' id='line_1_147' title="bbox 1362 1832 2476 1872; baseline 0.007 -13"><span class='ocrx_word' id='word_1_1354' title='bbox 1362 1840 1446 1864; x_wconf 86' lang='lat' dir='ltr'>nam,</span> <span class='ocrx_word' id='word_1_1355' title='bbox 1468 1837 1528 1860; x_wconf 90' lang='lat' dir='ltr'>tum</span> <span class='ocrx_word' id='word_1_1356' title='bbox 1550 1838 1665 1869; x_wconf 81' lang='lat' dir='ltr'>propter</span> <span class='ocrx_word' id='word_1_1357' title='bbox 1684 1832 1847 1870; x_wconf 79' lang='lat' dir='ltr'>singularem</span> <span class='ocrx_word' id='word_1_1358' title='bbox 1866 1833 2038 1862; x_wconf 83' lang='lat' dir='ltr'>modestiam.</span> <span class='ocrx_word' id='word_1_1359' title='bbox 2088 1834 2251 1871; x_wconf 79' lang='lat' dir='ltr'>Significant</span> <span class='ocrx_word' id='word_1_1360' title='bbox 2270 1846 2334 1872; x_wconf 78' lang='lat' dir='ltr'>ergo</span> <span class='ocrx_word' id='word_1_1361' title='bbox 2362 1838 2431 1866; x_wconf 89' lang='lat' dir='ltr'>Cum</span> <span class='ocrx_word' id='word_1_1362' title='bbox 2448 1840 2476 1868; x_wconf 71' lang='grc' dir='ltr'>ὅ(</span> 
     </span>
     <span class='ocr_line' id='line_1_148' title="bbox 1362 1868 2475 1913; baseline 0.007 -16"><span class='ocrx_word' id='word_1_1363' title='bbox 1362 1874 1424 1898; x_wconf 85' lang='lat' dir='ltr'>tum</span> <span class='ocrx_word' id='word_1_1364' title='bbox 1436 1868 1472 1897; x_wconf 90' lang='lat' dir='ltr'>sic</span> <span class='ocrx_word' id='word_1_1365' title='bbox 1482 1868 1568 1906; x_wconf 85' lang='lat' dir='ltr'>posita</span> <span class='ocrx_word' id='word_1_1366' title='bbox 1579 1891 1587 1903; x_wconf 79' lang='lat'>‚</span> <span class='ocrx_word' id='word_1_1367' title='bbox 1609 1870 1684 1899; x_wconf 88' lang='lat' dir='ltr'>idem</span> <span class='ocrx_word' id='word_1_1368' title='bbox 1697 1871 1772 1906; x_wconf 86' lang='lat' dir='ltr'>quod</span> <span class='ocrx_word' id='word_1_1369' title='bbox 1787 1870 1852 1900; x_wconf 89' lang='lat' dir='ltr'>Non</span> <span class='ocrx_word' id='word_1_1370' title='bbox 1862 1870 1949 1900; x_wconf 89' lang='lat' dir='ltr'>solum</span> <span class='ocrx_word' id='word_1_1371' title='bbox 1960 1893 1967 1905; x_wconf 79' lang='lat'>.</span> <span class='ocrx_word' id='word_1_1372' title='bbox 1989 1870 2036 1900; x_wconf 81' lang='lat' dir='ltr'>sed</span> <span class='ocrx_word' id='word_1_1373' title='bbox 2051 1872 2145 1901; x_wconf 82' lang='lat' dir='ltr'>etiam.</span> <span class='ocrx_word' id='word_1_1374' title='bbox 2190 1873 2311 1910; x_wconf 82' lang='lat' dir='ltr'>ideoque</span> <span class='ocrx_word' id='word_1_1375' title='bbox 2332 1875 2406 1904; x_wconf 87' lang='lat' dir='ltr'>Tum</span> <span class='ocrx_word' id='word_1_1376' title='bbox 2427 1887 2475 1913; x_wconf 89' lang='lat' dir='ltr'>po-</span> 
     </span>
     <span class='ocr_line' id='line_1_149' title="bbox 1362 1906 2476 1946; baseline 0.007 -11"><span class='ocrx_word' id='word_1_1377' title='bbox 1362 1906 1439 1936; x_wconf 85' lang='lat' dir='ltr'>nitur</span> <span class='ocrx_word' id='word_1_1378' title='bbox 1455 1907 1482 1935; x_wconf 92' lang='lat' dir='ltr'>in</span> <span class='ocrx_word' id='word_1_1379' title='bbox 1494 1915 1522 1936; x_wconf 88' lang='lat' dir='ltr'>re</span> <span class='ocrx_word' id='word_1_1380' title='bbox 1533 1907 1646 1943; x_wconf 83' lang='lat' dir='ltr'>majoris</span> <span class='ocrx_word' id='word_1_1381' title='bbox 1656 1909 1814 1944; x_wconf 86' lang='lat' dir='ltr'>momenti,</span> <span class='ocrx_word' id='word_1_1382' title='bbox 1833 1907 2001 1946; x_wconf 74' lang='lat' dir='ltr'>ficutipsum</span> <span class='ocrx_word' id='word_1_1383' title='bbox 2011 1909 2066 1938; x_wconf 86' lang='lat' dir='ltr'>Sed</span> <span class='ocrx_word' id='word_1_1384' title='bbox 2076 1910 2168 1940; x_wconf 86' lang='lat' dir='ltr'>etiam.</span> <span class='ocrx_word' id='word_1_1385' title='bbox 2211 1911 2284 1940; x_wconf 87' lang='lat' dir='ltr'>Tum</span> <span class='ocrx_word' id='word_1_1386' title='bbox 2296 1921 2399 1946; x_wconf 78' lang='lat' dir='ltr'>autern.</span> <span class='ocrx_word' id='word_1_1387' title='bbox 2422 1916 2476 1944; x_wconf 80' lang='lat' dir='ltr'>live</span> 
     </span>
     <span class='ocr_line' id='line_1_150' title="bbox 1363 1944 2477 1989; baseline 0.005 -16"><span class='ocrx_word' id='word_1_1388' title='bbox 1363 1945 1398 1974; x_wconf 91' lang='lat' dir='ltr'>Et</span> <span class='ocrx_word' id='word_1_1389' title='bbox 1410 1945 1597 1982; x_wconf 83' lang='lat' dir='ltr'>geminatum,</span> <span class='ocrx_word' id='word_1_1390' title='bbox 1619 1944 1774 1983; x_wconf 79' lang='lat' dir='ltr'>significant</span> <span class='ocrx_word' id='word_1_1391' title='bbox 1785 1946 1888 1977; x_wconf 87' lang='lat' dir='ltr'>Rerum</span> <span class='ocrx_word' id='word_1_1392' title='bbox 1901 1946 2086 1984; x_wconf 86' lang='lat' dir='ltr'>aequalitatem</span> <span class='ocrx_word' id='word_1_1393' title='bbox 2098 1969 2107 1984; x_wconf 88' lang='lat'><strong>‚</strong></span> <span class='ocrx_word' id='word_1_1394' title='bbox 2128 1949 2157 1977; x_wconf 88' lang='lat' dir='ltr'>id</span> <span class='ocrx_word' id='word_1_1395' title='bbox 2169 1949 2208 1978; x_wconf 83' lang='lat' dir='ltr'>est</span> <span class='ocrx_word' id='word_1_1396' title='bbox 2221 1951 2297 1987; x_wconf 85' lang='lat' dir='ltr'>quod</span> <span class='ocrx_word' id='word_1_1397' title='bbox 2313 1951 2396 1989; x_wconf 86' lang='lat' dir='ltr'>vulgo</span> <span class='ocrx_word' id='word_1_1398' title='bbox 2408 1952 2477 1982; x_wconf 88' lang='lat' dir='ltr'>dici.</span> 
     </span>
     <span class='ocr_line' id='line_1_151' title="bbox 1365 1982 1636 2019; baseline 0.011 -9"><span class='ocrx_word' id='word_1_1399' title='bbox 1365 1989 1410 2011; x_wconf 93' lang='lat' dir='ltr'>tur</span> <span class='ocrx_word' id='word_1_1400' title='bbox 1424 1982 1495 2011; x_wconf 91' lang='lat' dir='ltr'>Tam</span> <span class='ocrx_word' id='word_1_1401' title='bbox 1507 1984 1533 2012; x_wconf 76' lang='grc' dir='ltr'>δι</span> <span class='ocrx_word' id='word_1_1402' title='bbox 1544 1992 1636 2019; x_wconf 87' lang='lat' dir='ltr'>quarn.</span> 
     </span>
    </p>

    <p class='ocr_par' dir='ltr' id='par_1_75' title="bbox 1345 2020 2480 2170">
     <span class='ocr_line' id='line_1_152' title="bbox 1345 2020 2480 2060; baseline 0.006 -10"><span class='ocrx_word' id='word_1_1403' title='bbox 1345 2020 1544 2056; x_wconf 68' lang='lat' dir='ltr'>Conjunttivo.</span> <span class='ocrx_word' id='word_1_1404' title='bbox 1587 2021 1645 2051; x_wconf 89' lang='lat' dir='ltr'>Cic.</span> <span class='ocrx_word' id='word_1_1405' title='bbox 1658 2030 1684 2051; x_wconf 86' lang='lat'>2.</span> <span class='ocrx_word' id='word_1_1406' title='bbox 1700 2021 1777 2052; x_wconf 88' lang='lat' dir='ltr'>Fam.</span> <span class='ocrx_word' id='word_1_1407' title='bbox 1789 2031 1816 2051; x_wconf 64' lang='grc' dir='ltr'>α.</span> <span class='ocrx_word' id='word_1_1408' title='bbox 1836 2021 1921 2052; x_wconf 86' lang='lat' dir='ltr'>Gravi</span> <span class='ocrx_word' id='word_1_1409' title='bbox 1931 2022 1999 2052; x_wconf 77' lang='lat' dir='ltr'>teste</span> <span class='ocrx_word' id='word_1_1410' title='bbox 2007 2023 2129 2060; x_wconf 88' lang='lat' dir='ltr'>privatus</span> <span class='ocrx_word' id='word_1_1411' title='bbox 2141 2023 2198 2054; x_wconf 85' lang='lat' dir='ltr'>sum</span> <span class='ocrx_word' id='word_1_1412' title='bbox 2209 2026 2312 2055; x_wconf 89' lang='lat' dir='ltr'>ainoris</span> <span class='ocrx_word' id='word_1_1413' title='bbox 2324 2026 2425 2056; x_wconf 90' lang='lat' dir='ltr'>summi</span> <span class='ocrx_word' id='word_1_1414' title='bbox 2437 2037 2480 2058; x_wconf 87' lang='lat' dir='ltr'>er-</span> 
     </span>
     <span class='ocr_line' id='line_1_153' title="bbox 1366 2059 2479 2099; baseline 0.008 -12"><span class='ocrx_word' id='word_1_1415' title='bbox 1366 2068 1399 2095; x_wconf 85' lang='lat' dir='ltr'>ga</span> <span class='ocrx_word' id='word_1_1416' title='bbox 1408 2066 1435 2087; x_wconf 89' lang='lat' dir='ltr'>te</span> <span class='ocrx_word' id='word_1_1417' title='bbox 1453 2059 1508 2088; x_wconf 89' lang='lat' dir='ltr'>mei</span> <span class='ocrx_word' id='word_1_1418' title='bbox 1521 2080 1529 2093; x_wconf 83' lang='lat'><strong>‚</strong></span> <span class='ocrx_word' id='word_1_1419' title='bbox 1549 2066 1626 2097; x_wconf 86' lang='lat' dir='ltr'>patre</span> <span class='ocrx_word' id='word_1_1420' title='bbox 1639 2067 1686 2088; x_wconf 89' lang='lat' dir='ltr'>tuo</span> <span class='ocrx_word' id='word_1_1421' title='bbox 1698 2059 1846 2089; x_wconf 79' lang='lat' dir='ltr'>clarissimo</span> <span class='ocrx_word' id='word_1_1422' title='bbox 1863 2061 1924 2089; x_wconf 90' lang='lat' dir='ltr'>viro</span> <span class='ocrx_word' id='word_1_1423' title='bbox 1938 2082 1946 2096; x_wconf 86' lang='lat'><strong>‚</strong></span> <span class='ocrx_word' id='word_1_1424' title='bbox 1967 2062 2015 2097; x_wconf 87' lang='lat' dir='ltr'>qui</span> <span class='ocrx_word' id='word_1_1425' title='bbox 2031 2071 2095 2090; x_wconf 89' lang='lat' dir='ltr'>cum</span> <span class='ocrx_word' id='word_1_1426' title='bbox 2105 2061 2158 2091; x_wconf 83' lang='lat' dir='ltr'>suis</span> <span class='ocrx_word' id='word_1_1427' title='bbox 2170 2062 2318 2099; x_wconf 82' lang='lat' dir='ltr'>laudibus,</span> <span class='ocrx_word' id='word_1_1428' title='bbox 2341 2071 2399 2094; x_wconf 87' lang='lat' dir='ltr'>tum</span> <span class='ocrx_word' id='word_1_1429' title='bbox 2412 2076 2479 2096; x_wconf 89' lang='lat' dir='ltr'>vero</span> 
     </span>
     <span class='ocr_line' id='line_1_154' title="bbox 1366 2095 2478 2141; baseline 0.009 -17"><span class='ocrx_word' id='word_1_1430' title='bbox 1366 2102 1395 2125; x_wconf 84' lang='lat' dir='ltr'>te</span> <span class='ocrx_word' id='word_1_1431' title='bbox 1408 2096 1467 2125; x_wconf 90' lang='lat' dir='ltr'>filio</span> <span class='ocrx_word' id='word_1_1432' title='bbox 1477 2095 1624 2134; x_wconf 72' lang='lat' dir='ltr'>superasset</span> <span class='ocrx_word' id='word_1_1433' title='bbox 1633 2098 1761 2127; x_wconf 90' lang='lat' dir='ltr'>omnium</span> <span class='ocrx_word' id='word_1_1434' title='bbox 1769 2097 1909 2128; x_wconf 87' lang='lat' dir='ltr'>fortunam</span> <span class='ocrx_word' id='word_1_1435' title='bbox 1920 2119 1929 2134; x_wconf 84' lang='lat'><strong>‚</strong></span> <span class='ocrx_word' id='word_1_1436' title='bbox 1953 2098 1972 2128; x_wconf 88' lang='lat' dir='ltr'>si</span> <span class='ocrx_word' id='word_1_1437' title='bbox 1985 2099 2011 2129; x_wconf 87' lang='lat' dir='ltr'>ei</span> <span class='ocrx_word' id='word_1_1438' title='bbox 2022 2098 2181 2138; x_wconf 79' lang='lat' dir='ltr'>contigisset</span> <span class='ocrx_word' id='word_1_1439' title='bbox 2197 2107 2228 2130; x_wconf 86' lang='lat' dir='ltr'>ut</span> <span class='ocrx_word' id='word_1_1440' title='bbox 2236 2108 2263 2131; x_wconf 90' lang='lat' dir='ltr'>te</span> <span class='ocrx_word' id='word_1_1441' title='bbox 2274 2109 2339 2132; x_wconf 85' lang='lat' dir='ltr'>ante</span> <span class='ocrx_word' id='word_1_1442' title='bbox 2349 2103 2478 2141; x_wconf 86' lang='lat' dir='ltr'>videret,</span> 
     </span>
     <span class='ocr_line' id='line_1_155' title="bbox 1367 2134 1721 2170; baseline 0.003 -7"><span class='ocrx_word' id='word_1_1443' title='bbox 1367 2144 1450 2170; x_wconf 86' lang='lat' dir='ltr'>quam</span> <span class='ocrx_word' id='word_1_1444' title='bbox 1461 2144 1476 2163; x_wconf 92' lang='lat' dir='ltr'>e</span> <span class='ocrx_word' id='word_1_1445' title='bbox 1487 2135 1543 2164; x_wconf 88' lang='lat' dir='ltr'>vita</span> <span class='ocrx_word' id='word_1_1446' title='bbox 1556 2134 1721 2165; x_wconf 84' lang='lat' dir='ltr'>discederet.</span> 
     </span>
    </p>

    <p class='ocr_par' dir='ltr' id='par_1_76' title="bbox 1347 2172 2479 2239">
     <span class='ocr_line' id='line_1_156' title="bbox 1347 2172 2479 2239; baseline 0.01 -39"><span class='ocrx_word' id='word_1_1447' title='bbox 1347 2172 1442 2239; x_wconf 44' lang='lat' dir='ltr'>(gare</span> <span class='ocrx_word' id='word_1_1448' title='bbox 1452 2181 1516 2201; x_wconf 89' lang='lat' dir='ltr'>cum</span> <span class='ocrx_word' id='word_1_1449' title='bbox 1527 2172 1626 2202; x_wconf 87' lang='lat' dir='ltr'>dolore</span> <span class='ocrx_word' id='word_1_1450' title='bbox 1638 2172 1772 2203; x_wconf 78' lang='lat' dir='ltr'>conficiar</span> <span class='ocrx_word' id='word_1_1451' title='bbox 1782 2193 1789 2204; x_wconf 87' lang='lat'>.</span> <span class='ocrx_word' id='word_1_1452' title='bbox 1810 2178 1871 2203; x_wconf 89' lang='lat' dir='ltr'>tum</span> <span class='ocrx_word' id='word_1_1453' title='bbox 1882 2173 1968 2204; x_wconf 84' lang='lat' dir='ltr'>etiam</span> <span class='ocrx_word' id='word_1_1454' title='bbox 1978 2174 2095 2212; x_wconf 90' lang='lat' dir='ltr'>pudore.</span> <span class='ocrx_word' id='word_1_1455' title='bbox 2117 2175 2176 2206; x_wconf 88' lang='lat' dir='ltr'>Cic.</span> <span class='ocrx_word' id='word_1_1456' title='bbox 2195 2185 2237 2212; x_wconf 83' lang='lat'>14.</span> <span class='ocrx_word' id='word_1_1457' title='bbox 2250 2176 2365 2216; x_wconf 85' lang='lat' dir='ltr'>Fam.&#39;3.</span> <span class='ocrx_word' id='word_1_1458' title='bbox 2388 2179 2436 2210; x_wconf 88' lang='lat' dir='ltr'>ubi</span> <span class='ocrx_word' id='word_1_1459' title='bbox 2447 2180 2479 2211; x_wconf 91' lang='lat' dir='ltr'>V.</span> 
     </span>
    </p>

    <p class='ocr_par' dir='ltr' id='par_1_77' title="bbox 1391 2219 1506 2239">
     <span class='ocr_line' id='line_1_157' title="bbox 1391 2219 1506 2239; baseline 0.009 -1"><span class='ocrx_word' id='word_1_1460' title='bbox 1391 2219 1506 2239; x_wconf 87' lang='lat' dir='ltr'>amerar.</span> 
     </span>
    </p>

    <p class='ocr_par' dir='ltr' id='par_1_78' title="bbox 1346 2247 2482 2396">
     <span class='ocr_line' id='line_1_158' title="bbox 1346 2247 2477 2288; baseline 0.01 -13"><span class='ocrx_word' id='word_1_1461' title='bbox 1346 2247 1419 2277; x_wconf 89' lang='lat' dir='ltr'>Cum</span> <span class='ocrx_word' id='word_1_1462' title='bbox 1436 2249 1462 2277; x_wconf 69' lang='grc' dir='ltr'>ἃ</span> <span class='ocrx_word' id='word_1_1463' title='bbox 1474 2254 1534 2277; x_wconf 86' lang='lat' dir='ltr'>tum</span> <span class='ocrx_word' id='word_1_1464' title='bbox 1544 2247 1654 2277; x_wconf 81' lang='lat' dir='ltr'>duobus</span> <span class='ocrx_word' id='word_1_1465' title='bbox 1666 2247 1756 2277; x_wconf 89' lang='lat' dir='ltr'>verbis</span> <span class='ocrx_word' id='word_1_1466' title='bbox 1769 2248 1892 2283; x_wconf 84' lang='lat' dir='ltr'>ejusdem</span> <span class='ocrx_word' id='word_1_1467' title='bbox 1902 2249 1981 2278; x_wconf 88' lang='lat' dir='ltr'>modi</span> <span class='ocrx_word' id='word_1_1468' title='bbox 1995 2250 2099 2286; x_wconf 71' lang='lat' dir='ltr'>juncta.</span> <span class='ocrx_word' id='word_1_1469' title='bbox 2122 2251 2181 2281; x_wconf 90' lang='lat' dir='ltr'>Cic.</span> <span class='ocrx_word' id='word_1_1470' title='bbox 2198 2261 2221 2281; x_wconf 81' lang='lat'>1.</span> <span class='ocrx_word' id='word_1_1471' title='bbox 2233 2252 2269 2282; x_wconf 88' lang='lat' dir='ltr'>de</span> <span class='ocrx_word' id='word_1_1472' title='bbox 2280 2253 2343 2284; x_wconf 87' lang='lat' dir='ltr'>Nat.</span> <span class='ocrx_word' id='word_1_1473' title='bbox 2355 2254 2438 2285; x_wconf 89' lang='lat' dir='ltr'>Deor.</span> <span class='ocrx_word' id='word_1_1474' title='bbox 2453 2266 2477 2288; x_wconf 92' lang='lat' dir='ltr'>r.</span> 
     </span>
     <span class='ocr_line' id='line_1_159' title="bbox 1366 2284 2479 2330; baseline 0.008 -17"><span class='ocrx_word' id='word_1_1475' title='bbox 1366 2285 1439 2314; x_wconf 85' lang='lat' dir='ltr'>Cum</span> <span class='ocrx_word' id='word_1_1476' title='bbox 1450 2284 1545 2314; x_wconf 84' lang='lat' dir='ltr'>multae</span> <span class='ocrx_word' id='word_1_1477' title='bbox 1555 2295 1598 2314; x_wconf 84' lang='lat' dir='ltr'>res</span> <span class='ocrx_word' id='word_1_1478' title='bbox 1615 2286 1645 2314; x_wconf 89' lang='lat' dir='ltr'>in</span> <span class='ocrx_word' id='word_1_1479' title='bbox 1656 2284 1832 2324; x_wconf 87' lang='lat' dir='ltr'>Philosophia</span> <span class='ocrx_word' id='word_1_1480' title='bbox 1850 2293 2025 2324; x_wconf 87' lang='lat' dir='ltr'>nequaquam</span> <span class='ocrx_word' id='word_1_1481' title='bbox 2045 2288 2108 2318; x_wconf 86' lang='lat' dir='ltr'>satis</span> <span class='ocrx_word' id='word_1_1482' title='bbox 2126 2287 2219 2319; x_wconf 84' lang='lat' dir='ltr'>adhuc</span> <span class='ocrx_word' id='word_1_1483' title='bbox 2238 2291 2384 2329; x_wconf 82' lang='lat' dir='ltr'>explicatae</span> <span class='ocrx_word' id='word_1_1484' title='bbox 2399 2293 2479 2330; x_wconf 87' lang='lat' dir='ltr'>sunt,</span> 
     </span>
     <span class='ocr_line' id='line_1_160' title="bbox 1366 2322 2482 2369; baseline 0.006 -18"><span class='ocrx_word' id='word_1_1485' title='bbox 1366 2329 1427 2352; x_wconf 76' lang='lat' dir='ltr'>tum</span> <span class='ocrx_word' id='word_1_1486' title='bbox 1437 2322 1621 2360; x_wconf 71' lang='lat' dir='ltr'>perdifficilis,</span> <span class='ocrx_word' id='word_1_1487' title='bbox 1637 2323 1730 2358; x_wconf 84' lang='lat' dir='ltr'>Brute,</span> <span class='ocrx_word' id='word_1_1488' title='bbox 1751 2324 1849 2360; x_wconf 86' lang='lat' dir='ltr'>(quod</span> <span class='ocrx_word' id='word_1_1489' title='bbox 1860 2330 1891 2353; x_wconf 90' lang='lat' dir='ltr'>tu</span> <span class='ocrx_word' id='word_1_1490' title='bbox 1905 2325 2023 2354; x_wconf 86' lang='lat' dir='ltr'>minime</span> <span class='ocrx_word' id='word_1_1491' title='bbox 2037 2326 2170 2364; x_wconf 88' lang='lat' dir='ltr'>ignoras)</span> <span class='ocrx_word' id='word_1_1492' title='bbox 2192 2328 2220 2357; x_wconf 75' lang='grc' dir='ltr'>ἃ</span> <span class='ocrx_word' id='word_1_1493' title='bbox 2231 2329 2398 2366; x_wconf 87' lang='lat' dir='ltr'>perobscura</span> <span class='ocrx_word' id='word_1_1494' title='bbox 2408 2342 2482 2369; x_wconf 71' lang='lat' dir='ltr'>quae.</span> 
     </span>
     <span class='ocr_line' id='line_1_161' title="bbox 1367 2360 2156 2396; baseline 0.004 -7"><span class='ocrx_word' id='word_1_1495' title='bbox 1367 2361 1417 2389; x_wconf 82' lang='lat' dir='ltr'>stio</span> <span class='ocrx_word' id='word_1_1496' title='bbox 1429 2360 1466 2389; x_wconf 90' lang='lat' dir='ltr'>est</span> <span class='ocrx_word' id='word_1_1497' title='bbox 1482 2361 1518 2390; x_wconf 90' lang='lat' dir='ltr'>de</span> <span class='ocrx_word' id='word_1_1498' title='bbox 1530 2367 1625 2390; x_wconf 80' lang='lat' dir='ltr'>natura</span> <span class='ocrx_word' id='word_1_1499' title='bbox 1638 2361 1763 2391; x_wconf 90' lang='lat' dir='ltr'>deorum.</span> <span class='ocrx_word' id='word_1_1500' title='bbox 1801 2394 1803 2396; x_wconf 36' lang='grc'><strong>,</strong></span> <span class='ocrx_word' id='word_1_1501' title='bbox 2155 2367 2156 2370; x_wconf 77' lang='grc'>’</span> 
     </span>
    </p>

    <p class='ocr_par' dir='ltr' id='par_1_79' title="bbox 1348 2397 2481 2585">
     <span class='ocr_line' id='line_1_162' title="bbox 1348 2397 2478 2442; baseline 0.009 -16"><span class='ocrx_word' id='word_1_1502' title='bbox 1348 2398 1421 2428; x_wconf 85' lang='lat' dir='ltr'>Cum</span> <span class='ocrx_word' id='word_1_1503' title='bbox 1435 2399 1460 2428; x_wconf 67' lang='lat' dir='ltr'>Sa</span> <span class='ocrx_word' id='word_1_1504' title='bbox 1474 2398 1549 2428; x_wconf 89' lang='lat' dir='ltr'>Tum</span> <span class='ocrx_word' id='word_1_1505' title='bbox 1560 2399 1743 2434; x_wconf 75' lang='lat' dir='ltr'>geminatum.</span> <span class='ocrx_word' id='word_1_1506' title='bbox 1784 2397 1857 2428; x_wconf 88' lang='lat' dir='ltr'>Nam</span> <span class='ocrx_word' id='word_1_1507' title='bbox 1870 2408 1935 2429; x_wconf 92' lang='lat' dir='ltr'>cum</span> <span class='ocrx_word' id='word_1_1508' title='bbox 1944 2404 1974 2429; x_wconf 87' lang='lat' dir='ltr'>te</span> <span class='ocrx_word' id='word_1_1509' title='bbox 1985 2398 2094 2438; x_wconf 86' lang='lat' dir='ltr'>semper</span> <span class='ocrx_word' id='word_1_1510' title='bbox 2104 2401 2211 2438; x_wconf 88' lang='lat' dir='ltr'>amavi,</span> <span class='ocrx_word' id='word_1_1511' title='bbox 2232 2402 2375 2442; x_wconf 81' lang='lat' dir='ltr'>dilexique</span> <span class='ocrx_word' id='word_1_1512' title='bbox 2386 2427 2394 2441; x_wconf 91' lang='lat'>,</span> <span class='ocrx_word' id='word_1_1513' title='bbox 2416 2411 2478 2438; x_wconf 85' lang='lat' dir='ltr'>tum</span> 
     </span>
     <span class='ocr_line' id='line_1_163' title="bbox 1366 2436 2481 2482; baseline 0.006 -17"><span class='ocrx_word' id='word_1_1514' title='bbox 1366 2436 1424 2465; x_wconf 89' lang='lat' dir='ltr'>mei</span> <span class='ocrx_word' id='word_1_1515' title='bbox 1434 2436 1650 2466; x_wconf 83' lang='lat' dir='ltr'>amantiffimum</span> <span class='ocrx_word' id='word_1_1516' title='bbox 1658 2437 1777 2473; x_wconf 84' lang='lat' dir='ltr'>cognovi</span> <span class='ocrx_word' id='word_1_1517' title='bbox 1787 2459 1795 2472; x_wconf 89' lang='lat'>‚</span> <span class='ocrx_word' id='word_1_1518' title='bbox 1816 2438 1845 2465; x_wconf 92' lang='lat' dir='ltr'>in</span> <span class='ocrx_word' id='word_1_1519' title='bbox 1860 2438 1938 2467; x_wconf 90' lang='lat' dir='ltr'>omni</span> <span class='ocrx_word' id='word_1_1520' title='bbox 1949 2438 2080 2468; x_wconf 87' lang='lat' dir='ltr'>varietate</span> <span class='ocrx_word' id='word_1_1521' title='bbox 2090 2449 2182 2469; x_wconf 85' lang='lat' dir='ltr'>rerum</span> <span class='ocrx_word' id='word_1_1522' title='bbox 2195 2450 2318 2471; x_wconf 88' lang='lat' dir='ltr'>mearum</span> <span class='ocrx_word' id='word_1_1523' title='bbox 2330 2464 2338 2478; x_wconf 90' lang='lat'><strong>‚</strong></span> <span class='ocrx_word' id='word_1_1524' title='bbox 2359 2450 2419 2473; x_wconf 90' lang='lat' dir='ltr'>tum</span> <span class='ocrx_word' id='word_1_1525' title='bbox 2431 2455 2481 2482; x_wconf 84' lang='lat' dir='ltr'>pa.</span> 
     </span>
     <span class='ocr_line' id='line_1_164' title="bbox 1368 2474 2481 2516; baseline 0.01 -14"><span class='ocrx_word' id='word_1_1526' title='bbox 1368 2474 1417 2503; x_wconf 90' lang='lat' dir='ltr'>tris</span> <span class='ocrx_word' id='word_1_1527' title='bbox 1433 2475 1471 2503; x_wconf 89' lang='lat' dir='ltr'>tui</span> <span class='ocrx_word' id='word_1_1528' title='bbox 1482 2474 1608 2511; x_wconf 84' lang='lat' dir='ltr'>pluribus</span> <span class='ocrx_word' id='word_1_1529' title='bbox 1618 2475 1761 2504; x_wconf 79' lang='lat' dir='ltr'>beneficiis</span> <span class='ocrx_word' id='word_1_1530' title='bbox 1769 2474 1813 2504; x_wconf 85' lang='lat' dir='ltr'>vel</span> <span class='ocrx_word' id='word_1_1531' title='bbox 1827 2475 1955 2505; x_wconf 85' lang='lat' dir='ltr'>defensus</span> <span class='ocrx_word' id='word_1_1532' title='bbox 1964 2476 2086 2506; x_wconf 82' lang='lat' dir='ltr'>tristibus</span> <span class='ocrx_word' id='word_1_1533' title='bbox 2097 2478 2270 2516; x_wconf 85' lang='lat' dir='ltr'>temporibus</span> <span class='ocrx_word' id='word_1_1534' title='bbox 2282 2502 2289 2514; x_wconf 84' lang='lat'><em>‚</em></span> <span class='ocrx_word' id='word_1_1535' title='bbox 2311 2480 2356 2510; x_wconf 88' lang='lat' dir='ltr'>vel</span> <span class='ocrx_word' id='word_1_1536' title='bbox 2366 2490 2481 2514; x_wconf 72' lang='lat' dir='ltr'>ornatus</span> 
     </span>
     <span class='ocr_line' id='line_1_165' title="bbox 1366 2511 2477 2579; baseline 0.009 -38"><span class='ocrx_word' id='word_1_1537' title='bbox 1366 2511 1513 2579; x_wconf 55' lang='lat' dir='ltr'>seculqdis:</span> <span class='ocrx_word' id='word_1_1538' title='bbox 1536 2514 1562 2542; x_wconf 71' lang='grc' dir='ltr'>δι</span> <span class='ocrx_word' id='word_1_1539' title='bbox 1574 2512 1633 2542; x_wconf 83' lang='lat' dir='ltr'>sum</span> <span class='ocrx_word' id='word_1_1540' title='bbox 1643 2517 1718 2542; x_wconf 83' lang='lat' dir='ltr'>totus</span> <span class='ocrx_word' id='word_1_1541' title='bbox 1728 2512 1814 2543; x_wconf 86' lang='lat' dir='ltr'>vester</span> <span class='ocrx_word' id='word_1_1542' title='bbox 1825 2514 1850 2543; x_wconf 72' lang='lat' dir='ltr'>Sc</span> <span class='ocrx_word' id='word_1_1543' title='bbox 1862 2511 1916 2543; x_wconf 86' lang='lat' dir='ltr'>esse</span> <span class='ocrx_word' id='word_1_1544' title='bbox 1926 2513 2016 2544; x_wconf 89' lang='lat' dir='ltr'>debeo</span> <span class='ocrx_word' id='word_1_1545' title='bbox 2031 2536 2040 2550; x_wconf 80' lang='lat'><strong>‚</strong></span> <span class='ocrx_word' id='word_1_1546' title='bbox 2061 2525 2146 2552; x_wconf 88' lang='lat' dir='ltr'>quum</span> <span class='ocrx_word' id='word_1_1547' title='bbox 2158 2516 2308 2554; x_wconf 83' lang='lat' dir='ltr'>praesertim</span> <span class='ocrx_word' id='word_1_1548' title='bbox 2317 2540 2325 2555; x_wconf 91' lang='lat'>,</span> <span class='ocrx_word' id='word_1_1549' title='bbox 2347 2521 2398 2549; x_wconf 70' lang='lat' dir='ltr'>Sec.</span> <span class='ocrx_word' id='word_1_1550' title='bbox 2417 2521 2477 2552; x_wconf 85' lang='lat' dir='ltr'>Cic.</span> 
     </span>
     <span class='ocr_line' id='line_1_166' title="bbox 1372 2555 1545 2585; baseline 0.012 -7"><span class='ocrx_word' id='word_1_1551' title='bbox 1372 2559 1383 2578; x_wconf 84' lang='lat' dir='ltr'>r</span> <span class='ocrx_word' id='word_1_1552' title='bbox 1392 2560 1416 2585; x_wconf 83' lang='grc' dir='ltr'>ς.</span> <span class='ocrx_word' id='word_1_1553' title='bbox 1453 2560 1508 2580; x_wconf 86' lang='lat' dir='ltr'>am.</span> <span class='ocrx_word' id='word_1_1554' title='bbox 1519 2555 1545 2584; x_wconf 87' lang='lat'>8.</span> 
     </span>
    </p>

    <p class='ocr_par' dir='ltr' id='par_1_80' title="bbox 1348 2585 2480 2693">
     <span class='ocr_line' id='line_1_167' title="bbox 1348 2585 2480 2658; baseline 0.009 -42"><span class='ocrx_word' id='word_1_1555' title='bbox 1348 2585 1447 2617; x_wconf 86' lang='lat' dir='ltr'>Verbis</span> <span class='ocrx_word' id='word_1_1556' title='bbox 1459 2588 1629 2618; x_wconf 84' lang='lat' dir='ltr'>diversorum</span> <span class='ocrx_word' id='word_1_1557' title='bbox 1639 2587 1788 2618; x_wconf 90' lang='lat' dir='ltr'>modorum</span> <span class='ocrx_word' id='word_1_1558' title='bbox 1800 2589 1905 2624; x_wconf 68' lang='lat' dir='ltr'>junna.</span> <span class='ocrx_word' id='word_1_1559' title='bbox 1943 2589 2003 2620; x_wconf 85' lang='lat' dir='ltr'>Cic.</span> <span class='ocrx_word' id='word_1_1560' title='bbox 2014 2590 2173 2658; x_wconf 51' lang='lat' dir='ltr'>proAEomo</span> <span class='ocrx_word' id='word_1_1561' title='bbox 2191 2600 2234 2626; x_wconf 66' lang='grc' dir='ltr'>μ.</span> <span class='ocrx_word' id='word_1_1562' title='bbox 2263 2593 2319 2623; x_wconf 87' lang='lat' dir='ltr'>Sed</span> <span class='ocrx_word' id='word_1_1563' title='bbox 2342 2604 2407 2624; x_wconf 89' lang='lat' dir='ltr'>cum</span> <span class='ocrx_word' id='word_1_1564' title='bbox 2434 2606 2480 2627; x_wconf 89' lang='lat' dir='ltr'>me</span> 
     </span>
     <span class='ocr_line' id='line_1_168' title="bbox 1369 2625 2479 2693; baseline 0.01 -39"><span class='ocrx_word' id='word_1_1565' title='bbox 1369 2632 1517 2693; x_wconf 58' lang='lat' dir='ltr'>purgatum</span> <span class='ocrx_word' id='word_1_1566' title='bbox 1528 2626 1607 2656; x_wconf 88' lang='lat' dir='ltr'>vobis</span> <span class='ocrx_word' id='word_1_1567' title='bbox 1617 2625 1670 2655; x_wconf 82' lang='lat' dir='ltr'>effe</span> <span class='ocrx_word' id='word_1_1568' title='bbox 1682 2635 1831 2664; x_wconf 88' lang='lat' dir='ltr'>cuperem:</span> <span class='ocrx_word' id='word_1_1569' title='bbox 1852 2633 1913 2656; x_wconf 89' lang='lat' dir='ltr'>tum</span> <span class='ocrx_word' id='word_1_1570' title='bbox 1925 2628 2010 2658; x_wconf 86' lang='lat' dir='ltr'>etiam</span> <span class='ocrx_word' id='word_1_1571' title='bbox 2026 2638 2059 2658; x_wconf 91' lang='lat' dir='ltr'>ve</span> <span class='ocrx_word' id='word_1_1572' title='bbox 2123 2630 2153 2659; x_wconf 89' lang='lat' dir='ltr'>in</span> <span class='ocrx_word' id='word_1_1573' title='bbox 2165 2639 2210 2660; x_wconf 88' lang='lat' dir='ltr'>me</span> <span class='ocrx_word' id='word_1_1574' title='bbox 2220 2636 2325 2662; x_wconf 87' lang='lat' dir='ltr'>attente</span> <span class='ocrx_word' id='word_1_1575' title='bbox 2335 2633 2479 2665; x_wconf 88' lang='lat' dir='ltr'>audiendo</span> 
     </span>
    </p>

    <p class='ocr_par' dir='ltr' id='par_1_81' title="bbox 1391 2664 1948 2703">
     <span class='ocr_line' id='line_1_169' title="bbox 1391 2664 1948 2703; baseline 0.004 -11"><span class='ocrx_word' id='word_1_1576' title='bbox 1391 2665 1528 2701; x_wconf 81' lang='lat' dir='ltr'>enignitas</span> <span class='ocrx_word' id='word_1_1577' title='bbox 1539 2664 1668 2703; x_wconf 75' lang='lat' dir='ltr'>provexit</span> <span class='ocrx_word' id='word_1_1578' title='bbox 1680 2664 1836 2694; x_wconf 87' lang='lat' dir='ltr'>orationem</span> <span class='ocrx_word' id='word_1_1579' title='bbox 1849 2674 1948 2694; x_wconf 90' lang='lat' dir='ltr'>meam.</span> 
     </span>
    </p>

    <p class='ocr_par' dir='ltr' id='par_1_82' title="bbox 1350 2701 2481 2816">
     <span class='ocr_line' id='line_1_170' title="bbox 1350 2701 2481 2746; baseline 0.005 -15"><span class='ocrx_word' id='word_1_1580' title='bbox 1350 2701 1424 2731; x_wconf 86' lang='lat' dir='ltr'>Cum</span> <span class='ocrx_word' id='word_1_1581' title='bbox 1436 2704 1462 2732; x_wconf 72' lang='grc' dir='ltr'>δι</span> <span class='ocrx_word' id='word_1_1582' title='bbox 1472 2708 1532 2731; x_wconf 87' lang='lat' dir='ltr'>turn</span> <span class='ocrx_word' id='word_1_1583' title='bbox 1542 2723 1550 2738; x_wconf 82' lang='lat'><strong>‚</strong></span> <span class='ocrx_word' id='word_1_1584' title='bbox 1571 2712 1636 2732; x_wconf 87' lang='lat' dir='ltr'>cum</span> <span class='ocrx_word' id='word_1_1585' title='bbox 1646 2701 1757 2732; x_wconf 85' lang='lat' dir='ltr'>diversis</span> <span class='ocrx_word' id='word_1_1586' title='bbox 1768 2701 1882 2733; x_wconf 87' lang='lat' dir='ltr'>casibus.</span> <span class='ocrx_word' id='word_1_1587' title='bbox 1924 2703 1994 2732; x_wconf 82' lang='lat' dir='ltr'>Plin.</span> <span class='ocrx_word' id='word_1_1588' title='bbox 2007 2712 2031 2733; x_wconf 80' lang='lat'>2.</span> <span class='ocrx_word' id='word_1_1589' title='bbox 2044 2703 2126 2740; x_wconf 84' lang='lat' dir='ltr'>Epist.</span> <span class='ocrx_word' id='word_1_1590' title='bbox 2143 2715 2152 2733; x_wconf 82' lang='lat' dir='ltr'>r</span> <span class='ocrx_word' id='word_1_1591' title='bbox 2162 2715 2184 2735; x_wconf 86' lang='lat' dir='ltr'>i.</span> <span class='ocrx_word' id='word_1_1592' title='bbox 2207 2706 2338 2745; x_wconf 86' lang='lat' dir='ltr'>Princeps</span> <span class='ocrx_word' id='word_1_1593' title='bbox 2354 2708 2481 2746; x_wconf 66' lang='lat' dir='ltr'>praeside.</span> 
     </span>
     <span class='ocr_line' id='line_1_171' title="bbox 1370 2739 2481 2783; baseline 0.005 -14"><span class='ocrx_word' id='word_1_1594' title='bbox 1370 2740 1420 2769; x_wconf 87' lang='lat' dir='ltr'>bat</span> <span class='ocrx_word' id='word_1_1595' title='bbox 1432 2762 1440 2775; x_wconf 86' lang='lat'>,</span> <span class='ocrx_word' id='word_1_1596' title='bbox 1460 2747 1518 2770; x_wconf 86' lang='lat' dir='ltr'>erat</span> <span class='ocrx_word' id='word_1_1597' title='bbox 1530 2741 1606 2770; x_wconf 92' lang='lat' dir='ltr'>enim</span> <span class='ocrx_word' id='word_1_1598' title='bbox 1615 2739 1726 2769; x_wconf 88' lang='lat' dir='ltr'>Consul.</span> <span class='ocrx_word' id='word_1_1599' title='bbox 1749 2740 1783 2769; x_wconf 92' lang='lat' dir='ltr'>ad</span> <span class='ocrx_word' id='word_1_1600' title='bbox 1797 2741 1852 2770; x_wconf 87' lang='lat' dir='ltr'>hoc</span> <span class='ocrx_word' id='word_1_1601' title='bbox 1864 2740 1879 2776; x_wconf 68' lang='grc' dir='ltr'>,ξ</span> <span class='ocrx_word' id='word_1_1602' title='bbox 1883 2741 2010 2771; x_wconf 77' lang='lat' dir='ltr'>aunarius</span> <span class='ocrx_word' id='word_1_1603' title='bbox 2023 2742 2122 2772; x_wconf 79' lang='lat' dir='ltr'>meniis</span> <span class='ocrx_word' id='word_1_1604' title='bbox 2131 2765 2138 2778; x_wconf 90' lang='lat'>,</span> <span class='ocrx_word' id='word_1_1605' title='bbox 2159 2753 2224 2774; x_wconf 90' lang='lat' dir='ltr'>cum</span> <span class='ocrx_word' id='word_1_1606' title='bbox 2236 2752 2342 2783; x_wconf 84' lang='lat' dir='ltr'>cetera,</span> <span class='ocrx_word' id='word_1_1607' title='bbox 2364 2755 2423 2777; x_wconf 89' lang='lat' dir='ltr'>tum</span> <span class='ocrx_word' id='word_1_1608' title='bbox 2432 2749 2481 2778; x_wconf 84' lang='lat' dir='ltr'>Se.</span> 
     </span>
     <span class='ocr_line' id='line_1_172' title="bbox 1369 2777 1889 2816; baseline 0.004 -10"><span class='ocrx_word' id='word_1_1609' title='bbox 1369 2784 1499 2807; x_wconf 90' lang='lat' dir='ltr'>natorum</span> <span class='ocrx_word' id='word_1_1610' title='bbox 1512 2779 1667 2816; x_wconf 82' lang='lat' dir='ltr'>frequentia</span> <span class='ocrx_word' id='word_1_1611' title='bbox 1681 2777 1889 2808; x_wconf 80' lang='lat' dir='ltr'>celeberrimus.</span> 
     </span>
    </p>

    <p class='ocr_par' dir='ltr' id='par_1_83' title="bbox 1351 2815 2479 2930">
     <span class='ocr_line' id='line_1_173' title="bbox 1351 2815 2479 2858; baseline 0.008 -13"><span class='ocrx_word' id='word_1_1612' title='bbox 1351 2815 1423 2845; x_wconf 92' lang='lat' dir='ltr'>Cum</span> <span class='ocrx_word' id='word_1_1613' title='bbox 1436 2817 1461 2845; x_wconf 69' lang='grc' dir='ltr'>ἃ</span> <span class='ocrx_word' id='word_1_1614' title='bbox 1479 2823 1538 2845; x_wconf 89' lang='lat' dir='ltr'>tum</span> <span class='ocrx_word' id='word_1_1615' title='bbox 1549 2839 1557 2852; x_wconf 82' lang='lat'><strong>‚</strong></span> <span class='ocrx_word' id='word_1_1616' title='bbox 1580 2816 1708 2845; x_wconf 69' lang='lat' dir='ltr'>distincta</span> <span class='ocrx_word' id='word_1_1617' title='bbox 1719 2825 1769 2853; x_wconf 88' lang='lat' dir='ltr'>per</span> <span class='ocrx_word' id='word_1_1618' title='bbox 1778 2817 1925 2852; x_wconf 71' lang='lat' dir='ltr'>adjet‘tiva.</span> <span class='ocrx_word' id='word_1_1619' title='bbox 1965 2816 2024 2847; x_wconf 89' lang='lat' dir='ltr'>Cic.</span> <span class='ocrx_word' id='word_1_1620' title='bbox 2040 2826 2063 2846; x_wconf 71' lang='grc' dir='ltr'>ι.</span> <span class='ocrx_word' id='word_1_1621' title='bbox 2077 2817 2152 2847; x_wconf 89' lang='lat' dir='ltr'>Verr.</span> <span class='ocrx_word' id='word_1_1622' title='bbox 2165 2827 2190 2848; x_wconf 84' lang='lat'>2.</span> <span class='ocrx_word' id='word_1_1623' title='bbox 2222 2819 2337 2851; x_wconf 61' lang='lat' dir='ltr'>Faftum</span> <span class='ocrx_word' id='word_1_1624' title='bbox 2357 2823 2395 2851; x_wconf 89' lang='lat' dir='ltr'>est</span> <span class='ocrx_word' id='word_1_1625' title='bbox 2408 2845 2415 2858; x_wconf 86' lang='lat'>,</span> <span class='ocrx_word' id='word_1_1626' title='bbox 2437 2825 2479 2854; x_wconf 89' lang='lat' dir='ltr'>uti</span> 
     </span>
     <span class='ocr_line' id='line_1_174' title="bbox 1370 2853 2478 2893; baseline 0.009 -11"><span class='ocrx_word' id='word_1_1627' title='bbox 1370 2864 1435 2883; x_wconf 89' lang='lat' dir='ltr'>cum</span> <span class='ocrx_word' id='word_1_1628' title='bbox 1447 2853 1586 2883; x_wconf 89' lang='lat' dir='ltr'>summum</span> <span class='ocrx_word' id='word_1_1629' title='bbox 1595 2854 1625 2883; x_wconf 92' lang='lat' dir='ltr'>in</span> <span class='ocrx_word' id='word_1_1630' title='bbox 1632 2854 1770 2884; x_wconf 86' lang='lat' dir='ltr'>veteribus</span> <span class='ocrx_word' id='word_1_1631' title='bbox 1782 2854 1906 2892; x_wconf 86' lang='lat' dir='ltr'>patronis</span> <span class='ocrx_word' id='word_1_1632' title='bbox 1916 2854 2012 2884; x_wconf 82' lang='lat' dir='ltr'>multis</span> <span class='ocrx_word' id='word_1_1633' title='bbox 2021 2876 2030 2890; x_wconf 83' lang='lat'>‚</span> <span class='ocrx_word' id='word_1_1634' title='bbox 2052 2862 2111 2884; x_wconf 88' lang='lat' dir='ltr'>tum</span> <span class='ocrx_word' id='word_1_1635' title='bbox 2120 2858 2288 2888; x_wconf 88' lang='lat' dir='ltr'>nonnullum</span> <span class='ocrx_word' id='word_1_1636' title='bbox 2298 2861 2381 2890; x_wconf 86' lang='lat' dir='ltr'>etiam</span> <span class='ocrx_word' id='word_1_1637' title='bbox 2392 2862 2421 2890; x_wconf 91' lang='lat' dir='ltr'>in</span> <span class='ocrx_word' id='word_1_1638' title='bbox 2432 2871 2478 2893; x_wconf 90' lang='lat' dir='ltr'>me</span> 
     </span>
     <span class='ocr_line' id='line_1_175' title="bbox 1369 2891 2200 2930; baseline 0.005 -10"><span class='ocrx_word' id='word_1_1639' title='bbox 1369 2891 1528 2930; x_wconf 77' lang='lat' dir='ltr'>praefidium</span> <span class='ocrx_word' id='word_1_1640' title='bbox 1540 2891 1594 2921; x_wconf 88' lang='lat' dir='ltr'>suis</span> <span class='ocrx_word' id='word_1_1641' title='bbox 1605 2892 1724 2921; x_wconf 91' lang='lat' dir='ltr'>fortunis</span> <span class='ocrx_word' id='word_1_1642' title='bbox 1738 2892 1919 2922; x_wconf 89' lang='lat' dir='ltr'>constitutum</span> <span class='ocrx_word' id='word_1_1643' title='bbox 1931 2892 1984 2922; x_wconf 85' lang='lat' dir='ltr'>effe</span> <span class='ocrx_word' id='word_1_1644' title='bbox 1995 2893 2200 2924; x_wconf 84' lang='lat' dir='ltr'>arbitrarentur.</span> 
     </span>
    </p>

    <p class='ocr_par' dir='ltr' id='par_1_84' title="bbox 1352 2928 2477 3082">
     <span class='ocr_line' id='line_1_176' title="bbox 1352 2928 2477 2968; baseline 0.007 -9"><span class='ocrx_word' id='word_1_1645' title='bbox 1352 2928 1442 2964; x_wconf 87' lang='lat' dir='ltr'>Cum,</span> <span class='ocrx_word' id='word_1_1646' title='bbox 1463 2937 1522 2959; x_wconf 85' lang='lat' dir='ltr'>tum</span> <span class='ocrx_word' id='word_1_1647' title='bbox 1535 2930 1668 2960; x_wconf 83' lang='lat' dir='ltr'>maxime.</span> <span class='ocrx_word' id='word_1_1648' title='bbox 1706 2930 1764 2960; x_wconf 90' lang='lat' dir='ltr'>Cic.</span> <span class='ocrx_word' id='word_1_1649' title='bbox 1774 2941 1801 2967; x_wconf 81' lang='lat'>4.</span> <span class='ocrx_word' id='word_1_1650' title='bbox 1814 2929 1895 2960; x_wconf 82' lang='lat' dir='ltr'>Tufc.</span> <span class='ocrx_word' id='word_1_1651' title='bbox 1910 2935 1954 2964; x_wconf 76' lang='lat'>68.</span> <span class='ocrx_word' id='word_1_1652' title='bbox 1983 2931 2054 2960; x_wconf 89' lang='lat' dir='ltr'>Cum</span> <span class='ocrx_word' id='word_1_1653' title='bbox 2074 2931 2168 2961; x_wconf 77' lang='lat' dir='ltr'>multis</span> <span class='ocrx_word' id='word_1_1654' title='bbox 2189 2933 2217 2961; x_wconf 91' lang='lat' dir='ltr'>in</span> <span class='ocrx_word' id='word_1_1655' title='bbox 2236 2933 2306 2964; x_wconf 86' lang='lat' dir='ltr'>locis</span> <span class='ocrx_word' id='word_1_1656' title='bbox 2320 2936 2477 2968; x_wconf 88' lang='lat' dir='ltr'>nostrorum</span> 
     </span>
     <span class='ocr_line' id='line_1_177' title="bbox 1372 2967 2476 3006; baseline 0.008 -10"><span class='ocrx_word' id='word_1_1657' title='bbox 1372 2967 1520 2997; x_wconf 88' lang='lat' dir='ltr'>hominum</span> <span class='ocrx_word' id='word_1_1658' title='bbox 1530 2968 1659 3005; x_wconf 73' lang='lat' dir='ltr'>ingenia,</span> <span class='ocrx_word' id='word_1_1659' title='bbox 1679 2968 1850 3005; x_wconf 85' lang='lat' dir='ltr'>virtutesque</span> <span class='ocrx_word' id='word_1_1660' title='bbox 1860 2990 1868 3003; x_wconf 90' lang='lat'>‚</span> <span class='ocrx_word' id='word_1_1661' title='bbox 1890 2967 1972 2998; x_wconf 88' lang='lat' dir='ltr'>Brute</span> <span class='ocrx_word' id='word_1_1662' title='bbox 1984 2990 1992 3003; x_wconf 91' lang='lat'><strong>‚</strong></span> <span class='ocrx_word' id='word_1_1663' title='bbox 2015 2968 2090 2998; x_wconf 91' lang='lat' dir='ltr'>soleo</span> <span class='ocrx_word' id='word_1_1664' title='bbox 2101 2970 2208 3005; x_wconf 82' lang='lat' dir='ltr'>mirari,</span> <span class='ocrx_word' id='word_1_1665' title='bbox 2230 2978 2289 3001; x_wconf 90' lang='lat' dir='ltr'>tum</span> <span class='ocrx_word' id='word_1_1666' title='bbox 2300 2975 2420 3004; x_wconf 82' lang='lat' dir='ltr'>maxime</span> <span class='ocrx_word' id='word_1_1667' title='bbox 2434 2975 2476 3006; x_wconf 87' lang='lat' dir='ltr'>his</span> 
     </span>
     <span class='ocr_line' id='line_1_178' title="bbox 1370 3005 2477 3044; baseline 0.005 -10"><span class='ocrx_word' id='word_1_1668' title='bbox 1370 3006 1401 3035; x_wconf 82' lang='lat' dir='ltr'>in</span> <span class='ocrx_word' id='word_1_1669' title='bbox 1412 3006 1519 3041; x_wconf 87' lang='lat' dir='ltr'>studiis,</span> <span class='ocrx_word' id='word_1_1670' title='bbox 1530 3014 1591 3043; x_wconf 87' lang='lat' dir='ltr'>quae</span> <span class='ocrx_word' id='word_1_1671' title='bbox 1601 3005 1659 3035; x_wconf 87' lang='lat' dir='ltr'>sero</span> <span class='ocrx_word' id='word_1_1672' title='bbox 1673 3006 1827 3036; x_wconf 88' lang='lat' dir='ltr'>admodum</span> <span class='ocrx_word' id='word_1_1673' title='bbox 1838 3007 1961 3041; x_wconf 78' lang='lat' dir='ltr'>expetita</span> <span class='ocrx_word' id='word_1_1674' title='bbox 1971 3007 1998 3035; x_wconf 92' lang='lat' dir='ltr'>in</span> <span class='ocrx_word' id='word_1_1675' title='bbox 2010 3007 2083 3036; x_wconf 87' lang='lat' dir='ltr'>hanc</span> <span class='ocrx_word' id='word_1_1676' title='bbox 2094 3008 2234 3038; x_wconf 85' lang='lat' dir='ltr'>civitatem</span> <span class='ocrx_word' id='word_1_1677' title='bbox 2247 3020 2262 3039; x_wconf 92' lang='lat' dir='ltr'>e</span> <span class='ocrx_word' id='word_1_1678' title='bbox 2274 3010 2378 3041; x_wconf 87' lang='lat' dir='ltr'>Graecia</span> <span class='ocrx_word' id='word_1_1679' title='bbox 2389 3019 2477 3044; x_wconf 88' lang='lat' dir='ltr'>trans.</span> 
     </span>
     <span class='ocr_line' id='line_1_179' title="bbox 1370 3043 2169 3082; baseline 0.004 -10"><span class='ocrx_word' id='word_1_1680' title='bbox 1370 3043 1503 3073; x_wconf 88' lang='lat' dir='ltr'>tulerunt.</span> <span class='ocrx_word' id='word_1_1681' title='bbox 1543 3044 1608 3073; x_wconf 74' lang='lat' dir='ltr'>Haec</span> <span class='ocrx_word' id='word_1_1682' title='bbox 1620 3044 1677 3073; x_wconf 84' lang='lat' dir='ltr'>sere</span> <span class='ocrx_word' id='word_1_1683' title='bbox 1688 3045 1782 3073; x_wconf 88' lang='lat' dir='ltr'>omnia</span> <span class='ocrx_word' id='word_1_1684' title='bbox 1793 3054 1827 3073; x_wconf 77' lang='lat' dir='ltr'>ex</span> <span class='ocrx_word' id='word_1_1685' title='bbox 1838 3044 1914 3074; x_wconf 87' lang='lat' dir='ltr'>Valla</span> <span class='ocrx_word' id='word_1_1686' title='bbox 1926 3066 1934 3079; x_wconf 86' lang='lat'>‚</span> <span class='ocrx_word' id='word_1_1687' title='bbox 1954 3043 2002 3073; x_wconf 91' lang='lat' dir='ltr'>lib.</span> <span class='ocrx_word' id='word_1_1688' title='bbox 2013 3054 2038 3074; x_wconf 82' lang='lat'>2.</span> <span class='ocrx_word' id='word_1_1689' title='bbox 2051 3054 2113 3082; x_wconf 89' lang='lat' dir='ltr'>cap.</span> <span class='ocrx_word' id='word_1_1690' title='bbox 2124 3055 2169 3075; x_wconf 81' lang='lat'>²2.</span> 
     </span>
    </p>

    <p class='ocr_par' dir='ltr' id='par_1_85' title="bbox 1353 3081 2455 3124">
     <span class='ocr_line' id='line_1_180' title="bbox 1353 3081 2455 3124; baseline 0.008 -14"><span class='ocrx_word' id='word_1_1691' title='bbox 1353 3081 1425 3110; x_wconf 90' lang='lat' dir='ltr'>Cum</span> <span class='ocrx_word' id='word_1_1692' title='bbox 1434 3081 1463 3110; x_wconf 90' lang='lat' dir='ltr'>in</span> <span class='ocrx_word' id='word_1_1693' title='bbox 1472 3082 1569 3111; x_wconf 88' lang='lat' dir='ltr'>ceteris</span> <span class='ocrx_word' id='word_1_1694' title='bbox 1578 3082 1735 3111; x_wconf 88' lang='lat' dir='ltr'>civitatibus</span> <span class='ocrx_word' id='word_1_1695' title='bbox 1743 3104 1751 3117; x_wconf 93' lang='lat'><strong>‚</strong></span> <span class='ocrx_word' id='word_1_1696' title='bbox 1771 3086 1832 3111; x_wconf 88' lang='lat' dir='ltr'>tum</span> <span class='ocrx_word' id='word_1_1697' title='bbox 1845 3083 1967 3112; x_wconf 83' lang='lat' dir='ltr'>maxime</span> <span class='ocrx_word' id='word_1_1698' title='bbox 1976 3083 2005 3111; x_wconf 87' lang='lat' dir='ltr'>in</span> <span class='ocrx_word' id='word_1_1699' title='bbox 2016 3083 2113 3111; x_wconf 88' lang='lat' dir='ltr'>nostra.</span> <span class='ocrx_word' id='word_1_1700' title='bbox 2144 3084 2201 3113; x_wconf 90' lang='lat' dir='ltr'>Cic.</span> <span class='ocrx_word' id='word_1_1701' title='bbox 2211 3084 2246 3114; x_wconf 89' lang='lat' dir='ltr'>de</span> <span class='ocrx_word' id='word_1_1702' title='bbox 2255 3084 2325 3115; x_wconf 89' lang='lat' dir='ltr'>Clar.</span> <span class='ocrx_word' id='word_1_1703' title='bbox 2336 3087 2414 3118; x_wconf 82' lang='lat' dir='ltr'>Orat.</span> <span class='ocrx_word' id='word_1_1704' title='bbox 2427 3099 2455 3124; x_wconf 89' lang='lat'>9.</span> 
     </span>
    </p>

    <p class='ocr_par' dir='ltr' id='par_1_86' title="bbox 1352 3119 2476 3193">
     <span class='ocr_line' id='line_1_181' title="bbox 1352 3119 2476 3158; baseline 0.004 -9"><span class='ocrx_word' id='word_1_1705' title='bbox 1352 3119 1421 3149; x_wconf 79' lang='lat' dir='ltr'>Haec</span> <span class='ocrx_word' id='word_1_1706' title='bbox 1442 3129 1507 3148; x_wconf 88' lang='lat' dir='ltr'>curri</span> <span class='ocrx_word' id='word_1_1707' title='bbox 1525 3119 1632 3150; x_wconf 90' lang='lat' dir='ltr'>summe</span> <span class='ocrx_word' id='word_1_1708' title='bbox 1650 3119 1777 3156; x_wconf 87' lang='lat' dir='ltr'>inutilia,</span> <span class='ocrx_word' id='word_1_1709' title='bbox 1803 3126 1863 3150; x_wconf 90' lang='lat' dir='ltr'>tum</span> <span class='ocrx_word' id='word_1_1710' title='bbox 1881 3120 1970 3150; x_wconf 86' lang='lat' dir='ltr'>multo</span> <span class='ocrx_word' id='word_1_1711' title='bbox 1987 3120 2140 3158; x_wconf 73' lang='lat' dir='ltr'>turpissima</span> <span class='ocrx_word' id='word_1_1712' title='bbox 2158 3121 2229 3152; x_wconf 86' lang='lat' dir='ltr'>sunt.</span> <span class='ocrx_word' id='word_1_1713' title='bbox 2261 3122 2320 3154; x_wconf 92' lang='lat' dir='ltr'>Cic.</span> <span class='ocrx_word' id='word_1_1714' title='bbox 2332 3134 2356 3155; x_wconf 85' lang='lat'>2.</span> <span class='ocrx_word' id='word_1_1715' title='bbox 2374 3126 2410 3155; x_wconf 91' lang='lat' dir='ltr'>de</span> <span class='ocrx_word' id='word_1_1716' title='bbox 2431 3127 2476 3157; x_wconf 85' lang='lat' dir='ltr'>In.</span> 
     </span>
     <span class='ocr_line' id='line_1_182' title="bbox 1373 3164 1525 3193; baseline 0.013 -8"><span class='ocrx_word' id='word_1_1717' title='bbox 1373 3164 1448 3186; x_wconf 87' lang='lat' dir='ltr'>verit.</span> <span class='ocrx_word' id='word_1_1718' title='bbox 1465 3165 1525 3193; x_wconf 83' lang='lat'><em>¹34-</em></span> 
     </span>
    </p>

    <p class='ocr_par' dir='ltr' id='par_1_87' title="bbox 1351 3194 2478 3271">
     <span class='ocr_line' id='line_1_183' title="bbox 1351 3194 2478 3237; baseline 0.006 -12"><span class='ocrx_word' id='word_1_1719' title='bbox 1351 3195 1419 3225; x_wconf 85' lang='lat' dir='ltr'>Sine</span> <span class='ocrx_word' id='word_1_1720' title='bbox 1429 3203 1484 3232; x_wconf 88' lang='lat' dir='ltr'>quo</span> <span class='ocrx_word' id='word_1_1721' title='bbox 1496 3205 1560 3225; x_wconf 91' lang='lat' dir='ltr'>cum</span> <span class='ocrx_word' id='word_1_1722' title='bbox 1568 3195 1597 3224; x_wconf 87' lang='lat' dir='ltr'>in</span> <span class='ocrx_word' id='word_1_1723' title='bbox 1607 3195 1662 3224; x_wconf 85' lang='lat' dir='ltr'>vita</span> <span class='ocrx_word' id='word_1_1724' title='bbox 1670 3194 1741 3225; x_wconf 87' lang='lat' dir='ltr'>nihil</span> <span class='ocrx_word' id='word_1_1725' title='bbox 1750 3195 1897 3233; x_wconf 82' lang='lat' dir='ltr'>quicquam</span> <span class='ocrx_word' id='word_1_1726' title='bbox 1905 3195 2061 3233; x_wconf 75' lang='lat' dir='ltr'>egregium,</span> <span class='ocrx_word' id='word_1_1727' title='bbox 2083 3203 2141 3226; x_wconf 88' lang='lat' dir='ltr'>tum</span> <span class='ocrx_word' id='word_1_1728' title='bbox 2154 3204 2228 3227; x_wconf 88' lang='lat' dir='ltr'>certe</span> <span class='ocrx_word' id='word_1_1729' title='bbox 2239 3197 2294 3228; x_wconf 90' lang='lat' dir='ltr'>hoc</span> <span class='ocrx_word' id='word_1_1730' title='bbox 2305 3200 2379 3237; x_wconf 91' lang='lat' dir='ltr'>quod</span> <span class='ocrx_word' id='word_1_1731' title='bbox 2389 3208 2418 3231; x_wconf 90' lang='lat' dir='ltr'>tu</span> <span class='ocrx_word' id='word_1_1732' title='bbox 2429 3212 2478 3232; x_wconf 85' lang='lat' dir='ltr'>ex-</span> 
     </span>
     <span class='ocr_line' id='line_1_184' title="bbox 1371 3233 2206 3271; baseline 0.002 -9"><span class='ocrx_word' id='word_1_1733' title='bbox 1371 3233 1462 3271; x_wconf 78' lang='lat' dir='ltr'>petis,</span> <span class='ocrx_word' id='word_1_1734' title='bbox 1481 3243 1566 3262; x_wconf 87' lang='lat' dir='ltr'>nemo</span> <span class='ocrx_word' id='word_1_1735' title='bbox 1574 3243 1695 3270; x_wconf 89' lang='lat' dir='ltr'>unquam</span> <span class='ocrx_word' id='word_1_1736' title='bbox 1706 3233 1758 3263; x_wconf 79' lang='lat' dir='ltr'>asse</span> <span class='ocrx_word' id='word_1_1737' title='bbox 1781 3241 1868 3263; x_wconf 90' lang='lat' dir='ltr'>uetur.</span> <span class='ocrx_word' id='word_1_1738' title='bbox 1899 3233 1956 3262; x_wconf 92' lang='lat' dir='ltr'>Cic.</span> <span class='ocrx_word' id='word_1_1739' title='bbox 1971 3243 1994 3263; x_wconf 91' lang='lat'>1.</span> <span class='ocrx_word' id='word_1_1740' title='bbox 2004 3235 2042 3263; x_wconf 85' lang='lat' dir='ltr'>de</span> <span class='ocrx_word' id='word_1_1741' title='bbox 2053 3233 2129 3264; x_wconf 89' lang='lat' dir='ltr'>Orat.</span> <span class='ocrx_word' id='word_1_1742' title='bbox 2145 3244 2206 3270; x_wconf 69' lang='lat'>134.</span> 
     </span>
    </p>

    <p class='ocr_par' dir='ltr' id='par_1_88' title="bbox 1352 3270 2478 3346">
     <span class='ocr_line' id='line_1_185' title="bbox 1352 3270 2478 3316; baseline 0.004 -16"><span class='ocrx_word' id='word_1_1743' title='bbox 1352 3270 1475 3300; x_wconf 84' lang='lat' dir='ltr'>Primum</span> <span class='ocrx_word' id='word_1_1744' title='bbox 1484 3271 1533 3300; x_wconf 92' lang='lat' dir='ltr'>tibi</span> <span class='ocrx_word' id='word_1_1745' title='bbox 1550 3277 1580 3300; x_wconf 88' lang='lat' dir='ltr'>ut</span> <span class='ocrx_word' id='word_1_1746' title='bbox 1592 3271 1681 3300; x_wconf 87' lang='lat' dir='ltr'>debeo</span> <span class='ocrx_word' id='word_1_1747' title='bbox 1692 3279 1767 3309; x_wconf 79' lang='lat' dir='ltr'>gratu</span> <span class='ocrx_word' id='word_1_1748' title='bbox 1782 3281 1831 3300; x_wconf 93' lang='lat' dir='ltr'>or:</span> <span class='ocrx_word' id='word_1_1749' title='bbox 1853 3271 1987 3309; x_wconf 66' lang='lat' dir='ltr'>laetorque</span> <span class='ocrx_word' id='word_1_1750' title='bbox 1996 3281 2060 3301; x_wconf 86' lang='lat' dir='ltr'>cum</span> <span class='ocrx_word' id='word_1_1751' title='bbox 2072 3272 2215 3310; x_wconf 68' lang='lat' dir='ltr'>praesenti,</span> <span class='ocrx_word' id='word_1_1752' title='bbox 2237 3281 2298 3304; x_wconf 84' lang='lat' dir='ltr'>tum</span> <span class='ocrx_word' id='word_1_1753' title='bbox 2315 3276 2399 3306; x_wconf 87' lang='lat' dir='ltr'>etiam</span> <span class='ocrx_word' id='word_1_1754' title='bbox 2417 3277 2478 3316; x_wconf 89' lang='lat' dir='ltr'>spe.</span> 
     </span>
     <span class='ocr_line' id='line_1_186' title="bbox 1373 3308 1964 3346; baseline 0 -8"><span class='ocrx_word' id='word_1_1755' title='bbox 1373 3316 1485 3339; x_wconf 83' lang='lat' dir='ltr'>ratatua</span> <span class='ocrx_word' id='word_1_1756' title='bbox 1494 3309 1629 3346; x_wconf 79' lang='lat' dir='ltr'>dignitate</span> <span class='ocrx_word' id='word_1_1757' title='bbox 1640 3331 1648 3342; x_wconf 83' lang='grc'><em>,</em></span> <span class='ocrx_word' id='word_1_1758' title='bbox 1666 3308 1717 3338; x_wconf 69' lang='lat' dir='ltr'>&amp;c</span> <span class='ocrx_word' id='word_1_1759' title='bbox 1740 3309 1797 3338; x_wconf 83' lang='lat' dir='ltr'>Cic.</span> <span class='ocrx_word' id='word_1_1760' title='bbox 1812 3319 1838 3339; x_wconf 85' lang='lat'>2.</span> <span class='ocrx_word' id='word_1_1761' title='bbox 1849 3309 1923 3339; x_wconf 88' lang='lat' dir='ltr'>Fam.</span> <span class='ocrx_word' id='word_1_1762' title='bbox 1937 3315 1964 3343; x_wconf 80' lang='lat'>8.</span> 
     </span>
    </p>

    <p class='ocr_par' dir='ltr' id='par_1_89' title="bbox 1352 3346 2476 3422">
     <span class='ocr_line' id='line_1_187' title="bbox 1352 3346 2476 3385; baseline 0.004 -9"><span class='ocrx_word' id='word_1_1763' title='bbox 1352 3346 1448 3384; x_wconf 73' lang='lat' dir='ltr'>itaque</span> <span class='ocrx_word' id='word_1_1764' title='bbox 1460 3357 1545 3384; x_wconf 89' lang='lat' dir='ltr'>quum</span> <span class='ocrx_word' id='word_1_1765' title='bbox 1557 3356 1635 3376; x_wconf 83' lang='lat' dir='ltr'>meus</span> <span class='ocrx_word' id='word_1_1766' title='bbox 1647 3356 1692 3376; x_wconf 87' lang='lat' dir='ltr'>me</span> <span class='ocrx_word' id='word_1_1767' title='bbox 1708 3357 1804 3376; x_wconf 81' lang='lat' dir='ltr'>rriaeror</span> <span class='ocrx_word' id='word_1_1768' title='bbox 1817 3347 1996 3384; x_wconf 84' lang='lat' dir='ltr'>quotidianus</span> <span class='ocrx_word' id='word_1_1769' title='bbox 2016 3347 2117 3376; x_wconf 88' lang='lat' dir='ltr'>lacerat</span> <span class='ocrx_word' id='word_1_1770' title='bbox 2136 3349 2161 3377; x_wconf 64' lang='grc' dir='ltr'>ὃς</span> <span class='ocrx_word' id='word_1_1771' title='bbox 2180 3348 2310 3385; x_wconf 81' lang='lat' dir='ltr'>conficit,</span> <span class='ocrx_word' id='word_1_1772' title='bbox 2330 3356 2391 3381; x_wconf 90' lang='lat' dir='ltr'>tum</span> <span class='ocrx_word' id='word_1_1773' title='bbox 2410 3363 2476 3384; x_wconf 84' lang='lat' dir='ltr'>vero</span> 
     </span>
     <span class='ocr_line' id='line_1_188' title="bbox 1372 3385 2293 3422; baseline 0.002 -8"><span class='ocrx_word' id='word_1_1774' title='bbox 1372 3385 1432 3414; x_wconf 82' lang='lat' dir='ltr'>haec</span> <span class='ocrx_word' id='word_1_1775' title='bbox 1442 3385 1537 3414; x_wconf 82' lang='lat' dir='ltr'>addita</span> <span class='ocrx_word' id='word_1_1776' title='bbox 1547 3394 1614 3413; x_wconf 84' lang='lat' dir='ltr'>cura</span> <span class='ocrx_word' id='word_1_1777' title='bbox 1624 3385 1669 3413; x_wconf 76' lang='lat' dir='ltr'>vix</span> <span class='ocrx_word' id='word_1_1778' title='bbox 1682 3385 1748 3413; x_wconf 88' lang='lat' dir='ltr'>mihi</span> <span class='ocrx_word' id='word_1_1779' title='bbox 1757 3385 1843 3414; x_wconf 89' lang='lat' dir='ltr'>vitam</span> <span class='ocrx_word' id='word_1_1780' title='bbox 1852 3385 1987 3422; x_wconf 75' lang='lat' dir='ltr'>reliquam</span> <span class='ocrx_word' id='word_1_1781' title='bbox 1995 3385 2070 3414; x_wconf 69' lang='lat' dir='ltr'>facit.</span> <span class='ocrx_word' id='word_1_1782' title='bbox 2093 3386 2150 3414; x_wconf 91' lang='lat' dir='ltr'>Cic.</span> <span class='ocrx_word' id='word_1_1783' title='bbox 2165 3395 2187 3421; x_wconf 79' lang='lat'>3.</span> <span class='ocrx_word' id='word_1_1784' title='bbox 2201 3388 2252 3416; x_wconf 87' lang='lat' dir='ltr'>Att.</span> <span class='ocrx_word' id='word_1_1785' title='bbox 2268 3393 2293 3421; x_wconf 88' lang='lat'>8.</span> 
     </span>
    </p>

    <p class='ocr_par' dir='ltr' id='par_1_90' title="bbox 1353 3422 2474 3495">
     <span class='ocr_line' id='line_1_189' title="bbox 1353 3422 2474 3466; baseline 0.005 -14"><span class='ocrx_word' id='word_1_1786' title='bbox 1353 3422 1426 3453; x_wconf 91' lang='lat' dir='ltr'>Cum</span> <span class='ocrx_word' id='word_1_1787' title='bbox 1437 3422 1526 3461; x_wconf 86' lang='lat' dir='ltr'>ipsum</span> <span class='ocrx_word' id='word_1_1788' title='bbox 1538 3423 1670 3452; x_wconf 88' lang='lat' dir='ltr'>Furnium</span> <span class='ocrx_word' id='word_1_1789' title='bbox 1682 3422 1764 3460; x_wconf 81' lang='lat' dir='ltr'>perse</span> <span class='ocrx_word' id='word_1_1790' title='bbox 1773 3423 1833 3452; x_wconf 84' lang='lat' dir='ltr'>vidi</span> <span class='ocrx_word' id='word_1_1791' title='bbox 1852 3422 2031 3452; x_wconf 70' lang='lat' dir='ltr'>libentissime</span> <span class='ocrx_word' id='word_1_1792' title='bbox 2041 3444 2048 3457; x_wconf 84' lang='lat'><strong>‚</strong></span> <span class='ocrx_word' id='word_1_1793' title='bbox 2070 3430 2129 3452; x_wconf 90' lang='lat' dir='ltr'>tum</span> <span class='ocrx_word' id='word_1_1794' title='bbox 2150 3423 2205 3453; x_wconf 91' lang='lat' dir='ltr'>hoc</span> <span class='ocrx_word' id='word_1_1795' title='bbox 2224 3424 2374 3463; x_wconf 80' lang='lat' dir='ltr'>libentius,</span> <span class='ocrx_word' id='word_1_1796' title='bbox 2395 3429 2474 3466; x_wconf 91' lang='lat' dir='ltr'>quod</span> 
     </span>
     <span class='ocr_line' id='line_1_190' title="bbox 1372 3460 2119 3495; baseline 0.001 -6"><span class='ocrx_word' id='word_1_1797' title='bbox 1372 3461 1451 3490; x_wconf 91' lang='lat' dir='ltr'>illum</span> <span class='ocrx_word' id='word_1_1798' title='bbox 1461 3460 1577 3489; x_wconf 76' lang='lat' dir='ltr'>audiens</span> <span class='ocrx_word' id='word_1_1799' title='bbox 1588 3467 1615 3490; x_wconf 90' lang='lat' dir='ltr'>te</span> <span class='ocrx_word' id='word_1_1800' title='bbox 1626 3461 1740 3489; x_wconf 83' lang='lat' dir='ltr'>videbar</span> <span class='ocrx_word' id='word_1_1801' title='bbox 1753 3461 1859 3490; x_wconf 89' lang='lat' dir='ltr'>audire.</span> <span class='ocrx_word' id='word_1_1802' title='bbox 1881 3461 1939 3490; x_wconf 87' lang='lat' dir='ltr'>Cic.</span> <span class='ocrx_word' id='word_1_1803' title='bbox 1954 3471 1996 3490; x_wconf 86' lang='lat'>10.</span> <span class='ocrx_word' id='word_1_1804' title='bbox 2010 3461 2084 3490; x_wconf 89' lang='lat' dir='ltr'>Fam.</span> <span class='ocrx_word' id='word_1_1805' title='bbox 2096 3471 2119 3495; x_wconf 68' lang='lat' dir='ltr'>z.</span> 
     </span>
    </p>

    <p class='ocr_par' dir='ltr' id='par_1_91' title="bbox 1351 3498 2474 3574">
     <span class='ocr_line' id='line_1_191' title="bbox 1351 3498 2474 3540; baseline 0.006 -12"><span class='ocrx_word' id='word_1_1806' title='bbox 1351 3498 1564 3528; x_wconf 83' lang='lat' dir='ltr'>Annusestcum</span> <span class='ocrx_word' id='word_1_1807' title='bbox 1578 3520 1586 3533; x_wconf 80' lang='grc'>,</span> <span class='ocrx_word' id='word_1_1808' title='bbox 1608 3499 1662 3527; x_wconf 86' lang='lat' dir='ltr'>i.e.</span> <span class='ocrx_word' id='word_1_1809' title='bbox 1684 3498 1724 3527; x_wconf 74' lang='lat' dir='ltr'>Ex</span> <span class='ocrx_word' id='word_1_1810' title='bbox 1734 3508 1798 3535; x_wconf 87' lang='lat' dir='ltr'>quo.</span> <span class='ocrx_word' id='word_1_1811' title='bbox 1823 3498 1883 3528; x_wconf 87' lang='lat' dir='ltr'>Cic.</span> <span class='ocrx_word' id='word_1_1812' title='bbox 1900 3509 1942 3534; x_wconf 84' lang='lat'>13.</span> <span class='ocrx_word' id='word_1_1813' title='bbox 1957 3500 2009 3529; x_wconf 76' lang='lat' dir='ltr'>iltt.</span> <span class='ocrx_word' id='word_1_1814' title='bbox 2023 3508 2063 3534; x_wconf 74' lang='lat'>13·</span> <span class='ocrx_word' id='word_1_1815' title='bbox 2088 3498 2236 3529; x_wconf 87' lang='lat' dir='ltr'>Biennium</span> <span class='ocrx_word' id='word_1_1816' title='bbox 2247 3502 2390 3540; x_wconf 79' lang='lat' dir='ltr'>praeteriit,</span> <span class='ocrx_word' id='word_1_1817' title='bbox 2408 3514 2474 3535; x_wconf 88' lang='lat' dir='ltr'>cum</span> 
     </span>
     <span class='ocr_line' id='line_1_192' title="bbox 1370 3531 2218 3574; baseline 0.001 -9"><span class='ocrx_word' id='word_1_1818' title='bbox 1370 3537 1418 3566; x_wconf 90' lang='lat' dir='ltr'>ille</span> <span class='ocrx_word' id='word_1_1819' title='bbox 1439 3532 1581 3565; x_wconf 52' lang='lat' dir='ltr'>Kaminiohir</span> <span class='ocrx_word' id='word_1_1820' title='bbox 1600 3535 1705 3565; x_wconf 76' lang='lat' dir='ltr'>affiduo</span> <span class='ocrx_word' id='word_1_1821' title='bbox 1714 3535 1791 3565; x_wconf 90' lang='lat' dir='ltr'>cursu</span> <span class='ocrx_word' id='word_1_1822' title='bbox 1801 3536 1926 3566; x_wconf 82' lang='lat' dir='ltr'>cubitum</span> <span class='ocrx_word' id='word_1_1823' title='bbox 1937 3531 2042 3565; x_wconf 81' lang='lat' dir='ltr'>nullum</span> <span class='ocrx_word' id='word_1_1824' title='bbox 2051 3536 2218 3574; x_wconf 72' lang='lat' dir='ltr'>processerit.</span> 
     </span>
    </p>

    <p class='ocr_par' dir='ltr' id='par_1_92' title="bbox 1351 3573 2187 3609">
     <span class='ocr_line' id='line_1_193' title="bbox 1351 3573 2187 3609; baseline -0.001 -5"><span class='ocrx_word' id='word_1_1825' title='bbox 1351 3574 1406 3604; x_wconf 94' lang='lat' dir='ltr'>Diu</span> <span class='ocrx_word' id='word_1_1826' title='bbox 1418 3574 1456 3603; x_wconf 85' lang='lat' dir='ltr'>est</span> <span class='ocrx_word' id='word_1_1827' title='bbox 1468 3595 1475 3607; x_wconf 83' lang='lat'><strong>‚</strong></span> <span class='ocrx_word' id='word_1_1828' title='bbox 1498 3583 1562 3602; x_wconf 88' lang='lat' dir='ltr'>cum</span> <span class='ocrx_word' id='word_1_1829' title='bbox 1574 3574 1672 3602; x_wconf 86' lang='lat' dir='ltr'>dentes</span> <span class='ocrx_word' id='word_1_1830' title='bbox 1681 3574 1855 3604; x_wconf 78' lang='lat' dir='ltr'>exciderunt.</span> <span class='ocrx_word' id='word_1_1831' title='bbox 1878 3574 1963 3604; x_wconf 84' lang='lat' dir='ltr'>Plaut.</span> <span class='ocrx_word' id='word_1_1832' title='bbox 1976 3573 2089 3603; x_wconf 88' lang='lat' dir='ltr'>Trucul.</span> <span class='ocrx_word' id='word_1_1833' title='bbox 2105 3584 2128 3609; x_wconf 85' lang='grc' dir='ltr'>ς.</span> <span class='ocrx_word' id='word_1_1834' title='bbox 2143 3584 2187 3608; x_wconf 79' lang='grc' dir='ltr'>ςῐ.</span> 
     </span>
    </p>

    <p class='ocr_par' dir='ltr' id='par_1_93' title="bbox 1351 3610 2474 3716">
     <span class='ocr_line' id='line_1_194' title="bbox 1351 3610 2471 3649; baseline 0.005 -9"><span class='ocrx_word' id='word_1_1835' title='bbox 1351 3612 1486 3641; x_wconf 87' lang='lat' dir='ltr'>Nondum</span> <span class='ocrx_word' id='word_1_1836' title='bbox 1494 3610 1541 3640; x_wconf 84' lang='lat' dir='ltr'>sex</span> <span class='ocrx_word' id='word_1_1837' title='bbox 1549 3610 1656 3640; x_wconf 87' lang='lat' dir='ltr'>menses</span> <span class='ocrx_word' id='word_1_1838' title='bbox 1666 3632 1674 3646; x_wconf 91' lang='lat'><strong>‚</strong></span> <span class='ocrx_word' id='word_1_1839' title='bbox 1696 3611 1855 3649; x_wconf 81' lang='lat' dir='ltr'>Megaribus</span> <span class='ocrx_word' id='word_1_1840' title='bbox 1865 3613 1920 3641; x_wconf 91' lang='lat' dir='ltr'>huc</span> <span class='ocrx_word' id='word_1_1841' title='bbox 1929 3612 1965 3640; x_wconf 87' lang='lat' dir='ltr'>est</span> <span class='ocrx_word' id='word_1_1842' title='bbox 1973 3621 2006 3640; x_wconf 89' lang='lat' dir='ltr'>cu</span> <span class='ocrx_word' id='word_1_1843' title='bbox 2048 3613 2247 3648; x_wconf 76' lang='lat' dir='ltr'>commigravit.</span> <span class='ocrx_word' id='word_1_1844' title='bbox 2270 3612 2355 3644; x_wconf 86' lang='lat' dir='ltr'>Plaut.</span> <span class='ocrx_word' id='word_1_1845' title='bbox 2366 3615 2433 3645; x_wconf 88' lang='lat' dir='ltr'>Pers.</span> <span class='ocrx_word' id='word_1_1846' title='bbox 2449 3628 2471 3646; x_wconf 89' lang='lat'>1.</span> 
     </span>
     <span class='ocr_line' id='line_1_195' title="bbox 1373 3648 2474 3688; baseline 0.004 -11"><span class='ocrx_word' id='word_1_1847' title='bbox 1373 3655 1446 3687; x_wconf 45' lang='lat'>348.</span> <span class='ocrx_word' id='word_1_1848' title='bbox 1462 3648 1519 3678; x_wconf 90' lang='lat' dir='ltr'>Cic.</span> <span class='ocrx_word' id='word_1_1849' title='bbox 1532 3658 1584 3686; x_wconf 89' lang='lat' dir='ltr'>pro</span> <span class='ocrx_word' id='word_1_1850' title='bbox 1599 3649 1708 3678; x_wconf 86' lang='lat' dir='ltr'>Cluent.</span> <span class='ocrx_word' id='word_1_1851' title='bbox 1723 3655 1766 3682; x_wconf 77' lang='lat'>28.</span> <span class='ocrx_word' id='word_1_1852' title='bbox 1790 3649 1855 3679; x_wconf 91' lang='lat' dir='ltr'>Dies</span> <span class='ocrx_word' id='word_1_1853' title='bbox 1865 3651 1992 3679; x_wconf 91' lang='lat' dir='ltr'>nondum</span> <span class='ocrx_word' id='word_1_1854' title='bbox 2004 3650 2021 3678; x_wconf 92' lang='lat' dir='ltr'>d</span> <span class='ocrx_word' id='word_1_1855' title='bbox 2059 3659 2102 3678; x_wconf 85' lang='lat' dir='ltr'>em</span> <span class='ocrx_word' id='word_1_1856' title='bbox 2113 3649 2329 3688; x_wconf 73' lang='lat' dir='ltr'>intercesserant,</span> <span class='ocrx_word' id='word_1_1857' title='bbox 2352 3663 2415 3683; x_wconf 88' lang='lat' dir='ltr'>cum</span> <span class='ocrx_word' id='word_1_1858' title='bbox 2428 3654 2474 3684; x_wconf 81' lang='lat' dir='ltr'>ilie</span> 
     </span>
     <span class='ocr_line' id='line_1_196' title="bbox 1368 3686 1788 3716; baseline 0 0"><span class='ocrx_word' id='word_1_1859' title='bbox 1368 3687 1437 3716; x_wconf 84' lang='lat' dir='ltr'>alter</span> <span class='ocrx_word' id='word_1_1860' title='bbox 1449 3686 1524 3715; x_wconf 81' lang='lat' dir='ltr'>filius</span> <span class='ocrx_word' id='word_1_1861' title='bbox 1532 3686 1622 3715; x_wconf 85' lang='lat' dir='ltr'>infans</span> <span class='ocrx_word' id='word_1_1862' title='bbox 1633 3694 1788 3716; x_wconf 83' lang='lat' dir='ltr'>necaretur.</span> 
     </span>
    </p>

    <p class='ocr_par' dir='ltr' id='par_1_94' title="bbox 1348 3724 1875 3763">
     <span class='ocr_line' id='line_1_197' title="bbox 1348 3724 1875 3763; baseline -0.004 -7"><span class='ocrx_word' id='word_1_1863' title='bbox 1348 3725 1475 3763; x_wconf 77' lang='lat' dir='ltr'>Tempus</span> <span class='ocrx_word' id='word_1_1864' title='bbox 1487 3733 1560 3753; x_wconf 90' lang='lat' dir='ltr'>cum.</span> <span class='ocrx_word' id='word_1_1865' title='bbox 1582 3724 1646 3754; x_wconf 87' lang='lat' dir='ltr'>Ter.</span> <span class='ocrx_word' id='word_1_1866' title='bbox 1658 3724 1758 3753; x_wconf 84' lang='lat' dir='ltr'>Heaut.</span> <span class='ocrx_word' id='word_1_1867' title='bbox 1775 3735 1798 3760; x_wconf 85' lang='lat'>5.</span> <span class='ocrx_word' id='word_1_1868' title='bbox 1809 3735 1835 3758; x_wconf 81' lang='lat'>4.</span> <span class='ocrx_word' id='word_1_1869' title='bbox 1851 3734 1875 3754; x_wconf 91' lang='lat'>1.</span> 
     </span>
    </p>

    <p class='ocr_par' dir='ltr' id='par_1_95' title="bbox 1371 3761 2472 3874">
     <span class='ocr_line' id='line_1_198' title="bbox 1430 3761 2380 3801; baseline 0.002 -11"><span class='ocrx_word' id='word_1_1870' title='bbox 1430 3762 1457 3791; x_wconf 86' lang='lat' dir='ltr'>Si</span> <span class='ocrx_word' id='word_1_1871' title='bbox 1474 3771 1596 3798; x_wconf 85' lang='lat' dir='ltr'>unquam</span> <span class='ocrx_word' id='word_1_1872' title='bbox 1607 3761 1696 3791; x_wconf 91' lang='lat' dir='ltr'>ullum</span> <span class='ocrx_word' id='word_1_1873' title='bbox 1707 3761 1757 3790; x_wconf 82' lang='lat' dir='ltr'>fuit</span> <span class='ocrx_word' id='word_1_1874' title='bbox 1768 3770 1877 3799; x_wconf 88' lang='lat' dir='ltr'>tempus</span> <span class='ocrx_word' id='word_1_1875' title='bbox 1887 3784 1895 3797; x_wconf 84' lang='lat'><em>‚</em></span> <span class='ocrx_word' id='word_1_1876' title='bbox 1918 3768 2007 3792; x_wconf 89' lang='lat' dir='ltr'>mater</span> <span class='ocrx_word' id='word_1_1877' title='bbox 2017 3784 2024 3795; x_wconf 83' lang='lat'>,</span> <span class='ocrx_word' id='word_1_1878' title='bbox 2046 3771 2110 3791; x_wconf 91' lang='lat' dir='ltr'>cum</span> <span class='ocrx_word' id='word_1_1879' title='bbox 2122 3771 2173 3797; x_wconf 88' lang='lat' dir='ltr'>ego</span> <span class='ocrx_word' id='word_1_1880' title='bbox 2184 3762 2380 3801; x_wconf 78' lang='lat' dir='ltr'>voluptatiri&#39;bi</span> 
     </span>
     <span class='ocr_line' id='line_1_199' title="bbox 1429 3799 2472 3839; baseline 0.002 -9"><span class='ocrx_word' id='word_1_1881' title='bbox 1429 3799 1549 3830; x_wconf 85' lang='lat' dir='ltr'>Fuerim.</span> <span class='ocrx_word' id='word_1_1882' title='bbox 1609 3799 1666 3828; x_wconf 82' lang='lat' dir='ltr'>Cic.</span> <span class='ocrx_word' id='word_1_1883' title='bbox 1680 3809 1705 3830; x_wconf 85' lang='lat'>2.</span> <span class='ocrx_word' id='word_1_1884' title='bbox 1720 3801 1773 3828; x_wconf 87' lang='lat' dir='ltr'>Att.</span> <span class='ocrx_word' id='word_1_1885' title='bbox 1791 3810 1833 3835; x_wconf 86' lang='lat'>19.</span> <span class='ocrx_word' id='word_1_1886' title='bbox 1855 3800 1978 3829; x_wconf 86' lang='lat' dir='ltr'>Eandem</span> <span class='ocrx_word' id='word_1_1887' title='bbox 1997 3801 2127 3829; x_wconf 77' lang='lat' dir='ltr'>virtutem</span> <span class='ocrx_word' id='word_1_1888' title='bbox 2141 3799 2227 3835; x_wconf 75' lang='lat' dir='ltr'>istam,</span> <span class='ocrx_word' id='word_1_1889' title='bbox 2250 3804 2341 3830; x_wconf 78' lang='lat' dir='ltr'>veniet</span> <span class='ocrx_word' id='word_1_1890' title='bbox 2352 3811 2472 3839; x_wconf 79' lang='lat' dir='ltr'>tempus,</span> 
     </span>
     <span class='ocr_line' id='line_1_200' title="bbox 1371 3837 1699 3874; baseline 0 -7"><span class='ocrx_word' id='word_1_1891' title='bbox 1371 3847 1457 3874; x_wconf 87' lang='lat' dir='ltr'>quum</span> <span class='ocrx_word' id='word_1_1892' title='bbox 1470 3837 1587 3874; x_wconf 81' lang='lat' dir='ltr'>graviter</span> <span class='ocrx_word' id='word_1_1893' title='bbox 1596 3847 1699 3873; x_wconf 84' lang='lat' dir='ltr'>gemes.</span> 
     </span>
    </p>

    <p class='ocr_par' dir='ltr' id='par_1_96' title="bbox 1349 3873 2473 3950">
     <span class='ocr_line' id='line_1_201' title="bbox 1349 3873 2473 3913; baseline -0.001 -7"><span class='ocrx_word' id='word_1_1894' title='bbox 1349 3876 1443 3906; x_wconf 87' lang='lat' dir='ltr'>Unum</span> <span class='ocrx_word' id='word_1_1895' title='bbox 1454 3876 1620 3912; x_wconf 82' lang='lat' dir='ltr'>atqueideni</span> <span class='ocrx_word' id='word_1_1896' title='bbox 1632 3883 1690 3904; x_wconf 90' lang='lat' dir='ltr'>erat</span> <span class='ocrx_word' id='word_1_1897' title='bbox 1704 3881 1833 3913; x_wconf 88' lang='lat' dir='ltr'>tempus,</span> <span class='ocrx_word' id='word_1_1898' title='bbox 1853 3884 1918 3904; x_wconf 90' lang='lat' dir='ltr'>cum</span> <span class='ocrx_word' id='word_1_1899' title='bbox 1935 3874 1964 3904; x_wconf 91' lang='lat' dir='ltr'>L.</span> <span class='ocrx_word' id='word_1_1900' title='bbox 1985 3874 2083 3904; x_wconf 81' lang='lat' dir='ltr'>Flacco</span> <span class='ocrx_word' id='word_1_1901' title='bbox 2102 3873 2216 3904; x_wconf 90' lang='lat' dir='ltr'>Consuli</span> <span class='ocrx_word' id='word_1_1902' title='bbox 2231 3883 2323 3912; x_wconf 85' lang='lat' dir='ltr'>portas</span> <span class='ocrx_word' id='word_1_1903' title='bbox 2338 3881 2395 3905; x_wconf 88' lang='lat' dir='ltr'>tota</span> <span class='ocrx_word' id='word_1_1904' title='bbox 2418 3877 2473 3906; x_wconf 74' lang='lat' dir='ltr'>Asia</span> 
     </span>
     <span class='ocr_line' id='line_1_202' title="bbox 1368 3912 1831 3950; baseline -0.002 -7"><span class='ocrx_word' id='word_1_1905' title='bbox 1368 3913 1525 3944; x_wconf 79' lang='lat' dir='ltr'>claudebat.</span> <span class='ocrx_word' id='word_1_1906' title='bbox 1548 3912 1605 3943; x_wconf 79' lang='lat' dir='ltr'>Cic.</span> <span class='ocrx_word' id='word_1_1907' title='bbox 1617 3922 1669 3950; x_wconf 84' lang='lat' dir='ltr'>pro</span> <span class='ocrx_word' id='word_1_1908' title='bbox 1682 3913 1771 3943; x_wconf 77' lang='lat' dir='ltr'>flacc.</span> <span class='ocrx_word' id='word_1_1909' title='bbox 1786 3917 1831 3942; x_wconf 85' lang='lat'>61.</span> 
     </span>
    </p>
   </div>
   <div class='ocr_carea' id='block_1_12' title="bbox 2327 1193 2462 1228">
    <p class='ocr_par' dir='ltr' id='par_1_97' title="bbox 2327 1193 2462 1228">
     <span class='ocr_line' id='line_1_203' title="bbox 2327 1193 2462 1228; baseline 0.03 -5"><span class='ocrx_word' id='word_1_1910' title='bbox 2327 1193 2462 1228; x_wconf 76' lang='lat' dir='ltr'>Donatus.</span> 
     </span>
    </p>
   </div>
   <div class='ocr_carea' id='block_1_13' title="bbox 1869 3949 2477 3990">
    <p class='ocr_par' dir='ltr' id='par_1_98' title="bbox 1869 3933 2477 3990">
     <span class='ocr_line' id='line_1_204' title="bbox 1869 3949 2477 3990; baseline 0.003 -11"><span class='ocrx_word' id='word_1_1911' title='bbox 1869 3949 1968 3979; x_wconf 84' lang='lat' dir='ltr'>Zzzz</span> <span class='ocrx_word' id='word_1_1912' title='bbox 1990 3958 2003 3987; x_wconf 87' lang='lat'><em>3</em></span> <span class='ocrx_word' id='word_1_1913' title='bbox 2397 3952 2477 3990; x_wconf 64' lang='lat' dir='ltr'>saepe</span> 
     </span>
    </p>
   </div>
  </div>
 </body>
</html>
