2600 4177
465 102 495 137 C
591 105 619 138 A
713 103 743 138 R

36 185 58 216 C
67 195 86 214 A
94 195 110 213 R
121 195 133 214 s
143 195 156 214 ii
164 195 181 215 o
190 189 231 252 Li}
241 194 290 250 utu
298 194 311 213 s
321 205 329 219 ‚
350 191 364 213 a
373 205 381 219 ,
402 189 460 213 um.
482 182 542 219 Adj.
566 181 757 220 [κοιςπολσίς]
778 190 809 214 ut
825 207 833 221 ,
854 184 1018 218 Carseolana
1043 189 1090 219 lex
1109 190 1183 228 apud

70 223 154 252 Ovid.
187 246 193 252 .
232 225 257 251 al
272 243 277 249 .
305 227 350 255 08.

125 234 239 291 Fadum
251 231 318 288 absit
327 281 335 293 ,
358 258 530 287 monimenta
540 263 674 288 manent:
696 268 760 288 nam
772 261 864 290 vivere
872 268 981 297 captam

19 321 21 324 .
162 296 414 333 Nuncquoquelex
427 295 539 333 vulpem
549 295 712 325 Carseolana
720 305 803 327 vetat,
902 300 933 328 Et
951 301 1017 330 Plin.
1032 310 1055 335 ³.
1074 309 1116 331 12.

37 334 136 364 CART
146 344 165 363 A
174 344 192 363 n
205 344 223 362 u
234 345 249 362 L
259 344 276 362 o
285 344 299 362 R
309 344 327 362 u
336 344 357 362 M
379 333 481 369 Regio,
504 333 532 361 in
543 333 702 363 subsolanis
716 335 847 364 Indorum
860 338 1012 372 montibus,
1036 340 1062 366 in
1076 349 1128 375 qua
1141 340 1186 369 Sa-

72 372 122 408 tyri
143 372 316 409 reperiuntur
325 393 332 405 ‚
354 369 569 408 pernicissimum
579 371 699 402 animal.
722 382 785 401 cum
803 374 996 412 quadrupedes
1005 397 1012 410 ,
1033 382 1093 405 tum
1112 379 1184 406 reete

74 416 223 444 currentes,
234 409 354 438 humana
364 408 469 452 effigie,
491 417 603 446 propter
611 409 797 441 velocitatem.
820 412 868 440 nisi
881 412 956 441 senes
966 436 972 443 .
995 421 1041 442 aut
1052 415 1114 451 aegri
1128 424 1186 443 non

37 444 1081 524 c51⁹4?{⁰{·„{¹{⁶}f’‘„¹.'.¹¹¹ss·..¹2?aks?ff·asoelissfdv·Sigffhissssssssssfifflss‘t...
1102 492 1144 518 2⁶.
1158 499 1184 518 2.

73 531 107 551 ex
119 522 163 551 Gr.
187 521 319 550 Primitias
330 531 418 558 pones
428 521 454 549 in
464 520 588 550 cartallo.
611 522 684 551 conf.
705 522 759 557 Jer.
774 528 799 552 6.
812 534 837 560 9.
878 525 908 554 V.
929 526 1006 555 Suid.
1029 528 1054 556 Sc
1066 526 1184 564 Hesych.

37 554 110 589 CAR
119 561 164 589 ra
174 568 215 588 Lo
224 581 232 594 ‚
254 559 310 588 Viri
322 568 372 596 pro
397 559 466 587 rium
475 580 483 593 ,
505 558 541 587 de
553 569 608 596 quo
619 559 666 589 Sil.
682 560 731 589 lib.
745 570 787 596 ις.

225 611 261 616 -
271 596 348 626 cadit
362 606 378 624 o
401 596 460 625 vius
474 596 528 625 acri

125 633 235 663 Cartalo
248 633 356 663 Vasidio
369 633 474 671 Libycas
485 640 612 671 regnator
624 644 722 664 arenae.
817 634 863 665 alii
873 636 986 673 legunt,
1008 638 1146 669 Carthalo,

38 671 87 703 CA
98 675 232 707 ΒτὲιΛ,
252 672 298 700 vel
316 671 366 700 CA
377 681 391 699 a
402 681 420 699 τ
431 681 521 701 nssiA
534 694 542 707 ‚
563 681 594 701 ae.
615 671 631 700 f.
652 672 792 708 [Καςῖαιά
802 673 911 711 Steph]
933 675 1036 705 Civitas
1051 677 1186 714 Hispaniae

72 709 108 738 ad
117 708 165 738 Cal
189 719 233 739 en.
257 710 333 738 Auct.
348 709 414 738 Plin.
428 709 476 738 lib.
489 717 511 745 3.
531 719 592 745 cap.
611 720 631 737 i.
651 710 785 739 Carteiaa
797 712 898 741 Graecis
914 714 1051 744 Tartessos
1067 715 1187 752 appella-

71 752 109 781 ta,
120 756 154 776 eo
177 757 221 776 em
230 748 349 776 auctore.
362 747 472 784 Oppius
480 748 516 776 de
527 747 605 776 Bello
619 747 730 784 Hispan.
745 756 787 783 32.
804 749 855 778 Cn.
872 751 1017 789 Pompeius
1029 761 1121 782 autem
1134 755 1185 782 Sic.

69 791 149 821 parte
159 785 244 814 altera
262 785 408 814 contendit
427 784 563 814 Carteiam
575 807 581 818 ,
605 785 680 822 quod
693 786 832 822 oppidum
844 787 917 817 abest
930 800 944 817 a
958 790 1088 819 Corduba
1100 790 1188 819 millia

69 821 195 860 passuum
216 832 233 851 c
242 833 257 850 L
266 831 284 851 x
294 832 321 851 x.
350 822 381 852 V.
404 832 424 851 T
434 832 453 851 A
462 832 478 851 s
488 832 530 852 >rix
539 832 551 852 s
559 832 572 853 s
580 833 597 852 0
605 831 627 852 s.
664 823 748 853 Nunc
761 826 866 852 Cartaia
877 826 979 856 dicitur
996 827 1080 865 vulgo
1091 850 1099 863 ,
1120 828 1188 857 teste

73 858 196 889 Olivario
209 860 237 888 in
249 859 363 889 Melam.

36 897 109 928 CAR
121 906 162 926 rit
171 907 191 927 N
200 907 220 926 N
232 909 250 926 A
262 919 270 929 ‚
291 908 322 927 ae.
344 898 364 927 f.
387 898 496 935 Augusti
508 897 619 927 colonia
630 898 659 927 in
670 898 835 927 Mauritania
845 899 1003 936 Tingitana.
1024 902 1090 932 Plin.
1104 903 1183 939 libs.

70 943 130 972 cap.
143 944 169 965 2.
192 935 267 1010 Ιῖἱῗίᾶ
285 945 347 966 earn
365 935 496 967 adscribit
507 936 658 965 Numidiae.
691 936 831 966 Olivarius
851 938 920 968 dicit
933 950 994 970 eam
1014 950 1090 972 nunc
1103 941 1188 980 vulgo

68 972 159 1002 vocari
173 975 197 1000 Si
208 984 219 1000 e
231 984 252 1002 ε.

34 1009 134 1041 CART
143 1020 163 1040 H
172 1021 196 1039 ΑΞ
205 1021 224 1040 A
235 1032 243 1046 ‚
264 1021 295 1040 ae.
315 1011 334 1040 f.
356 1007 518 1047 [κοιρθοάοι]
540 1010 610 1039 Urbs
622 1010 699 1040 estin
712 1011 799 1040 insula
814 1012 879 1042 Ceo.
914 1014 944 1044 V.
966 1015 1064 1045 Strabo
1078 1016 1125 1046 lib.
1144 1026 1186 1047 ῐο.

68 1047 138 1078 Plin.
149 1059 175 1084 4.
190 1058 233 1078 1².
276 1049 380 1084 [Hanc
390 1048 462 1077 male
476 1057 540 1077 cum
556 1048 649 1083 Julide
664 1049 812 1079 confundit
829 1051 904 1081 illex.
920 1053 1026 1082 Genial.
1040 1054 1108 1083 dier.
1121 1058 1146 1083 6.
1161 1065 1186 1089 ς.

69 1085 117 1115 ubi
130 1087 166 1115 de
178 1085 256 1115 claris
269 1087 339 1116 Ceis.
362 1086 503 1123 Deceptus
520 1086 600 1115 Plinii
617 1086 707 1116 verbis
717 1098 743 1121 4·
761 1098 800 1117 12.
816 1098 874 1125 quae
892 1090 994 1120 sublata
1010 1092 1188 1122 distinctione

69 1122 160 1161 legisse
174 1124 291 1153 videtur.
330 1122 479 1161 Distinguit
490 1130 617 1153 accurate
629 1126 759 1154 Antonin.
774 1125 862 1155 Liber.
876 1128 938 1157 Fab.
956 1140 976 1158 ι.

33 1159 106 1230 (ἶῖνῗ
115 1171 134 1190 T
144 1172 164 1191 H
174 1172 198 1190 ,ιε
208 1172 225 1191 υ
234 1172 247 1192 s
256 1184 263 1198 ‚
285 1172 300 1192 a
309 1184 317 1199 ,
338 1172 395 1192 um.
425 1162 604 1199 [mesae-J
636 1163 696 1198 Adj.
719 1169 749 1192 ut
761 1185 769 1199 ,
791 1166 860 1194 Arva
880 1167 1011 1197 Carthaea.
1040 1165 1125 1197 ovid.
1143 1177 1187 1198 10.

14 1212 17 1221 ·
102 1205 137 1230 et.
149 1210 184 1230 10
207 1223 212 1229 .

0 1197 11 1264 i
160 1210 288 1276 Ngmque
299 1236 373 1267 sacer
384 1237 522 1275 Nymphis
535 1236 660 1267 Carthaea
671 1239 830 1269 tenentibus
839 1250 903 1271 arva

160 1275 261 1314 Ingens
271 1285 367 1305 cervus
383 1282 448 1305 erat.

33 1310 109 1380 cbk
116 1322 166 1380 τάκ
175 1324 198 1342 m
207 1323 247 1380 1N11J
256 1323 268 1342 s
279 1335 287 1348 ‚
308 1312 384 1342 aliud
399 1312 573 1349 Adjec'tivum
582 1335 591 1349 ,
612 1311 814 1350 [Κκςθοάῑῶυ]
845 1322 893 1352 ut,
922 1316 1057 1348 Carthaeia
1073 1319 1187 1349 moenia,

13 1356 15 1360 ’
97 1351 123 1380 vi
146 1374 152 1380 .
185 1373 193 1381 .
244 1358 280 1380 et.
311 1355 354 1384 68.

146 1360 255 1419 T⁷rans1t
269 1359 428 1426 &³antiquae
439 1387 573 1418 Carthaeia
582 1388 687 1418 moenia
698 1389 769 1419 Ceae.

34 1424 110 1458 CAR
118 1435 138 1455 τ
146 1436 166 1456 H
176 1430 193 1456 Κ
203 1436 246 1457 co
256 1448 264 1462 ‚
283 1427 349 1457 inis.
371 1427 388 1456 f.
412 1428 428 1464 [
438 1419 562 1463 10⁶4an
575 1426 590 1461 ]
613 1426 682 1456 Urbs
694 1428 789 1457 Africae
800 1428 926 1462 celebris.
947 1440 1006 1468 quae
1020 1430 1081 1469 post
1092 1430 1188 1467 Troja-

68 1472 138 1495 num
150 1463 256 1494 bellum
266 1475 282 1495 a
292 1464 404 1494 Didone
418 1465 532 1494 condita
543 1463 605 1494 fuit.
628 1465 663 1494 de
678 1475 730 1502 qua
750 1468 823 1496 redte
836 1467 977 1498 Sallustius
1001 1469 1058 1506 Jug-
1071 1479 1110 1505 ¹9·
1128 1471 1167 1499 ait
1177 1493 1186 1506 ‚

66 1501 151 1532 satius
162 1502 216 1533 esse
225 1502 311 1538 silere,
324 1512 408 1540 quam
418 1510 516 1540 parum
531 1501 634 1532 dicere.
656 1509 733 1532 tanta
743 1505 818 1533 enim
842 1505 901 1541 ejus
925 1508 1051 1544 potentia
1064 1508 1116 1538 fuit
1127 1529 1135 1542 ‚
1157 1515 1188 1538 ut

67 1542 179 1571 auctore
191 1540 307 1578 Polybio
317 1562 325 1576 ‚
347 1542 373 1570 ὃς
388 1539 526 1570 Strabone
537 1561 546 1575 ‚
567 1545 626 1569 tota
637 1541 725 1571 Africa
735 1542 852 1571 cultiore
868 1545 1021 1581 potiretur:
1044 1547 1073 1574 in
1091 1546 1188 1584 Hispa-

67 1578 116 1608 nia
129 1588 195 1608 vero
209 1578 243 1608 ab
253 1578 381 1608 Herculis
390 1577 529 1608 columnis
539 1577 659 1616 adusque
676 1578 816 1616 Pyrenaeos
827 1589 934 1611 montes
947 1584 1077 1613 maximis
1090 1585 1186 1615 civita-

67 1615 142 1646 tibus
154 1617 340 1655 imperaverit.
365 1616 492 1646 Variante
503 1615 617 1645 tandem
626 1616 735 1646 fortuna
745 1640 753 1652 ‚
775 1618 844 1647 adeo
859 1620 978 1655 defecit,
1002 1629 1031 1649 ut
1044 1631 1075 1651 ea
1085 1622 1185 1659 diruta,

13 1668 15 1673 ’
67 1653 270 1722 {mum-³¹5³?
282 1653 715 1722 ieii‘ssissffiii3ffiffi³uf¹ssefflfiss
737 1656 998 1725 ἦὲἑῗξὲῗῖῑῖῗρὲώ
1009 1659 1187 1727 i'zbrllmeoem

108 1702 190 1722 amici
215 1703 229 1722 a
301 1703 316 1722 u
333 1703 340 1721 i
726 1715 733 1727 ‚
885 1707 887 1710 ¹
992 1719 997 1724 .
1034 1707 1050 1725 o
1084 1720 1089 1726 .
1140 1709 1187 1728 rae-

65 1730 95 1760 ci
106 1739 167 1760 eam
176 1703 360 1760 Carchgdona
372 1730 570 1759 nominarunt:
593 1729 748 1760 Hadrianus
761 1738 855 1761 autem
869 1707 1021 1771 imperaiior
1034 1735 1187 1766 Hadriano-

15 1775 17 1779 *
66 1767 147 1806 polin
158 1790 166 1803 ,
187 1768 253 1798 teste
268 1769 411 1806 Spartiano
421 1777 481 1804 cap.
495 1777 539 1796 20.
562 1769 588 1797 ἃ
600 1768 717 1798 ridicule
729 1769 925 1807 perditissimus
940 1772 1091 1810 imperator
1104 1774 1188 1804 Com.

65 1806 178 1840 modus,
192 1806 427 1844 quemadmodum
438 1805 531 1835 scribit
541 1805 717 1843 Lampridius
728 1829 735 1840 .
757 1817 819 1845 cap.
836 1818 874 1845 ³7-
901 1809 1091 1840 Alexandriam
1105 1811 1190 1841 Com·

64 1844 229 1910 mlodianam
243 1844 388 1911 Tiogatam.
421 1843 555 1874 Meminit
572 1843 654 1880 hujus
668 1845 743 1874 urbis
761 1845 858 1875 multis
872 1846 969 1882 Justin.
983 1848 1032 1877 lib.
1049 1854 1090 1883 ¹8·
1113 1851 1139 1880 δι
1157 1851 1188 1882 in

65 1881 88 1911 F
101 1882 186 1911 oridis
200 1883 218 1912 A
242 1893 259 1912 u
273 1884 340 1911 eius.

65 1918 112 1950 Est
122 1921 147 1949 ἃ
158 1919 224 1950 Cart
245 1930 297 1958 ago
309 1929 382 1949 nova
392 1942 400 1953 ,
422 1928 505 1957 quam
517 1919 574 1948 dux
587 1918 736 1949 Poenorum
749 1920 902 1952 Hasdrubal
914 1923 1042 1954 condidit
1051 1925 1079 1954 in
1090 1925 1188 1964 Hispa.

87 1958 136 1987 nia
151 1957 259 1988 Baetica.
280 1960 380 1988 Auctor
391 1957 486 1995 Pomp.
505 1957 581 1987 Mela
597 1957 645 1986 lib.
658 1967 683 1986 2.
696 1962 720 1987 6.
762 1959 829 1988 Haec
843 1970 857 1989 a
877 1961 1010 1999 Scipione
1029 1970 1187 2001 expugnata

84 1995 124 2025 est
135 2017 143 2031 ,
165 1995 286 2033 Magone
298 2018 307 2031 ‚
327 2005 384 2025 non
398 1995 452 2025 sine
462 1994 570 2024 suorum
581 1995 660 2024 clade
671 1995 697 2024 se
707 1996 837 2027 dedente.
862 1998 918 2027 Liv.
930 1999 978 2029 lib.
991 2004 1035 2030 26.
1053 2010 1097 2037 43.
1113 2008 1183 2032 extr.

83 2032 125 2063 Ad
136 2032 332 2070 Carthaginem
345 2056 354 2069 ‚
375 2034 487 2072 inquit,
508 2043 608 2062 novam
621 2036 852 2071 expugnandam,
871 2037 937 2066 totis
958 2038 1062 2068 viribus
1073 2061 1081 2075 ,
1103 2041 1129 2069 ec
1139 2039 1187 2070 bo-

84 2080 122 2100 no
130 2072 223 2101 animo
233 2070 409 2101 transeamus.
452 2071 535 2101 Nunc
545 2071 628 2107 vulgo
641 2075 783 2108 Cartagena
794 2073 902 2104 dicitur.

18 2119 19 2122 ¹
65 2107 129 2140 Fuit
139 2110 164 2139 δι
175 2109 228 2139 alia
239 2109 374 2147 Carthago
385 2131 393 2145 ,
415 2108 500 2139 Vetus
513 2110 708 2147 cognominata
718 2131 725 2143 ,
747 2111 848 2140 eodem
862 2112 891 2140 in
903 2111 1005 2142 littore.
1039 2113 1097 2144 Cic.
1114 2124 1136 2144 r.
1150 2115 1186 2145 de

84 2146 157 2185 Lege
167 2149 227 2185 Agr.
239 2157 262 2182 ς.
302 2147 362 2176 Post
371 2154 464 2177 autem
475 2157 555 2184 agros
565 2169 572 2180 .
594 2148 685 2184 inquit
695 2170 700 2180 ,
724 2148 751 2176 in
763 2148 895 2186 Hispania
906 2151 980 2188 apud
990 2151 1185 2190 Carthaginem

84 2184 188 2215 novam
200 2206 207 2220 ,
229 2185 349 2215 duorum
359 2185 524 2223 Scipionum
536 2185 639 2214 eximia
652 2185 752 2214 virtute
763 2187 894 2224 possessos
906 2209 914 2223 ‚
935 2195 994 2218 tum
1007 2189 1093 2227 ipsam
1110 2198 1186 2221 vete-

84 2232 142 2253 rem
157 2223 353 2261 Carthaginem
364 2223 498 2253 vendunt.
520 2223 578 2253 Sita
588 2223 641 2252 fuit
651 2223 726 2253 haud
733 2225 833 2262 procul
845 2225 1004 2256 Tarracone
1015 2249 1023 2264 ‚
1044 2230 1070 2258 δι
1086 2238 1101 2258 a
1111 2229 1187 2259 Teu..

85 2270 132 2291 cro
143 2262 265 2291 condita.
286 2261 321 2291 de
331 2271 383 2298 qua
395 2261 441 2291 Sil.
452 2260 500 2290 lib.
516 2270 539 2297 3.
552 2265 615 2297 368.

143 2298 199 2329 Dat
211 2299 347 2336 Carthago
355 2300 437 2334 viros,
458 2299 569 2328 Teucro
578 2298 695 2329 fundata
705 2299 819 2330 vetusto.
903 2301 1026 2338 [Verum
1037 2303 1138 2333 Silium
1150 2304 1186 2334 de

83 2335 164 2366 Nova
180 2337 345 2375 Carthagine
354 2336 430 2373 loqui
444 2346 479 2366 ex
494 2337 590 2372 Justin.
605 2346 649 2373 43.
664 2346 685 2371 ι.
703 2337 808 2374 liquet,
829 2338 938 2369 Tullius
950 2347 1041 2370 autem
1065 2341 1092 2371 se
1107 2343 1187 2372 Vete-

82 2383 142 2404 rem
150 2375 180 2404 in
189 2375 277 2405 Africa
289 2375 481 2412 Carthaginem
494 2374 650 2412 intelligere
662 2375 769 2405 disertis
779 2377 868 2406 verbis
881 2379 936 2415 Agr.
957 2388 982 2408 2.
1003 2389 1045 2414 51.
1059 2380 1182 2410 testatur.

76 2411 189 2443 'Veteris
197 2422 263 2443 vero
272 2412 445 2450 Carthaginis
455 2413 485 2442 in
496 2412 628 2451 Hispania
637 2423 709 2442 unus
727 2415 858 2444 meminit
872 2415 987 2447 Ptolem.
1030 2417 1060 2447 V.
1084 2418 1183 2449 Cellar.

58 2474 59 2478 ,
84 2450 170 2488 Geog.
184 2452 275 2488 Antiq.
289 2459 314 2480 2.
329 2460 352 2480 1.
366 2459 390 2487 3.
407 2459 468 2487 103·

64 2486 219 2526 Carthago.
241 2488 308 2518 Filia
316 2488 452 2518 Herculis.
494 2488 552 2518 Cic.
564 2497 587 2525 3.
610 2488 645 2518 de
662 2488 724 2518 Nat.
736 2489 817 2519 Deor.
832 2499 876 2526 4²·
908 2491 1031 2527 Quartus
1050 2493 1186 2525 Hercules

81 2525 157 2561 Jovis
168 2528 194 2556 &
208 2527 314 2556 Asteriae
327 2526 437 2556 Latonae
453 2526 551 2556 sororis
564 2548 572 2563 ‚
595 2527 642 2565 qui
661 2526 728 2565 Tyri
746 2528 867 2558 maxime
888 2529 1006 2566 colitur,
1028 2532 1107 2568 cujus
1119 2532 1188 2562 Car-

82 2563 222 2602 thaginem
234 2564 318 2594 filiam
335 2565 435 2594 ferunt.

62 2598 164 2632 Terror
177 2602 291 2640 imperii
301 2602 447 2640 Carthago.
479 2601 537 2632 Cic.
550 2611 601 2640 pro
614 2601 723 2632 Muren.
739 2609 781 2637 58.
804 2603 849 2633 Bis
861 2604 965 2635 Consul
975 2605 1064 2637 fuerat
1075 2607 1100 2637 P.
1116 2609 1184 2638 Afri.

81 2649 180 2706 galitas:
201 2642 228 2670 &
247 2641 318 2708 dglos
338 2647 455 2670 terrores
465 2640 547 2677 huJ'us
558 2641 688 2678 imperii,
708 2641 904 2680 Carthaginem
918 2665 926 2679 ‚
947 2644 1185 2685 Numantiamque

104 2687 118 2707 e
131 2684 223 2707 everat
235 2700 244 2714 ‚
294 2688 318 2708 c.

63 2714 141 2746 Alma
152 2715 299 2754 Carthago.
320 2715 368 2746 Sil.
380 2715 429 2745 lib.
445 2724 487 2753 13.
580 2730 618 2736 —
627 2716 645 2745 si
658 2726 734 2746 nunc
744 2717 872 2749 existeret
880 2718 952 2750 alma

144 2753 280 2792 Carthago
289 2760 354 2784 ante
364 2753 462 2784 oculos
471 2775 480 2790 ‚
501 2754 599 2784 turrita
609 2753 678 2784 celsa
691 2754 784 2792 figura.

63 2789 131 2821 Alta.
153 2791 223 2830 Virg.
237 2802 263 2827 4.
281 2792 398 2829 AEn.27.

141 2829 286 2868 Suspedtas
295 2829 417 2860 habuisse
425 2829 524 2859 domos
540 2830 712 2868 Carthaginis
723 2830 795 2862 altae·

64 2866 193 2905 Antiqua.
216 2867 313 2897 Claud.
329 2868 365 2897 de
373 2867 441 2897 Bell.
454 2867 529 2897 Gild.
545 2873 607 2903 518.

63 2902 175 2941 Diveso
198 2915 245 2935 um
257 2905 404 2942 Carthago.
427 2905 500 2943 Virg.
516 2916 538 2935 r.
555 2906 616 2936 AEn.
630 2916 672 2942 17.

153 2916 224 2973 Upbs
233 2944 347 2982 antiqua
355 2944 422 2973 fuit:
444 2943 522 2981 Tyrii
533 2951 647 2974 tenuere
663 2944 776 2979 coloni,

154 2981 309 3020 Carthago,
330 2981 436 3011 Italiam
452 2989 549 3011 contra
560 3004 568 3016 ‚
589 2981 783 3020 Tyberinaque
793 2980 878 3019 longe

154 3019 231 3049 Ostia
241 3042 250 3055 ‚
271 3020 349 3049 dives
357 3029 462 3057 opum,
482 3019 630 3057 studiisque
640 3019 787 3059 asperrima
800 3019 876 3051 belli.

64 3052 161 3095 Impia.
183 3057 251 3087 Hor.
262 3068 287 3093 4.
301 3057 389 3087 Carm.
400 3063 425 3091 8.
443 3066 485 3095 17.

80 3124 83 3125 .
141 3095 208 3125 Non
222 3095 354 3125 incendia
364 3095 538 3134 Carthaginis
548 3095 651 3134 impiae.

57 3130 168 3166 11nvida.
188 3133 256 3163 Hor.
269 3133 357 3171 Epod.
369 3143 394 3171 7.
414 3144 438 3169 ς.
679 3170 686 3178 .

152 3171 220 3202 Non
230 3178 262 3202 ut
275 3171 404 3211 superbas
415 3171 518 3202 invidae
529 3171 702 3210 Carthaginis

192 3210 336 3242 Romanus
345 3220 421 3241 arces
433 3215 535 3240 ureret.

2 2081 8 2098 ’“”
0 1960 14 2065 9050-

0 2308 17 2995 -W-.W=-3-.-=mxr·³-===·ez·‹
0 2258 15 2292 υ»
6 2232 7 2235 Α
0 2146 13 2213 *aa

63 3243 174 3287 Magna.
197 3249 264 3279 Hor.
279 3259 303 3287 3.
316 3249 406 3279 Carm.
420 3260 444 3284 ς.
461 3257 506 3285 39.

36 3310 38 3313 -
58 3306 72 3322 ῃ
113 3304 115 3306 -
154 3287 181 3318 Ο
193 3296 293 3325 magna
305 3287 442 3325 Carthago
452 3285 588 3325 probrosrs

191 3326 279 3355 Altior
291 3324 377 3355 Italiae
391 3326 486 3355 ruinis.

0 3359 18 3391 'ta
63 3360 145 3396 Nova
184 3363 260 3394 Tum
270 3373 367 3394 recens
382 3364 506 3393 condita.
526 3361 600 3401 Virg.
615 3373 638 3393 1.
653 3362 715 3394 AEn.
731 3371 793 3402 370.
928 3372 1073 3394 -eernes

153 3386 262 3433 Moenia
270 3424 279 3438 ‚
299 3401 510 3440 surgentemque
520 3411 599 3431 novae
608 3401 780 3439 Carthaginis
790 3409 892 3432 arcem.

0 3447 19 3466 τ·-
64 3437 175 3470 Perfida.
196 3440 244 3471 Sil.
253 3440 300 3470 lib.
315 3450 357 3478 13.
474 3456 512 3461 --
522 3450 571 3470 cur
601 3439 686 3469 erfida
697 3440 795 3470 &urbi

154 3478 245 3510 Altera
256 3478 517 3517 Carthagonostrae,
538 3487 575 3516 po
606 3477 809 3516 foederarupta.

63 3511 149 3553 Tyria
162 3538 172 3554 ,
199 3515 240 3546 Ab
257 3517 373 3554 origine.
398 3517 469 3554 Virg.
478 3528 504 3552 4.
519 3516 655 3550 [En.224.

256 3571 294 3577 --
302 3554 388 3593 Tyria
397 3554 562 3592 Carthagine
573 3554 620 3590 qui
631 3562 706 3582 nunc
786 3550 931 3590 Expectat.

14 3600 15 3604 ¹
62 3600 82 3621 A
91 3600 163 3622 ari-1
171 3596 189 3623 ἰ
197 3603 217 3622 c
225 3593 265 3623 ⁸1⁴1<
275 3604 284 3622 ι
292 3603 307 3622 iz
315 3603 337 3622 N
346 3603 359 3622 s
367 3604 377 3622 1
386 3602 398 3622 s
409 3615 418 3628 ‚
440 3603 465 3622 e.
487 3588 702 3628 [Koegxnehluoss
723 3591 815 3621 Dictio
825 3590 872 3620 sex
887 3586 1052 3634 syllabarum
1063 3611 1072 3626 ,
1092 3595 1123 3634 ut
1133 3590 1183 3620 do-

11 3637 14 3642 ·
67 3635 112 3660 cet
119 3630 243 3661 Priscian.
252 3631 300 3661 lib.
311 3643 338 3667 4.
359 3631 462 3660 dicitur
481 3630 538 3666 Qui
552 3631 590 3659 est
600 3639 635 3658 ex
647 3628 823 3667 Carthagine.
845 3665 850 3672 ¹
864 3629 914 3658 Sin
921 3637 986 3657 vero
997 3650 1005 3663 ,
1026 3634 1065 3657 ait
1074 3627 1183 3658 Priscia-

15 3679 17 3683 ·
66 3675 118 3698 nus
128 3690 137 3704 ‚
156 3670 244 3698 tertiae
257 3669 310 3698 sint
325 3669 522 3698 declinationis
533 3690 541 3703 ‚
559 3667 695 3703 abjiciunt
710 3677 722 3697 s
737 3667 869 3705 genitivi,
890 3667 917 3695 ἅ
938 3665 1077 3710 assumunt
1095 3667 1182 3702 ensis,

67 3711 99 3735 ut
107 3706 190 3736 Pistor
202 3707 309 3737 Pistoris
319 3706 500 3742 pistoriensis,
521 3706 657 3743 Carthago
672 3703 844 3742 Carthaginis
861 3703 1098 3747 Carthaginiensis.
1138 3705 1183 3734 Est

65 3744 142 3810 lqpud
153 3744 211 3774 Cic.
223 3755 274 3782 pro
286 3745 369 3775 Corn.
382 3743 459 3775 Balb.
472 3753 515 3780 5²·
535 3744 637 3774 summi
655 3742 713 3779 (sic
722 3744 798 3772 enim
809 3742 912 3778 vocat)
933 3741 1075 3778 cujusdam
1090 3750 1182 3780 poetae

88 3790 122 3812 oc
135 3791 247 3812 carmen

158 3804 272 3849 Hostem
283 3820 330 3857 qui
341 3820 439 3856 feriet,
459 3819 530 3849 mihi
545 3819 598 3848 erit
609 3817 848 3856 Carthaginiensis.

68 3854 304 3895 Carthaginienses
315 3858 395 3888 multi
407 3859 505 3888 Rornae
518 3857 678 3886 servierunt.
703 3856 760 3886 Cic.
776 3866 798 3891 3.
811 3853 895 3885 Tusc.

67 3889 247 3924 Fraudulenti
259 3895 496 3933 Carthaginienses
506 3897 532 3925 δι
540 3895 698 3924 mendaces.
738 3894 796 3923 Cic.
809 3903 834 3923 2.
853 3894 889 3922 de
898 3891 971 3930 Lege
982 3892 1041 3930 Agr.
1051 3903 1095 3930 94.
1120 3892 1184 3938 Car.

87 3931 269 3971 thaginienses
287 3934 494 3964 fraudulenti&
511 3933 660 3963 mendaces
671 3954 680 3969 ,
699 3941 759 3962 non
774 3941 893 3970 genere,
920 3931 969 3961 sed
988 3937 1086 3962 natura
1108 3930 1183 3967 loct,

1589 113 1871 148 CAR
2323 128 2388 165 445

1300 191 1375 227 quod
1385 197 1497 228 propter
1505 199 1603 229 portus
1621 193 1682 222 suos
1691 215 1698 227 ,
1719 192 1813 221 multis
1824 194 1850 222 &
1861 194 1941 222 variis
1952 198 2137 225 mercatorum
2149 195 2317 228 sermonibus
2328 221 2335 235 ‚
2357 201 2392 229 ad

1296 229 1415 258 studium
1431 229 1544 258 fallendi
1557 252 1565 263 .‚
1587 231 1676 259 studio
1687 231 1802 266 quaestus
1813 232 1988 260 vocabantur.

1240 264 1262 294 C
1275 275 1288 292 A
1301 275 1344 293 nr
1356 277 1371 294 ri
1386 278 1403 295 A
1415 277 1428 294 κ
1441 279 1448 294 ι
1460 277 1476 295 υ
1489 278 1499 296 s
1510 289 1517 298 ,
1540 278 1553 295 a
1564 290 1571 300 ,
1594 278 1649 296 uni.
1676 269 1734 301 lidi.
1757 275 1806 303 ut,
1829 269 1954 298 Nascitur
1969 270 1996 297 in
2014 270 2153 299 carthariis
2168 270 2243 300 locis.
2267 273 2345 310 Apul.
2358 274 2394 304 de

1280 303 1362 332 lietb.
1379 315 1438 340 cap.
1455 314 1476 333 1.
1519 305 1621 339 [Stciv.
1647 306 1803 334 Chartiiriis.
1844 308 1929 342 Quod
1942 307 2049 342 quidsit
2062 307 2162 336 nescio.

1241 338 1263 368 C
1274 350 1290 367 A
1304 349 1317 367 R
1334 351 1346 368 ι’
1358 351 1375 369 Η
1388 351 1399 368 ii
1410 351 1427 368 o
1438 352 1454 369 ο
1465 352 1484 369 N
1495 364 1503 375 ,
1525 343 1540 370 i.
1557 353 1583 371 n.
1608 343 1676 371 Buxi
1698 353 1811 379 granum
1824 344 1869 373 est.
1894 344 1961 373 Plin.
1974 344 2022 373 lib.
2038 348 2078 373 16.
2102 355 2162 382 cap.
2177 354 2219 379 30.
2234 355 2271 382 pr.
2313 348 2394 382 [Ubi

1278 376 1339 406 Mis
1364 379 1526 415 Graraegum.
1552 380 1633 409 liard.
1659 382 1823 418 Crseta‘gum.
1846 390 1914 419 puto
1924 404 1932 415 ,
1955 382 2019 418 quia
2039 382 2140 411 Graecis
2160 380 2309 417 v-ssx‘wnv&
2322 407 2328 417 ,
2353 385 2396 415 vel

1279 413 1403 449 κρφῗοιηω»
1419 416 1528 453 Mespili
1540 426 1626 453 genus
1638 418 1769 448 silvestris.
1810 419 1891 449 Forte
1912 427 2005 449 tamen
2017 419 2182 449 diminutiva
2197 420 2284 450 forma
2298 422 2396 452 Cratae-

1280 452 1345 487 gion
1358 454 1516 488 legendum.

1243 488 1317 517 CAR
1333 500 1468 525 rnaiA,
1502 491 1532 520 V.
1555 501 1758 521 CAR‘I'HIEA.

1244 526 1266 553 C
1277 536 1293 553 A
1305 536 1318 554 a
1328 537 1347 555 ἰ-
1359 538 1366 555 i
1378 538 1392 554 n
1402 530 1418 556 ῠ
1428 539 1443 555 L
1453 538 1469 556 u
1481 539 1500 555 M
1516 550 1523 562 ,
1547 530 1564 557 i.
1581 539 1606 557 n.
1630 530 1731 559 Mensae
1742 539 1827 565 genus
1840 541 1927 561 unum
1940 531 2014 569 quod
2030 531 2057 561 in
2067 531 2218 562 coenaculis
2229 533 2396 570 ponebatur,

1280 564 1355 599 prius
1367 564 1542 594 Gertibulum
1554 567 1667 595 dimini.
1710 568 1738 596 ln
1751 569 1876 598 tricliniis
1889 571 1973 603 enini,
1995 571 2081 599 stratis
2092 571 2277 605 tribuslcctis.
2301 572 2327 600 in
2340 574 2399 608 qui-

1280 601 1331 630 bus
1349 602 1608 639 prisciilliscdentcs
1620 606 1811 640 coenitabant,
1833 614 1886 635 tres
1901 607 1978 636 suiil'e
1992 607 2097 637 mensas
2121 608 2201 637 Varro
2220 609 2351 644 significat
2363 611 2398 639 de

1282 638 1310 667 L.
1325 639 1353 668 L.
1369 650 1392 674 4.
1404 644 1429 668 6.
1457 649 1491 669 ex
1503 641 1665 675 quibusuna
1677 643 1778 672 vinaria
1797 645 1916 673 rutunda
1934 645 2104 682 cylihathum
2123 646 2212 681 dicta,
2234 658 2248 676 a
2267 648 2375 684 poculis
2388 669 2397 683 ,

1281 685 1340 711 qua:
1353 678 1454 707 κωίιῳις
1465 678 1550 706 Graeci
1564 686 1679 707 vocant:
1701 679 1783 709 alteru
1793 682 1899 710 vinaria
1914 683 2006 712 mensa
2024 690 2082 712 erat
2098 683 2207 721 lapidea
2219 707 2226 719 ,
2249 686 2397 721 quadrata,

1281 713 1403 750 oblonga
1423 724 1476 743 una
1489 713 1637 744 columella
1653 716 1780 752 suffulta,
1803 719 1952 749 vocabatur
1962 720 2146 751 cartibulum:
2168 723 2264 757 tertia,
2284 723 2400 759 quadra.

1281 758 1309 781 ta
1321 774 1328 785 ,
1349 760 1408 789 quae
1420 751 1478 780 vasa
1490 753 1648 788 detinebat,
1669 755 1713 782 cui
1723 757 1862 785 urnarium
1879 758 1974 786 dixere
1986 768 2098 787 nomen.

1244 788 1266 818 C
1278 799 1296 818 A
1309 799 1322 817 a
1332 799 1350 817 r
1360 800 1369 816 1
1379 800 1394 817 1.
1404 793 1420 818 Ti
1433 799 1449 817 c
1459 799 1487 823 ο,
1507 791 1570 819 inis.
1592 790 1608 818 f.
1629 790 1778 827 [χόνδὶαῶυ]
1805 793 1865 822 Pars
1877 795 1999 825 similaris
2009 796 2145 833 corporis,
2160 806 2192 825 ex
2205 796 2339 834 spermate
2355 807 2400 835 ge-

1282 827 1339 855 nita
1352 848 1359 860 ,
1382 836 1442 863 quae
1453 833 1544 855 tamen
1557 837 1646 864 neque
1657 837 1688 856 os
1702 829 1739 857 est
1751 851 1758 863 ,
1781 840 1871 867 neque
1883 842 1955 866 curo,
1977 833 2023 862 sed
2035 835 2175 870 quoddam
2190 836 2399 872 intermedium,

1283 863 1372 901 qualis
1381 864 1419 893 est
1429 870 1487 893 tota
1497 865 1568 893 auris
1582 887 1589 897 ,
1612 868 1637 894 &
1647 871 1776 895 extrema:
1794 875 1877 897 iartes
1888 869 2182 901 ossiunimotoriorum.
2207 872 2273 902 l’lin.
2292 874 2339 902 lib.
2356 884 2398 904 ii.

1283 912 1343 939 cap.
1357 912 1384 936 4.
1429 902 1532 931 {usecia
1553 912 1610 931 non
1635 903 1767 933 videntur
1786 878 1888 935 habere
1903 908 2100 945 cartilaginem.
2142 910 2175 938 Et
2201 910 2248 939 lib.
2275 922 2315 946 ις.
2339 921 2402 950 cap.

1283 945 1327 972 28.
1351 939 1440 968 Carne
1462 940 1561 978 palmae
1576 940 1709 978 placent,
1730 942 1816 971 crusta
1835 943 2001 981 Thebaicae,
2030 946 2111 975 succo
2132 957 2192 976 uvae
2209 950 2234 977 84
2254 957 2401 986 caryOttae,

1281 975 1423 1044 ilancscpsim
1432 987 1465 1007 ac
1475 978 1548 1007 mala
1557 1000 1565 1013 ,
1587 987 1704 1016 corpore
1717 979 1858 1010 melimela
1868 1003 1876 1017 ‚
1901 991 1978 1012 mora
1998 984 2158 1022 cartilagine
2168 1007 2176 1021 ‚
2197 987 2288 1016 nuclei
2305 997 2401 1025 grano.

1308 1038 1314 1044 .
1389 1025 1403 1044 e
1426 1038 1431 1044 .

1245 1052 1294 1083 CA
1307 1063 1322 1081 R
1334 1025 1429 1081 TiLtli
1440 1063 1459 1082 c
1470 1055 1600 1088 irritus,
1624 1063 1640 1082 a
1652 1075 1659 1089 ‚
1682 1063 1738 1083 um.
1761 1055 1822 1090 Adj.
1857 1056 2061 1093 [fflspa‘m-&q
2082 1058 2151 1088 Plin.
2163 1060 2210 1089 lib.
2225 1070 2264 1089 rr.
2280 1071 2340 1099 cap.
2357 1072 2401 1099 ³7·

1282 1090 1337 1120 Sed
1359 1090 1487 1120 auriculae
1510 1091 1656 1126 omnibus.
1679 1092 1781 1121 animal
1802 1094 1937 1123 duntaxat
1956 1098 2150 1131 generantibus
2167 1106 2285 1136 excepto
2301 1101 2352 1130 Sec.
2375 1102 2403 1130 δε

1283 1138 1343 1166 quae
1353 1128 1530 1166 cartilaginea
1540 1129 1748 1167 appellavimus.
1791 1131 1821 1160 V.
1844 1133 1965 1161 eundem
1981 1133 2027 1161 lib.
2038 1143 2064 1167 9.
2080 1144 2141 1172 cap.
2155 1145 2199 1170 24.

1245 1166 1293 1196 CA
1303 1176 1318 1194 r.
1327 1175 1346 1194 T
1357 1177 1366 1194 1
1377 1177 1393 1194 L
1402 1176 1420 1195 A
1429 1176 1447 1194 G
1456 1177 1465 1195 1
1476 1176 1496 1195 Ν
1507 1170 1523 1196 ὅ
1533 1176 1546 1196 s
1556 1177 1575 1195 U
1584 1176 1606 1201 s,
1628 1177 1642 1196 a
1658 1189 1665 1202 ‚
1689 1177 1746 1197 um.
1770 1168 1828 1204 Adj.
1852 1167 2012 1207 [74:⁹3thss
2033 1171 2061 1200 h.
2075 1179 2100 1201 e.
2122 1173 2246 1202 Mediam
2257 1175 2403 1205 consisten-

1283 1205 1351 1233 tiam
1369 1203 1475 1233 habens
1487 1205 1559 1234 inter
1572 1205 1672 1234 durum
1683 1206 1708 1235 &
1725 1205 1819 1236 molle.
1840 1214 1871 1236 ut

1282 1241 1438 1272 Galbanum
1451 1242 1684 1279 cartilaginosum.
1727 1243 1794 1273 Plin.
1806 1244 1853 1274 lib.
1870 1254 1911 1275 12.
1924 1255 1985 1283 cap.
1998 1255 2043 1280 ας.
2066 1246 2119 1275 Dat
2134 1248 2159 1277 ὁὶ
2169 1248 2316 1284 galbanum
2326 1251 2403 1288 Syria

1302 1280 1331 1308 in
1340 1281 1443 1309 eodem
1455 1283 1558 1309 Amano
1569 1287 1664 1310 monte
1676 1291 1690 1309 e
1700 1281 1787 1311 ferula
1796 1304 1804 1318 ‚
1825 1293 1908 1320 quam
1918 1284 2045 1318 eiusdem
2067 1286 2188 1314 nominis
2210 1287 2302 1316 resinae
2316 1290 2402 1318 modo

1303 1318 1450 1354 stagonitin
1471 1318 1623 1356 appellant.
1665 1319 1750 1355 Quod
1760 1321 1880 1350 maxime
1892 1322 2015 1357 laudant,
2037 1323 2276 1361 cartilaginosum,
2301 1335 2403 1362 purum

1302 1355 1338 1384 ad
1362 1355 1570 1385 similitudinem
1585 1358 1771 1392 ammoniaci,
1793 1359 1963 1396 minimeque
1979 1359 2124 1397 lignosum.

1245 1392 1412 1423 CAaTRis
1424 1416 1432 1429 ‚
1454 1394 1485 1423 is.
1508 1394 1525 1423 f.
1550 1393 1714 1430 [Kaereif]
1736 1395 1912 1426 Cimbrorum
1929 1397 2074 1433 peninsula
2086 1420 2093 1433 ‚
2116 1398 2228 1428 dicente
2245 1399 2300 1428 l’lin
2321 1399 2400 1437 lib.4.

1282 1439 1345 1469 cap.
1361 1440 1402 1466 13.
1426 1432 1653 1461 promontorium
1672 1432 1849 1464 Cimbrorum
1865 1444 2015 1465 excurrens
2027 1436 2057 1464 in
2069 1436 2153 1465 maria
2172 1436 2255 1474 longe
2276 1439 2404 1475 peninsu-

1283 1469 1339 1499 lam
1351 1469 1436 1499 efficit
1446 1492 1454 1506 ‚
1477 1479 1536 1507 quae
1550 1469 1650 1499 Cartris
1662 1470 1824 1508 appellatur.

1244 1505 1268 1535 C
1277 1517 1296 1536 A
1307 1517 1322 1535 a
1332 1517 1348 1536 v
1360 1518 1368 1534 ι
1380 1518 1394 1535 L
1406 1518 1415 1536 i
1426 1518 1443 1536 υ
1453 1518 1475 1543 s,
1497 1506 1687 1544 [καςςίλιῶ]
1710 1509 1819 1539 Nomen
1829 1516 1902 1547 gent.
1915 1510 1965 1539 Ro.
1982 1510 2029 1548 Sp.
2044 1511 2178 1542 Carvilius
2186 1513 2265 1541 victis
2276 1513 2406 1544 Samniti-

1282 1544 1332 1574 bus
1356 1544 1456 1575 sacrata
1470 1545 1532 1582 lege
1544 1546 1733 1583 pugnantibus
1743 1568 1751 1582 ‚
1773 1557 1789 1576 e
1800 1548 1985 1585 pectoralibus
1995 1557 2092 1578 eorum
2102 1550 2243 1587 ocreisque
2259 1553 2283 1580 (t
2297 1551 2381 1587 galeis
2393 1574 2403 1588 ,

1281 1581 1379 1619 Jovem
1391 1605 1399 1619 ‚
1423 1584 1469 1621 qui
1480 1584 1519 1612 est
1535 1584 1565 1612 in
1578 1584 1718 1621 Capitolio
1730 1606 1738 1619 ‚
1758 1584 1825 1615 fecit
1835 1608 1843 1621 ‚
1864 1586 2050 1624 amplitudine
2062 1593 2138 1617 tanta
2148 1609 2156 1624 ‚
2178 1595 2209 1617 ut
2220 1589 2406 1627 conspiciatur

1282 1630 1298 1650 a
1313 1620 1431 1650 Latiario
1440 1620 1509 1657 Jove
1524 1643 1532 1657 ,
1557 1623 1670 1650 auctore
1683 1622 1750 1651 Plin.
1765 1623 1813 1652 lib.
1825 1633 1867 1660 34.
1882 1634 1943 1662 cap.
1957 1633 1984 1661 7.

1282 1658 1525 1689 Commemoratur
1539 1669 1554 1689 a
1573 1659 1662 1688 Plinio
1679 1662 1704 1689 Sc
1721 1660 1790 1690 alter
1800 1661 1934 1691 Carvilius
1948 1684 1957 1697 ‚
1978 1668 2168 1699 cognomento
2191 1663 2277 1693 Pollio
2290 1685 2299 1698 .,
2319 1675 2404 1702 eques

1300 1696 1442 1726 Romanus
1453 1719 1461 1733 ‚
1484 1698 1530 1734 qui
1538 1697 1666 1727 tricliniis
1676 1698 1837 1735 quibusdam
1847 1705 1992 1735 argentum
2003 1700 2139 1730 addidisse
2155 1701 2260 1739 primus
2270 1703 2384 1732 traditur
2394 1725 2405 1739 ,

1300 1744 1359 1800 {ign
1373 1741 1404 1764 ut
1416 1736 1556 1773 operiret,
1577 1741 1625 1765 aut
1646 1742 1677 1765 ut
1697 1736 1810 1766 Deliaca
1822 1736 1912 1776 specie
1923 1738 2047 1774 faceret,
2070 1739 2117 1768 sed
2133 1739 2245 1769 Punica.
2289 1740 2318 1770 V.
2339 1751 2406 1771 euin

1314 1782 1321 1800 i
1345 1795 1350 1801 .
1370 1782 1380 1807 3
1407 1795 1413 1802 .
1432 1783 1463 1802 ca
1486 1796 1493 1803 .
1510 1783 1552 1802 11.

1280 1809 1328 1847 Sp.
1353 1782 1487 1840 Caiviiiii}
1499 1811 1605 1849 primus
1618 1810 1714 1840 Romae
1722 1811 1936 1842 Grammaticam
1946 1813 2076 1843 mercede
2086 1813 2191 1843 docuit.
2215 1815 2304 1850 Hujus
2312 1823 2406 1846 autem

1300 1855 1434 1886 patronus
1449 1871 1456 1883 ,
1478 1849 1522 1886 Sp.
1542 1848 1693 1884 Carvilius,
1715 1857 1904 1887 cognomento
1915 1850 2009 1889 Ruga,
2031 1852 2135 1889 primus
2151 1853 2247 1882 Romae
2263 1864 2379 1883 uxorem
2395 1876 2404 1889 ‚

1299 1886 1375 1923 quod
1389 1886 1486 1916 sterilis
1496 1886 1572 1922 esset,
1594 1886 1725 1916 dilectam
1735 1888 1809 1922 licet,
1831 1890 2006 1926 repudiavit,
2029 1890 2104 1927 quod
2117 1890 2205 1925 jurare
2215 1901 2230 1919 a
2242 1892 2403 1921 censoribus

1301 1925 1413 1953 coactus
1426 1932 1493 1960 erat,
1515 1925 1540 1953 se
1550 1924 1670 1955 liberam
1680 1926 1861 1963 quaerendum
1867 1928 1955 1963 gratia
1964 1927 2134 1958 habiturum.
2148 1930 2249 1958 Auctor
2259 1930 2361 1966 Gell.4.
2378 1940 2403 1966 3.

1305 1962 1331 1990 δι
1341 1962 1410 1992 Plut.
1424 1962 1524 1999 Quaest.
1537 1962 1618 1992 Rom.
1636 1973 1678 1999 59.

1244 1997 1505 2035 CARUNCULA,
1527 2000 1559 2030 In
1580 2010 1688 2030 CARo.

1244 2035 1267 2065 C
1277 2046 1296 2064 A
1305 2046 1321 2064 R
1332 2046 1350 2065 u
1359 2047 1371 2066 s
1384 2057 1392 2068 ,
1414 2047 1446 2073 a,
1468 2048 1524 2067 um.
1548 2039 1607 2074 Adj.
1630 2039 1739 2075 [πμείηε
1749 2060 1758 2074 ,
1775 2037 1866 2074 vim&
1875 2061 1884 2075 ‚
1900 2039 2066 2075 τήλῦπμῶ]
2087 2042 2201 2080 proprie
2209 2042 2310 2072 dicitur
2319 2043 2405 2080 Quod

1281 2075 1452 2105 contrarium
1462 2076 1500 2105 est
1511 2076 1562 2105 Vili
1577 2086 1584 2106 :
1607 2084 1655 2112 ut,
1677 2078 1875 2106 Annonacara.
1897 2078 1955 2107 Cic.
1966 2088 1991 2107 2.
2004 2080 2040 2107 de
2052 2079 2146 2109 Divin.
2161 2092 2203 2115 59.
2226 2081 2349 2110 Putarem
2358 2092 2406 2110 an-

1281 2121 1386 2141 nonam
1399 2113 1428 2142 in
1442 2114 1561 2143 macello
1570 2115 1706 2144 cariorem
1715 2115 1783 2144 fore.
1807 2115 1884 2145 Idem
1895 2125 1945 2154 pro
1957 2116 2050 2145 Domo
2064 2126 2105 2152 14.
2123 2118 2220 2148 Subito
2231 2118 2279 2148 illo
2290 2119 2347 2157 ipso
2358 2121 2405 2149 die

1280 2150 1448 2180 cariffimam
1461 2161 1603 2181 annonam
1616 2173 1625 2188 ,
1646 2154 1822 2191 necopinata
1830 2154 1921 2183 vilitas
1936 2154 2105 2191 consequuta
2118 2156 2164 2185 est.

1281 2187 1378 2218 Catius
1390 2188 1480 2218 facere
1491 2200 1588 2219 aurum
1604 2189 1740 2220 caelando.
1781 2190 1850 2220 Plin.
1863 2192 1890 2220 in
1903 2201 2021 2229 procem.
2036 2201 2077 2229 33.
2089 2193 2138 2223 lib.
2179 2195 2294 2225 Accessit
2307 2205 2348 2225 ars
2362 2196 2406 2234 pi.

1302 2227 1387 2256 ‹flurae
1398 2249 1406 2262 ,
1432 2228 1458 2257 &
1469 2237 1566 2257 aurum
1578 2235 1778 2266 argentumque
1790 2228 1914 2258 caelando
1926 2230 2015 2259 carius
2025 2229 2151 2261 fecimus.

1280 2262 1349 2294 Non
1357 2264 1395 2293 est
1406 2266 1537 2294 trecentis
1549 2266 1630 2295 minis
1640 2275 1711 2295 cara.
1752 2266 1838 2295 Plaut.
1852 2266 1920 2296 Pers.
1930 2278 1956 2300 4-
1969 2278 1994 2302 4.
2008 2275 2069 2305 ¹¹7·
2093 2269 2159 2306 Abi,
2180 2276 2323 2309 argentum
2337 2271 2403 2301 effer

1301 2301 1372 2331 huc:
1395 2313 1453 2332 non
1465 2303 1574 2341 aedepol
1582 2304 1707 2333 tricentis
1718 2305 1791 2333 mnis
1802 2305 1910 2339 cara’st,
1933 2305 2020 2334 fecisti
2031 2305 2110 2336 lucri.

1243 2338 1267 2368 C
1277 2349 1323 2368 AR
1333 2350 1371 2369 us
1381 2362 1390 2376 ‚
1413 2341 1546 2371 Pretiosus
1559 2364 1566 2377 ,
1588 2342 1619 2371 V.
1642 2352 1689 2371 cn
1701 2352 1719 2370 A
1730 2351 1746 2370 κ
1757 2352 1812 2372 us:
1844 2344 1870 2372 δι
1886 2343 2035 2379 ΟΑΒιτΛε,
2059 2347 2140 2374 Amor
2150 2367 2157 2379 ‚
2187 2344 2217 2374 V.
2243 2355 2401 2377 anaiTAs.

1243 2377 1266 2406 C
1277 2387 1321 2406 AR
1331 2388 1344 2406 iz
1357 2400 1365 2413 ,
1388 2379 1455 2408 Adv.
1478 2380 1601 2415 [τιμίωε]
1622 2386 1668 2415 ut,
1690 2379 1760 2409 Care
1776 2380 1906 2409 aestimare
1916 2402 1924 2415 ‚
1946 2380 2015 2410 Care
2023 2382 2127 2411 venire.
2150 2382 2209 2412 Cic.
2223 2384 2258 2413 ad
2272 2384 2344 2414 Brut.
2358 2388 2400 2415 16.

1283 2415 1368 2445 Valde
1383 2426 1447 2447 care
1457 2418 1572 2447 aestimas
1581 2424 1623 2446 tot
1634 2427 1722 2447 annos
1735 2440 1744 2453 ‚
1766 2424 1835 2455 quot
1844 2419 1891 2448 ista
1901 2424 1964 2448 aetas
1976 2420 2083 2458 recipit.

1243 2453 1416 2484 CARiTAs
1430 2477 1438 2489 ‚
1460 2456 1521 2484 atis.
1544 2455 1561 2485 f.
1587 2455 1709 2492 [ὑςὲςκστε
1720 2478 1728 2490 ‚
1750 2454 1873 2491 mwrleia]
1902 2456 2034 2486 Penuria:
2058 2457 2196 2488 derivatur
2212 2465 2304 2489 autem
2323 2471 2338 2490 a
2353 2461 2402 2490 Ca.

1279 2501 1328 2520 reo
1336 2514 1345 2527 ‚
1367 2493 1443 2530 quod
1454 2493 1586 2531 significat
1597 2493 1661 2522 Non
1670 2493 1758 2523 habeo
1769 2515 1777 2529 ‚
1798 2493 1908 2523 deficio.
1931 2494 2007 2524 Valla
2016 2494 2063 2524 lib.
2076 2506 2103 2531 4.
2113 2505 2172 2534 cap.
2185 2500 2229 2526 62.
2252 2498 2402 2528 Caritatem

1280 2539 1332 2567 pro
1346 2530 1459 2560 Penuria
1469 2531 1631 2568 accipimus.
1668 2531 1723 2561 Sed
1733 2531 1865 2560 frumenti
1876 2533 1988 2570 quidem
2000 2554 2008 2569 ,
2029 2535 2054 2563 8<
2070 2543 2186 2564 annonae
2204 2536 2347 2566 caritatem
2361 2538 2402 2565 di-

1281 2568 1386 2597 cimus:
1411 2569 1555 2598 Penuriam
1568 2579 1652 2603 vero,
1673 2570 1750 2604 vini,
1771 2579 1864 2606 aquae‚
1886 2570 1998 2608 pabuli.
2020 2581 2175 2609 pecorum,
2198 2574 2341 2610 pecuniae⁷
2362 2575 2402 2603 vi.-

1279 2615 1373 2634 rorum
1383 2628 1391 2641 ‚
1412 2613 1622 2644 ceterarumque
1638 2606 1797 2642 hujusmodi
1807 2617 1906 2637 rerum.
1947 2608 1997 2637 Vel
2006 2609 2121 2639 Penuria
2132 2610 2170 2639 est
2181 2633 2187 2644 ,
2210 2618 2241 2640 ut
2251 2611 2285 2640 sic
2296 2612 2399 2647 dicam,

1280 2643 1409 2672 carentia
1424 2644 1552 2673 omnium
1564 2654 1665 2674 rerum.
1707 2644 1810 2674 Caritas
1820 2655 1897 2679 vero,
1918 2656 1979 2683 quae
1986 2648 2125 2676 contraria
2135 2648 2172 2677 est
2184 2648 2298 2678 Vilitati.
2322 2650 2401 2679 [deo-

1280 2691 1334 2718 que
1346 2681 1414 2710 Plin.
1435 2682 1533 2718 Junior
1554 2683 1594 2712 ait
1606 2682 1745 2712 ilcceffiffe
1765 2684 1836 2720 agris
1855 2683 2017 2714 suburbanis
2036 2686 2186 2714 caritatem.
2222 2687 2255 2716 Et
2278 2687 2397 2723 Quintil.

1279 2729 1367 2756 quum
1377 2720 1415 2749 ait
1426 2742 1434 2754 ‚
1458 2720 1553 2757 Itaque
1566 2721 1788 2750 caritasannonae
1799 2743 1807 2757 ‚
1828 2731 1919 2751 rarum
1930 2723 2100 2753 frumentum
2111 2745 2118 2759 ‚
2140 2724 2228 2753 caedes
2240 2734 2271 2753 ac
2281 2726 2400 2762 direptio

1300 2766 1431 2787 ecorum:
1454 2758 1531 2787 idem
1543 2759 1596 2794 est,
1617 2769 1649 2788 ac
1661 2759 1677 2787 si
1695 2758 1828 2795 dixisset,
1852 2761 1950 2790 caritas
1969 2770 2102 2795 annonae,
2123 2763 2240 2799 penuria
2256 2762 2398 2792 frumenti.

1278 2767 1423 2825 haetenus
1432 2795 1514 2826 Valla.
1539 2795 1597 2826 Cic.
1612 2807 1637 2833 5.
1650 2797 1722 2826 Verr.
1737 2805 1781 2834 47.
1803 2797 1908 2826 Caritas
1918 2798 1992 2827 enim
2008 2809 2126 2828 annonae
2135 2799 2264 2834 faciebat,
2285 2808 2316 2829 ut
2328 2801 2398 2830 istud

1279 2834 1356 2869 quod
1365 2843 1395 2863 re
1404 2843 1501 2871 parum
1511 2834 1657 2864 videbatur
1667 2857 1674 2870 ‚
1696 2841 1753 2864 tem
1776 2845 1823 2864 ore
1834 2845 1965 2873 magnum
1978 2837 2127 2866 videretur.

1277 2869 1375 2900 vilitas
1391 2874 1417 2901 &
1429 2872 1548 2907 Caritas.
1571 2873 1714 2902 contraria.
1768 2873 1814 2902 ‘ic.
1827 2883 1850 2907 ς.
1864 2873 1938 2903 Verr.
1950 2877 2013 2904 216.
2038 2875 2153 2904 Biennio
2165 2876 2336 2911 provinciam
2349 2876 2398 2905 ob-

1297 2909 1384 2938 tinuit
1397 2931 1405 2944 ,
1425 2919 1510 2947 quum
1521 2910 1588 2939 alter
1599 2920 1688 2940 annus
1699 2911 1727 2939 in
1735 2910 1842 2940 vilitate
1853 2933 1861 2945 ,
1882 2911 1988 2941 alterin
1997 2912 2103 2941 summa
2115 2914 2226 2941 caritate
2234 2913 2323 2942 suerit.

1277 2946 1310 2976 In
1320 2948 1451 2982 caritate,
1473 2947 1526 2977 asse
1539 2949 1665 2978 modium
1678 2949 1784 2987 populo
1797 2949 1877 2978 dedi-t
1893 2949 1932 2979 M.
1944 2951 2032 2979 Seius.
2051 2950 2111 2979 Cic.
2126 2960 2150 2979 2.
2163 2950 2219 2979 Off.
2237 2956 2277 2985 58·

1276 2983 1310 3014 In
1332 2984 1507 3014 Rhodiorum
1530 2985 1625 3023 inopia
1645 2988 1671 3016 ἂ
1685 2987 1778 3022 fame,
1798 2986 1958 3023 summaque
1979 2997 2097 3017 annonae
2111 2989 2241 3017 caritate.
2263 2998 2396 3026 magnum

1296 3021 1431 3052 frumenti
1442 3033 1591 3053 numerum
1602 3025 1715 3053 advexit
1728 3024 1892 3055 Alexandria
1907 3025 2045 3055 Rhodum.
2069 3025 2124 3054 Cic.
2142 3035 2164 3057 τ.
2188 3025 2243 3054 Off.
2260 3037 2300 3055 ao.

1277 3059 1415 3090 Diuturna
1424 3062 1530 3091 caritas.
1570 3061 1628 3092 Cic.
1639 3072 1690 3100 pro
1701 3063 1793 3092 Domo
1809 3072 1849 3092 12.
1873 3065 1960 3100 Atque
1971 3070 2116 3100 utrumque
2127 3063 2205 3092 fuisse
2220 3063 2395 3101 perspicuum

1296 3098 1335 3126 est
1350 3120 1358 3133 ,
1380 3098 1573 3129 difficultatem
1585 3109 1704 3130 annonae
1716 3123 1724 3136 ‚
1744 3100 1934 3138 summamque
1949 3102 2072 3138 inopiam
2090 3101 2127 3129 rei
2141 3100 2342 3130 frumentariae:
2366 3109 2397 3132 ut

1296 3135 1426 3166 homines
1435 3146 1494 3166 non
1503 3137 1559 3173 jam
1571 3137 1732 3168 diuturnam
1741 3139 1882 3169 caritatem
1895 3161 1902 3174 ,
1922 3138 1970 3168 sed
1987 3146 2019 3168 ut
2034 3139 2138 3167 famem
2153 3137 2235 3175 plane
2245 3139 2375 3169 timerent
2386 3162 2395 3176 ‚

1298 3183 1383 3203 nemo
1395 3184 1430 3204 ne
1451 3181 1486 3204 at.

1276 3210 1394 3241 Praesens
1405 3184 1504 3242 calinas
1513 3219 1587 3249 erat,
1606 3214 1632 3243 &
1644 3213 1733 3244 futura
1746 3211 1840 3244 fames.
1863 3214 1921 3244 Cic.
1932 3223 1984 3252 pro
1998 3213 2090 3243 Domo
2114 3222 2157 3243 12.

1276 3248 1380 3279 Inferre
1387 3251 1530 3280 caritatem
1544 3261 1670 3280 annonae.
1712 3252 1741 3282 V.
1765 3263 1774 3281 1
1782 3262 1802 3281 N
1813 3262 1825 3280 r
1834 3262 1848 3280 a
1858 3262 1874 3280 R
1885 3261 1910 3281 o.

1276 3286 1464 3318 Nummorum
1475 3290 1583 3318 caritas.
1625 3289 1684 3318 Cic.
1692 3298 1718 3325 9.
1732 3291 1786 3319 Att.
1801 3299 1843 3319 ιι.
1866 3290 1949 3319 Nunc
1960 3289 2053 3318 omnia
2066 3288 2114 3318 ista
2129 3289 2220 3325 Jacere
2228 3295 2300 3329 puto
2310 3300 2395 3330 prop.

1296 3330 1338 3354 ter
1349 3335 1528 3355 nummorum
1540 3327 1693 3356 caritatem.
1952 3334 1958 3339 ·

1277 3360 1413 3393 Uberiora
1424 3364 1526 3394 cibaria
1534 3365 1604 3394 faeta
1616 3365 1678 3393 sunt
1687 3365 1810 3394 caritate.
1835 3364 1892 3392 Cio.
1906 3375 1928 3399 5.
1941 3364 2016 3393 Verr.
2029 3366 2093 3393 216.

1241 3400 1265 3431 C
1274 3411 1293 3430 A
1302 3411 1318 3429 R
1330 3412 1345 3430 υ
1356 3411 1384 3438 s,
1405 3403 1424 3432 i.
1439 3412 1476 3431 m.
1500 3403 1641 3440 Proprium
1652 3412 1756 3431 nomen
1769 3401 1945 3439 Imperatoris
1956 3401 2091 3436 Romani,
2113 3402 2159 3439 qui
2174 3412 2329 3441 quanquam
2345 3405 2394 3434 ob.

1277 3438 1362 3468 scuris
1373 3440 1532 3477 parentibus
1540 3446 1632 3474 ortus,
1655 3440 1742 3468 Probo
1754 3438 1893 3474 successit,
1917 3439 1965 3468 sub
1980 3448 2033 3476 quo
2046 3440 2189 3477 praefedtus
2200 3443 2328 3478 praetorio
2336 3442 2394 3471 fue.

1277 3485 1336 3512 rat,
1361 3480 1386 3507 ἃ
1398 3478 1500 3507 relictis
1511 3476 1575 3506 filiis
1589 3477 1688 3506 Carino
1700 3479 1725 3506 Sc
1739 3477 1908 3505 Numeriano
1920 3477 2070 3506 Caesaribus
2080 3499 2088 3512 ,
2109 3478 2139 3506 in
2150 3478 2253 3508 Perside
2267 3501 2274 3514 ‚
2297 3481 2343 3509 ubi
2354 3481 2394 3510 fe-

1277 3514 1368 3545 liciter
1377 3525 1463 3554 remp.
1493 3515 1597 3549 efferat,
1607 3517 1664 3544 ictu
1672 3515 1796 3543 fulminis
1810 3513 1918 3551 periisse
1931 3515 2040 3544 dicitur.
2058 3515 2085 3543 V.
2098 3514 2204 3553 Vopisc.
2216 3517 2245 3545 in
2255 3518 2315 3553 ejus
2327 3519 2392 3548 vita.

1241 3552 1265 3582 C
1274 3563 1294 3582 A
1306 3563 1321 3581 R
1331 3564 1349 3582 Y
1359 3565 1378 3583 Α
1387 3575 1395 3590 ‚
1416 3565 1445 3583 ae,
1469 3526 1491 3583 ἒ
1508 3553 1638 3589 [Kagvoe]
1660 3553 1810 3590 Epitheton
1821 3552 1916 3581 Dianae
1925 3574 1933 3587 ‚
1955 3562 2015 3590 quae
2023 3552 2161 3590 templum
2178 3554 2206 3582 in
2218 3554 2340 3584 Laconia
2349 3556 2394 3585 ha-

1281 3591 1349 3621 buit.
1387 3591 1418 3621 V.
1440 3592 1507 3621 Stat.
1520 3603 1545 3625 4.
1561 3589 1650 3620 Theb.
1662 3600 1725 3625 ²25·
1766 3589 1876 3625 [Immo
1885 3590 1979 3627 Caryae
1991 3590 2030 3627 pl.
2043 3590 2061 3619 s.
2081 3591 2155 3628 apud
2172 3591 2239 3621 Stat.
2258 3593 2334 3622 urbis
2344 3603 2393 3622 no-

1279 3639 1363 3664 rnen,
1386 3640 1446 3667 quae
1455 3628 1550 3666 Steph.
1569 3628 1654 3665 Carya
1676 3637 1752 3656 num.
1766 3628 1832 3664 sing.
1856 3627 1994 3665 Nymphae
2009 3627 2065 3657 loci
2081 3629 2196 3665 quidem
2215 3630 2321 3666 κάξυαᾳ,
2339 3631 2395 3668 ipsa

1280 3677 1345 3697 vero
1357 3667 1444 3696 Diana
1455 3668 1568 3702 magud-nc
1578 3672 1691 3694 vocatur
1701 3675 1716 3693 a
1728 3665 1836 3694 Pausan.
1850 3666 1879 3693 in
1896 3665 1996 3695 Lacon.
2018 3675 2043 3702 q.
2057 3665 2088 3695 V.

1243 3704 1266 3735 C
1275 3715 1318 3734 AR
1328 3715 1347 3734 γ
1356 3716 1379 3734 AE
1389 3727 1398 3740 ,Ι
1420 3704 1552 3740 [κάρυκι]
1573 3703 1676 3731 Civitas
1687 3702 1867 3739 Peloponnesi
1876 3725 1884 3737 .,
1906 3712 1966 3740 quae
1978 3710 2042 3733 cum
2057 3703 2137 3734 Persis
2156 3704 2280 3734 hostibus
2298 3712 2394 3735 contra

1281 3743 1415 3772 Graeciam
1434 3740 1584 3770 consensit:
1608 3741 1684 3769 unde
1702 3741 1795 3778 postea
1809 3750 1824 3770 a
1842 3740 1943 3770 Graecis
1958 3741 2050 3771 deleta
2065 3741 2128 3771 fuit.
2156 3742 2259 3772 Vitruv.
2272 3743 2319 3772 lib.
2334 3753 2357 3772 1.
2370 3753 2395 3773 r.

1281 3780 1314 3810 V.
1337 3780 1402 3809 diet.
1415 3778 1533 3816 praeced.
1579 3777 1652 3807 Hinc

1243 3818 1416 3851 Cnms,
1437 3817 1496 3845 atis.
1517 3825 1554 3844 ni.
1577 3815 1681 3852 gentile
1693 3837 1700 3850 ‚
1728 3814 1896 3851 [Kapvoim]
1922 3815 2029 3846 Vitruv.
2047 3826 2070 3846 r.
2084 3827 2107 3846 r.
2129 3816 2221 3855 Caryae
2236 3818 2330 3846 civitas
2350 3817 2396 3846 Pe.

1281 3854 1424 3893 loponneii
1434 3863 1498 3882 cum
1508 3853 1588 3882 Persis
1600 3853 1722 3883 hostibus
1738 3861 1835 3882 contra
1854 3853 1989 3883 Graeciam
2010 3854 2154 3884 consensit.
2195 3855 2288 3884 Postea
2308 3855 2397 3883 Graeci

1302 3903 1331 3921 er
1342 3892 1487 3921 victoriam
1498 3891 1613 3925 gloriose
1626 3890 1700 3921 bello
1716 3891 1823 3921 liberati
1836 3913 1844 3927 ‚
1866 3892 2011 3921 communi
2028 3892 2143 3923 consilio
2163 3892 2324 3930 Caryatibus
2340 3892 2397 3920 bel-

1292 3940 1339 3960 um
1348 3929 1525 3963 indixerunt,
1546 3929 1598 3958 ἃς.

1812 3964 1839 3997 Κ
1847 3966 1866 3996 k
1875 3965 1894 3996 k
1916 3977 1928 4004 3
2254 3965 2276 3996 C
2285 3976 2304 3996 A
2312 3976 2328 3995 a
2337 3975 2356 3996 Y
2365 3975 2398 3995 A·
