2600 4177
8 218 14 237 Ι

537 137 566 173 C
665 138 700 174 O
796 139 830 175 N

133 214 250 255 l’langor
263 217 410 249 consonus.
432 218 520 249 Ovid.
535 228 580 256 13.
593 219 664 250 Met.
682 223 748 250 610.

135 254 206 285 Vox,
228 257 274 286 Sil.
288 257 336 287 lib.
352 267 394 293 17.
411 262 476 293 448.

230 295 430 332 Armorumque
443 294 554 324 habitus
564 295 643 330 noti,
665 296 691 324 δι
700 302 756 324 vox
764 295 888 326 consona
896 296 1010 334 linguae.

137 328 299 361 Consonum
310 331 840 366 absol.Cic.4.Att.16.C1edoPlatoneiii
853 335 898 363 vix
911 334 1017 372 putasse
1025 334 1087 364 satis
1101 333 1258 364 consonum

157 367 216 397 fore
228 391 235 403 ,
258 370 277 398 si
293 370 438 399 hominem
451 369 480 397 id
497 370 584 399 aetatis
594 371 624 399 in
636 379 691 399 tam
705 369 791 408 longo
802 371 928 402 sermone
939 372 1043 402 diutius
1052 372 1218 403 retinuisset.

100 402 179 433 CON
192 408 298 442 soNc,
319 408 388 437 Adv.
411 406 490 444 Apul.
507 407 576 437 Met.
595 418 616 436 i.
630 418 656 445 p.
675 412 735 437 116.

101 440 125 470 C
134 451 151 470 o
162 453 180 471 Ν
191 454 202 473 s
212 448 229 474 ὅ
239 455 252 473 P
260 455 294 474 io
302 467 310 481 ‚
330 445 369 474 ivi
379 467 387 480 ,
406 447 490 480 itum,
507 445 718 481 [commiades]
738 448 788 476 ire.
811 447 850 476 est
860 447 996 477 Somnum
1007 446 1149 476 inducere.
1166 447 1225 476 Cic.
1233 456 1256 476 1.

138 480 250 511 Tuscul.
263 492 307 517 9²-
329 483 404 512 Num
417 483 500 520 igitur
513 493 578 512 eum
594 493 688 512 curare
702 484 796 514 censes
807 507 815 518 ,
836 495 923 521 quum
935 485 1011 514 Luna
1024 484 1150 519 laboret,
1174 495 1189 514 a
1205 494 1259 522 qua

135 519 298 557 consopitus
307 526 430 557 putatur,
449 527 479 549 ut
489 531 554 550 eum
565 521 754 551 dormientem
765 522 955 552 oscularetur?
976 522 1083 552 Lucret.
1094 522 1143 553 lib.
1155 526 1180 553 6.
1194 532 1258 560 791.

217 557 450 595 NoCturnumque
461 568 557 589 recens
567 560 723 589 extinctum
736 559 832 589 lumen
844 583 852 597 ,
875 560 922 591 ubi
932 570 1010 591 acres

217 594 324 625 Nidore
333 595 453 626 offendit
467 606 547 626 nares
556 619 564 633 ,
585 597 712 635 consopit
722 597 836 627 ibidem.

100 629 124 661 C
133 641 150 660 ο
158 641 178 660 Ν
187 641 224 660 so
233 642 250 661 R
258 642 278 661 A
288 642 308 661 N
319 643 338 663 N
349 645 359 662 1
370 656 378 668 ,
400 634 497 672 Populi
508 635 569 664 sunt
577 635 672 664 Galliae
683 636 852 672 Aquitanicae
862 657 872 672 ,
893 642 925 666 ut
942 634 1035 665 scribit
1048 635 1152 666 Plinius
1164 635 1194 665 in
1213 635 1261 665 de-

138 666 289 707 scriptione
302 672 470 709 Aquitaniae,
490 673 539 703 lib.
553 684 580 708 4.
595 682 657 710 cap.
671 682 714 709 19.

100 705 149 736 Co
159 716 180 735 N
190 717 202 736 s
210 717 227 736 0
236 718 251 736 R
261 718 273 737 s
281 730 289 744 ,
310 711 386 740 ortis.
409 711 469 745 Adi.
500 706 625 747 [manmit
636 732 644 746 ‚
670 707 823 746 ὅμρπμῶι]
844 711 994 741 Consortes
1012 711 1144 741 dicuntur
1153 733 1161 745 .
1193 720 1261 748 quo-

137 754 199 774 rum
216 744 285 776 fines
306 749 432 786 contigui
446 748 517 778 sunt.
558 747 617 778 Cic.
632 758 657 783 ς.
670 748 744 777 Verr.
758 757 801 784 57.
823 749 959 779 Sostratus
984 751 1010 779 &
1035 749 1192 778 Numenius
1204 770 1212 784 ,
1233 750 1260 778 δι’.

136 782 358 820 Nymphodorus
367 786 493 822 ejusdem
504 786 623 816 civitatis
633 807 642 821 ,
663 795 749 823 quum
757 795 790 815 ex
799 787 870 823 agris
881 794 935 816 tres
942 788 1036 816 fratres
1045 786 1186 816 consortes
1199 795 1261 824 pro-

135 819 268 857 fugiffent
277 844 284 858 ,
306 825 383 861 quod
404 825 438 854 iis
474 824 517 853 lus
528 822 662 853 frumenti
673 823 879 859 imperabatur,
901 826 953 855 διο.
995 824 1168 861 [Consortes
1179 846 1187 858 ‚
1212 835 1261 855 &9⁴-

138 858 219 927 ἱῖςίῡὸ
231 858 375 929 firmaras,
388 862 418 892 in
430 834 564 892 Gl'oss‘ario
575 861 762 898 utroque.Qui
775 862 892 892 indivisa
903 863 1064 892 haereditate
1079 862 1177 892 sociati
1187 861 1258 891 sunt.

164 919 170 926 .
221 908 284 929 raev.
303 909 318 929 a
361 910 403 930 oc.

136 934 268 971 Consors,
290 947 338 974 per
349 937 551 976 metaphoram,
571 937 590 967 i.
602 946 627 967 e.
649 936 788 975 Particeps
821 944 853 966 ut
864 960 872 972 ,
897 938 1015 968 Consors
1025 938 1132 968 consilii
1142 937 1259 974 publici.

156 972 227 1002 Plin.
240 980 266 1008 8.
284 975 366 1012 Epist.
380 986 423 1010 14.
445 975 514 1005 Inde
524 975 645 1004 honores
656 975 792 1012 petituri,
813 975 968 1006 assistebant
984 976 1067 1006 curiae
1087 976 1194 1005 foribus
1206 997 1214 1012 ,
1235 975 1261 1005 δε

155 1011 263 1041 consilii
274 1013 382 1051 publici
391 1013 557 1052 spectatores
569 1018 633 1042 ante
642 1021 725 1050 quam
736 1012 877 1043 consortes
886 1020 972 1044 erant.

135 1047 255 1079 Generis
264 1050 407 1082 consortes
417 1074 425 1086 ,
447 1052 465 1080 i.
478 1060 502 1081 e.
526 1049 732 1088 Consanguinei
753 1052 779 1080 δι
793 1052 954 1089 propinqui.
977 1052 1065 1083 Ovid.
1077 1060 1101 1089 3.
1115 1051 1198 1090 Epist.
1213 1059 1258 1088 47.

136 1085 251 1124 Imperii
262 1088 382 1119 consors.
405 1089 503 1119 Claud.
515 1089 545 1118 in
554 1089 642 1126 Nupt.
653 1088 728 1117 Hon.
740 1097 803 1125 ²77·

215 1125 242 1154 O
253 1126 280 1155 di
302 1137 339 1156 no
354 1127 492 1157 nestenda
503 1127 561 1156 viro
573 1148 582 1162 ‚
602 1127 729 1163 tantique
741 1135 791 1163 per
802 1127 899 1157 orbem

216 1163 278 1193 Con
291 1174 335 1194 ors
344 1165 455 1204 imperii
466 1186 475 1199 ,
494 1165 552 1201 jam
561 1171 590 1194 te
600 1163 776 1194 venerabitur
785 1164 858 1195 Ister.

135 1197 251 1231 Laboris
262 1201 351 1233 socius
362 1205 388 1234 δι
398 1201 518 1232 consors.
556 1202 614 1231 Cic.
627 1201 663 1231 de
675 1201 747 1231 Clar.
759 1202 839 1232 Orat.
852 1213 878 1233 2.
900 1202 1093 1240 Dolebamque
1105 1203 1182 1240 quod
1192 1212 1259 1239 non,

155 1244 188 1267 ut
201 1239 327 1278 plerique
336 1241 488 1279 putabant,
503 1239 698 1275 adversarium,
718 1246 765 1269 aut
775 1241 990 1271 obtrectatorem
999 1241 1115 1271 laudum
1124 1251 1260 1276 mearum,

155 1274 203 1305 sed
213 1276 319 1308 socium
329 1279 425 1316 potius
434 1280 460 1308 &
472 1277 630 1307 consortem
640 1277 750 1315 gloriosi
762 1278 864 1308 laboris
872 1302 880 1315 ,
902 1279 1055 1309 amiseram.

135 1311 331 1346 mendicitatis
340 1316 490 1346 consortes.
531 1315 592 1346 Cic.
605 1325 657 1353 pro
668 1315 760 1346 Flacc.
775 1325 820 1353 35.
842 1318 916 1348 Nam
925 1318 1021 1348 fratres
1031 1316 1146 1355 quidem
1153 1316 1261 1347 consor-

157 1357 198 1381 tes
207 1352 269 1382 sunt
279 1354 479 1383 mendicitatis.

136 1388 275 1427 Operum.
298 1392 385 1422 Ovid.
401 1397 424 1421 1.
443 1391 512 1422 Fast.
528 1394 593 1428 ⁶75·

136 1426 327 1460 Periculorum
338 1452 346 1465 ,
366 1430 517 1468 Particeps.
539 1429 610 1460 Plin.
620 1429 651 1458 in
659 1428 760 1468 Paneg.
775 1438 836 1468 cap.
855 1433 901 1461 60.

137 1464 313 1505 Temporum
322 1477 387 1498 cum
396 1468 500 1506 aliquo.
541 1468 599 1498 Cic.
615 1477 666 1506 pro
676 1468 780 1498 Milon.
795 1478 856 1505 103.
879 1469 958 1506 Quid
965 1469 1029 1504 tibi,
1052 1468 1088 1506 Q.
1104 1469 1197 1504 frater,
1214 1468 1262 1505 qui

157 1513 235 1535 nunc
245 1505 321 1541 abes,
338 1506 460 1536 consorti
472 1515 584 1537 mecum
594 1512 755 1544 temporum
766 1506 880 1537 illorum
889 1508 903 1537 ἰ)
923 1507 1048 1538 Subaudi
1061 1506 1260 1546 Respondebo.

136 1540 277 1573 Thalami.
299 1544 384 1574 Ovid.
402 1554 445 1574 io.
461 1544 532 1574 Met.
545 1547 611 1580 ²4⁶·

372 1598 410 1603 -
419 1582 536 1612 thalami
546 1581 673 1612 consorte
683 1581 802 1612 carebat.

136 1615 170 1647 In
180 1617 265 1649 lucris
274 1626 357 1657 atque
369 1621 458 1650 furtis.
483 1620 543 1650 Cic.
560 1630 583 1650 1.
603 1620 679 1649 Verr.
694 1628 755 1656 ης.

136 1654 160 1685 Ε
174 1655 261 1694 Tyrio
271 1658 431 1688 consortem
441 1659 530 1688 accite
539 1657 643 1689 senatu.
661 1657 710 1687 Sil.
722 1657 870 1695 lib.8.337.
896 1659 916 1689 i.
929 1668 954 1689 e.
969 1655 1094 1690 Alterum
1107 1657 1259 1692 consulem,

137 1693 258 1725 Consors
270 1696 347 1727 casus
361 1719 370 1732 ,
392 1706 443 1735 pro
453 1695 551 1726 Simili.
573 1696 697 1734 Propert.
709 1695 758 1725 lib.
775 1706 798 1726 1.
813 1706 858 1726 21.
876 1706 900 1727 1.

229 1733 275 1764 Tu
291 1735 338 1772 qui
349 1734 506 1765 consortem
521 1743 652 1773 properas
662 1734 781 1763 evadere
792 1733 894 1764 casum.

99 1766 125 1799 C
134 1778 152 1799 o
161 1778 181 1799 Ν
190 1779 226 1800 so
235 1782 252 1801 a
261 1781 281 1801 T
291 1783 301 1801 1
311 1783 359 1802 υΜ
370 1795 379 1810 ,
399 1773 417 1803 i.
440 1783 468 1802 n.
491 1773 628 1809 [υωενωνεέσι
642 1772 657 1807 ]
677 1772 811 1802 Societas.
854 1772 923 1802 Cels
938 1773 988 1803 lib.
998 1782 1024 1811 7.
1045 1783 1107 1818 cap.
1121 1783 1167 1812 27.
1188 1774 1262 1804 Cum

137 1817 185 1844 ec,
198 1818 235 1839 ne
246 1811 416 1847 ignoremus,
428 1818 490 1841 orto
502 1811 532 1840 in
540 1810 628 1841 vesica
637 1819 747 1846 canem,
759 1810 833 1839 affici
841 1811 1025 1847 stomachum,
1043 1822 1164 1842 cuicum
1176 1812 1263 1842 vesica

138 1847 283 1884 quoddam
295 1849 467 1880 consortium
475 1848 522 1878 est.
555 1849 575 1878 i.
585 1858 609 1878 e.
632 1848 734 1886 (quod
750 1848 838 1878 Graeci
848 1849 947 1878 dicunt
962 1851 974 1885 )
994 1850 1166 1888 Synipathia.

135 1884 243 1915 Initum
253 1887 434 1917 consortium.
456 1886 567 1924 Ulpian.
588 1887 618 1916 in
633 1885 652 1917 l.
669 1896 733 1916 cum
745 1886 863 1916 duobus.
887 1888 910 1925 §.
932 1887 1009 1917 idem
1029 1888 1204 1926 Papinianus.
1226 1888 1261 1918 D.

156 1933 208 1961 pro
217 1923 292 1954 socio
303 1946 312 1961 ‚
332 1925 360 1955 Si
372 1926 446 1955 inter
456 1925 552 1954 fratres
562 1924 753 1954 voluntarium
763 1924 935 1955 consortium
949 1926 1051 1955 initum
1066 1927 1150 1956 fuerit
1160 1948 1167 1962 ,
1190 1928 1242 1956 διο.

135 1959 243 1992 Sarcire
253 1962 394 1993 consortio
420 1962 580 1993 collationis
600 1963 735 1992 damnum
745 1963 825 1992 navis
834 1963 942 1993 amiffae.
965 1963 1100 2002 Hermog.
1113 1966 1142 1994 in
1153 1964 1170 1993 l.
1184 1963 1264 1994 amis-

155 1998 190 2029 sae
198 2001 285 2030 navis.
308 2002 343 2032 D.
358 2002 395 2031 ad
405 2000 497 2039 legem
509 2000 652 2031 Rhodiam
662 2001 697 2030 de
705 2000 787 2036 ,lactu
799 2022 807 2035 ,
831 2001 934 2031 Amissae
946 2002 1022 2031 navis
1035 2002 1170 2032 damnum
1180 2001 1263 2032 colla.

156 2038 243 2068 tionis
254 2038 393 2069 consortio
402 2049 461 2070 non
470 2039 586 2070 sarcitur
598 2048 649 2077 per
659 2048 708 2069 eos
719 2060 728 2075 ,
753 2038 801 2076 qui
811 2048 917 2069 merces
927 2039 987 2070 suas
1004 2041 1150 2079 naufragio
1163 2040 1264 2071 libera.

155 2083 264 2107 verunt.

94 2111 323 2145 conseruo
335 2137 344 2152 ‚
364 2115 436 2146 onis.
458 2115 478 2145 f.
508 2115 598 2145 Idem.
621 2123 673 2153 pro
692 2113 820 2153 Collegio
838 2114 930 2152 posuit
947 2114 1007 2146 Liv.
1024 2115 1072 2146 lib.
1088 2118 1115 2146 6.
1127 2126 1173 2152 40.
1191 2122 1261 2147 extr.

137 2151 274 2189 Quaenam
283 2153 331 2183 ista
337 2153 453 2184 societas
462 2154 476 2182 ἱ)
498 2162 626 2191 quaenam
636 2151 777 2182 consortio
789 2153 849 2182 est?
882 2153 941 2183 Cic.
954 2162 979 2191 3.
993 2154 1051 2184 Off.
1064 2158 1108 2184 26.
1128 2153 1262 2185 Dissolve-

136 2197 181 2220 tur
191 2191 284 2221 omnis
295 2191 417 2221 humana
426 2191 576 2221 consortio.
597 2190 638 2220 Al.
662 2190 848 2221 consociatio.
873 2190 962 2221 Valer.
980 2192 1056 2222 Max.
1069 2191 1117 2222 lib.
1127 2203 1154 2228 4.
1167 2196 1260 2231 caph.

138 2236 164 2265 3.
186 2228 234 2258 ubi
245 2229 281 2258 de
295 2229 336 2260 M.
346 2229 454 2260 Plautio
465 2251 474 2266 ,
495 2229 555 2259 Fati
570 2228 750 2258 consortione
765 2229 911 2266 gestientes
922 2230 1014 2260 vultus
1028 2230 1151 2260 tenebris
1161 2230 1262 2262 intule-

135 2267 200 2296 rint.
241 2267 331 2297 Simul
340 2268 416 2297 enim
427 2268 531 2298 niortui
542 2267 605 2297 sunt
616 2266 738 2297 Plautius
750 2268 776 2296 ἃ
787 2267 916 2296 Orestilla
927 2278 1006 2298 uxor.

135 2304 288 2335 Consortio
299 2305 446 2336 sociabilis.
487 2305 546 2335 Liv.
559 2315 605 2342 40.
621 2310 647 2339 8.
671 2304 792 2334 Meliora
807 2314 918 2342 quoque
933 2305 1064 2344 exempla
1085 2312 1163 2345 parte
1175 2305 1262 2337 altera

176 2341 245 2379 osui,
265 2343 426 2374 sociabilem
437 2343 646 2374 consortionem
658 2343 730 2372 inter
740 2343 821 2373 binos
831 2342 1111 2374 Lacedaemoniorum
1124 2354 1212 2383 reges,
1224 2343 1262 2375 sa-

167 2388 274 2411 utarem
286 2391 336 2420 per
346 2381 436 2412 multa
445 2380 544 2412 saecula
554 2381 619 2420 ipfis
629 2403 636 2417 ,
657 2381 817 2419 patriaeque.

135 2418 286 2449 Consortio
296 2441 305 2454 ,
326 2419 507 2471 Commurpo.
528 2419 722 2458 Papinianusl.
733 2424 778 2456 96.
793 2420 815 2457 §.
825 2425 853 2455 φ.
869 2419 903 2449 D.
913 2419 950 2448 de
961 2418 1040 2449 solut.
1062 2421 1125 2450 Nec
1144 2421 1172 2449 in
1191 2420 1262 2449 arbi-

155 2457 210 2486 trio
219 2458 279 2493 ejus
286 2457 389 2487 eledtio
407 2458 478 2494 erit,
499 2467 587 2495 quum
599 2457 709 2487 debitor
719 2458 841 2496 pretium
852 2457 976 2495 pignoris
987 2458 1159 2488 consortioni
1173 2458 1262 2495 subJ‘e-

154 2495 242 2526 cerit:
265 2496 283 2525 i.
293 2505 319 2525 e.
340 2495 499 2526 Promiscue
510 2496 621 2533 utrique
632 2496 729 2525 debito
743 2496 846 2534 pignus
857 2495 1013 2531 subjecerit.
1036 2497 1220 2527 Hotomanus.

97 2530 123 2564 C
132 2542 149 2562 o
159 2541 180 2562 N
190 2543 202 2563 s
211 2543 225 2562 P
235 2543 249 2562 Β
258 2543 275 2562 rt
283 2543 302 2562 c
311 2543 328 2563 o
339 2556 348 2570 ‚
369 2533 449 2573 spersi
457 2556 466 2570 ,
487 2534 617 2573 spersum,
638 2531 843 2570 [mmor-dam]
865 2535 920 2563 ere.
940 2533 1018 2564 [dem
1029 2535 1104 2572 quod
1115 2535 1258 2573 Spargere.

137 2571 224 2601 Plaut.
237 2571 349 2602 Curcul.
364 2581 387 2602 1.
404 2582 428 2602 1.
440 2578 486 2606 80-
510 2571 565 2602 Ubi
575 2573 641 2601 vino
650 2572 699 2602 has
709 2571 844 2610 conspersi
853 2572 936 2601 fores.

135 2609 217 2639 Cons
232 2619 327 2648 ergere
339 2616 404 2640 ante
411 2610 503 2646 aedes,
524 2610 639 2647 subaudi
655 2610 779 2646 Juncum
790 2632 798 2646 ‚
820 2617 869 2640 aut
887 2609 1003 2640 herbam
1021 2610 1150 2640 viridem.
1171 2610 1258 2642 Plaut.

155 2647 214 2677 Stic
237 2669 244 2677 .
256 2657 282 2677 2.
294 2657 320 2678 2.
334 2657 378 2684 30.
547 2665 584 2669 —
595 2657 646 2686 age
655 2656 686 2678 tu
694 2658 783 2686 ocyus

228 2685 314 2723 Pinge
323 2685 443 2716 humum
454 2708 463 2722 ,
483 2685 638 2724 consperge
648 2692 713 2716 ante
725 2686 808 2716 aedes.

134 2722 280 2761 Tempora
289 2723 474 2762 conspergunt
484 2724 635 2754 viridantes
644 2723 760 2754 floribus
770 2723 878 2754 herbas.
901 2723 1010 2755 Lucret.
1021 2723 1069 2754 lib.
1083 2733 1109 2754 2.
1122 2733 1166 2762 33.

135 2761 326 2800 Conspergere
339 2762 462 2800 aliquem
478 2761 616 2800 lacrymis.
654 2762 712 2792 Cic.
725 2772 775 2800 pro
795 2762 889 2792 Plane.
906 2772 951 2798 99.
974 2763 1001 2791 O
1024 2762 1151 2792 acerbam
1172 2763 1259 2800 mihi,

154 2799 271 2836 ,Iudices
283 2822 290 2836 ,
310 2801 477 2830 memoriam
487 2801 624 2839 temporis
634 2799 709 2830 illius
721 2822 729 2835 ‚
752 2802 778 2830 &
789 2800 861 2830 loci:
884 2810 971 2837 quum
987 2800 1071 2830 hicin
1084 2810 1129 2830 me
1141 2802 1259 2838 incidit,

154 2838 319 2876 complexus
330 2838 386 2874 est,
406 2838 612 2877 conspersitque
624 2838 752 2876 lacrymis
769 2861 777 2874 ,
798 2848 850 2867 nec
869 2837 946 2875 loqui
957 2848 1012 2876 prae
1025 2848 1146 2868 moerore
1155 2840 1257 2877 potuit.

133 2875 289 2907 Hilaritate.
329 2876 389 2907 Cic.
402 2886 425 2906 1.
437 2876 521 2906 Acad.
534 2882 560 2911 8.
581 2876 615 2906 Et
625 2883 718 2906 tamen
729 2876 822 2906 inillis
833 2876 972 2906 veteribus
984 2876 1083 2906 nostris
1096 2900 1104 2913 ‚
1127 2887 1187 2914 quae
1200 2878 1261 2907 Me-

153 2915 273 2953 nippum
284 2914 400 2952 quidem
409 2915 510 2944 imitati
518 2924 576 2944 non
585 2915 892 2953 interpretati,quadani
899 2913 1037 2944 hilaritate
1045 2914 1258 2953 conspersimus.

138 2953 201 2983 Aras
209 2952 352 2990 sanguine.
373 2952 480 2982 Lucret.
491 2952 540 2982 lib.
551 2963 577 2988 4.
593 2962 673 2990 1231.

96 2989 123 3021 C
131 2999 148 3020 o
156 3000 177 3020 N
186 3000 199 3020 s
208 3000 242 3020 η
250 3000 268 3019 R
277 3000 289 3020 s
298 3000 318 3019 u
327 3000 340 3020 s
349 3012 357 3026 ,
378 2990 476 3020 Partic.
498 2985 781 3027 [κριταπιπασμὲρῶ]
802 2989 861 3019 Cic.
875 2998 901 3026 3.
916 2990 951 3020 de
967 2990 1044 3020 Orat.
1061 3001 1105 3027 94.
1128 2991 1165 3021 Ut
1175 3001 1259 3030 porro

134 3028 278 3067 conspersa
292 3028 324 3058 sit
335 3028 408 3066 quali
418 3028 569 3058 verborum
582 3028 838 3065 sententiarumque
845 3028 961 3058 fioribus
970 3050 979 3064 ‚
999 3029 1029 3058 id
1038 3038 1097 3059 non
1109 3028 1194 3060 debet
1203 3030 1259 3061 effe

132 3066 224 3096 fusum
236 3077 257 3096 ae
278 3065 376 3096 ualiter
389 3088 398 3101 ,
411 3068 463 3097 διο.
504 3066 546 3096 De
562 3067 699 3096 oratione.

133 3104 258 3142 Consper
272 3114 319 3133 um
328 3103 414 3135 stellis
423 3109 516 3141 caput.
539 3104 598 3134 Cic.
609 3114 636 3134 2.
649 3105 686 3134 de
698 3104 762 3134 Nat.
772 3103 857 3134 Deor.
870 3113 917 3141 49.

132 3142 195 3172 Sale
208 3141 351 3180 conspersa
361 3152 436 3173 caro.
456 3142 595 3172 Columel.
605 3142 654 3173 lib.
669 3152 713 3173 12.
728 3152 789 3180 cap.
806 3151 848 3180 53.

95 3180 334 3211 C0Nsi=ar<sro
347 3202 356 3216 ‚
377 3181 449 3211 onis.
470 3180 491 3210 f.
511 3180 630 3210 Tertull.

94 3219 118 3250 C
128 3228 145 3248 o
155 3228 176 3248 Ν
187 3228 199 3248 s
208 3228 223 3247 Ρ
231 3219 244 3248 ἴ
252 3227 287 3248 ci
296 3228 313 3248 o
323 3240 332 3254 ,
352 3218 431 3257 spexi
442 3240 451 3253 ,
471 3217 597 3257 specium
608 3240 617 3254 ,
645 3215 827 3254 [ωςέλέπω,
856 3214 988 3254 wengiu
998 3240 1008 3253 ‚
1036 3214 1172 3256 vivedo]
1200 3220 1256 3252 ἕπε.

132 3266 169 3288 ex
180 3257 241 3325 Can
251 3257 277 3287 ἀ
287 3256 390 3295 Specio
404 3255 491 3287 verbo
504 3257 622 3295 antiquo
638 3256 844 3295 composituni3
866 3256 1000 3294 fignificat
1017 3256 1147 3288 Cernere.
1168 3258 1255 3290 Plaut.

132 3297 183 3327 Am
227 3318 233 3325 .
246 3304 272 3325 2.
286 3304 313 3324 2.
327 3304 388 3325 122.

185 3306 203 3334 p
226 3332 366 3370 Quiipsus
374 3332 507 3370 equidem
513 3341 590 3362 nunc
599 3332 722 3370 primum
732 3332 818 3362 istanc
828 3337 923 3361 tecum
935 3332 1078 3371 conspicio
1090 3332 1178 3364 fimul.

131 3371 251 3402 Lumine
260 3370 366 3409 cupido
375 3370 496 3408 aliquem
504 3371 672 3410 conspicere.
695 3369 786 3400 Catul.
799 3371 899 3408 Argon.
911 3373 956 3399 62.
969 3375 1014 3405 8⁶-

131 3410 286 3447 Imaginem
300 3409 422 3447 parentis
436 3408 589 3439 laureatam
600 3409 630 3438 in
646 3408 692 3438 sua
699 3408 893 3446 gratulatione.
916 3408 976 3439 Cic.
984 3419 1036 3447 pro
1046 3408 1159 3440 Muren.
1174 3413 1222 3446 88.

132 3447 302 3486 Conspicere
310 3457 346 3477 ex
357 3452 463 3477 monte.
480 3446 539 3476 Cic.
548 3456 574 3477 2.
585 3446 621 3476 de
631 3447 694 3477 Nat.
704 3446 785 3476 Deor.
801 3450 862 3476 161.
993 3472 997 3475 ,

131 3486 259 3524 Aliquem
268 3492 372 3515 mente.
412 3484 470 3515 Cic.
482 3494 533 3523 pro
544 3484 628 3514 Corn.
641 3484 716 3514 Balb.
728 3494 774 3521 47.
797 3484 900 3514 Existat
909 3493 975 3523 ergo
995 3484 1044 3514 ille
1055 3485 1095 3515 vir
1104 3495 1255 3524 parumper

149 3524 320 3562 cogitatione
331 3523 417 3554 vestra
425 3545 434 3559 ,
454 3523 588 3559 quoniam
596 3532 626 3552 re
636 3532 696 3552 non
707 3522 798 3561 potest
808 3544 816 3559 ,
837 3528 869 3552 ut
884 3523 1061 3562 conspiciatis
1077 3533 1143 3554 eum
1152 3524 1254 3555 menti..

150 3561 203 3592 bus
212 3584 221 3598 ,
242 3572 326 3599 quem
336 3561 426 3592 oculis
435 3570 494 3590 non
507 3561 629 3598 potestis.

131 3598 233 3630 Corde.
254 3600 340 3630 Plaut.
353 3599 450 3629 Pseud.
463 3607 488 3635 3.
503 3608 526 3628 1.
542 3608 566 3636 3.
741 3616 744 3620 Δ

210 3637 262 3668 Nae
270 3637 326 3675 illi,
347 3644 483 3676 quantum
491 3646 544 3675 ego
555 3646 632 3666 nunc
641 3635 728 3666 corde
737 3635 881 3674 conspicio
892 3644 957 3666 meo
967 3656 977 3672 ‚

210 3674 315 3706 Malam
326 3686 385 3707 rem
392 3685 521 3715 magnam
533 3697 541 3711 ,
561 3674 715 3712 multasque
725 3684 860 3705 aerumnas
873 3675 992 3705 danunt.

128 3714 268 3751 Injurete
278 3715 430 3753 conspicio.
471 3714 529 3744 Cic.
543 3723 594 3752 pro
604 3712 707 3743 Caecin.
723 3724 767 3748 54.
788 3713 866 3742 Actio
884 3713 922 3756 eit
941 3713 971 3741 in
989 3714 1113 3745 actorem
1132 3715 1252 3754 praesen.

147 3755 206 3784 terri
214 3753 257 3782 his
267 3752 358 3783 verbis
369 3776 377 3789 ,
398 3751 638 3790 Quandoquidem
647 3756 675 3780 te
685 3751 714 3780 in
723 3751 783 3787 jure
797 3750 949 3788 conspicio.

128 3791 298 3830 Conspicere
309 3813 317 3825 .
338 3801 389 3829 pro
399 3790 557 3821 Attendere.
598 3789 657 3818 Cic.
668 3799 719 3826 pro
732 3788 844 3818 Murem.
856 3797 899 3825 13.
921 3788 989 3818 Non
999 3788 1104 3825 debes,
1129 3789 1168 3821 M.
1179 3792 1249 3822 Cato

147 3831 266 3868 arripere
275 3828 455 3858 maledictum
470 3836 506 3858 ex
520 3828 601 3857 trivio
611 3849 620 3862 ,
641 3833 688 3856 aut
703 3836 738 3856 ex
756 3825 910 3856 scurrarum
928 3827 1022 3864 aliquo
1033 3829 1180 3859 convicio:
1201 3840 1250 3860 ne.

146 3877 201 3906 que
211 3875 316 3897 temere
326 3866 474 3896 Consulem
486 3866 552 3903 Pop.
572 3865 692 3894 Romani
710 3864 869 3894 saltatorem
887 3874 1004 3895 vocare:
1026 3864 1073 3895 sed
1087 3865 1250 3905 conspicere

147 3906 248 3973 quissbus
258 3911 388 3943 praeterea
397 3905 472 3934 vitiis
480 3903 612 3934 affeffium
623 3902 677 3932 ess'e
686 3901 796 3932 necesse
807 3902 838 3931 fit
849 3911 915 3932 eum
924 3924 932 3938 ,
954 3904 1000 3932 cui
1010 3905 1153 3936 vere'illud
1162 3906 1250 3945 objici

167 3955 184 3974 o
209 3952 238 3973 it.

128 3955 298 4054 Climvspicere1
307 3979 357 4012 sibi
368 3989 427 4019 quae
439 3978 490 4014 suit
503 3980 531 4010 in
540 3987 598 4011 tem
608 3977 692 4011 suarn-
714 3977 800 4009 Plaut.
811 3977 939 4009 Triiium.
953 3986 978 4016 3.
990 3987 1017 4011 2.
1031 3988 1075 4012 10.

210 4029 228 4052 O
239 4029 265 4052 L.
301 4040 309 4053 ο

885 1583 903 1613 i.
913 1592 939 1614 e.
961 1583 1067 1614 Uxore.

1252 2725 1262 2740 t

1717 145 1746 179 C
1846 148 1881 181 O
1979 148 2015 183 N
2405 161 2474 203 ⁶⁶5

1350 222 1457 285 Lgcum
1476 226 1581 293 inlgdiis
1601 226 1764 265 conspicere
1776 249 1783 262 ‚
1806 226 1960 258 Observare
1981 228 2077 258 locum
2095 228 2131 258 ad
2151 230 2478 270 collocanduminsidias.

1394 272 1442 295 ira.
1458 274 1482 297 9·
1518 274 1558 293 2n.
1570 273 1634 300 ²37·

1352 298 1519 337 conspicere
1530 303 1614 331 etiam
1627 312 1670 331 res
1682 303 1840 331 inanimatae
1854 302 1996 332 dicuntur.
2039 303 2098 333 Cic.
2113 313 2138 341 3.
2154 304 2183 333 in
2191 305 2274 336 Catil.
2288 318 2331 338 20.
2351 311 2386 341 de
2400 313 2480 343 fimu.

1372 336 1531 373 lacrojovis
1543 361 1550 374 ,
1574 341 1610 368 Ac
1622 339 1647 368 se
1658 340 1764 376 sperare
1775 340 1907 369 dixerunt
1923 363 1931 375 ,
1953 340 2051 370 siillud
2068 341 2172 379 signum
2185 345 2261 380 quod
2271 346 2386 384 videtis,
2408 351 2480 382 Solis

1370 383 1460 439 prtum
1473 380 1497 420 ᾃ
1511 378 1601 444 sergii
1614 379 1776 415 curiamque
1787 378 1973 416 conspiceret,
1993 378 2054 409 fore
2063 387 2094 409 ut
2105 389 2139 410 ea
2153 383 2277 420 consilia,
2288 393 2349 422 quae
2359 386 2432 418 clam
2441 390 2479 419 es-

1383 420 1431 441 ent
1443 422 1510 443 inita
1521 437 1529 449 ,
1565 417 1605 444 ὀ.

1352 449 1538 487 conspicere,
1560 462 1623 481 curn
1638 452 1788 483 Infinitivo.
1812 452 1902 482 Catul.
1921 454 2152 492 Argon.62.389.

1433 490 1589 527 Conspexit
1598 497 1669 519 terra
1678 498 1793 520 centum
1829 500 1971 521 recurrere
1981 501 2086 523 currus.

1315 522 1551 555 Co'NspiciiiN
1563 537 1591 563 s,
1620 528 1802 562 [mochimi
1857 528 1955 559 Partic.
1986 529 2044 560 Cic.
2058 541 2080 566 5.
2097 531 2151 560 Att.
2168 537 2210 567 ¹8.
2242 533 2371 565 Ciliciam
2389 547 2479 577 prope

1353 563 1544 600 conspiciente
1556 587 1564 599 ‚
1586 565 1720 602 expedito
1728 567 1763 594 ad
1778 567 1943 596 mutandum
1953 567 2065 603 locuni,
2088 579 2173 605 parvo
2187 572 2312 602 exercitu
2322 595 2332 610 ,
2356 575 2408 604 διο.

1315 598 1337 628 C
1348 610 1412 629 0Ns
1423 611 1435 628 ι·
1447 612 1525 630 icio
1537 612 1570 637 R,
1598 604 1806 639 [ωπςῶμαι]
1834 603 1913 642 spici.
1945 605 2032 636 Plaut.
2055 606 2151 637 Pseud.
2170 618 2193 639 1.
2209 620 2233 645 ς.
2250 619 2311 648 129.
2338 612 2369 643 Si
2385 612 2481 646 sumus

1353 638 1504 675 conspecti.
1536 640 1569 668 al.
1592 639 1749 677 compecti.

1353 675 1444 743 13}an
1460 678 1547 706 animi
1562 676 1697 715 conspici.
1729 679 1747 708 i.
1760 689 1785 708 e.
1808 679 1916 710 Virtute
1933 681 1960 710 &
1975 680 2091 711 scientia
2110 681 2244 715 illustrem
2259 685 2325 718 effe.
2346 687 2434 719 Ovid.
2452 700 2477 721 1.

1399 722 1420 742 ri
1447 737 1453 744 .
1467 726 1489 748 ς.
1505 723 1549 750 34.

1445 751 1636 782 Primalocum
1647 752 1750 783 sancias
1760 754 1890 784 heroidas
1905 755 1977 785 inter
1989 756 2105 787 haberes
2115 779 2125 793 ,

1489 790 1578 819 Prima
1592 790 1673 819 bonis
1683 792 1771 820 animi
1784 792 1975 830 conspicerere
1984 795 2034 824 tui.

1353 825 1484 864 Conspici
1494 828 1599 857 infestis
1610 828 1699 858 oculis
1707 831 1844 859 oninium.
1886 830 1944 860 Cic.
1961 842 1984 861 i.
1996 833 2025 861 in
2036 832 2117 863 Catil.
2133 842 2175 870 17.
2198 834 2299 867 Carere
2308 847 2355 869 me
2364 839 2478 879 aspedu

1372 865 1476 894 civium
1489 888 1496 900 ,
1517 866 1713 903 quaminfestis
1721 867 1810 897 oculis
1819 869 1947 898 omnium
1961 870 2085 908 conspici
2098 893 2108 906 ,
2129 872 2250 904 mallem.

1353 900 1434 931 Velle
1445 902 1579 940 conspici.
1602 903 1660 933 Cic.
1675 905 1704 933 in
1717 904 1804 934 Pison.
1818 909 1863 935 60.
1886 905 1983 936 Inania
1999 907 2063 937 sunt
2079 909 2135 943 ista,
2148 911 2217 940 mihi
2239 914 2339 948 crede,
2361 915 2482 948 delecta.

1315 976 1338 1007 c
1349 987 1365 1006 0
1373 947 1722 1009 ’ἒξῖῗέῗὲἰρῗόᾚ
1731 943 2002 1020 ῑρέἷῗῖἷθέὲῗὲιῗῗὸ
2010 946 2384 1019 νὲἒὲῗὲἓῗὲἭῑῖῧῃῷἰά
2394 956 2478 987 vesse·

1573 1001 1583 1013 Ἴ
1630 1001 1639 1015 5
1716 1002 1721 1009 ⁸
2311 1012 2318 1019 ι

1353 1015 1511 1054 chlamyde
1521 1018 1637 1055 &pictis
1647 1017 1814 1055 conspectus
1826 1020 1956 1050 inarmis.
1978 1021 2051 1059 Virg.
2066 996 2172 1056 8}AE11.
2186 997 2249 1061 5338.
2297 1000 2310 1019 r
2340 998 2372 1022 Ut

1352 1053 1386 1083 In
1401 1055 1472 1083 ostro
1486 1055 1572 1092 Tyrio
1581 1055 1757 1094 conspectus.
1783 1056 1853 1094 Virg.
1866 1066 1891 1093 3.
1910 1057 2010 1096 Georg.
2025 1069 2067 1095 17.

1351 1091 1540 1129 Conspectum
1556 1094 1698 1123 tumulum
1709 1116 1717 1129 ‚
1758 1096 1789 1124 r‘o
1810 1094 1969 1133 Conspicuo
1984 1118 1993 1132 ,
2014 1097 2106 1134 posuit
2120 1097 2227 1134 [ΝΜΖ.
2244 1112 2268 1137 ς.
2283 1109 2352 1134 extr.
2375 1105 2481 1137 Taber-

1372 1130 1504 1159 naculum
1515 1132 1621 1169 regium
1631 1142 1682 1169 pro
1693 1132 1735 1162 val
1749 1143 1765 1162 o
1776 1155 1784 1167 ,
1806 1133 1835 1162 in
1845 1133 1996 1171 conspecto
2007 1136 2127 1166 maxime
2142 1138 2261 1174 tumulo,
2274 1142 2326 1172 &a
2350 1145 2479 1180 politum,

1315 1167 1339 1197 C
1348 1177 1365 1196 o
1375 1177 1395 1196 N
1405 1178 1417 1197 s
1426 1178 1440 1196 P
1450 1178 1464 1197 iz
1473 1178 1490 1197 c
1499 1178 1519 1197 T
1528 1179 1537 1197 1
1548 1179 1565 1198 o
1574 1179 1590 1198 1³
1599 1191 1607 1205 ,
1629 1170 1693 1199 oris.
1715 1170 1964 1208 [ω’ὲιζλεπῖάπςῶι
1974 1173 1991 1207 ]
2011 1183 2134 1211 compar.
2159 1175 2218 1205 Liv.
2232 1181 2257 1206 6.
2272 1189 2282 1207 i
2291 1189 2313 1214 ς.
2337 1181 2391 1210 Sed
2412 1184 2481 1220 quid

1351 1215 1405 1243 ego
1413 1216 1464 1236 vos
1473 1206 1508 1236 de
1517 1207 1604 1237 vestro
1613 1208 1783 1246 impendatis
1793 1209 1892 1239 hortor
1900 1210 1914 1238 ἴ)
1934 1209 2035 1240 sortem
2046 1211 2127 1241 aliam
2136 1212 2204 1243 ferte
2214 1235 2222 1249 ‚
2244 1215 2279 1245 de
2290 1219 2380 1256 capite
2392 1221 2481 1251 dedu-

1352 1245 1498 1312 citesquptd
1510 1245 1598 1289 usuris
1610 1254 1840 1283 pernumeratum
1850 1248 1906 1278 est:
1929 1249 1985 1285 iam
1993 1248 2084 1278 nihilo
2102 1259 2164 1281 mea
2181 1253 2277 1289 turba,
2298 1265 2380 1292 quam
2397 1259 2482 1290 ullius

1354 1292 1408 1311 con
1424 1292 1458 1320 pe
1490 1293 1531 1312 ior
1546 1289 1606 1314 erit.

1352 1320 1431 1351 Mors
1443 1320 1627 1359 conspectior.
1668 1321 1758 1352 Tacit.
1776 1333 1803 1359 4.
1823 1323 1893 1354 Hist.
1909 1333 1952 1354 11.
1985 1324 2062 1360 Juffu
2079 1325 2206 1356 Muciani
2223 1330 2346 1360 custodia
2367 1333 2481 1364 militari

1372 1360 1483 1391 cinctus
1494 1381 1502 1395 ‚
1524 1369 1559 1389 ne
1570 1361 1600 1389 in
1610 1359 1668 1398 ipsa
1678 1361 1745 1390 urbe
1757 1361 1934 1400 conspectior
1941 1372 2017 1393 mors
2031 1363 2104 1394 foret
2115 1386 2123 1400 ‚
2145 1366 2180 1394 ad
2198 1368 2435 1406 quadragesimum
2447 1373 2482 1402 ab

1373 1397 1448 1426 Urbe
1467 1397 1591 1436 lapidem
1600 1420 1608 1433 ,
1630 1399 1673 1428 via
1686 1399 1774 1437 Appia
1784 1421 1792 1435 ,
1812 1400 1873 1430 fuso
1884 1411 1933 1437 per
1942 1411 2025 1431 venas
2035 1401 2169 1440 sanguine
2177 1405 2356 1443 extinguitur.

1352 1433 1417 1465 Pars
1429 1435 1706 1503 quladelspeffior
1722 1438 1841 1475 capillis.
1867 1438 1955 1469 Ovid.
1969 1451 1996 1476 4.
2016 1440 2087 1470 Met.
2100 1450 2164 1478 795.
2186 1442 2215 1472 h.
2225 1452 2248 1473 e.
2271 1444 2431 1484 Pulchrior,
2454 1450 2482 1480 ἃ

1373 1483 1428 1502 con
1441 1484 1498 1512 piei
1530 1484 1630 1512 ignior.

1354 1510 1469 1547 Turba,
1492 1522 1576 1549 quam
1591 1512 1911 1552 dignitateconspeffior
1922 1513 2011 1553 plebs.
2052 1516 2111 1546 Liv.
2123 1525 2168 1547 ²2.
2181 1528 2226 1554 40.
2248 1519 2394 1554 Plebeium
2410 1525 2484 1555 Con.

1372 1548 1461 1579 sulem
1470 1549 1516 1580 sua
1525 1551 1606 1589 plebs
1617 1551 1784 1589 prosequuta
1793 1574 1803 1585 .
1824 1552 1905 1583 turba
1915 1575 1923 1588 ,
1945 1563 2029 1590 quam
2039 1554 2177 1593 dignitate
2188 1557 2370 1596 conspectior.

1354 1586 1469 1617 Platano
1478 1588 1724 1627 conspestioralta.
1747 1590 1832 1620 Ovid.
1848 1600 1890 1625 13.
1910 1591 1979 1621 Met.
1996 1602 2059 1629 794.

1317 1624 1340 1654 C
1349 1635 1393 1655 0N
1403 1636 1415 1656 s
1424 1636 1438 1656 1>
1447 1637 1456 1655 i
1466 1636 1483 1656 c
1493 1638 1502 1655 1
1514 1637 1556 1656 EN
1566 1637 1585 1656 Ι)
1594 1637 1632 1657 us
1642 1650 1650 1663 ,
1671 1625 1908 1664 [ὡςλεπτ-ἑῷι]
1935 1630 2033 1661 Partic.
2057 1630 2151 1662 Tibul.
2166 1631 2216 1663 lib.
2232 1643 2256 1664 1.
2265 1644 2292 1666 2.
2301 1644 2348 1673 72..

1431 1664 1550 1694 Insideat
1561 1665 1647 1695 celeri
1658 1666 1877 1705 conspiciendus
1886 1677 1970 1704 equo.

1355 1702 1457 1732 Aurato
1466 1703 1666 1741 conspicienda
1677 1704 1746 1735 sinu.
1769 1705 1856 1735 Ovid.
1870 1715 1896 1735 2.
1917 1705 1984 1736 Fast.
2000 1715 2063 1742 310.

1353 1739 1439 1778 Signa
1448 1742 1534 1771 veteri
1542 1741 1742 1779 conspicienda
1751 1743 1876 1773 metallo.
1899 1743 1988 1774 Valet.
2002 1744 2050 1775 lib.
2067 1754 2091 1775 ι.
2108 1745 2210 1784 Argon.
2223 1752 2288 1780 261.

1448 1779 1532 1809 Illum
1542 1789 1596 1810 nec
1605 1780 1700 1810 valido
1710 1780 1867 1818 spumantia
1881 1782 1984 1820 pocula
1994 1782 2108 1814 Baccho

1447 1816 1597 1847 Solicitant
1606 1839 1614 1854 ,
1636 1820 1724 1849 veteri
1734 1829 1788 1849 nec
1799 1819 2001 1858 conspicienda
2013 1821 2130 1852 metallo

1448 1855 1533 1893 Signa
1545 1863 1654 1886 tenent.

1316 1890 1365 1921 Co
1374 1901 1395 1921 N
1404 1901 1439 1923 si>
1447 1902 1463 1922 iz
1472 1903 1517 1923 ετ
1526 1904 1545 1924 υ
1555 1904 1568 1924 s
1580 1916 1588 1930 ,
1609 1895 1652 1925 sic.
1673 1904 1711 1925 m.
1729 1893 1904 1932 [crebo-uibar]
1925 1896 2059 1935 fignificat
2069 1897 2227 1936 Aspeoum.
2248 1900 2323 1942 Virg.
2335 1912 2361 1934 1.
2370 1902 2484 1943 AEn.38.

1435 1931 1490 1961 vix
1502 1953 1511 1969 ,
1534 1942 1550 1962 e
1564 1932 1717 1970 conspeetu
1726 1934 1826 1965 Siculae
1843 1933 1961 1971 telluris,
1985 1936 2016 1966 in
2028 1936 2118 1967 altum

1435 1969 1503 1999 Vela
1513 1970 1617 2000 dabant
1629 1971 1694 2001 laeti.

1355 2006 1389 2037 In
1399 2007 1561 2045 conspeetu.
1584 2008 1657 2046 Virg.
1670 2020 1691 2039 i.
1710 2009 1774 2040 AEn.
1789 2015 1852 2044 188.

1449 2046 1551 2076 Navim
1562 2047 1591 2076 in
1606 2046 1758 2086 conspeetu
1768 2047 1883 2078 nullam.

1355 2083 1484 2121 Aspicere
1494 2085 1523 2113 in
1534 2085 1695 2123 conspetftu.
1721 2085 1753 2115 V.
1777 2095 1824 2115 rN.

1355 2122 1446 2152 Astare
1456 2122 1485 2151 in
1497 2122 1648 2160 conspectu
1663 2123 1790 2160 alicujus.
1813 2123 1873 2154 Cic.
1886 2134 1913 2161 4.
1926 2125 1958 2154 in
1973 2123 2054 2157 Catii.
2067 2135 2094 2162 ³-

1354 2159 1438 2190 Cadit
1449 2161 1479 2189 in
1494 2161 1677 2199 conspectum
1688 2162 1807 2192 animus.
1847 2162 1907 2192 Cic.
1922 2172 1946 2193 1.
1966 2163 2050 2195 Tusc.
2065 2175 2110 2202 50.
2145 2164 2296 2198 casurusne
2316 2168 2347 2198 in
2367 2170 2488 2210 conspe.

1374 2199 1453 2227 istum
1465 2199 1592 2228 videatur
1607 2200 1727 2229 animus.

1354 2235 1541 2266 consedimus
1554 2246 1653 2267 omnes
1665 2238 1696 2267 in
1707 2237 1871 2275 conspeetu.
1895 2237 1955 2269 Cic.
1971 2248 1995 2269 1.
2014 2239 2099 2271 Acad.
2115 2250 2160 2278 14.

1354 2274 1508 2304 Confistere
1519 2275 1548 2304 in
1559 2276 1655 2304 medio
1669 2275 1830 2314 conspectu.
1855 2276 1930 2314 Virg.
1944 2286 1971 2306 2.
1984 2277 2046 2308 AEn.
2057 2283 2101 2317 67.

1354 2311 1428 2342 Dare
1442 2311 1469 2341 se
1483 2312 1568 2342 alicui
1580 2313 1609 2342 in
1622 2314 1813 2352 conspestum.
1835 2313 1895 2344 Cic.
1906 2323 1932 2351 7.
1955 2314 2031 2346 Verr.
2041 2321 2088 2353 85.
2109 2316 2217 2349 Ennius
2233 2320 2311 2358 apud
2324 2320 2384 2352 Cic.
2399 2333 2423 2354 ι,
2447 2324 2485 2355 de

1375 2350 1468 2380 Divin.
1481 2361 1528 2386 4¹·
1560 2351 1579 2380 i.
1595 2361 1620 2381 e.
1644 2351 1804 2381 Videndum
1818 2351 1845 2381 se
1856 2351 1999 2384 exhibere.

1355 2387 1472 2418 Evolare
1487 2399 1502 2418 e
1515 2389 1675 2426 conspectu.
1699 2390 1757 2420 Cic.
1771 2400 1795 2427 7.
1814 2390 1889 2419 Verr.
1902 2396 1946 2427 87.

1355 2426 1398 2456 Fit
1417 2426 1603 2464 conspectus,
1631 2427 1748 2457 subaud.
1789 2427 1830 2457 Ab
1849 2427 2022 2460 hominibus.
2062 2429 2122 2460 Cic.
2134 2440 2160 2468 7.
2181 2432 2236 2462 Att.
2252 2443 2295 2464 io.
2310 2444 2352 2472 pr.
2382 2437 2485 2468 Subito

1373 2464 1521 2494 consilium
1533 2465 1615 2503 cepi,
1634 2472 1666 2495 ut
1676 2472 1826 2503 antequam
1835 2465 1959 2503 luceret,
1981 2468 2103 2505 exirem,
2126 2479 2164 2500 ne
2184 2471 2232 2508 qui
2252 2473 2417 2511 conspectus
2438 2476 2485 2507 fie-

1374 2511 1417 2532 ret
1428 2525 1436 2536 ,
1458 2510 1506 2532 aut
1516 2502 1622 2538 sermo,
1644 2503 1788 2533 liCtoribus
1795 2504 1946 2548 praesertim
1955 2504 2094 2537 laureatis.

1355 2540 1422 2571 Frui
1437 2540 1588 2579 conspectu
1597 2541 1715 2578 alicujus
1726 2542 1765 2571 rei
1776 2541 1926 2580 tranquillo
1942 2544 2040 2574 animo
2051 2546 2078 2574 ἂ
2087 2545 2192 2582 quieto.
2214 2547 2273 2578 Cic.
2283 2559 2335 2587 pro
2346 2550 2422 2581 Sulla
2435 2556 2482 2584 26.

1356 2578 1476 2617 Fugatus
1487 2589 1523 2608 ex
1534 2579 1683 2610 hominum
1690 2579 1852 2618 conspectu.
1875 2580 1984 2611 Lucret.
1998 2581 2047 2612 lib.
2062 2591 2086 2617 3.
2097 2593 2143 2620 49.

1355 2617 1465 2654 Fugere
1475 2617 1652 2655 aliquorum,
1679 2618 1726 2648 cui
1737 2628 1754 2648 o
1777 2618 1892 2656 ponitur
1903 2618 1997 2656 Sequi.
2038 2619 2096 2651 Cic.
2115 2631 2142 2651 2.
2159 2622 2195 2652 de
2203 2621 2276 2661 Lege
2287 2625 2348 2662 Agr.
2364 2629 2393 2656 ⁶.
2425 2627 2484 2664 Qui

1375 2656 1485 2685 aditum
1500 2655 1584 2691 hujus
1595 2655 1651 2685 loci
1665 2677 1673 2692 ‚
1698 2666 1753 2686 con
1765 2657 1937 2694 pestumque
1955 2658 2093 2695 vestrum,
2113 2661 2214 2698 partim
2226 2671 2396 2702 magnopere
2404 2665 2484 2704 fuge-

1375 2700 1458 2728 runt,
1478 2694 1579 2731 partim
1591 2703 1649 2723 non
1658 2694 1842 2724 vehementer
1851 2694 1939 2725 secuti
1948 2695 2022 2727 sunt.

1355 2731 1468 2770 Ingredi
1476 2733 1506 2761 in
1517 2731 1625 2770 populi.
1649 2732 1680 2762 V.
1702 2743 1712 2761 1
1721 2742 1742 2761 N
1751 2742 1771 2761 G
1779 2742 1796 2762 R
1805 2742 1820 2761 E
1828 2742 1847 2761 t>
1855 2744 1864 2762 i
1873 2743 1890 2762 o
1898 2743 1925 2763 Β.

1354 2769 1398 2801 Ire
1409 2770 1445 2800 ad
1454 2770 1646 2808 conspectum.
1669 2770 1742 2808 Virg.
1754 2775 1779 2800 ⁶.
1790 2770 1852 2801 AEn.
1870 2780 1932 2807 ¹09·

1448 2808 1491 2876 ge
1503 2809 1538 2852 ad
1549 2808 1733 2846 conspectum
1742 2809 1798 2839 cari
1807 2809 1943 2847 genitoris
1952 2810 1979 2840 ἃ
1990 2819 2041 2841 ora

1474 2853 1553 2875 ontin
1574 2852 1610 2876 at.

1355 2882 1459 2914 Locare
1469 2856 1576 2922 aliquirgl
1585 2885 1615 2914 in
1622 2883 1774 2922 conspedtu
1785 2884 1952 2922 aliquorum.
1972 2885 2034 2916 Cic.
2049 2895 2072 2916 1.
2089 2886 2125 2916 de
2135 2885 2208 2926 Lege
2219 2889 2280 2928 Agr.
2292 2898 2319 2927 7.

1354 2922 1430 2954 Mori
1440 2923 1469 2952 in
1480 2922 1631 2960 conspeetu
1641 2923 1734 2960 legum
1747 2944 1756 2959 ,
1776 2922 1976 2961 libertatisque.
1998 2924 2058 2956 Cic.
2073 2934 2098 2961 7.
2113 2925 2186 2956 Verr.
2199 2929 2245 2962 69.
2312 2944 2316 2950 «

1354 2960 1462 2991 Ponere
1472 2960 1576 2998 aliquid
1586 2962 1616 2990 in
1625 2960 1776 2999 conspectu
1785 2960 1912 2997 alicujus.
1935 2962 1993 2992 Cic.
2007 2973 2031 2998 ς.
2048 2963 2083 2992 de
2094 2963 2113 2993 F
2115 2964 2154 2994 in.
2164 2973 2190 2995 2.

1355 2998 1442 3028 Pofita
1453 2999 1482 3029 in
1495 2998 1577 3028 fundi
1586 2998 1717 3036 villaeque
1727 2999 1877 3037 conspectu
1887 2999 1985 3037 religio
1997 2999 2103 3031 Larum.
2125 3002 2184 3032 Cic.
2197 3011 2224 3033 ι.
2240 3003 2275 3033 de
2286 3002 2380 3041 Legib.
2393 3014 2439 3042 27.

1353 3037 1463 3067 Privare
1475 3037 1597 3074 aliquem
1607 3036 1719 3067 suorum
1730 3037 1944 3073 consuetudine,
1956 3038 2171 3077 conspeetuque.
2184 3041 2241 3071 Cic.
2253 3051 2306 3080 pro
2315 3043 2476 3082 Muren.49.

1353 3074 1467 3105 Prodire
1479 3076 1510 3104 in
1521 3074 1648 3112 alicujus.
1670 3074 1756 3105 Plaut.
1774 3075 1884 3105 Mostel.
1897 3086 1921 3111 ς.
1934 3085 1961 3106 2.
1976 3084 2020 3113 33.

1447 3113 1473 3143 Is
1484 3113 1554 3143 adiit
1562 3122 1625 3143 me:
1648 3123 1714 3143 nam
1727 3113 1808 3143 illum
1820 3113 1934 3152 prodire
1948 3115 2036 3152 pudet
2048 3114 2077 3144 in
2087 3115 2268 3153 conspectum
2277 3123 2366 3148 tuum.

1352 3150 1483 3219 Reddere
1500 3151 1684 3220 ffinspestum
1704 3150 1841 3188 alicujus,
1872 3151 2014 3182 Revocare
2029 3162 2062 3183 ac
2079 3153 2214 3185 reducere
2234 3156 2263 3184 in
2283 3156 2474 3195 conspectum.

1398 3191 1419 3219 ir
1439 3200 1486 3225 .9.
1539 3193 1642 3219 n.262.

1352 3200 1523 3265 Relifiquere
1534 3228 1563 3257 in
1575 3227 1735 3265 conspectu.
1758 3226 1817 3257 Gic.
1833 3235 1856 3263 ς.
1870 3227 1906 3257 de
1915 3227 1976 3258 Fin.
1987 3231 2033 3266 63.

1352 3266 1436 3304 Sequi
1450 3266 1615 3304 aliquorum.
1638 3266 1668 3295 V.
1691 3265 1795 3302 Fugere
1808 3265 1890 3303 paulo
1901 3271 1973 3295 ante.

1351 3304 1429 3334 Stare
1440 3314 1504 3334 cuni
1513 3304 1614 3342 gladiis
1623 3304 1653 3333 in
1665 3304 1816 3340 conspe-&tu
1827 3304 1955 3334 Senatus.
1978 3303 2036 3334 cic.
2049 3312 2076 3334 2.
2090 3304 2159 3335 Phili
2169 3315 2209 3344 ip.
2224 3312 2251 3341 8.

1350 3342 1429 3372 Sum.
1450 3348 1499 3379 ut,
1522 3342 1593 3379 Quae
1604 3342 1642 3372 est
1654 3342 1682 3370 in
1693 3341 1793 3385 oppidi
1804 3342 1965 3379 conspeetu.
1988 3342 2061 3372 Varr.
2079 3353 2101 3372 1.
2114 3344 2150 3373 de
2162 3317 2197 3373 lz.
2207 3345 2242 3374 R.
2256 3354 2316 3383 cap.
2325 3353 2353 3382 ·7.

1340 3380 1449 3417 ,Procul
1460 3391 1475 3410 a
1484 3380 1637 3418 conspectu
1651 3380 1763 3417 imperii
1775 3379 1840 3409 urbs
1849 3379 1903 3409 esse
1914 3380 2026 3410 dicitur.
2050 3381 2108 3410 Cic.
2120 3391 2147 3412 2.
2156 3383 2193 3412 de
2203 3382 2276 3421 Lege
2287 3384 2349 3420 Agr.
2360 3384 2409 3418 36.

1350 3417 1453 3448 Venire
1464 3419 1491 3447 in
1502 3418 1685 3455 conspectum
1694 3416 1822 3453 alicujus,
1845 3417 1904 3447 Cic.
1923 3428 1947 3448 1.
1961 3418 1996 3447 de
2007 3418 2066 3448 Fin.
2080 3426 2126 3455 24.
2323 3429 2326 3435 ·

1349 3455 1633 3495 Verericonspectum
1644 3455 1769 3489 alicuius
1791 3455 1855 3485 Ter.
1871 3456 1978 3485 Phorm.
1991 3466 2016 3485 2.
2030 3466 2056 3486 2.
2068 3466 2091 3486 1.

1431 3493 1511 3524 Itane
1524 3495 1608 3532 patris
1622 3494 1661 3523 ais
1672 3492 1852 3530 conspectum
1866 3495 1987 3524 veritum
2000 3494 2067 3524 hinc
2083 3494 2198 3525 abiisse?

1350 3531 1453 3562 Videre
1463 3541 1520 3562 uno
1536 3533 1567 3561 in
1576 3531 1651 3561 cons
1666 3532 1730 3560 ectu
1739 3532 1842 3560 omnia.
1865 3532 1925 3562 Cic.
1942 3533 1978 3561 de
1990 3532 2061 3562 Clar.
2074 3533 2152 3563 Orat.
2166 3542 2210 3569 15.

1349 3570 1441 3600 Vitare
1452 3571 1570 3606 alicujus
1581 3580 1636 3599 con
1651 3570 1772 3607 peetum.
1796 3569 1915 3606 Quintil.
1926 3569 1976 3600 lib.
1989 3574 2014 3599 6.
2028 3580 2088 3608 cap.
2102 3579 2126 3607 3.

1348 3608 1538 3646 Conspectum
1556 3613 1639 3637 vocat
1659 3607 1797 3643 Excerpta
1815 3608 1910 3638 brevia
1928 3617 1963 3637 ex
1983 3608 2097 3643 multis,
2120 3610 2146 3639 δι
2167 3609 2198 3638 in
2220 3608 2351 3640 ordinem
2368 3610 2473 3650 digesta

1368 3646 1440 3677 Geli.
1456 3656 1498 3682 17.
1509 3655 1553 3676 21.
1573 3646 1609 3675 Ut
1620 3643 1802 3683 conspectum
1812 3646 1952 3682 quendam
1963 3653 2075 3676 aetatum
2087 3647 2335 3683 antiquissimarum
2345 3651 2416 3683 ,δια

1310 3685 1334 3716 C
1343 3694 1360 3714 o
1369 3695 1409 3714 Ns
1419 3695 1450 3713 1³1
1461 3694 1478 3713 c
1489 3694 1525 3713 io
1536 3704 1544 3719 ,
1566 3684 1639 3713 finis.
1660 3683 1678 3712 f.
1701 3683 1774 3719 quasi
1783 3682 1960 3721 Conspeetio.
1983 3684 2067 3714 Varro
2078 3685 2114 3714 de
2128 3685 2155 3714 L.
2169 3685 2197 3714 L.
2210 3690 2237 3715 ¹6.
2249 3694 2275 3715 2.
2297 3696 2332 3715 ex
2341 3687 2473 3718 Carmine

1349 3722 1487 3760 Augurali.
1528 3721 1635 3751 interea
1654 3720 1835 3750 concretione
1846 3743 1854 3756 ‚
1876 3721 2070 3759 conspicione‚
2097 3724 2293 3759 cortumione,
2326 3726 2420 3762 utique
2438 3736 2472 3756 ea

1313 3763 1317 3767 '
1349 3760 1497 3791 recliffime
1518 3757 1595 3789 sensi.
1632 3759 1666 3788 Et
1683 3758 1766 3796 paulo
1785 3759 1862 3796 post:
1884 3759 2083 3797 Contempla're
2103 3763 2130 3791 &
2145 3761 2312 3799 Conspicare
2326 3763 2401 3792 idem
2415 3765 2472 3793 else

1349 3805 1472 3837 apparet.
1510 3797 1579 3827 Ideo
1593 3797 1696 3831 dicere,
1722 3806 1787 3826 cum
1809 3797 1948 3834 ternplum
1966 3797 2081 3834 faciant,
2100 3801 2239 3837 Augures,
2261 3799 2470 3837 Conspicione,

1349 3846 1402 3874 qua
1413 3835 1558 3865 oculorum
1568 3834 1748 3872 conspectum
1760 3834 1866 3864 finiant.
1905 3834 2038 3870 [Dicitur
2047 3837 2145 3866 eadem
2155 3837 2244 3866 forma
2254 3847 2287 3867 ac
2296 3837 2430 3874 Suspicio.

1310 3874 1334 3905 C
1343 3884 1359 3903 o
1370 3883 1389 3903 N
1399 3884 1432 3903 si=
1443 3883 1458 3902 1³
1467 3883 1538 3902 cro
1550 3883 1565 3902 a
1575 3895 1583 3907 ‚
1605 3873 1670 3902 oris.
1692 3882 1730 3901 m.
1752 3871 1809 3908 Qui
1824 3872 1970 3910 conspicit.
2008 3873 2127 3904 Tertull.
2146 3875 2182 3904 de
2199 3875 2283 3904 Cultu
2297 3875 2371 3905 Fern.
2383 3884 2408 3905 2.
2423 3884 2468 3912 13.

1349 3912 1424 3943 Deus
1433 3911 1472 3940 est
1485 3911 1650 3949 conspedmr
1663 3910 1765 3940 cordis.

1312 3950 1389 3980 CoN
1398 3959 1410 3978 s
1420 3958 1478 3977 P1c
1487 3958 1507 3977 u
1518 3959 1536 3977 u
1545 3959 1568 3984 s,
1588 3947 1754 3984 [ὡφωιὲς]
1776 3947 1836 3984 Adj.
1857 3948 1945 3985 Quod
1958 3948 1993 3978 ab
2007 3949 2139 3979 omnibus
2151 3948 2322 3986 conspicitur
2337 3957 2344 3977 :
2366 3948 2419 3984 vel,
2437 3957 2470 3980 ut

1349 3987 1388 4019 ait
1402 3985 1486 4025 Valla,
1497 3987 1548 4018 lib.
1560 3996 1585 4017 1.
1597 3995 1659 4025 cap.
1672 3996 1715 4023 30.
1729 3986 1814 4023 Quod
1828 3986 2058 4054 circi-'nmspicitun
2076 3987 2195 4018 martial.
2210 3987 2256 4016 lib.
2268 3986 2467 4056 deSpectapis.

1897 4034 1916 4062 i>
1925 4034 1945 4062 Ρ
1955 4034 1975 4063 Ρ
2442 4035 2469 4057 12
