2604 4222
171 200 245 234 410
597 187 626 220 C
723 183 749 217 A
847 183 886 216 M

211 270 334 300 Lustrare
345 270 441 300 oculis.
463 267 622 299 Lucan.lib.
635 277 660 303 7.
675 276 738 302 709.
956 304 958 307 1

308 309 339 338 Et
350 309 460 338 lustrare
473 307 561 336 oculis.
571 314 684 342 campos
699 304 746 332 sub
758 301 837 331 clade
847 300 974 329 latentes.

214 347 321 377 Mersus.
332 355 444 383 campus
456 354 560 374 cruore.
583 344 629 372 Sil.
646 342 700 371 ital.
715 341 761 369 lib.
779 350 800 367 1.

214 385 332 415 Mistere
344 393 473 421 campum
484 382 606 420 pulvere.
633 380 703 415 Virg.
721 388 762 406 12.
778 376 837 406 [En.
848 386 916 419 444.
1004 412 1009 417 ·
1063 411 1069 416 .
1174 409 1180 415 ·

216 423 372 452 Obstruere.
414 422 515 450 Lucam
528 420 574 448 lib.
588 428 612 447 2.
627 428 691 453 495.
722 415 808 445 Ponte
825 414 929 443 scilicet
944 410 1052 442 rescisso
1062 420 1091 439 m
1102 409 1218 440 flumme
1229 430 1238 448 ,
1259 415 1334 438 cam-

234 470 302 498 pum
312 460 488 488 terminante.

216 498 353 528 Pararead
365 503 511 525 certamen.
535 493 605 527 Vir-51.
621 501 662 521 12.
676 491 737 521 AEn.
751 499 761 518 1
771 492 811 518 16.
827 490 838 502 '

217 536 309 565 Partiri
321 535 407 562 limite
417 542 554 570 campum.
583 532 651 565 Virg.
669 539 691 557 1.
703 528 882 569 Georgia&

216 573 364 602 Pascuntur
375 581 423 610 per
434 579 546 606 campos
560 569 631 604 equi.
653 567 723 603 Virg.
740 570 764 594 ό,
782 566 841 594 lhn.
853 569 916 599 653.
1234 598 1239 604 1
1255 598 1260 603 1

216 611 367 644 Peras-are.
408 608 465 637 Cic.
482 618 503 636 1.
517 607 551 635 de
567 605 654 634 Divin.
666 615 711 639 94.
735 603 834 631 Arabes
849 608 942 630 autem
961 601 987 630 &
1009 600 1146 637 Phryges,
1169 600 1195 629 ἃ
1209 597 1309 627 Cilices
1322 619 1331 632 ,

236 642 310 684 quod
322 648 395 685 pastu
408 645 546 683 pecudum
558 644 678 672 maxime
686 647 818 676 utuntur,
839 648 955 677 campos
967 640 994 668 δε
1004 644 1113 667 montes
1123 639 1214 667 hieme
1226 638 1252 666 &
1261 636 1332 664 restas

236 693 263 714 te
275 690 446 722 peragrantes
458 705 465 717 ,
479 685 530 710 Alc.

217 723 472 758 Perlabicampum.
494 719 541 748 sil.
559 718 605 747 lib.
624 721 665 746 16.

216 760 376 790 Perlustraie
388 759 484 788 oculis.
507 756 554 786 Sil.
570 756 617 785 lib.
630 765 656 791 7.
1166 788 1172 794 -
1225 788 1231 794 .

216 797 349 827 Persultat
363 805 475 833 campos
485 796 630 824 exercitus.
671 792 761 822 Tacit.
777 796 820 820 11.
834 791 903 820 Ann.
916 800 942 826 9.
972 789 1055 819 Casus
1076 788 1233 818 Mithridati
1251 788 1332 816 datus

234 836 273 864 est
292 834 448 871 occupandi
471 833 624 861 Armeniam
643 831 668 860 vi
681 830 778 859 militis
793 829 912 859 Romani
932 828 968 858 ad
982 827 1139 857 excidenda
1159 825 1332 855 castellorum

233 874 318 902 ardua
331 895 338 905 ,
361 870 439 901 iimul
455 871 555 900 Hibero
568 869 693 898 exercitu
707 877 821 906 campos
831 867 1010 905 persultante.

214 910 398 948 Pinguescunt
409 910 508 946 campi.
533 908 604 940 Vite.
621 917 643 936 1.
657 907 756 943 Georg.
769 915 831 941 493.

408 964 443 968 —«
452 948 477 976 Sc
488 946 557 975 latos
568 945 638 975 [Emi
651 944 830 983 pinguescere
840 952 962 981 campos.

214 984 391 1014 Proscindere
403 985 482 1013 ferro.
506 984 589 1013 Ovid.
604 993 629 1019 7.
647 983 715 1012 Met.
731 992 792 1016 119.

212 1022 335 1053 Pulsatus
344 1023 453 1052 ailiduis
467 1022 545 1058 equis
554 1031 677 1058 campus.
699 1020 783 1050 Ovid.
797 1022 822 1048 6.
835 1018 904 1048 Met.
917 1027 982 1053 219.
1169 1053 1175 1060 ·

214 1061 337 1097 Quatere
348 1070 462 1098 campos
472 1061 602 1088 ‹ilcuntur
611 1059 726 1095 equites.
749 1058 821 1094 Vir-g.
837 1066 879 1086 11.
893 1056 954 1086 ffin.
970 1063 1031 1092 513.
1052 1053 1084 1084 V.
1101 1054 1191 1084 Putris
1204 1061 1330 1091 campus.

214 1098 330 1136 Rapere.
353 1099 419 1128 Stat.
434 1109 457 1132 ς.
470 1097 561 1127 Theb.
574 1102 637 1132 693.

214 1137 391 1166 Recumbunt
400 1146 500 1173 campo
511 1134 628 1164 nebulis.
651 1134 723 1171 Virg.
738 1143 760 1162 1.
778 1133 876 1169 Georg.
889 1140 953 1167 402.

213 1173 345 1204 Redeunt
353 1174 457 1212 campis
469 1173 600 1210 gramina.
624 1172 690 1201 llor.
701 1183 726 1207 4.
741 1172 830 1200 Carm.
843 1180 868 1206 7.
883 1179 906 1199 1.

213 1212 364 1241 Redundat
377 1213 481 1248 campis
493 1210 581 1240 Nilus.
605 1209 711 1239 Lucret.
725 1209 773 1238 lib.
788 1212 813 1236 6.
826 1210 890 1245 712¹.

211 1250 316 1280 Refluit
326 1251 431 1288 campis
440 1249 528 1279 Nilus.
550 1248 622 1283 Virg.
637 1258 662 1283 9.
679 1247 739 1277 AEn.
757 1256 798 1281 32.

406 1303 443 1307 —
452 1295 499 1316 aut
508 1286 605 1324 pingui
616 1285 732 1315 flumine
741 1284 822 1314 Nilus

312 1325 408 1362 Quum
419 1325 508 1354 refluit
518 1324 632 1361 campis.

211 1363 355 1393 Relaxare.
378 1363 426 1392 Sil.
441 1362 500 1392 ltal.
515 1361 562 1391 lib.
576 1371 601 1398 7.

211 1401 357 1431 Renovare
367 1402 469 1430 aratris.
493 1400 577 1429 Ovid.
592 1409 615 1428 1.
630 1398 719 1428 Amor.
730 1406 754 1434 3.
769 1407 795 1431 9.

211 1439 308 1469 Serere
321 1439 424 1468 hordea
434 1439 546 1475 campis.
570 1437 644 1474 Virg.
659 1446 682 1466 1.
701 1436 799 1473 Georg.
811 1443 876 1464 210.

211 1478 415 1515 Strepitomnis
429 1485 569 1505 murmure
577 1484 698 1512 campus.
721 1473 793 1511 Virg.
807 1476 833 1502 6.
847 1471 908 1502 AEn.
920 1479 985 1508 709..

211 1514 387 1544 Tenentlate
395 1523 510 1552 campos
521 1513 641 1542 arbores.
664 1512 736 1548 Virg.
752 1521 777 1540 2.
790 1511 889 1546 Georg.
906 1520 916 1538 1
925 1520 947 1538 1.

211 1552 344 1583 Tondere
354 1562 484 1590 campum
494 1552 626 1580 dicuntur
636 1549 708 1587 equi.
732 1549 802 1586 Virg.
814 1558 839 1585 3.
856 1548 918 1579 AEn.
936 1551 998 1584 538.

402 1606 440 1612 --
451 1599 537 1627 equos
547 1589 575 1617 in
587 1588 711 1625 gramine
722 1587 782 1616 vidi

303 1627 469 1658 Tondentes
481 1636 611 1663 campum
623 1626 687 1656 late.

211 1666 411 1696 Transmittere
423 1665 510 1695 cursu.
533 1665 606 1702 Virg.
618 1675 645 1700 4.
655 1664 718 1694 AEn.
734 1672 796 1698 154.

211 1704 390 1735 Tremiscunt
400 1705 513 1734 tonitru.
531 1703 604 1740 Virg.
619 1713 643 1738 5.
662 1702 723 1732 [En.
738 1704 803 1737 694.

209 1742 313 1772 Vestite
324 1752 437 1780 campos
447 1741 553 1770 lumine
564 1741 666 1770 dicitur
676 1739 770 1769 aether.
792 1737 865 1774 Virg.
878 1738 904 1766 6.
918 1735 980 1780 AEn.
992 1736 1057 1772 640.

302 1780 412 1818 Largior
423 1780 469 1809 hic
481 1788 595 1816 campos
604 1778 705 1813 aether,
726 1778 752 1807 ἃ
764 1776 872 1806 lumine
885 1774 965 1804 vestit
1044 1773 1195 1811 Purpureo.

209 1818 304 1848 Vestiti
317 1819 451 1856 gramine.
474 1816 570 1846 Claud.
584 1826 607 1852 3.
620 1816 655 1846 de
666 1815 747 1853 Rapt.
760 1814 881 1851 Proserp.
891 1821 955 1849 231.

209 1857 342 1894 Campus,
358 1866 415 1886 non
428 1856 482 1884 fine
493 1855 617 1893 epitheto
628 1861 733 1888 tamen,
752 1852 823 1890 saepe
833 1851 987 1880 inferorum
999 1849 1092 1879 sedem
1105 1849 1221 1893 denotat
1233 1872 1241 1886 ,
1259 1855 1305 1886 ut,

207 1894 377 1924 Umbrarum
385 1894 486 1931 campi.
523 1892 627 1923 Lucan.
644 1891 693 1921 lib.
705 1900 730 1928 7.
756 1891 774 1920 i.
786 1900 810 1920 e.
834 1890 867 1920 In
877 1888 978 1926 quibus
992 1894 1084 1918 errant
1093 1897 1193 1917 animae
1203 1888 1326 1927 insepul-

226 1939 328 1961 torum.

205 1969 299 2037 Inegs,
320 1970 339 2000 i.
354 1980 378 2000 e.
399 1969 527 1999 Putridus
539 1969 565 1998 Sc
577 1967 740 1997 infructifer.
762 1965 810 1997 Sil.
822 1964 873 1995 lib.
886 1973 928 2002 13.
944 1974 1007 2003 530.
1029 1964 1066 1994 fic
1085 1969 1168 1994 vocat
1187 1963 1325 2002 Campum

223 2018 252 2037 1n
266 2018 334 2038 erni.

205 2045 345 2076 Nitentes.
365 2045 439 2082 Virg.
452 2047 477 2074 6.
495 2044 556 2074 AEn.
569 2046 633 2080 677.

397 2099 434 2104 —-
442 2081 608 2120 camposque
619 2081 741 2111 nitentes

299 2121 424 2159 Desuper
434 2122 562 2150 ostentat.
643 2119 701 2148 scil.
724 2117 833 2156 Elysios.

203 2159 323 2189 Silentes
334 2182 342 2196 ,
363 2159 527 2189 Inferorum.
549 2158 614 2187 Sen.
625 2157 707 2187 Herc.
721 2157 822 2185 surent.
836 2165 879 2184 10.

204 2198 328 2236 Campus
337 2198 421 2227 etiam
430 2207 481 2235 pro
492 2196 564 2225 Mari
574 2197 600 2225 Sc
610 2196 687 2232 Aqua
695 2194 849 2232 usurpatur.
875 2192 960 2224 Ovid.
973 2201 997 2222 1.
1014 2190 1084 2222 Met.
1095 2200 1142 2228 41.

396 2250 433 2254 —
445 2243 602 2272 campoque
611 2242 724 2271 recepta

297 2272 445 2302 Liberioris
456 2282 533 2309 aquae
544 2294 552 2305 ,
574 2271 626 2301 &c

202 2310 285 2341 Latus
297 2321 412 2348 campus
423 2319 563 2347 aquarum.
587 2309 670 2338 Ovid.
686 2317 710 2338 1.
722 2307 791 2337 Met.
806 2316 869 2344 315.

201 2349 343 2379 Liberiore
356 2358 456 2386 campo
466 2355 567 2377 natare.
587 2347 670 2376 Ovid.
681 2357 705 2381 4.
720 2345 787 2375 Fast.
798 2354 862 2381 292.

202 2386 354 2424 Liquentes
366 2395 488 2424 campos.
511 2385 583 2420 virg.
596 2389 621 2414 6.
636 2384 697 2413 AEn.
712 2393 777 2421 724.
880 2420 886 2426 1

202 2425 347 2455 Natantes.
369 2425 441 2461 Virg.
457 2433 480 2459 3.
495 2423 594 2458 Georg.
611 2428 672 2457 198.
748 2438 785 2442 —-
795 2429 944 2459 campique
952 2421 1079 2448 natantes

296 2462 416 2492 Lenibus
427 2460 587 2491 horrescunt:
598 2459 700 2489 flabris.

202 2499 272 2530 Salis
280 2510 402 2538 campos.
426 2500 498 2536 Virg.
512 2509 553 2528 10.
568 2498 629 2528 ffin.
640 2507 704 2532 214.
726 2496 799 2526 adde
813 2496 900 2525 Plaut.
916 2494 995 2525 Trin.
1007 2505 1034 2530 4.
1050 2503 1074 2523 1.
1089 2502 1133 2529 15.

202 2538 262 2568 Lati
274 2539 365 2576 campi
374 2538 452 2567 aeris.
474 2537 546 2574 Virg.
558 2541 581 2565 6.
592 2536 652 2566 AEn.
664 2540 727 2570 888.
1032 2569 1038 2575 ⁶

202 2577 299 2613 Campi
310 2577 423 2605 nomine
433 2574 555 2605 absolute
566 2584 621 2603 non
631 2583 690 2602 raro
704 2572 800 2606 venit,
822 2571 944 2609 Campus
955 2570 1074 2600 Martius
1088 2568 1195 2604 Romae,
1209 2568 1257 2599 ubi
1268 2569 1322 2601 Co-

219 2615 299 2644 mitia
309 2613 489 2643 habebantur.
511 2612 579 2642 Hor.
591 2621 615 2648 3.
626 2611 717 2641 Carm.
733 2621 756 2640 1.
768 2620 810 2639 10.
906 2608 1000 2638 -1110
1011 2606 1167 2645 generosior

294 2652 449 2682 Descendat
462 2652 491 2680 in
506 2660 636 2688 campum
648 2651 760 2688 petitor.
843 2647 929 2676 Ovid.
944 2646 980 2675 ad
991 2646 1048 2676 Liv.
1065 2654 1129 2681 231.

298 2690 353 2720 Sed
377 2690 490 2719 Mavors
502 2688 610 2726 templo
620 2688 744 2722 vicinus,
763 2688 789 2716 &
803 2684 898 2714 accola
912 2685 1014 2722 campi.

201 2727 272 2757 Cum
283 2728 417 2766 proximis
427 2727 549 2757 comitiis
557 2724 745 2755 consularibus
755 2733 799 2752 me
812 2723 963 2752 Consulem
980 2723 1007 2751 in
1024 2731 1125 2760 campo
1136 2743 1144 2755 ,
1165 2722 1192 2751 ἃ
1207 2731 1320 2761 compe.

218 2767 315 2795 titores
334 2773 397 2795 tuos
418 2765 573 2794 interlicere
591 2763 709 2792 voluisti.
750 2761 809 2791 Cic.
826 2771 849 2790 1.
866 2760 947 2790 Catil.
963 2770 1004 2790 11.
1027 2760 1103 2790 Hinc
1117 2758 1189 2789 illud
1207 2769 1319 2798 prover-

218 2803 290 2833 biale
301 2825 309 2838 ,
331 2804 397 2833 Fors
407 2803 520 2832 domina
530 2802 631 2840 campi.
653 2801 711 2830 Cic.
723 2800 752 2829 in
765 2799 851 2828 Pison.
868 2809 896 2834 4.

198 2840 296 2879 Campi
309 2848 384 2871 nota.
417 2841 505 2870 Valer.
520 2839 597 2869 Max.
608 2844 633 2869 6.
650 2849 676 2875 9.
689 2849 730 2872 14.
761 2837 778 2866 i.
792 2847 815 2866 e.
835 2835 953 2874 Repulsa
968 2836 996 2865 in
1009 2836 1150 2865 honorum
1169 2835 1316 2872 petitione.

196 2878 318 2909 Venalis.
360 2879 463 2909 Lucan.
478 2878 526 2908 lib.
543 2887 565 2907 1.
582 2882 643 2911 180.
665 2875 800 2906 Venalem
810 2873 947 2913 appellat,
967 2874 1107 2912 Campum
1118 2874 1267 2910 Martium,
1288 2876 1318 2904 in

215 2927 270 2954 quo
284 2916 410 2954 suffragia
419 2917 619 2946 vendebantur.

197 2954 318 2993 Campus
329 2977 336 2990 ,
359 2965 409 2993 pro
420 2954 558 2984 Comitiis.
601 2953 659 2982 Cic.
675 2961 699 2988 3.
712 2951 747 2981 de
759 2950 835 2980 Orat.
850 2953 895 2985 64.
918 2950 1013 2979 Gravis
1023 2949 1062 2979 est
1072 2949 1208 2979 modusin
1218 2956 1317 2980 ornatu

216 2994 350 3022 orationis
362 3015 371 3028 ,
393 2994 419 3023 &
432 2992 503 3030 saepe
512 2991 678 3025 sumendus,
700 2999 734 3019 ex
745 2998 801 3026 quo
814 2997 915 3025 genere
933 2988 992 3017 haec
1011 2987 1089 3022 sunt,
1111 2988 1231 3017 Martem
1250 2988 1317 3018 belli

214 3030 269 3060 esse
285 3040 465 3060 communem
476 3052 485 3066 ,
505 3029 633 3059 Cererem
645 3038 695 3067 pro
705 3027 830 3063 frugibus
840 3047 849 3061 ,
870 3026 999 3055 Liberum
1013 3025 1155 3063 appellare
1172 3036 1223 3064 pro
1234 3027 1316 3062 vino,

214 3068 380 3106 Neptunum
389 3078 440 3107 pro
449 3069 536 3103 mari,
557 3067 669 3097 Curiam
682 3075 733 3104 pro
745 3065 848 3094 Senatu
858 3086 867 3099 ,
888 3064 1026 3101 Campum
1037 3074 1088 3101 pro
1099 3064 1221 3094 comitiis
1232 3086 1240 3099 ,
1261 3065 1317 3094 To-

215 3115 275 3142 gam
291 3117 342 3145 pro
377 3116 441 3142 ace,
464 3108 546 3136 Arma
555 3115 588 3135 ac
597 3104 654 3135 tela
664 3114 714 3142 pro
726 3102 812 3132 bello.

196 3143 318 3181 Campus
329 3167 336 3179 ,
384 3155 413 3175 es
426 3143 568 3182 quaelibet,
585 3144 614 3172 in
631 3152 684 3179 qua
696 3142 756 3179 quis
772 3139 892 3169 studium
905 3138 998 3168 habet.
1020 3144 1071 3174 ut,
1093 3139 1215 3178 Campus
1225 3139 1316 3170 rheto-

214 3192 283 3212 rum.
325 3182 383 3211 Cic.
395 3193 417 3213 1.
438 3181 495 3212 Off.
509 3185 554 3211 61.
577 3181 652 3211 Hinc
663 3179 805 3209 rhetorum
818 3186 934 3215 campus
946 3178 982 3206 de
993 3176 1177 3214 Marathone,
1199 3178 1315 3208 Salami-

212 3229 248 3248 ne
258 3242 266 3255 ,
282 3222 333 3250 &c.
355 3221 433 3250 Idem
443 3243 450 3256 ,
473 3218 645 3249 Latissimum
656 3217 771 3247 dicendi
779 3223 911 3253 campum
920 3214 975 3244 alio
983 3214 1048 3244 loco
1059 3215 1146 3252 dixit,
1167 3226 1218 3254 pro
1231 3216 1315 3246 Uber.

210 3262 266 3286 tate
281 3259 400 3288 materiae
415 3268 497 3296 quam
507 3263 616 3287 vocant.

193 3292 377 3331 Expositionis
388 3305 518 3334 campum
530 3292 661 3325 nancisci.
684 3289 804 3329 Quintil.
818 3290 868 3320 lib.
881 3299 906 3325 4.
917 3299 979 3328 cap.
991 3299 1016 3319 2.
1051 3328 1058 3333 Ω
1081 3326 1086 3332 .

194 3330 330 3361 lmmenso
340 3334 369 3362 in
379 3343 478 3371 campo
491 3334 591 3371 vagari.
614 3333 672 3362 Cic.
685 3339 709 3368 3.
725 3331 760 3359 de
773 3329 850 3359 Orat.
863 3337 923 3357 122.
946 3328 977 3358 ln
988 3328 1134 3365 hocigitur
1147 3332 1236 3365 tanto,
1245 3333 1314 3360 tam-

213 3378 266 3404 que
278 3370 409 3400 immenso
419 3381 519 3408 campo
529 3393 536 3405 ‚
562 3380 646 3407 quum
656 3369 737 3398 liccat
746 3367 848 3397 oratori
860 3365 1056 3403 vagarilibere.

193 3404 312 3443 Magnus
323 3417 436 3444 campus
451 3410 485 3437 ad
497 3408 618 3437 laudem.
659 3407 717 3436 Cic.
734 3416 776 3440 14.
793 3404 913 3442 Philipp.
928 3412 970 3440 17.
992 3401 1113 3441 Magnus
1130 3403 1168 3433 est
1188 3403 1218 3433 in
1240 3404 1310 3443 Rep.

209 3452 342 3509 lcandpus’
364 3452 394 3474 ut
405 3446 539 3484 sapienter
549 3446 642 3476 dicere
659 3444 766 3474 solebat
780 3440 905 3478 Craffus,
925 3441 1020 3471 multis
1036 3447 1146 3479 apertus
1163 3441 1257 3480 cursus⁴
1275 3444 1310 3472 ad

221 3490 255 3509 au
277 3491 329 3512 em.

193 3517 328 3554 Magnum
337 3528 465 3557 campum
475 3521 560 3550 habet
567 3519 659 3550 cursus
669 3519 764 3549 animi.
802 3518 861 3548 Cic.
877 3527 899 3554 ς.
919 3517 973 3547 Att.
989 3526 1032 3551 1ς.
1062 3516 1127 3546 Νο11
1137 3516 1237 3546 habeat
1247 3517 1311 3547 satis

211 3564 343 3592 magnum
354 3567 483 3596 campum
495 3558 552 3593 ille,
564 3559 614 3588 tibi
627 3568 684 3587 non
701 3559 823 3595 ignotus,
837 3554 930 3586 cursus
939 3555 1024 3584 animi
1040 3555 1066 3584 Sc
1079 3555 1218 3584 industriae
1231 3564 1308 3586 mere.

190 3591 416 3636 Darecampum.
457 3597 513 3625 Cic.
525 3606 576 3634 pro
591 3596 702 3626 Muren.
718 3601 759 3629 18.
784 3594 903 3624 Nullum
920 3594 996 3622 enim
1008 3592 1088 3622 vobis
1105 3591 1160 3623 sors
1174 3601 1307 3630 campum

209 3630 289 3659 dedit
299 3652 307 3665 ,
329 3631 357 3659 in
368 3642 422 3668 quo
430 3642 574 3663 excurrere
586 3635 671 3663 virtus
685 3655 692 3668 ,
714 3632 900 3670 cognoscique
910 3630 1008 3668 posset.

189 3667 318 3734 Esifflff‘e
338 3669 367 3697 in
387 3678 485 3708 campo
496 3693 503 3706 ‚
533 3674 558 3700 oz
576 3672 607 3701 In
628 3671 763 3709 angustias
790 3668 924 3708 compelli
946 3668 1048 3698 dicitur
1075 3667 1172 3698 oratio.
1208 3667 1266 3697 Cic.
1277 3678 1304 3704 4.

231 3715 261 3734 ca
285 3728 291 3734 .
308 3714 368 3734 112.

188 3741 368 3772 Prosternitur
378 3753 490 3780 campus
506 3746 531 3774 &
542 3746 669 3775 materies
680 3746 733 3775 tuis
745 3745 882 3774 laudibus.
917 3744 950 3773 In
969 3754 985 3772 1·
995 3754 1010 3772 x
1021 3753 1037 3773 o
1048 3753 1060 3772 s
1069 3752 1088 3771 1·
1096 3753 1111 3772 11
1119 3752 1135 3771 R
1144 3752 1165 3772 N
1174 3752 1201 3772 o.

151 3778 201 3808 CA
214 3790 306 3809 ΜΡΝ
339 3780 492 3817 Lapideus,
519 3781 645 3818 [Λθῧδὶς
668 3781 765 3817 πτὸἑην]
794 3781 889 3812 Galliae
907 3781 1094 3811 Narbonenfis
1113 3789 1228 3818 campus
1249 3781 1303 3817 est,

186 3825 301 3847 centum
314 3817 369 3846 sere
385 3818 530 3847 stadiorum
549 3820 714 3849 diametrum
734 3820 855 3855 habens,
877 3819 1035 3857 lapidibus,
1062 3819 1109 3856 qui
1129 3817 1226 3855 linguli
1248 3828 1305 3847 ma-

185 3865 254 3884 num
266 3854 419 3891 impleant.
441 3854 558 3891 vlcnuS,
578 3856 627 3885 sub
638 3858 737 3893 quibus
759 3867 871 3892 gramen
883 3857 1006 3887 exoritur
1019 3878 1027 3891 ,
1048 3867 1063 3886 a
1082 3866 1137 3894 quo
1155 3856 1304 3894 pecoribus

184 3892 280 3927 pabuli
292 3892 482 3935 suppeditatur
492 3893 611 3922 ubertas.
643 3895 673 3923 ln
684 3895 778 3923 medio
789 3895 859 3924 sulsae
870 3895 975 3924 scatent
987 3904 1064 3932 aqua:
1075 3894 1188 3931 salisque
1198 3895 1236 3923 vis
1247 3904 1303 3924 ma-

184 3941 246 3967 gna.
287 3929 415 3958 Universa
432 3939 536 3958 circum
551 3930 678 3963 adiacens
694 3942 739 3959 ora
759 3933 848 3961 ventis
863 3932 987 3969 exposita
1003 3933 1057 3962 est:
1081 3931 1245 3961 validissime
1257 3942 1303 3962 au-

184 3974 241 3996 tem
253 3967 427 3996 Alelamborii
439 3968 514 3995 venti
525 3968 654 4004 procellis
665 3969 803 3997 inlestatur
814 3991 822 4003 ,
840 3979 895 4006 quo
908 3969 970 3998 saxa
984 3969 1040 4006 ipsa
1054 3969 1131 3999 volvi
1143 3971 1300 4005 traduntur,

182 4003 363 4041 hominesque
374 4014 408 4033 ex
419 4004 542 4033 curribus
554 4007 663 4037 excuti.
678 4008 703 4035 &
715 4006 742 4035 vi
752 4012 899 4036 ventorum
909 4007 992 4036 armis
1006 4007 1178 4044 vestibusque
1188 4008 1298 4037 nudari.

1845 175 1874 208 C
1970 175 1995 208 A

1428 254 1518 289 Hujus
1531 254 1570 283 rei
1586 254 1723 291 originem
1733 255 1769 284 ad
1782 255 1941 291 hujusmodi
1957 256 2080 285 referunt
2099 255 2220 285 fabulam
2232 278 2240 291 ,
2262 256 2413 286 Herculem
2429 268 2492 288 cum
2507 258 2547 289 Al.

1429 293 1513 322 bione
1528 294 1553 321 ὃ(
1568 292 1701 329 Bergione
1713 294 1836 330 Neptuni
1848 293 1910 323 filiis
1921 303 2091 331 pugnantem
2102 316 2109 325 ,
2132 304 2217 329 quum
2232 294 2428 325 deficientibus
2446 296 2507 326 telis
2518 297 2546 327 in

2088 176 2126 210 M

1428 331 1489 358 vita?
1500 330 1647 358 discrimen
1658 331 1788 362 veniffer.
1809 332 1909 367 ,Iovem
1926 340 2032 368 patrem
2051 331 2135 360 orasse
2148 339 2177 361 ut
2193 332 2240 360 libi
2256 332 2309 360 teli
2326 333 2525 364 administraret
2536 357 2544 372 ,

1428 369 1574 403 statimque
1584 369 1699 397 imbrem
1713 368 1856 406 lapideum
1869 379 1899 398 ea
1912 370 1939 397 in
1951 369 2011 398 loca.
2021 368 2163 404 decidisse,
2185 379 2240 406 quo
2254 370 2378 407 gigantes
2392 370 2497 401 fuerint
2507 373 2546 402 in.

1428 406 1567 443 terempti.
1609 406 1640 434 V.
1664 407 1698 434 de
1708 406 1762 435 hoc
1772 406 1848 443 plura
1858 408 1933 444 apud
1949 406 2036 436 Strab.
2049 406 2095 436 lib.
2108 418 2134 441 4.

1390 443 1412 473 C
1423 454 1442 471 A
1454 455 1473 472 M
1487 453 1500 471 P
1509 454 1518 471 1
1541 443 1694 479 Diomedis,
1717 445 1747 472 in
1765 444 1882 481 Appulia
1892 444 2078 482 appellantur,
2090 444 2136 482 qui
2149 445 2172 473 ei
2182 444 2210 473 in
2220 443 2354 473 divifione
2365 445 2453 482 regni,
2465 455 2545 482 quam

1428 491 1491 510 cum
1504 480 1604 510 Dauno
1614 481 1697 516 fecit,
1718 481 1862 511 cesserunt.
1900 481 1968 512 Fest.

1391 519 1414 549 C
1425 531 1442 547 A
1453 530 1471 547 M
1482 529 1494 546 r
1506 530 1515 547 1
1535 530 1556 547 M
1568 529 1586 547 A
1596 529 1613 547 c
1623 529 1637 547 a
1651 530 1658 546 1
1669 541 1676 553 ,
1699 520 1820 555 [Meneni
1843 516 1962 555 ηρίμπτι]
1982 518 2066 549 Italiae
2077 519 2225 556 Oppidum
2237 519 2274 548 est
2286 520 2417 556 exiguum
2428 541 2435 554 ,
2459 531 2545 560 prope

1428 557 1589 586 Ravennam
1600 578 1607 591 ,
1629 557 1678 586 ubi
1690 557 1838 593 quotannis
1848 557 1939 587 forum
1952 558 2114 591 conficitur,
2135 563 2166 586 ut
2185 559 2279 586 auctor
2301 558 2339 586 est
2351 557 2448 587 Strabo
2458 558 2504 588 lib.
2520 571 2542 596 ς,

1428 595 1622 624 meminerunt
1634 596 1659 624 δι
1668 594 1728 624 Liv.
1741 595 1844 635 Varro,
1868 594 2006 625 Columel.
2022 593 2063 624 Cl.
2085 592 2218 624 Cellarius
2228 594 2391 631 addubitat,
2414 605 2450 625 an
2458 596 2548 636 Oppi.

1428 633 1495 661 dum
1505 632 1595 661 fuerit.
1618 632 1716 670 Geogr.
1731 633 1790 662 Ant.
1803 642 1828 663 2.
1839 644 1865 668 9.
1878 643 1900 663 1.
1912 642 1956 669 79.
1978 643 2004 669 q.
2018 632 2049 660 V-

1389 671 1411 700 C
1424 679 1640 705 AMPESTRR,
1662 672 1688 699 δι
1709 670 1972 705 CAMPEsTssxs,
1993 680 2017 700 e.
2040 667 2174 706 [πτῶνὶς]
2195 670 2281 707 Quod
2300 671 2335 700 ad
2351 680 2465 707 campos
2484 672 2544 703 atti.

1426 715 1474 737 net
1484 729 1491 741 ,
1512 707 1557 736 vel
1574 708 1603 736 in
1620 709 1720 737 mediis
1738 709 1842 747 campis
1853 709 1940 745 jacet:
1963 714 2013 743 ut,
2034 707 2122 737 Locus
2144 717 2203 737 cam
2229 708 2312 737 estris.
2352 708 2418 738 Caes.
2429 718 2454 746 7.
2475 709 2542 742 Bell.

1426 746 1496 774 Gall.
1507 754 1551 782 72.
1576 745 1658 774 Varro
1677 746 1712 775 de
1724 746 1756 775 R.
1770 746 1802 776 R.
1816 746 1865 776 lib.
1880 757 1903 776 1.
1916 756 1976 784 cap.
1992 756 2015 781 ς.
2028 746 2063 775 ad
2075 745 2175 781 finem,
2202 718 2446 784 Campesterlocus
2458 748 2479 777 is
2489 758 2546 779 me.

1425 783 1503 850 11ἓ1ᾗ
1520 783 1566 820 qui
1578 789 1653 813 totus
1663 784 1843 822 aequabilliter
1857 785 1886 814 in
1895 794 1979 814 unam
1988 790 2096 822 partem
2112 784 2217 821 vergit,
2239 794 2323 822 quam
2342 785 2366 814 is
2389 785 2436 821 qui
2452 786 2490 815 est
2507 788 2542 817 ad

1438 832 1445 849 1
1468 831 1482 850 e
1506 831 1549 850 arn
1559 831 1661 858 aequus.

1425 861 1494 896 Ager
1503 859 1671 897 campestris.
1712 858 1771 889 Liv.
1782 869 1861 897 4.37.
1883 859 2051 890 Vulturnum
2060 858 2260 889 Hetruscorum
2271 859 2377 896 urbem,
2394 871 2454 898 quse
2468 871 2542 894 nunc

1444 897 1540 934 Capua
1552 897 1609 931 est,
1629 896 1663 926 ab
1675 897 1845 928 Samnitibus
1855 904 1980 936 captam:
2003 898 2183 934 Capuamque
2193 896 2226 925 ab
2243 898 2315 927 duce
2328 908 2427 928 eorum
2439 899 2540 939 Capye,

1443 936 1489 964 vel
1511 935 1606 971 (quod
1619 936 1733 973 propius
1743 946 1808 965 vero
1823 936 1885 972 est)
1906 946 1921 966 a
1933 935 2079 973 campestri
2089 943 2153 972 agro
2164 933 2341 973 appellatam.

1427 973 1508 1002 Arma
1521 973 1689 1011 campestria.
1714 974 1779 1003 Hor.
1790 974 1825 1004 de
1837 976 1899 1003 Arte
1910 974 1985 1003 Poet.
2000 982 2062 1010 379.

1505 1010 1613 1040 Ludere
1625 1010 1672 1048 qui
1682 1011 1771 1041 nescit
1781 1033 1789 1047 ,
1813 1011 2011 1049 campestribus
2026 1010 2144 1040 abstinet
2156 1011 2249 1041 armis.
2346 1012 2420 1049 Quia
2430 1013 2459 1043 in
2471 1013 2542 1045 Mar.

1446 1048 1488 1076 tio
1500 1048 1607 1086 Campo
1620 1050 1702 1079 armis
1713 1050 1748 1079 ad
1758 1048 1854 1087 palum
1865 1050 1892 1078 se
1901 1049 2077 1079 exercebant.

1422 1085 1554 1115 Decursio
1563 1087 1730 1124 campestris.
1751 1088 1769 1117 i.
1778 1098 1803 1117 e.
1824 1087 1965 1117 Militaris.
2002 1088 2077 1116 Suet.
2090 1085 2170 1116 Galb.
2183 1096 2244 1124 cap.
2257 1088 2283 1116 6.
2305 1086 2365 1125 Ipse
2374 1086 2542 1120 maximein-
2555 1087 2557 1089 ’

1443 1123 1524 1161 signis
1534 1147 1542 1158 ,
1564 1126 1639 1161 quod
1650 1126 1831 1163 campestrem
1840 1125 2033 1155 decurfionem
2044 1124 2120 1154 scuto
2136 1125 2296 1154 moderatus
2307 1147 2315 1160 ‚
2335 1126 2420 1155 etiam
2432 1127 2465 1155 ad
2478 1123 2551 1158 effe.¹

1442 1161 1510 1191 dum
1528 1162 1704 1200 Imperatoris
1715 1173 1765 1201 per
1779 1164 1875 1202 viginti
1887 1162 2015 1201 paffuum
2032 1161 2119 1192 millia
2139 1163 2270 1192 cucurrit.
2311 1162 2342 1193 V.
2363 1163 2494 1194 Decurfio
2512 1166 2539 1198 in
2566 1191 2569 1198 .
2602 1202 2604 1211 1

1443 1209 1627 1230 DECURRO.

1422 1236 1557 1268 Fraxinus
1571 1238 1729 1276 campestris
1751 1240 1778 1268 &
1796 1236 1943 1269 Montana.
1983 1238 2054 1268 Plin.
2072 1237 2122 1267 lib.
2136 1240 2179 1268 16.
2196 1247 2259 1276 cap.
2282 1246 2325 1276 13.
2354 1236 2554 1283 Campestrem,
2593 1260 2601 1278 ,.

1443 1276 1518 1305 enim
1532 1276 1586 1306 effe
1597 1277 1713 1315 crispam
1724 1299 1732 1313 ,
1753 1283 1916 1307 montanam
1936 1276 2055 1315 spissam.

1424 1313 1517 1344 Gratia
1528 1315 1695 1352 campestris.
1735 1314 1793 1344 Liv.
1806 1324 1870 1352 7.1.
1891 1325 1933 1354 pr.
1955 1316 1973 1345 i.
1985 1325 2009 1345 e.
2031 1315 2102 1352 Quae
2115 1314 2145 1343 in
2156 1313 2263 1352 Campo
2274 1313 2393 1351 Martio,
2414 1314 2555 1363 comitiis-3
2592 1297 2602 1353 ἐξ

1444 1361 1498 1389 que
1510 1353 1580 1381 adeo
1589 1353 1679 1382 floret.

1421 1386 1485 1419 Iter.
1525 1390 1591 1421 Caes.
1606 1401 1630 1420 1.
1646 1389 1714 1420 Bell.
1724 1390 1805 1420 Civil.
1818 1393 1863 1421 66.
1884 1390 2006 1434 Uterque
2016 1389 2093 1420 idem
2103 1389 2157 1420 suis
2166 1390 2326 1427 renuntiat,
2347 1391 2471 1429 quinque
2481 1391 2555 1435 mil.x
2594 1424 2596 1433 1

1441 1427 1478 1457 lia
1489 1428 1614 1465 passuum
1622 1429 1748 1467 proxima
1759 1429 1932 1458 intercedere
1946 1428 2055 1458 itineris
2065 1438 2125 1458 cam
2148 1428 2232 1458 estris.

1422 1465 1526 1501 Ludus,
1548 1467 1606 1503 Qui
1618 1469 1647 1495 in
1657 1476 1759 1504 campo
1770 1466 1809 1496 fit.
1851 1467 1910 1497 Cic.
1921 1476 1972 1505 pro
1987 1466 2053 1496 Cael.
2066 1477 2109 1496 11.
2127 1438 2156 1496 {J

1443 1505 1588 1541 campestri
1599 1505 1715 1534 tunicati
1725 1511 1874 1535 uteremur.

1423 1542 1523 1579 Operae
1532 1543 1705 1580 campestres.
1727 1542 1803 1572 Suet.
1817 1544 1884 1580 Aug.
1896 1552 1920 1579 3.
1941 1542 1974 1572 V.
1996 1541 2176 1572 ibiTorrent.

1422 1579 1524 1609 Praelia.
1547 1591 1598 1618 pro
1608 1581 1814 1610 Exercitatione
1825 1591 1965 1611 armorum
1981 1580 2011 1609 in
2020 1590 2130 1618 campo.
2172 1580 2239 1610 Hor.
2252 1590 2275 1610 1.
2289 1580 2372 1619 Epist.
2385 1586 2428 1616 18.
2443 1591 2486 1618 54.
2539 1566 2551 1613 ζ),

1421 1618 1541 1657 Scythae.
1563 1619 1620 1656 Qui
1628 1620 1657 1648 in
1669 1619 1775 1656 campis
1784 1618 1840 1648 fine
1850 1620 1930 1648 testis
1938 1618 1987 1648 sub
1999 1619 2127 1648 tentoriis
2135 1618 2243 1648 vivunt.
2263 1619 2361 1656 Hor.3.
2372 1618 2561 1657 Carm.24.9.÷2

1519 1656 1689 1695 Campestres
1699 1656 1798 1686 melius
1808 1657 1916 1694 Scythae
1929 1679 1937 1692 ‚

1388 1729 1392 1734 1
1558 1695 1687 1732 Quorum
1698 1695 1816 1733 plaustra
1829 1705 1909 1734 vagas
1920 1695 1973 1724 rite
1984 1690 2096 1723 trahunt
2111 1694 2219 1725 domos.

1386 1731 1409 1762 C
1419 1741 1468 1773 AM
1477 1742 1492 1761 P
1502 1742 1516 1761 1⁷.
1525 1742 1537 1762 s
1545 1742 1565 1761 τ
1576 1743 1592 1762 R
1600 1743 1614 1762 11
1625 1755 1634 1769 ,
1656 1733 1687 1762 is.
1716 1742 1744 1762 n.
1773 1729 1951 1769 [w‘eiimfw]
1981 1732 2153 1762 Genitalium
2174 1733 2389 1764 succinctorium
2397 1755 2406 1769 ‚
2437 1743 2491 1771 quo
2506 1733 2544 1766 111,

1419 1771 1567 1808 gymnasiis
1577 1773 1603 1801 &
1611 1770 1740 1809 palaestris
1750 1792 1758 1806 ,
1779 1773 1846 1800 ut&
1860 1771 1890 1800 in
1901 1780 2002 1809 campo
2013 1770 2172 1801 utebantur.
2200 1771 2267 1801 Hor.
2281 1781 2305 1801 1.
2317 1771 2399 1809 Epist.
2414 1780 2458 1802 11.
2473 1778 2515 1810 17.

1500 1808 1639 1839 Incolumi
1653 1809 1767 1838 Rhodos
1776 1810 1801 1838 &
1812 1809 1951 1846 Mitylene
1965 1808 2081 1847 pulchra
2089 1809 2172 1844 facit,
2190 1809 2267 1846 quod

1498 1847 1603 1876 Penula
1612 1846 1725 1876 solstitio
1738 1868 1745 1881 ,
1766 1848 1917 1885 campestre
1933 1846 2073 1876 nivalibus
2092 1847 2173 1877 auris.

1418 1883 1491 1920 Dei,
1513 1895 1540 1923 p.
1557 1895 1598 1921 14.
1615 1895 1657 1921 17.
1684 1885 1719 1914 de
1731 1885 1856 1914 nuditate
1869 1886 2023 1923 primorum
2036 1885 2186 1914 hominum
2197 1884 2347 1915 disserens:
2370 1885 2482 1915 Confusr
2495 1883 2536 1916 in.'

1419 1922 1582 1952 obedientia
1593 1923 1682 1953 carnis
1699 1922 1752 1952 suae
1767 1945 1775 1958 ,
1797 1929 1930 1961 tanquam
1945 1923 2012 1952 teste
2025 1932 2111 1960 poena
2129 1922 2328 1954 inobedientiae
2338 1946 2346 1958 ,
2368 1923 2532 1954 consuerunt
2573 1925 2581 1958 'J
2594 1939 2597 1950 ‹

1419 1960 1488 1990 folia
1507 1961 1574 1996 fici,
1601 1963 1626 1991 δι
1649 1961 1777 1990 fecerunt
1796 1960 1845 1990 fibi
1863 1961 2042 1999 campestria,
2073 1961 2128 1994 i.,e.
2154 1961 2344 1991 Succinetoria
2364 1961 2533 1999 genitalium.
2572 1966 2595 1998 .χῖ

1420 1998 1493 2028 Nam
1506 1999 1618 2036 quidam
1636 1999 1802 2036 interpretes
1813 1999 2004 2028 Succinctoria
2014 1998 2173 2036 posuerunt.
2212 1999 2294 2029 Porro
2313 2005 2407 2029 autem
2422 1999 2534 2038 Campe-
2570 2033 2571 2038 1
2589 1995 2595 2027 ’,“

1420 2037 1482 2066 stria
1493 2059 1501 2072 ,
1523 2037 1652 2066 Latinum
1667 2037 1780 2074 quidem
1795 2037 1911 2067 verbum
1929 2038 1984 2074 est;
2006 2037 2054 2066 sed
2071 2046 2106 2066 ex
2117 2046 2151 2066 eo
2163 2037 2287 2073 dietum,
2309 2037 2384 2075 quod
2400 2037 2531 2074 Juvenes,
2576 2071 2590 2075 ..

1421 2076 1468 2111 qui
1487 2075 1555 2104 nudi
1571 2075 1771 2104 exercebantur
1788 2075 1818 2104 in
1835 2085 1952 2114 campo,
1973 2075 2108 2113 pudenda
2120 2075 2285 2113 operiebant
2299 2085 2306 2105 ε
2337 2075 2413 2105 unde
2434 2076 2480 2112 qui
2496 2076 2533 2106 ita
2574 2092 2583 2098 υ

1418 2113 1553 2143 succincti
1565 2113 1627 2142 sunt
1636 2135 1643 2148 ,
1665 2113 1687 2142 C
1697 2123 1715 2142 A
1724 2124 1744 2142 M
1752 2123 1767 2142 r·
1776 2123 1790 2142 s
1799 2123 1810 2142 s
1819 2123 1838 2142 T
1847 2123 1864 2142 R
1873 2123 1891 2143 A
1900 2123 1920 2142 T
1929 2123 1946 2143 0
1955 2123 1967 2143 s
1981 2113 2080 2151 vulgus
2088 2112 2218 2151 appellat.
2239 2113 2314 2144 conf.
2330 2113 2398 2149 Not.
2419 2113 2493 2144 Vivis
2500 2113 2532 2144 ad
2567 2108 2592 2150 1Ῐ

1418 2151 1444 2180 11.
1456 2151 1472 2180 l.
1496 2151 1604 2189 August.
1619 2153 1644 2181 &
1655 2151 1781 2188 Turnebi
1797 2152 1864 2181 Adv.
1880 2160 1925 2187 27.
1939 2160 1983 2181 22.

1417 2189 1547 2218 Processit
1565 2190 1676 2224 nudus,
1697 2189 1842 2227 campestri
1863 2188 1922 2218 solo
1940 2191 2039 2219 tectus.
2079 2188 2186 2219 Vulcat.
2208 2187 2305 2218 Gallie.
2326 2189 2355 2218 in
2375 2189 2455 2219 Avid.
2475 2187 2533 2220 Cas-
2559 2188 2568 2214 *³
2588 2196 2591 2206 ¹

1436 2227 1491 2262 fio,
1513 2237 1572 2265 cap.
1588 2238 1615 2262 4.
1636 2227 1706 2256 Vide
1722 2227 1801 2265 Bapt.
1816 2227 1975 2264 Egnatium.
1997 2227 2032 2257 H.
2043 2226 2082 2256 St.
2121 2226 2266 2265 Adscripsit
2282 2228 2308 2256 &
2320 2226 2405 2256 verba
2416 2226 2530 2265 Egnatii,
2556 2238 2557 2246 ¹

1436 2266 1484 2302 qui
1497 2265 1676 2303 Augustinum
1691 2287 1699 2299 ,
1721 2271 1752 2294 ut
1764 2271 1877 2304 apparet
1888 2275 1922 2295 ex
1935 2265 1993 2301 his,
2015 2274 2075 2303 quae
2091 2265 2181 2295 cultro
2193 2274 2251 2294 non
2270 2264 2373 2295 resecta
2394 2264 2470 2300 sunt,
2489 2270 2532 2295 ex-'
2566 2306 2569 2315 1

1435 2303 1547 2341 scripsit.
1584 2303 1613 2333 V.
1637 2302 1751 2332 Casaub.
1767 2304 1802 2333 ad
1815 2304 1842 2333 h.
1857 2303 1863 2319 ¹

1379 2340 1403 2370 C
1414 2351 1433 2369 A
1442 2352 1463 2370 M
1473 2351 1486 2369 i>
1498 2351 1510 2370 11
1519 2351 1531 2371 s
1541 2351 1560 2370 T
1569 2352 1582 2370 11
1596 2350 1643 2370 AT
1655 2352 1673 2370 u
1682 2351 1694 2371 s
1705 2363 1713 2377 ,
1734 2351 1749 2370 a
1759 2363 1767 2377 ,
1782 2351 1840 2371 um.
1865 2341 1935 2378 Quis
1947 2340 2054 2370 dicatur
2065 2362 2073 2377 ,
2094 2349 2130 2370 ex
2141 2340 2228 2369 modo
2242 2340 2314 2370 datis
2328 2340 2468 2378 Augustini
2477 2348 2531 2371 ver-
2566 2375 2567 2379 1
2582 2343 2583 2348 ’

1417 2379 1459 2408 bis
1471 2379 1566 2416 liquet.

1379 2415 1401 2446 C
1411 2427 1431 2445 A
1443 2428 1462 2446 M
1472 2427 1486 2445 1>
1495 2429 1504 2446 1
1514 2427 1531 2446 c
1540 2427 1554 2446 11
1562 2428 1578 2445 1.
1588 2428 1604 2445 L
1613 2427 1632 2446 υ
1643 2426 1654 2446 s
1667 2438 1674 2451 ,
1695 2416 1712 2446 i.
1727 2426 1764 2446 m.
1786 2416 1886 2446 dimin.
1908 2417 1984 2454 apud
1995 2416 2143 2446 innocent.
2155 2415 2190 2445 de
2199 2414 2271 2445 Casss
2280 2412 2364 2446 litter.
2375 2416 2448 2446 inter
2456 2415 2527 2446 Auel:-
2556 2448 2566 2458 11
2587 2441 2588 2444 ,

1417 2456 1458 2484 rei
1474 2455 1583 2493 agraria:
1597 2455 1681 2484 Goefii
1696 2465 1725 2493 p.
1740 2464 1802 2484 222.
1826 2462 1857 2484 ut
1866 2454 2050 2484 Monticellus
2061 2453 2129 2484 ibid.

1379 2492 1630 2526 CAMPANEUS,
1653 2503 1667 2522 a
1681 2515 1688 2527 ,
1711 2503 1767 2522 um.
1790 2494 1816 2522 δι
1833 2492 1963 2522 CAMPA
1975 2501 2077 2527 urus,
2099 2501 2124 2528 a,
2145 2501 2202 2522 um.
2225 2491 2302 2521 Idem
2314 2501 2348 2521 ac
2361 2490 2526 2529 Campestris.
2562 2506 2563 2510 =

1416 2531 1598 2560 Innocentius
1609 2531 1677 2560 ibid.
1690 2541 1717 2568 p.
1730 2539 1793 2567 239.
1816 2530 1845 2560 ln
1858 2531 2017 2568 campaneis
2028 2530 2108 2560 locis.
2122 2531 2149 2560 &
2161 2539 2189 2568 p.
2200 2538 2264 2566 240.
2286 2529 2318 2559 In
2329 2529 2481 2568 campaniis
2489 2528 2526 2559 10-

1418 2570 1466 2598 cis.
1508 2569 1578 2606 Quae
1588 2569 1658 2598 ibid.
1672 2569 1856 2598 Montaniosis
1870 2569 1998 2606 opponit.

1417 2606 1569 2645 Campanei
1580 2607 1666 2636 iidem
1679 2606 1741 2636 sunt
1752 2616 1784 2636 ac
1795 2606 1929 2644 Campani
1939 2607 1969 2635 in
1980 2606 2089 2636 Gruteri
2100 2604 2225 2644 Inscript.

1378 2644 1401 2673 C
1411 2655 1428 2673 A
1438 2656 1458 2673 M
1469 2655 1483 2673 P
1492 2655 1510 2674 A
1520 2655 1535 2673 s
1547 2655 1556 2673 1
1567 2655 1584 2673 υ
1592 2654 1604 2674 s
1612 2667 1621 2680 ,
1642 2646 1659 2674 i.
1674 2655 1709 2674 m.
1733 2645 1829 2674 Custos
1839 2645 2010 2674 exercitorve
2023 2653 2197 2681 camporum.

1414 2683 1469 2712 rius
1480 2705 1488 2718 ‚
1512 2683 1602 2720 inquit
1617 2705 1625 2718 ,
1646 2682 1797 2712 Saltuarius
1808 2704 1816 2717 ,
1838 2682 1999 2720 Camparius
2009 2704 2017 2718 ,
2038 2681 2201 2711 Horrearius
2210 2702 2218 2716 ‚
2240 2679 2414 2710 craffiarius:
2435 2680 2524 2710 Custos

1414 2721 1586 2750 exercitorve
1603 2730 1762 2758 caprarum,
1790 2720 1890 2755 saltus,
1913 2731 1973 2750 cam
1998 2721 2023 2755 i,
2042 2721 2095 2749 διο.

1415 2759 1498 2788 Closs.
1516 2759 1677 2797 Camparius
1688 2759 1847 2794 οἰκοφύλαξ,
1869 2758 1953 2788 sedin
1979 2761 2062 2787 iraeco
2074 2757 2131 2787 Lat.
2144 2757 2183 2787 est
2195 2756 2354 2786 Saltuarius.

1376 2796 1427 2826 CA
1438 2807 1525 2826 MPrc
1536 2807 1553 2826 u
1565 2807 1580 2825 R
1591 2807 1603 2826 s
1613 2808 1621 2826 1
1633 2807 1648 2826 o
1661 2819 1669 2832 ,
1691 2796 1761 2827 onis.
1783 2797 1802 2826 f.
1834 2796 2001 2826 Exercitatio
2023 2795 2151 2825 militaris
2162 2817 2170 2831 ,
2201 2804 2262 2831 quae
2279 2794 2419 2824 currendo
2436 2791 2519 2824 fiebat.

1414 2835 1689 2873 Campicursionem,
1711 2842 1741 2864 ut
1754 2835 1804 2873 ipsi
1828 2834 1987 2873 appellant,
2009 2833 2113 2864 affidue
2123 2833 2233 2863 faciant.
2256 2832 2387 2870 Veget3.
2403 2842 2430 2869 4.
2451 2826 2519 2862 conf·
2538 2847 2539 2850 ¹

1414 2883 1440 2903 2.
1453 2884 1497 2902 22.
1520 2873 1625 2902 Eadem
1642 2882 1674 2902 ac
1683 2873 1813 2902 Decurfio
1825 2873 1992 2910 campestris.
2025 2872 2056 2901 V.
2078 2882 2097 2900 1³
2107 2881 2122 2900 E
2131 2881 2149 2900 e
2159 2881 2176 2900 u
2189 2881 2205 2900 11
2216 2881 2232 2900 R
2242 2880 2268 2900 0.

1376 2911 1399 2941 C
1409 2921 1429 2940 A
1438 2922 1458 2940 M
1468 2921 1481 2939 P
1491 2922 1499 2939 1
1509 2921 1527 2940 o
1537 2921 1554 2940 o
1565 2921 1610 2940 01
1618 2921 1634 2940 o
1642 2921 1658 2939 R
1668 2932 1676 2946 ,
1688 2911 1752 2940 oris.
1766 2920 1804 2941 m.
1827 2911 1884 2947 Qui
1895 2911 2001 2940 tirones
2011 2910 2041 2939 in
2051 2918 2152 2947 campo
2163 2914 2285 2944 exercet,
2305 2917 2442 2939 armorum
2449 2905 2520 2938 ulum
2550 2923 2551 2926 =

1413 2949 1535 2983 docens,
1556 2949 1608 2978 sive
1620 2957 1794 2978 armaturam.
1834 2949 1929 2985 Veget.
1946 2959 1969 2978 1.
1986 2957 2026 2984 13.
2040 2949 2067 2978 &
2078 2957 2103 2977 2.
2115 2957 2159 2976 22.
2182 2946 2259 2976 Male
2268 2945 2519 2977 stewechiuscam-
2551 2976 2553 2979 1

1411 2988 1572 3024 piduc‘tores
1587 2987 1662 3023 apud
1673 2987 1817 3024 vegetium
1835 2987 1915 3015 malit
1931 2986 2043 3015 restitui.
2084 2985 2151 3014 Non
2165 2985 2241 3014 enim
2254 2994 2270 3014 a
2288 2984 2426 3014 Ducendo
2445 2981 2488 3013 sed
2502 2990 2516 3011 a
2552 3001 2553 3006 ,
2581 3007 2590 3017 ,,

1411 3025 1549 3054 Docendo
1562 3025 1651 3054 dictos
1662 3023 1898 3091 Lampridiilocus
1911 3025 1939 3052 in
1954 3023 2086 3053 Alexand.
2100 3033 2160 3060 cap.
2174 3032 2216 3058 53.
2238 3022 2305 3052 Cam
2328 3022 2464 3052 idoctores
2474 3027 2517 3050 vos
2538 3054 2553 3062 11

1741 3071 1756 3091 e

1411 3063 1585 3099 docuerunt,
1602 3065 1654 3092 &c.
1675 3062 1727 3092 faci
1765 3061 1917 3100 persuadet.
1956 3061 2011 3097 [In
2024 3061 2083 3090 Vet.
2099 3059 2182 3090 Gloss.
2200 3060 2296 3090 Graeco
2329 3067 2365 3089 at.
2385 3052 2516 3088 amom-

1410 3105 1515 3130 amm&
1534 3101 1716 3130 Armiductor.
1739 3101 1772 3130 At
1782 3099 1838 3128 Lat.
1850 3100 1895 3129 Gr.
1907 3099 2083 3129 emendatius
2098 3099 2312 3136 Campidoetor,
2333 3091 2512 3125 ὁπλοῶδὶιιιτίσ.
2537 3092 2542 3119 ἲ

1410 3138 1485 3168 conf.
1499 3138 1592 3168 Schol.
1607 3138 1734 3174 Juvenal.
1756 3138 1791 3167 ad
1802 3138 1856 3167 Sat.
1873 3148 1895 3172 ς,
1909 3147 1969 3172 1ςς.
1991 3138 2018 3167 ἃ.
2031 3147 2091 3174 quas
2100 3136 2135 3165 ad
2149 3146 2213 3166 eum
2233 3136 2285 3166 loc.
2307 3141 2434 3165 notamus
2451 3131 2514 3183 11111ὶὶ
2536 3139 2567 3180 1114

1409 3186 1436 3206 ν.
1461 3186 1478 3205 c
1488 3186 1505 3205 A
1514 3186 1528 3204 P
1539 3186 1577 3204 El.
1586 3186 1603 3205 1,
1613 3186 1640 3205 A.
1664 3177 1735 3204 adde
1748 3176 1791 3205 Du
1803 3175 1903 3205 Fresne
1913 3176 1941 3203 in
1954 3174 2037 3204 Closs.

1409 3214 1551 3244 Tribunus
1563 3223 1597 3243 ex
1613 3214 1828 3251 campidoctore.
1869 3213 2005 3242 Amminn.
2021 3223 2062 3247 ις.
2076 3220 2101 3248 3.
2129 3211 2160 3240 V.
2182 3209 2221 3240 ibi
2231 3210 2317 3241 Vales
2330 3211 2349 3240 f.
2362 3218 2406 3248 71.
2427 3203 2513 3239 &Lim

1428 3252 1542 3286 debrog.
1559 3261 1585 3289 p.
1598 3262 1640 3287 32.
1664 3252 1711 3287 qui
1726 3251 1937 3288 inscriptionem
1957 3260 1991 3279 ex
2005 3251 2117 3287 antiqua
2132 3249 2221 3278 Roma
2235 3249 2355 3287 profert,
2376 3248 2406 3277 in
2422 3255 2472 3283 qua
2480 3243 2513 3274 est

1426 3289 1699 3319 CAMPIDOCTOR
1728 3289 1815 3319 COH.
1838 3288 1857 3318 l.
1881 3290 1907 3318 &
1923 3287 1999 3326 apud
2017 3288 2094 3317 Grut.
2115 3287 2134 3316 f.
2153 3291 2215 3324 565.
2235 3297 2262 3316 n.
2279 3297 2302 3323 5.
2324 3280 2511 3316 CAMPIDOC·
2532 3299 2537 3316 1=

1370 3365 1392 3394 C
1401 3375 1419 3394 A
1427 3328 1519 3394 igidi)
1531 3327 1606 3394 [leu
1615 3327 1674 3398 Εξίἰ.
1686 3375 1713 3394 n.
1726 3366 1752 3395 ἃ
1764 3364 1786 3394 C
1794 3374 1812 3393 A
1822 3375 1843 3393 M
1853 3373 1910 3392 P1D
1922 3374 1938 3392 o
1948 3371 1968 3392 N
1980 3373 2009 3398 A,
2019 3373 2049 3392 ae.
2063 3363 2080 3391 f.
2089 3363 2159 3392 Urbs
2167 3362 2282 3392 Sueviae.
2292 3360 2379 3399 Vulgo
2391 3364 2507 3389 Kemtrren.

1368 3403 1390 3432 C
1401 3413 1418 3432 A
1429 3404 1514 3432 Δ11110
1526 3405 1568 3432 ΞΝ
1582 3413 1597 3432 u
1610 3413 1640 3439 s,
1662 3404 1678 3433 i.
1697 3412 1737 3432 m.
1757 3401 1829 3439 quasi
1841 3401 1871 3431 In
1885 3411 1985 3439 campo
1996 3408 2086 3430 natus.
2109 3400 2204 3437 Veget.
2216 3410 2242 3429 2.
2254 3409 2278 3436 7.
2301 3396 2508 3438 Campigeniaq3
2543 3417 2548 3427 .

1404 3441 1555 3478 tesignani,
1577 3441 1641 3470 idco
1658 3441 1693 3470 lic
1704 3439 1856 3474 nominati,
1878 3440 1941 3476 quia
1957 3449 2055 3469 eorum
2075 3449 2159 3477 opera
2176 3444 2258 3476 atque
2278 3438 2377 3466 virtute
2395 3433 2507 3466 exercitu

1405 3489 1491 3515 genus
1502 3478 1597 3508 crescit
1610 3480 1636 3507 in
1647 3488 1755 3516 campi).

1367 3516 1388 3545 C
1401 3526 1416 3544 A
1427 3527 1447 3545 M
1458 3527 1506 3545 uM
1519 3539 1526 3551 ,
1549 3517 1566 3545 i.
1586 3526 1612 3545 n.
1634 3516 1756 3545 Potionis
1767 3523 1854 3552 genus
1870 3512 1944 3552 apud
1957 3513 2064 3552 Ulpian.
2084 3514 2114 3543 in
2135 3513 2154 3543 l.
2169 3524 2195 3549 9.
2214 3513 2249 3543 D.
2271 3513 2306 3543 de
2322 3511 2403 3542 tritic.
2415 3509 2467 3540 vin.
2482 3506 2505 3537 ἃ

1405 3554 1468 3583 01εο
1480 3554 1531 3592 leg.
1546 3554 1620 3591 quod
1633 3553 1788 3590 cujusmodi
1807 3552 1839 3581 fit
1849 3561 1945 3590 parum
1957 3553 2071 3581 constat.

1366 3591 1567 3626 CAMunus,
1588 3602 1622 3626 a,
1643 3601 1701 3621 um.
1724 3591 1785 3624 Adi.
1809 3590 2000 3625 [κεκμπύΛΘν]
2022 3590 2128 3621 Festus.
2150 3588 2287 3623 Car-iura,
2312 3589 2338 3617 &
2353 3581 2503 3616 camuribo-
2547 3606 2551 3611 .
2602 3594 2604 3603 ι

1402 3639 1447 3660 ves
1459 3651 1467 3665 ,
1488 3640 1503 3659 a
1514 3631 1689 3663 curvatione,
1711 3638 1745 3658 ex
1757 3628 1853 3658 Graeco
1865 3624 1953 3661 aas-zm}
1970 3628 2112 3657 dicuntur.
2138 3626 2209 3664 Virg.
2221 3636 2244 3663 3.
2257 3626 2356 3662 Ceorg.
2370 3635 2410 3660 ςς.

1555 3668 1625 3697 -δι
1644 3666 1761 3696 camuris
1774 3666 1851 3695 hirtae
1869 3664 1916 3693 sub
1932 3665 2063 3695 cornibus
2074 3674 2161 3694 aures.

1399 3703 1474 3734 crob.
1488 3703 1535 3734 lib.
1546 3707 1572 3734 6.
1585 3705 1693 3734 Saturn.
1712 3714 1773 3742 cap.
1785 3704 1836 3739 4.)
1857 3704 2033 3739 peregrinum
2052 3702 2167 3732 verbum
2186 3702 2242 3736 est,
2264 3702 2292 3730 id
2307 3701 2359 3736 est,
2381 3699 2410 3730 ln
2426 3695 2450 3727 se
2466 3702 2502 3724 re-

1399 3742 1559 3772 deuntibus.
1600 3742 1633 3772 Et
1642 3743 1712 3771 sorte
1724 3751 1775 3771 nos
1785 3749 1895 3778 quoque
1907 3740 1958 3769 hac
1970 3741 2077 3769 ratione
2087 3740 2230 3769 Cameram
2240 3738 2394 3776 figuramus.
2415 3733 2501 3765 Haste·

1398 3789 1450 3808 nus
1462 3778 1517 3808 ille.
1558 3780 1632 3810 Hinc
1645 3780 1764 3817 vulgaris
1775 3778 1865 3808 noster
1884 3777 1972 3807 sermo
1992 3777 2099 3807 fluxilse
2116 3778 2243 3812 videtur,
2265 3785 2352 3814 quum
2363 3775 2500 3812 Camurqm

1397 3826 1448 3854 pro
1457 3818 1533 3846 Simo
1544 3817 1718 3856 appellamus
1730 3839 1738 3853 ,
1759 3820 1866 3844 Camuz.
1890 3815 1963 3845 Non.
1977 3825 1998 3845 1.
2019 3820 2079 3846 126.
2102 3816 2176 3853 apud
2194 3815 2286 3850 Virgil.
2302 3812 2421 3843 Cameris
2430 3809 2496 3845 legit·

1359 3854 1381 3883 C
1392 3864 1409 3883 A
1419 3864 1439 3882 M
1450 3865 1465 3883 υ
1476 3865 1487 3883 s
1502 3876 1509 3889 ,
1531 3855 1548 3884 i.
1568 3865 1604 3884 111.
1628 3855 1760 3892 [κῖιμῶυ]
1782 3854 1876 3884 Genus
1888 3853 1992 3882 vinculi
2009 3853 2083 3892 apud
2096 3853 2214 3883 Graecos.
2237 3850 2321 3882 Plaut.
2341 3849 2425 3893 Calin.
2438 3855 2462 3875 2.
2472 3846 2494 3873 ⁶.

1397 3901 1439 3928 37.
1463 3892 1538 3921 Deos
1553 3893 1659 3930 quaeso,
1681 3899 1710 3922 ut
1720 3893 1833 3930 quidem
1846 3891 1932 3919 hodie
1943 3901 2055 3921 camum
2076 3892 2102 3921 &
2119 3891 2223 3920 furcam
2240 3890 2318 3919 seras.
2351 3887 2403 3917 Aln
2413 3884 2498 3921 legunt

1395 3930 1508 3959 Canem.
1531 3932 1606 3960 conf.
1626 3930 1695 3960 Voss.
1710 3931 1798 3969 Etym.
1813 3939 1839 3967 p.
1858 3939 1918 3957 100.

1393 3965 1474 4001 κημός
1488 3975 1547 3998 erat
1557 3969 1627 3998 freni
1639 3978 1741 4005 genuS,
1764 3967 1840 4005 quod
1853 3966 2000 4003 mancipiis
2011 3967 2039 3996 in
2052 3976 2083 3996 os
2094 3965 2263 3996 inserebatur
2276 3960 2402 4031 suptplicii
2416 3954 2493 3988 causa·
2506 3962 2509 4005 11
2553 3959 2559 3979 Γ

2339 4001 2408 4037 inge.
2438 3995 2508 4037 05⁰⁰

1392 4005 1460 4035 hinc
1470 4006 1508 4036 est
1518 4006 1588 4036 illud
1599 4006 1663 4036 Psal.
1677 4016 1720 4043 31.
1743 4005 1776 4035 In
1786 4014 1866 4034 camo
1878 4006 1903 4033 ἃ
1915 4004 1993 4033 freno
2006 4004 2132 4035 maxillas
2142 4013 2238 4034 eorum
2250 4012 2303 4033 con
2425 4035 2496 4069 qum

2157 1472 2169 1496 t
2178 1466 2379 1498 exercitatione
2390 1489 2399 1504 ,
2419 1466 2550 1507 ludoque.
2591 1451 2599 1513 ‘y’

2257 1847 2398 1884 Augustin.
2420 1848 2457 1877 de
2475 1847 2541 1879 Civ.
2578 1863 2580 1869 ·

2231 2613 2373 2672 8111117111).
2388 2652 2412 2673 1.
2434 2639 2524 2681 Capra-

2536 3178 2537 3187 l

2534 3223 2561 3234 1.

2244 3663 2368 3693 Camuris
2387 3655 2504 3697 (aitMa-

2575 1879 2578 1902 1
2582 1875 2583 1878 ,

2573 1912 2576 1924 Ι

2152 2719 2207 2755 [in
2226 2718 2298 2757 Lips.
2315 2718 2399 2749 Thes.
2418 2717 2523 2749 affertm
2547 2719 2550 2736 ⁴
2594 2707 2604 2739 l<

2582 2770 2599 2801 {A

2587 2811 2604 2854 111

2586 2858 2600 2877 ,1.
