2600 4177
475 155 503 194 A
598 158 627 196 R
724 155 756 195 'G-

41 232 168 276 Aaoni:
180 246 287 273 rosus
298 265 305 277 ,
329 238 511 278 [ἀργιξῶὺε]
532 241 582 271 Cui
600 242 749 271 immistum
768 242 805 271 est
823 244 973 281 argentum.
1009 246 1078 276 Plin.
1093 247 1139 275 lis».
1152 248 1196 281 3}-

81 289 140 315 cap.
162 292 184 315 ς.
209 281 247 310 lta
256 280 562 314 ferruminaturaurum,
582 279 657 316 quod
668 280 840 317 argentosum
857 290 966 311 vocant.
989 283 1196 314 Cuiibidffim.

82 317 139 346 sum
150 319 309 356 opponitur.

85 431 172 459 micus
191 429 320 459 omnibus
331 428 494 457 animalibus
505 450 512 461 ,
535 428 581 457 sed
597 429 716 457 maxime
733 430 856 459 canibus.

85 549 160 570 nent.
201 541 230 570 V.
253 539 353 570 Erasm.
366 540 440 569 Chil.

47 683 52 690 ,
86 660 220 690 argentea.
262 653 435 689 Augustinus.

48 689 268 725 Anemosa,
303 690 472 726 [Α’μνῡωκ]

86 766 243 802 Arginusam
266 772 354 794 vocat.

85 879 148 914 quia
177 879 351 908 contractum
378 878 416 907 est
436 888 470 906 ex
491 878 536 906 Gr.
555 877 702 912 oie'wsswwq
718 900 725 913 ,
748 888 772 914 q.
798 879 824 907 d.
845 886 992 911 nsunoyoum
1006 901 1013 914 ‚

85 915 180 953 Steph.
198 922 291 945 tamen
303 916 337 945 ab
355 917 480 953 Argenno
497 915 585 944 prom.
601 915 786 952 Argennusam
797 917 996 953 dioitamputat.
1019 927 1044 953 q.
1062 918 1094 947 V.

0 1055 9 1058 ,.
85 991 373 1066 &grui—Ecfflphymm
388 1030 414 1057 ἃ
434 1027 562 1065 Argesten
578 1035 688 1057 vocant.

4 1093 6 1097 ,
49 1063 154 1100 Asci,
177 1066 278 1095 Civitas
287 1067 315 1095 in
326 1066 402 1095 ltalia
411 1088 419 1100 ,
440 1075 521 1103 quam
531 1065 661 1094 condidit
671 1065 831 1095 Diomedes.
872 1066 903 1096 V.
927 1077 945 1096 A
954 1078 971 1096 R
981 1077 998 1096 c
1010 1078 1019 1096 r
1030 1077 1087 1096 Rip
1097 1078 1126 1097 A.

16 1109 20 1117 ’
49 1104 190 1137 ARGTA,
213 1104 369 1139 [Α’ξγὲῗκ]

0 1201 1 1207 ,
48 1205 70 1247 λ
86 1179 154 1225 fuit,
170 1179 253 1215 ‘cujus
272 1179 399 1207 meminit
419 1179 485 1208 Stat.
498 1177 546 1207 lib.
560 1187 586 1207 2.

8 1234 10 1238 ’
76 1226 254 1283 Bsgib'it'pun.
270 1254 317 1283 lib.
331 1265 354 1290 ς.
369 1264 429 1292 cap.
444 1263 486 1290 31.

49 1294 120 1322 Asc
131 1303 140 1320 1
150 1303 165 1320 1.
175 1296 190 1321 Ξ
200 1302 284 1327 TUM,
305 1293 321 1327 [
334 1293 467 1328 Ἀξνλῖπν
479 1293 495 1327 ]
515 1291 550 1321 ab
564 1293 633 1330 Argo
644 1292 750 1323 dictum
762 1316 770 1329 ,
798 1293 873 1332 quod
884 1294 906 1323 is
917 1304 952 1324 eo
964 1295 1088 1330 venerit,
1108 1294 1203 1332 ibique

84 1329 208 1368 sepultus
218 1329 256 1358 sit.
296 1329 366 1366 Virg.
381 1335 407 1364 8.
429 1330 492 1360 AEn.
509 1334 571 1366 34⁶·

241 1383 278 1388 -—
298 1369 324 1397 ἃ
339 1367 445 1397 lethum
464 1368 548 1397 docet
564 1368 679 1405 hospitis
697 1369 769 1406 Argi.

87 1442 159 1472 Va'rr.
174 1454 199 1478 4.
219 1443 254 1472 de
265 1442 294 1472 L.
306 1439 335 1472 L‘.

103 1563 156 1585 tur.
178 1556 298 1586 Martial.
309 1557 356 1585 lib.
375 1568 433 1592 r.4.

166 1593 334 1632 Argiletanas
350 1596 436 1624 mavis
450 1593 575 1624 habitare
592 1594 728 1625 tabernas.
824 1595 856 1626 V.
877 1597 951 1627 Serv.
967 1598 997 1626 in
1005 1603 1030 1631 8.
1049 1598 1111 1628 AEn.
1127 1598 1154 1626 d.
1165 1596 1184 1626 l.

87 1669 185 1707 Georg.
208 1676 267 1704 180.

165 1708 272 1738 Tenuis
292 1707 339 1737 ubi
358 1707 466 1745 argilla,
489 1709 515 1737 ἃ
529 1708 650 1738 dumosis
671 1707 792 1739 calculus
813 1710 892 1740 arvis.

104 1783 229 1821 Dionylii
250 1783 296 1813 hic
315 1793 330 1813 e
356 1807 362 1813 .

165 1827 186 1848 H
207 1818 246 1856 μᾚ
263 1818 313 1857 9023
329 1821 427 1849 zevnn‘vr
445 1819 488 1847 xor)
504 1822 644 1857 ἀξγνόεο-πι
660 1820 775 1852 -ff'm'iou,

106 2011 278 2048 &Argillanr
370 2042 371 2045 ,

86 2045 187 2086 Argilla
205 2050 259 2078 uda
274 2049 377 2087 aliquid
396 2050 506 2079 imitari.
527 2049 594 2079 Hor.
607 2059 633 2079 2.
653 2050 735 2088 Epist.
748 2060 773 2080 2.
793 2057 819 2085 8.

88 2130 100 2161 ς
110 2126 202 2161 terra)
221 2125 281 2155 rufa
292 2147 300 2161 ,
325 2125 486 2155 columbina
496 2148 503 2161 ,
524 2125 668 2162 argillacea
678 2149 686 2161 ,
707 2128 759 2156 ἃς.

0 2174 16 2190 *z
50 2162 311 2197 Axcrrtosus,
347 2164 406 2199 Adj.

9 2205 13 2216 1

88 2238 211 2277 gillosam
221 2239 274 2269 eise
285 2241 426 2268 convenit.
450 2239 517 2268 Plin.
534 2239 581 2269 lib.
599 2250 640 2269 12.
659 2250 720 2278 cap.
741 2251 783 2276 14.

87 2315 163 2344 fluvii
182 2315 274 2345 versus
285 2315 483 2345 Occidentem.
505 2316 609 2346 Herod.
622 2316 671 2346 lib.
684 2327 710 2354 7.

11 2347 15 2358 ²
52 2353 271 2389 Aramum,
312 2353 343 2383 V.
372 2361 587 2383 ARGENUSA.

0 2413 4 2420 .
50 2393 161 2421 Aac-122
171 2398 317 2423 HONTES
328 2413 337 2427 ,
358 2401 388 2421 ae.
407 2393 422 2427 [
437 2392 603 2427 Ἀργειφόντης
618 2392 631 2428 ]
653 2391 744 2422 dictus
757 2392 796 2422 est
815 2391 990 2429 Mercurius,
1011 2392 1088 2430 quod
1104 2393 1207 2431 Argum

86 2429 264 2459 interemerit.

0 2663 9 2695 ξ.
59 2687 62 2692 ,
89 2662 129 2686 tes
139 2663 252 2686 tuentur
263 2655 296 2689 ab
307 2657 415 2694 inJuria.
456 2657 535 2687 Plura
542 2658 578 2686 de
593 2658 636 2687 his
653 2657 756 2687 Herod.
767 2657 813 2687 lib.
825 2669 852 2694 4.

51 2694 245 2725 AremmA.
286 2694 317 2723 V.
340 2705 546 2724 ARGYssrr’A.

52 2735 73 2763 A
82 2743 96 2761 Β
107 2742 125 2761 o
136 2744 143 2761 1
155 2743 166 2762 s
175 2742 187 2761 s
196 2743 215 2761 A
225 2755 233 2768 ,

88 2770 149 2800 filiis
162 2770 265 2800 Larissae
275 2792 283 2803 ,
305 2769 408 2799 deinde
426 2771 523 2814 Argusa
532 2772 660 2800 vocitata.
685 2771 782 2800 Strabo
793 2772 840 2800 lib.
854 2783 879 2807 9.

88 2847 278 2876 mediocritate
293 2846 407 2876 laetatur.

73 2923 216 2961 *meminit
233 2922 300 2952 Piin.
313 2922 361 2951 lib.
377 2932 419 2959 34·
441 2931 501 2959 cap.
515 2927 540 2956 8.

19 2979 21 2982 ι
54 2958 231 2995 Ascrvus,
273 2960 304 2989 V.
335 2969 471 2993 Ascos,
494 2959 578 2997 paulo
598 2960 676 2989 infra.

54 2998 151 3027 Anco
164 3020 172 3032 ,
195 2999 236 3027 sis.
267 2997 285 3027 f.
314 2997 326 3034 [
342 2998 415 3034 ’1³ng
430 2998 445 3032 ]
466 2998 551 3026 Navis
568 2997 668 3035 longa,
699 3007 752 3035 qua
768 2997 849 3033 jason
869 3006 938 3032 cum,
952 3007 1052 3027 L1111.
1073 2998 1206 3037 heroibus

3 3034 6 3039 ’
90 3036 229 3073 navigavit
241 3037 270 3065 in
284 3034 421 3065 Colchum
437 3036 472 3064 ad
484 3035 665 3064 auferendum
684 3036 770 3065 vellus
789 3045 912 3065 aureum.
952 3035 1032 3065 Dicta
1051 3036 1089 3065 est
1110 3043 1205 3066 autem

933 3071 972 3110 2³¹³
991 3074 1069 3102 enim
1078 3074 1205 3104 velocem
1228 3091 1231 3094 -

89 3111 241 3148 fignificat)
261 3111 304 3140 vel
315 3111 348 3140 ab
360 3112 470 3149 Argivis.
494 3110 574 3140 Unde
586 3111 642 3140 Cic.
660 3122 682 3140 1.
702 3111 783 3141 Tusc.
797 3123 842 3146 45.
866 3111 977 3151 Etenim
988 3111 1005 3139 sx
1016 3121 1090 3140 nunc
1100 3111 1206 3149 aliquid

91 3148 191 3186 affequi
201 3149 226 3178 se
238 3152 338 3187 putant
349 3170 357 3183 ,
379 3149 425 3186 qui
434 3149 533 3178 ostium
545 3148 624 3178 Ponti
635 3149 766 3179 viderunt
775 3171 783 3185 ,
806 3151 833 3179 Sc
844 3159 889 3178 eas
898 3149 1033 3186 angustias
1045 3171 1053 3184 ,
1074 3154 1124 3186 per
1139 3159 1205 3187 quas

11 3082 17 3090 ¹
47 3079 53 3086 ¹
91 3074 158 3111 Argo
168 3096 176 3108 ,
196 3074 238 3102 vel
249 3074 282 3102 ab
292 3072 401 3103 artificis
410 3074 523 3102 nomine
535 3094 543 3108 ,
565 3072 608 3102 vel
618 3072 687 3102 asna
695 3074 842 3103 velocitate
851 3096 859 3108 ,
880 3075 931 3109 (εἰς

90 3188 243 3226 penetravit
257 3197 290 3216 ea
305 3196 365 3224 quae
382 3187 420 3215 est
435 3187 579 3215 nominata

133 3227 201 3263 Argo
214 3247 221 3260 ,
242 3233 294 3262 qua
313 3225 383 3255 vesti
400 3225 489 3262 Argivi
509 3223 609 3253 delecti
629 3225 678 3253 viri

83 3296 86 3301 ⁸
132 3263 345 3293 Petebantiilam
354 3262 456 3299 pellem
465 3263 617 3291 inauratam
625 3262 727 3291 arietis.

64 3314 71 3323 ι
91 3299 160 3338 Argo
174 3301 295 3330 fatidica.
315 3300 403 3330 Valet.
420 3300 492 3330 Flac.
514 3310 536 3329 1.
555 3310 581 3329 2.

170 3339 258 3368 Prima
276 3339 359 3367 deum
380 3339 486 3375 magnis
503 3338 628 3367 canimus
647 3337 715 3367 freta
732 3338 826 3375 pervia
841 3338 942 3373 nautis,

170 3377 378 3413 Fatidizzamque
396 3384 482 3405 ratem
494 3398 502 3411 7
528 3377 579 3405 &a

109 3527 175 3559 Bell.
195 3530 256 3558 Get.
279 3532 320 3557 16.

169 3568 174 3574 ⁴
246 3582 283 3587 -
303 3566 370 3595 licet
388 3564 484 3599 omnia
499 3570 561 3593 vate

170 3601 201 3634 In
221 3604 309 3640 majus
327 3602 463 3639 celebrata
480 3602 587 3636 ferant,
606 3600 746 3639 ipsamque
762 3602 887 3631 secandis

170 3642 265 3679 Argois
284 3641 407 3670 trabibus
421 3641 525 3676 jactent
544 3639 649 3669 sudaffe
673 3640 848 3669 Minervam:

170 3677 232 3709 Nec
249 3679 370 3708 nemoris
385 3685 493 3707 tantum
513 3677 629 3706 vinxisse
648 3679 769 3707 carentia
786 3677 865 3707 sensu

172 3717 296 3751 Robora,
319 3717 365 3746 sed
379 3716 447 3745 caeso
467 3716 554 3744 teneri
574 3715 650 3751 jor-is
667 3717 769 3753 augure
787 3715 868 3751 luco,

173 3755 274 3784 Arbore
290 3754 406 3793 praesaga
422 3753 529 3782 tabulas
546 3752 675 3782 animasse
693 3753 832 3791 loquaces.

148 4019 250 4049 Vens
270 4019 291 4050 lv.

45 355 91 384 nr<
101 366 118 383 G
129 366 169 384 RN
181 366 215 384 vrr
226 366 263 384 ro
274 359 342 384 niu
352 363 371 382 A
381 375 390 389 ,
419 363 449 382 ae.
473 355 487 389 [
502 354 614 389 ἀψςτῖον
629 353 643 388 ]
665 353 718 382 Ubi
733 354 840 383 foditur
854 364 1014 392 argentum:
1040 368 1120 395 quam
1144 358 1197 386 Mi-

85 400 148 421 nam
166 393 272 429 argenti
281 393 420 421 vocamus.
450 390 630 426 Plin.1ib.33.
649 400 711 428 cap.
729 395 754 420 6.
787 392 910 423 Odorex
922 396 1134 431 argentifodinis
1146 395 1198 423 ini.

47 461 68 496 A
76 476 92 495 R
103 476 121 495 c
131 477 144 495 a
154 477 174 496 N
184 476 203 495 T
211 477 230 495 A
241 477 261 495 N
270 470 335 495 ῡῑΝ
345 475 374 500 A,
396 465 588 501 [dewey'yzn]
612 466 735 494 Avaritia.
758 468 961 504 Argentangina
969 469 1091 498 laborare
1102 469 1198 497 dicun-

83 510 146 540 tur,
168 504 224 541 Qui
244 503 365 542 pecunia
383 503 505 540 corrupti
520 504 638 532 reticent
654 513 685 532 ea
696 525 704 538 ,
725 514 785 541 quae
800 505 835 534 ad
853 505 933 543 Reip.
951 506 1099 535 commoda
1115 507 1200 543 perti-

78 588 94 606 ιι
105 588 122 606 c
133 589 146 606 s
155 588 175 606 N
183 587 203 606 T
212 589 222 607 r
231 588 251 607 N
261 589 279 607 u
289 588 301 607 s
312 599 319 612 ,
350 577 424 616 Deus
436 577 580 607 colebatur
594 576 629 606 ab
636 577 762 617 [antiquis
772 599 780 612 ‚
802 578 869 608 sicut
880 581 905 609 Sc
916 578 1075 609 AEfculanus
1088 602 1096 616 ,
1117 588 1202 618 quem

85 624 189 653 patrem
201 616 240 644 illi
259 615 425 653 posuerunt,
446 617 508 652 quia
522 617 599 653 prius
614 625 681 644 aerea
690 616 811 653 pecunia
826 618 855 645 in
877 617 926 647 usu
943 617 997 646 effe
1015 619 1119 656 coepit,
1142 618 1202 656 post

501 688 589 718 insula
609 689 648 718 est
669 687 757 718 Lesbo
779 690 926 725 adiacens,
957 692 1036 727 juxta
1056 693 1203 730 Argennon

85 729 327 765 promontorium,
347 728 377 756 in
397 736 451 766 qua
469 726 622 756 Alcibiades
636 728 775 761 extinctus
793 728 838 757 est.
879 729 946 757 Plin.
969 729 1015 759 lib.
1031 741 1054 765 5.
1075 740 1134 767 cap.
1158 740 1201 765 31·-

169 798 172 802 ⁸
395 766 409 800 [
425 765 515 794 Immo
525 771 578 794 tres
588 764 680 794 insulae
689 766 811 802 exiguae:
835 766 869 795 de
881 767 978 803 quibus
987 767 1142 797 Strabolib.
1159 777 1200 803 ¹3·

86 802 154 832 Plin.
177 803 194 831 l.
207 813 230 832 c.
251 812 362 840 quoque
378 802 476 840 plurali
493 811 610 831 numero
626 802 772 839 expressit,
802 803 820 832 fi
842 803 926 833 Hard.
947 802 1032 831 ‘edom
1053 805 1201 842 sequimur.

84 840 196 870 Nomen
215 842 288 869 varie
298 841 423 869 scribitur
436 862 443 874 ,
464 841 565 868 retains
585 846 678 869 tamen
694 841 838 878 Arginufl'ae
850 863 858 877 ,
879 842 965 884 peri,
986 843 1165 880 &geminum
1181 842 1200 871 s.

1045 880 1199 910 Cretaceas.

4 979 7 985 ,
48 948 257 989 Aacssrrrs,
287 963 317 982 ae.
340 963 376 982 m.
404 954 420 989 [
436 949 569 988 A'er'snr]
598 952 703 982 Ventus
720 953 754 982 ab
773 954 870 983 'occasu
889 953 1019 983 solstitiali
1029 955 1107 985 flans.
1130 954 1200 985 Plin.

2 993 10 1002 ⁰
273 1001 318 1028 47.
352 988 392 1020 Ab
406 989 503 1019 occasu
524 990 882 1027 aequiuocum-Favonius:
904 993 938 1021 ab
954 993 1051 1022 occasu
1068 993 1203 1022 solstitiali

391 1102 516 1132 Filiafuit
528 1103 628 1132 Adrasti
638 1104 708 1140 regis
723 1104 882 1140 Argivorum
897 1127 904 1140 ‚
927 1107 953 1135 (Sc
965 1115 1033 1134 uxor
1043 1104 1200 1143 Polynicis}

86 1151 146 1177 quae
162 1142 246 1178 quum
261 1142 310 1170 viri
323 1141 362 1170 sui
374 1142 402 1170 in
413 1141 487 1170 bello
503 1140 561 1169 cresi
572 1140 655 1170 funus
664 1148 771 1171 curaret
781 1163 789 1176 ,
811 1151 826 1170 a
839 1142 961 1172 Creonte
974 1150 1092 1181 tyranno
1106 1150 1203 1173 necata

221 1217 389 1252 [Ἂςμῑαι]
409 1213 507 1253 ‘insuiae
517 1215 579 1245 sunt
596 1225 713 1246 numero
734 1216 851 1254 viginti,
879 1217 963 1248 Cariae
975 1218 1151 1255 adjacentes,
1172 1222 1204 1248 u't

863 1369 988 1406 Quamvis
1006 1370 1089 1407 aliqui
1110 1370 1143 1400 ab
1158 1363 1204 1399 Ar-

85 1403 150 1442 gissa
162 1405 315 1434 deductum
327 1406 420 1437 notius
430 1405 527 1442 velint,
548 1407 626 1444 quod
634 1407 664 1435 id
674 1416 761 1444 genus
771 1412 851 1437 cretae
861 1407 900 1437 ibi
913 1408 987 1438 esset.
1024 1409 1092 1438 Haec
1103 1408 1159 1438 fere
1169 1417 1204 1438 ex

84 1480 148 1510 Erat
157 1487 249 1509 autem
261 1480 407 1519 Argiletum
419 1503 427 1515 ,
448 1480 538 1510 Locus
548 1482 578 1510 in
591 1479 664 1517 Urbe
673 1483 762 1520 prope
773 1482 905 1512 Palatium
918 1505 925 1517 ,
948 1483 995 1512 ubi
1003 1484 1125 1513 tabernae
1144 1484 1206 1521 opi-

103 1518 187 1548 ficum
197 1526 291 1553 erant,
312 1518 515 1556 praesertimque
530 1519 764 1558 bibliopolarum,
786 1530 801 1550 a
822 1531 877 1558 quo
900 1521 1061 1559 Argiletanas
1075 1521 1206 1551 diceban-

6 1631 7 1634 ’
49 1623 166 1662 Aaou.
177 1643 193 1660 r.
204 1638 223 1662 A
235 1655 243 1668 ,
273 1642 304 1662 ae.
336 1633 476 1669 [ἆςςκλΰυ
492 1633 507 1667 ]
536 1632 621 1663 Terra
639 1639 742 1669 tenax,
764 1643 818 1672 qua
835 1635 912 1672 figuli
928 1643 1051 1665 utuntur.
1091 1635 1164 1673 Virg.
1177 1644 1203 1665 2.

85 1740 254 1779 Ἀρμνόεσπι,
273 1746 321 1775 ubi
333 1755 389 1813 1pro
403 1747 558 1782 ἀςκλᾰεσπι.
596 1746 709 1785 Dionys.
732 1747 767 1777 de
783 1747 852 1777 Situ.
874 1751 955 1785 1176.
976 1747 1011 1779 H.
1028 1749 1068 1779 Sc.
1107 1742 1205 1794 Versus

87 1859 165 1897 Quid
176 1858 257 1889 ceffat
265 1860 312 1889 hic
321 1859 461 1889 homullus
471 1869 505 1888 ex
516 1859 644 1897 argilla&
654 1860 713 1897 luto
724 1860 803 1890 fietus
816 1860 966 1899 Epicureus
976 1863 990 1891 ‘?
1001 1862 1059 1891 Cic.
1074 1863 1103 1891 in
1114 1862 1202 1892 Pison.

106 1908 152 1932 59.
175 1897 311 1927 Columel.
322 1897 369 1927 lib.
386 1907 426 1927 12.
444 1907 503 1935 cap.
516 1908 560 1933 44.
584 1899 638 1928 Sed
649 1899 761 1928 &idem
772 1899 872 1928 author
885 1901 924 1929 est
933 1907 1008 1930 creta
1016 1900 1122 1937 figulari
1134 1901 1206 1932 bene

105 1933 217 1965 subacta
230 1937 352 1965 recentia
375 1935 448 1965 mala
463 1935 543 1965 craffe
552 1936 655 1966 illinire
667 1958 675 1972 ,
697 1938 724 1966 <Kc
742 1947 829 1974 quum
845 1937 940 1975 argilla
958 1939 1084 1973 exaruit,
1104 1939 1205 1976 frigido

106 1972 169 2002 loco
179 1973 352 2011 suspendere.
392 1973 446 2003 Hic
463 1973 543 2003 vides
559 1982 618 2004 rem
638 1975 758 2004 eandem
773 1976 866 2005 vocari
887 1978 914 2005 &
926 1976 1036 2006 Cretam
1046 1976 1205 2014 figularem,

11 2074 14 2077 Δ
50 2087 339 2122 ΑκοιιιΑοευε,
361 2088 421 2123 Adj.
440 2086 620 2125 [agane]
642 2087 710 2118 Plin.
726 2088 773 2118 lib.
790 2099 832 2127 17.
848 2099 909 2128 cap.
921 2099 947 2127 7.
968 2089 1013 2120 Est
1030 2091 1107 2120 enim
1123 2076 1204 2126 alba]

428 2166 444 2200 [
459 2162 585 2200 ὰξγλώὸηε
600 2164 615 2198 ]
650 2165 735 2201 Quod
755 2161 879 2194 abundat
891 2165 994 2203 argilla.
1016 2157 1155 2195 Columelss
1169 2166 1205 2196 de

86 2200 208 2231 Arborib.
227 2210 270 2237 17.
290 2201 361 2231 Olea
370 2203 491 2231 maxime
498 2201 616 2232 collibus
627 2202 704 2232 ssecis
713 2204 738 2233 St
748 2202 879 2240 argillosis
893 2204 1002 2241 gaudet.
1042 2204 1158 2234 Terram
1166 2215 1209 2234 ar-

80 2278 143 2306 noi'
151 2287 216 2309 Lus
227 2300 234 2312 ,
257 2278 270 2314 [
287 2276 410 2312 Α”ρμλῶυ
426 2278 440 2313 ]
463 2277 532 2307 Urbs
547 2278 691 2308 AEmathiae
711 2288 768 2308 non
788 2278 888 2317 procul
902 2278 936 2308 ab
955 2279 1030 2309 ostiis
1049 2279 1206 2319 Strymonis

11 2478 21 2494 :-
51 2466 74 2498 A
83 2476 99 2495 R
107 2477 125 2495 G
134 2478 142 2495 1
152 2477 166 2496 r>
174 2477 188 2495 P
198 2478 221 2496 ,ze
231 2478 241 2496 1
251 2489 260 2502 ‚
281 2477 362 2496 orum
383 2469 398 2503 [
412 2467 568 2504 ’Λξ-Λπποῖοι
581 2468 596 2502 [l
629 2467 725 2505 Populi
744 2467 807 2497 sunt
815 2467 1021 2505 Scythiaejuxta
1027 2468 1164 2498 Sarmatas
1179 2470 1206 2500 &

7 2499 16 2509 “
88 2504 264 2543 Thyssagetas
278 2527 286 2540 ,
304 2505 337 2534 ab
353 2505 409 2543 ipsa
420 2505 562 2534 nativitate
573 2504 661 2540 calvi,
682 2505 755 2534 simis
769 2506 881 2535 naribus
896 2528 903 2541 ,
934 2507 1076 2543 &ingenti
1086 2513 1183 2536 mento
1195 2529 1203 2542 ,

0 2550 19 2560 *⁵-
107 2543 200 2581 r‘Oprio
211 2543 331 2580 quodam
341 2544 395 2573 oris
407 2543 474 2572 sono
486 2565 493 2579 ,
515 2553 550 2572 ex
563 2544 706 2572 arboribus
715 2544 879 2573 victitantes.
920 2543 956 2573 Hi
966 2552 1030 2574 cum
1040 2554 1115 2573 arma
1127 2545 1204 2574 nulla

57 2608 59 2610 .
86 2552 227 2617 habeant,
249 2581 383 2610 anemine
392 2588 485 2610 tamen
503 2581 660 2610 afficiuntur
678 2582 795 2617 injuria,
817 2588 964 2620 propterea
976 2583 1052 2620 quod
1073 2582 1139 2611 sacri
1152 2593 1204 2620 pu-

87 2625 188 2648 tentur.
228 2619 319 2648 Iidem
328 2619 511 2648 finitimorum
522 2619 719 2648 controversias
733 2620 884 2656 dirimunt,
905 2621 931 2649 &
942 2617 977 2649 ad
997 2619 1024 2650 se
1042 2621 1207 2659 confugien-

263 2734 280 2768 [
291 2730 440 2769 ''AemmJ
463 2732 607 2762 Thessaliae
624 2733 719 2762 civitas
734 2733 772 2762 est
790 2743 879 2771 prope
898 2732 1020 2763 Peneum
1032 2756 1040 2770 ,
1061 2734 1178 2765 condita
1189 2738 1206 2764 a

52 2809 226 2844 Asc-rtis,
246 2809 310 2837 rdis.
332 2808 426 2838 Genus
435 2810 506 2838 vitis.
529 2808 667 2838 Columel.
676 2809 723 2838 lib.
740 2819 763 2846 3.
775 2819 835 2847 cap.
849 2819 875 2839 2.
905 2809 1001 2839 Minor
1015 2810 1109 2847 argitis
1127 2816 1206 2840 terrae

15 2898 23 2927 κ
51 2884 138 2915 Ach
151 2895 168 2913 υ
179 2891 190 2914 s
202 2906 210 2919 ,
232 2886 246 2920 [
261 2883 372 2921 ’Ἂξμῷι
385 2884 399 2919 ]
419 2882 528 2913 Nobilis
539 2884 688 2914 Statuarius
700 2885 770 2921 fuit,
792 2884 925 2922 Polycleti
933 2884 1085 2922 discipulus
1095 2907 1102 2921 ,
1126 2886 1206 2922 cujus

781 3262 852 3292 Sunt
859 3262 941 3292 Ennii
950 3262 1040 3292 versus
1050 3262 1079 3291 in
1091 3261 1204 3293 Medea.

661 3375 818 3408 Sophocles
833 3376 863 3404 in
872 3375 1029 3405 Trachiniis
1038 3374 1205 3405 Dodoneam

109 3419 241 3451 quercum
253 3415 297 3443 seu
306 3414 399 3451 fagum
415 3410 591 3447 mistarum
609 3411 770 3451 appellavit.
786 3413 826 3443 Ex
839 3412 892 3442 hac
900 3414 1012 3442 materia
1021 3413 1206 3442 construetam

110 3454 181 3490 Argo
201 3453 277 3482 navis
292 3455 430 3486 carinam,
454 3461 513 3488 quae
528 3450 620 3480 dubiis
635 3452 663 3480 in
676 3452 757 3481 rebus
769 3451 879 3488 Minyas
890 3452 1070 3485 admonerer,
1087 3458 1117 3479 ut
1132 3451 1208 3479 canit

111 3491 284 3528 Apollonius,
296 3492 321 3519 ἃ
331 3488 452 3527 AEschyli
464 3489 621 3518 testimonio
633 3488 716 3519 refert
724 3489 858 3527 Hyginus.
880 3489 927 3518 Po.
940 3489 990 3519 Ast.
1001 3498 1025 3518 2.
1040 3497 1051 3525 3
1054 3497 1083 3525 7.
1105 3488 1205 3519 Claud.

943 3751 1022 3782 Unde
1040 3741 1209 3791 Lycophron

111 3791 181 3830 Argo
192 3796 290 3821 navem
303 3791 444 3822 Garrulam
456 3792 546 3829 picam
558 3791 639 3823 dixit,
659 3791 693 3820 ab
704 3792 761 3821 avis
776 3790 965 3820 limilitudine.
997 3791 1070 3820 Hinc
1090 3792 1127 3821 est
1137 3791 1210 3821 illud

111 3830 222 3865 ‚Senecae
233 3853 241 3865 ,
268 3830 381 3868 Ipsaque
399 3838 497 3858 vocem
520 3829 643 3866 perdidit
658 3831 737 3866 Argo.
779 3829 868 3864 Hujus
888 3828 963 3857 navis
979 3829 1145 3869 gubernator
1159 3830 1212 3858 suit

111 3866 237 3905 Tiphys,
259 3867 421 3897 Phorbantis
439 3868 464 3896 Sc
484 3867 624 3904 Hymanes
642 3865 730 3902 filius,
750 3867 892 3896 Boeotius:
914 3875 969 3902 quo
990 3867 1062 3896 inter
1081 3868 1213 3905 navigan-

114 3906 181 3935 dum
193 3906 220 3935 vi
231 3905 319 3935 morbi
329 3905 474 3942 absumpto
490 3905 518 3933 in
537 3904 722 3934 Mariandinis
734 3905 762 3933 in
774 3904 942 3941 Propontide
958 3905 1032 3941 apud
1048 3905 1152 3943 Lycum
1171 3915 1213 3934 re-

114 3942 754 4019 Ξῖῖεαθῖνῗίῐῑῗέῖηξῖέῗὲῑέἓέἓὲἐἓὲἓῑῑῖξ
763 3941 1214 4012 arama-...5³1¹sasas·

221 4005 226 4010 =
279 4004 285 4010 ι
1038 4001 1046 4018 '
1203 3999 1213 4007 Π

1686 171 1713 206 A
1809 172 1840 206 R
1939 173 1971 207 G

1308 254 1351 277 cat
1361 248 1527 280 Claudianus
1535 250 1599 280 loco
1610 250 1694 288 paulo
1705 257 1768 280 anre
1777 252 1861 281 citato
1874 263 1880 282 2
1897 255 1922 282 St
1936 254 1969 282 ab
1977 255 2073 284 eadem
2083 257 2153 286 inter
2164 259 2230 287 astra
2238 259 2401 288 collocatam

1293 310 1294 313 ,
1308 286 1465 315 fabulantur
1478 289 1600 324 Hyginus
1610 290 1635 317 S<
1651 288 1745 317 Latina
1756 292 1953 319 commentaria
1962 291 1991 319 in
2000 293 2119 322 Aratum.

1287 322 1358 359 Argo
1368 345 1375 357 ,
1401 323 1572 353 Accusarivus
1584 326 1697 354 Atticus.
1719 326 1801 355 Ovid.
1816 330 1841 355 6.
1856 327 1937 365 Epist.
1949 332 1994 362 65-

1289 359 1415 389 Tradunt
1427 362 1554 391 historici
1565 363 1635 392 hanc
1645 364 1761 400 primam
1773 364 1850 392 fuiffe
1865 374 1963 394 navem
1972 366 2092 401 longam,
2102 378 2161 403 qua.-
2175 369 2345 406 inhospitvlis
2357 381 2402 407 rc-

1308 397 1361 433 lagi
1373 399 1429 426 vias
1439 400 1578 435 patefecit.
1619 400 1808 430 ffidificataest
1820 403 1927 431 circiter
1939 413 2026 433 annos
2042 414 2084 433 xx..
2107 416 2170 435 anre
2188 405 2301 442 Trojarn
2317 418 2405 444 expu-

1310 441 1419 469 gnatam
1429 436 1505 470 juxta
1514 437 1722 473 chronologiam
1733 439 1767 467 cl.
1799 440 1939 469 Ncwtoni.

1252 470 1273 498 A
1284 480 1351 499 aco
1372 472 1455 515 Navis
1468 495 1476 507 ,
1495 475 1510 509 [
1525 476 1599 509 'Ama'
1618 475 1631 509 ]
1651 476 1766 511 Signum
1776 476 1903 511 coeleste,
1924 478 2008 506 oritur
2020 479 2179 515 pridieldus
2195 480 2316 510 Martias.
2352 481 2404 510 Co-

1291 507 1382 536 lumel.
1400 509 1448 537 hb.
1466 520 1507 538 1¹.
1522 521 1581 548 cap.
1598 522 1622 540 2.
1660 513 1691 541 V.
1712 513 1811 556 Hygin.
1836 514 1933 543 Manil.
1954 525 1975 543 r.
1990 526 2053 551 405.

1251 544 1298 587 As
1308 555 1324 572 G
1336 555 1352 573 o
1362 555 1411 574 NA
1421 556 1438 574 u
1448 556 1467 574 T
1477 557 1508 581 As,
1530 548 1542 583 [
1559 551 1704 583 'Awalma
1718 551 1733 584 ]
1753 552 1820 580 uicti
1836 550 1960 581 suntViri
1972 552 2011 581 illi
2021 553 2066 589 qui
2083 555 2111 583 in
2127 555 2193 591 Argo
2208 556 2405 588 navimverunt

1288 592 1317 610 in
1327 581 1563 629 Colchum,3lason
1571 586 1712 628 videlicet,
1721 588 1822 622 Castor,
1834 589 1940 625 Pollux,
1952 590 2092 626 Hercules,
2105 591 2253 626 Telamon,
2264 584 2404 629 Orpheus,

1289 619 1411 648 Atlantes
1419 620 1540 666 Scluner.
1564 622 1694 660 shelpeni
1705 625 1762 658 hlii,
1774 625 1940 664 Melampus,
1951 627 2082 661 Theseus,
2096 630 2284 666 Amphiaraus,
2297 630 2404 666 Testor,

1289 656 1621 698 Eurydamas.-(.oronus,
1641 661 1808 697 lphidanws,
1824 665 1960 700 &caeteri,
1985 667 2020 695 de
2034 668 2131 703 quibus
2146 666 2274 704 Orpheus
2285 668 2312 696 in
2324 669 2405 704 Argo-

1288 700 1364 723 naut.
1393 694 1423 723 V.
1446 694 1560 724 D=0d0r‚
1578 696 1594 725 l.
1607 709 1629 732 5.
1651 708 1674 726 c.
1690 708 1712 733 3.
1724 702 1749 728 ὁὶ
1760 700 1858 737 llygin.
1871 701 1923 730 rab.
1938 712 1979 740 14.
2002 704 2067 733 Hor.
2083 704 2170 741 Epcd.
2187 714 2209 741 3.
2225 715 2250 739 9.
2262 705 2296 735 de
2307 706 2405 741 jasone

1371 730 1408 759 Ut
1428 732 1595 769 Argonautas
1612 743 1710 771 praeter
1728 747 1843 773 omnes,
1870 740 2022 770 candidum

1370 768 1472 798 Medea
1490 771 1586 799 mirata
1604 772 1642 801 est
1656 773 1766 802 ducem.

1258 832 1263 839 „
1291 805 1464 843 Argonauta,
1486 807 1514 844 in
1537 807 1602 844 ling.
1640 809 1707 838 Plin.
1728 811 1774 839 lib..
1788 819 1938 850 34.cap.8.

1252 843 1275 872 A
1284 852 1300 871 r.
1310 853 1327 871 G
1338 853 1384 886 ors
1395 854 1414 871 A
1423 850 1468 886 u‘r
1480 855 1488 871 1
1498 853 1515 872 c
1527 854 1545 872 A
1557 866 1565 879 ,
1586 855 1613 874 n.
1636 847 1675 883 pl.
1695 847 1742 891 *lta
1753 852 1841 891 poetro
1856 851 2046 889 inscripserunt
2064 852 2148 883 libros
2160 876 2167 888 ,
2189 864 2257 892 quos
2275 855 2310 884 de
2327 856 2409 892 Argo-

1290 888 1382 924 nautis
1392 880 1442 925 scrr
1464 880 1555 910 serunt
1565 903 1573 917 ,
1594 890 1625 911 ut
1636 893 1669 912 ex
1682 884 1782 914 (Jraecra
1793 886 1955 923 Orpheus&
1970 890 2131 927 Apollonius
2143 891 2268 922 Rhodius
2294 903 2327 922 ex
2338 893 2409 922 Lati-

1261 947 1262 953 ,
1292 928 1335 947 nis
1351 918 1408 948 Val.
1423 891 1536 964 flaccus
1546 941 1554 954 ,
1580 920 1703 964 &xc-Varro
1713 943 1720 955 ,
1744 923 1820 957 cuju<
1833 926 1992 960 prretlarum
2003 928 2134 966 hocopus
2147 931 2235 963 periit.
2270 916 2277 928 Ἰ

1254 956 1375 985 nnc-‚os
1387 957 1431 1000 ,‘[
1452 962 1549 992 Aa&
1567 969 1596 1000 ,⁷⁷²
1613 958 1627 992 J
1658 958 1741 987 yetus
1758 962 1783 988 S:
1802 961 1902 991 nobilis
1917 964 1978 993 urbs
1996 966 2109 994 Achaia:
2140 969 2250 996 Servius
2269 968 2295 995 in
2314 978 2334 996 ι.
2347 968 2408 998 nin.

1292 995 1378 1031 Argos
1401 1004 1429 1023 m
1447 993 1573 1032 lingulati
1591 1004 1707 1025 numero
1717 999 1825 1032 generis
1839 1002 1926 1028 nentri
1938 1002 1990 1030 cst:
2009 1004 2037 1030 ia
2055 1003 2153 1039 plurali
2173 1015 2236 1033 vero
2257 1005 2408 1034 masculini.

1293 1038 1342 1098 gt,
1365 1032 1392 1060 hi
1412 1032 1481 1100 Αἰξί.
1520 1032 1656 1062 Caeterum
1670 1034 1803 1063 derivatio
1819 1038 1940 1066 nominis
1952 1060 1960 1073 ,
1990 1041 2100 1076 Argivos
2120 1042 2203 1077 facit,
2224 1052 2281 1071 non
2300 1046 2408 1080 Argeos.

1318 1079 1327 1098 1
1360 1092 1365 1098 .
1382 1080 1403 1098 ι.
1447 1079 1487 1099 -n.
1502 1080 1548 1105 24.

1329 1078 1358 1106 fg
1373 1106 1461 1136 Prima
1481 1107 1556 1145 quod
1571 1107 1605 1136 ad
1626 1107 1739 1144 Trojam
1757 1117 1807 1146 pro
1831 1110 1919 1140 charis
1940 1113 2051 1149 gesserat
2069 1116 2149 1152 Argis.

1293 1142 1369 1174 Pura:
1381 1144 1532 1175 Latinitatis
1543 1144 1580 1174 est
1590 1145 1626 1183 pl.
1642 1146 1710 1183 Argi.
1734 1147 1804 1176 Nam
1817 1149 1899 1186 Argos
1909 1158 1983 1179 neut.
1995 1150 2059 1189 sing.
2071 1154 2195 1183 (ji-orcum
2208 1154 2254 1190 est,
2274 1161 2305 1185 ut
2315 1156 2413 1186 docuit

1292 1210 1296 1215 ,
1314 1182 1411 1211 Cellar.
1425 1182 1524 1220 Geogr.
1535 1184 1628 1212 Antz.
1642 1193 1683 1218 13.
1699 1194 1739 1220 17.
1762 1195 1788 1222 q.
1805 1185 1837 1214 V.

1295 1219 1419 1250 Sumitur
1429 1220 1577 1257 aliquando
1591 1231 1640 1258 pro
1651 1221 1756 1251 Graecia
1768 1224 1796 1251 in
1806 1232 1905 1260 genere
1916 1246 1923 1259 ,
1945 1230 1976 1254 ut
1994 1227 2067 1264 apud
2078 1226 2178 1257 Lucan.
2200 1239 2242 1259 10.
2257 1233 2300 1259 60.

1388 1295 1394 1298 ἡ
1448 1272 1486 1278 --
1502 1266 1638 1295 ‘quantuni
1658 1259 1771 1297 impulit
1790 1262 1888 1298 Argos,

1373 1294 1526 1332 Iliacasque
1551 1297 1652 1326 domus
1673 1298 1745 1327 facie
1764 1299 1894 1336 Spartana
1919 1302 2039 1331 nocenti.

1295 1333 1380 1371 Argos
1393 1355 1401 1369 ,
1425 1334 1529 1363 Civitas
1544 1334 1698 1364 Thess‘aliae.
1738 1335 1839 1365 Lucan.
1859 1337 1907 1367 lib.
1921 1342 1947 1368 6.
1967 1342 2029 1375 356.

1450 1388 1488 1392 —
1508 1372 1556 1401 ubi
1574 1372 1668 1402 nobile
1687 1375 1845 1410 quondam,

1374 1409 1458 1438 Nunc
1473 1409 1552 1447 super
1574 1412 1657 1447 Argos
1673 1418 1739 1440 erat.
1821 1413 1939 1442 Servius.
1960 1414 1995 1442 ad
2014 1423 2038 1450 7.
2061 1414 2121 1444 JEn.
2144 1419 2207 1449 2536.

1294 1446 1391 1484 Argos,
1413 1447 1517 1476 Civitas
1528 1448 1601 1476 haud
1613 1448 1696 1486 longe
1705 1449 1739 1478 ab
1751 1449 1874 1485 Athenis,
1891 1452 1966 1488 quod
1979 1462 1993 1480 a
2005 1452 2065 1487 Siti,
2085 1455 2167 1489 Argos
2179 1453 2291 1491 Dipsion
2310 1455 2416 1485 dicium

1315 1485 1371 1528 eit:
1394 1485 1423 1528 in
1434 1492 1557 1553 quot-{rat
1566 1495 1666 1523 magna
1675 1487 1790 1517 societas
1800 1488 1872 1517 inter
1886 1498 1934 1519 eos
1955 1491 2002 1526 qui
2015 1500 2071 1519 uno
2079 1501 2166 1528 puteo
2178 1496 2332 1522 utebantur.
2359 1494 2418 1523 Ser-

1314 1531 1375 1552 vius
1391 1533 1423 1551 m
1442 1533 1467 1559 7.
1523 1533 1549 1553 n.
1562 1528 1623 1555 286.

1296 1561 1390 1597 Argos,
1411 1561 1491 1590 Aliud
1501 1561 1757 1598 Amphilochicum,
1770 1563 1799 1592 in
1813 1564 1973 1601 Acarnania.
2014 1565 2045 1593 V.
2068 1565 2154 1595 muita
2163 1567 2237 1605 apud
2247 1567 2333 1597 Strab.
2356 1568 2373 1598 l.
2389 1575 2414 1603 8.

1317 1600 1343 1627 &
1359 1598 1454 1636 Steph.
1476 1599 1522 1636 qui
1537 1599 1673 1629 Undecim
1685 1608 1822 1630 memorat
1837 1601 1890 1630 hoc
1909 1602 2023 1632 nomine
2034 1604 2167 1633 civitates.

1258 1634 1437 1671 Arorvus,
1461 1637 1521 1671 Adj.

1296 1672 1370 1703 lanx.
1393 1673 1451 1703 Cic.
1477 1675 1512 1704 de
1523 1674 1565 1703 Cl.
1577 1674 1654 1704 Orat.
1671 1686 1712 1711 50.
1735 1677 1848 1715 Argivus
1862 1686 1961 1707 orator.

1258 1711 1281 1740 A
1290 1721 1306 1739 R
1317 1721 1335 1740 G
1345 1721 1363 1740 u
1374 1721 1386 1741 s
1397 1733 1405 1746 ,
1431 1712 1491 1748 Adj.
1513 1713 1597 1750 antiq.
1614 1723 1664 1751 pro
1677 1714 1789 1751 Argivus
1799 1737 1807 1749 ,
1827 1715 1942 1744 authore
1954 1715 2057 1745 Nonio.
2079 1715 2165 1746 Plaut.
2179 1717 2276 1754 Amph.
2291 1718 2359 1755 prol.
2372 1725 2417 1753 98.

1354 1749 1527 1787 Amphitryo,
1546 1757 1626 1780 natus
1636 1752 1721 1788 Argus
1739 1759 1773 1781 ex
1788 1753 1857 1789 Argo
1873 1759 1960 1791 patre.
2009 1756 2025 1790 [
2037 1755 2091 1783 Sed
2105 1755 2133 1783 in
2145 1757 2297 1784 emendatis
2307 1756 2341 1785 lic
2354 1756 2420 1793 legi-

1297 1790 1341 1816 tu'r
1354 1797 1361 1816 t
1383 1795 1462 1817 natus
1473 1788 1548 1825 Argis
1560 1797 1595 1817 ex
1606 1789 1677 1825 Argo
1710 1796 1775 1819 atre.
1805 1790 1822 1819 i.
1838 1800 1862 1820 e.
1881 1791 1957 1820 Patre
1967 1801 2077 1829 quoque
2089 1802 2123 1822 ex
2131 1793 2208 1830 Argis
2219 1815 2227 1828 ,
2252 1798 2282 1822 ut
2291 1795 2362 1823 recte
2373 1804 2419 1824 ex-

1296 1825 1384 1863 plicat
1400 1825 1423 1861 J.
1439 1826 1466 1855 F.
1485 1825 1606 1855 Gronov.
1616 1826 1681 1856 Obs.
1689 1799 1711 1856 i).
1724 1838 1750 1863 4.
1765 1837 1788 1856 c.
1805 1838 1847 1864 19.
1869 1839 1893 1865 q.
1914 1828 1945 1858 V.
1967 1831 1992 1859 &
2004 1830 2039 1859 ad
2058 1829 2075 1859 l.

1258 1862 1305 1892 Aa
1316 1873 1359 1892 co
1369 1865 1433 1893 ιῖο
1443 1873 1481 1892 us
1492 1885 1500 1899 ,
1521 1864 1582 1900 Adj.
1606 1864 1620 1900 [
1635 1863 1775 1901 Ἀςυλικές
1791 1866 1805 1900 ]
1826 1866 1904 1897 idem
1929 1867 2003 1904 quod
2016 1868 2147 1905 Argivus,
2169 1869 2195 1898 δὲ
2213 1876 2262 1906 per
2279 1867 2419 1906 synecdo-

1297 1900 1370 1930 clren
1394 1911 1445 1940 pro
1459 1902 1563 1931 Graeco.
1587 1908 1632 1936 ut,
1654 1902 1728 1932 Gens
1746 1900 1879 1940 Argolica.
1920 1904 2022 1941 Virga.
2039 1906 2101 1936 AEn.
2118 1908 2178 1944 177.

1452 1956 1490 1961 —
1510 1939 1642 1976 Argolicis
1664 1939 1779 1971 excindi
1799 1941 1927 1979 Pergama
1949 1942 2018 1972 telis.
2224 1962 2229 1969 κ

1259 1976 1387 2006 Arc-‚62
1398 1986 1429 2006 rs
1444 1999 1451 2013 ,
1472 1977 1535 2006 idis.
1558 1977 1576 2006 f.
1599 1979 1614 2013 [
1629 1978 1738 2013 Ἀενλὶς
1753 1979 1768 2014 ]
1789 1980 1806 2008 i.
1823 1989 1847 2008 e.
1866 1981 1970 2017 Argiva.
1994 1980 2079 2010 Ovid.
2091 1990 2116 2014 9.
2136 1980 2206 2010 Met.
2224 1985 2287 2019 276.

1453 2031 1491 2048 ἡ
1511 2021 1538 2051 at
1554 2015 1644 2052 longis
1659 2016 1740 2045 anxia
1765 2018 1837 2046 curis
1949 2017 2055 2056 Argolis
2075 2018 2212 2048 Alcmene.

1259 2053 1306 2082 Aa
1316 2062 1333 2080 c
1344 2055 1360 2081 δ
1371 2061 1410 2081 us
1421 2074 1430 2087 ,
1452 2052 1511 2089 Adj.
1536 2054 1550 2090 [
1568 2053 1687 2089 ’.ΔὶςοκςῒιίόᾶΗ
1707 2054 1723 2088 ]
1754 2053 1832 2087 Idem
1845 2056 1919 2092 quod
1931 2056 2081 2093 Argolicus.
2104 2056 2170 2086 Hor.
2183 2057 2274 2095 E'pod.
2284 2061 2325 2088 16.
2340 2067 2383 2095 57.

1377 2090 1443 2119 Non
1462 2090 1518 2120 huc
1540 2092 1627 2128 Argoo
1646 2092 1793 2121 contendit
1813 2093 1917 2130 remige
1936 2094 2028 2131 pinus.

1296 2128 1384 2165 Argoa
1394 2128 1506 2163 auxilia,
1530 2129 1547 2158 i.
1565 2138 1590 2157 e.
1614 2129 1840 2166 Argonautarum.
1871 2131 1956 2160 Valet.
1969 2131 2057 2162 Flacc.
2072 2135 2098 2161 6.
2113 2133 2283 2170 Ar'gon.731.
2307 2134 2419 2170 [Immo

1296 2167 1401 2203 Argous
1410 2167 1552 2195 nonidern
1568 2188 1576 2200 ,
1597 2167 1674 2203 quod
1683 2168 1834 2204 Argolicus,
1848 2169 1891 2198 vel
1905 2170 2026 2207 Argivus.
2049 2170 2193 2199 Hocenim
2203 2171 2235 2200 ab
2249 2172 2330 2208 Argis,
2350 2172 2419 2201 illud

1316 2204 1350 2232 ab
1364 2205 1435 2241 Argo
1445 2205 1508 2234 navi
1520 2205 1676 2234 deducitur.
1717 2206 1746 2235 V.
1770 2207 1853 2235 eund.
1866 2206 1987 2236 Crono-r.
2007 2207 2072 2237 Obs.
2083 2207 2100 2236 l.
2114 2217 2139 2237 2.
2153 2218 2176 2237 c.
2193 2219 2233 2237 ιο.
2252 2219 2319 2238 extr.

1258 2242 1281 2272 A
1291 2251 1306 2270 a
1317 2252 1335 2270 c
1346 2245 1363 2271 ὃ
1374 2251 1412 2270 us
1433 2252 1448 2270 P
1457 2251 1474 2270 o
1483 2252 1499 2270 a
1508 2252 1528 2270 T
1538 2251 1556 2271 u
1567 2251 1589 2276 s,
1610 2243 1685 2271 estin
1697 2243 1824 2279 IEthalia,
1837 2244 1871 2273 ab
1883 2245 1952 2280 Argo
1963 2246 2028 2274 navi
2038 2246 2140 2281 dictus,
2151 2255 2182 2275 ut
2193 2247 2347 2284 perhibent.
2369 2247 2420 2277 lllo

1296 2280 1371 2314 enirn
1380 2279 1508 2315 =Iasonem
1523 2280 1696 2317 adnavigaffe
1711 2281 1802 2320 serunt
1817 2304 1824 2317 ,
1846 2290 1877 2311 ut
1888 2282 1981 2313 Circes
2002 2283 2145 2313 domicilia
2166 2292 2297 2321 quaereret
2309 2307 2317 2320 ,
2337 2295 2420 2322 quam

1297 2318 1401 2348 Medea
1417 2318 1501 2347 visere
1518 2318 1742 2356 concupiscebat.
1778 2320 1866 2361 Strab.
1881 2319 1927 2350 lib.
1943 2332 1967 2357 5.

1260 2357 1544 2391 ARGUMENTUM‚
1574 2357 1698 2386 Ancus
1711 2379 1719 2392 ,
1759 2357 1789 2387 V.
1814 2358 1873 2395 post
1895 2358 2022 2389 Asscuo
2043 2360 2069 2389 Sc
2088 2360 2148 2395 ejus
2162 2359 2320 2390 derivativa.

1260 2394 1306 2423 Aa
1316 2404 1333 2422 c
1344 2404 1362 2423 u
1372 2403 1389 2422 0
1400 2415 1408 2428 ‚
1430 2394 1477 2429 ui,
1498 2397 1578 2423 situm
1589 2416 1597 2429 ,
1620 2395 1636 2430 [
1650 2393 1741 2431 ἐλέγχω
1754 2396 1769 2430 ]
1790 2396 1845 2426 ere.
1871 2395 1982 2434 Proprie
1994 2397 2032 2426 est
2050 2396 2202 2427 ostendere
2211 2420 2219 2434 ,
2241 2405 2271 2428 ut
2283 2400 2320 2428 ait
2329 2398 2420 2428 Perot-

1301 2439 1355 2462 tus.
1378 2431 1450 2469 Virg.
1462 2443 1487 2467 4.
1505 2431 1567 2461 AEn.
1582 2441 1624 2469 13.

1375 2469 1534 2506 Degeneres
1552 2471 1661 2499 animos
1677 2470 1761 2500 timor
1779 2471 1876 2509 arguit.

1297 2507 1363 2543 bat,
1383 2509 1409 2537 ἃ
1427 2508 1580 2545 impugnat.
1642 2506 1644 2513 '

1296 2546 1363 2576 Non
1377 2555 1412 2575 ex
1426 2546 1522 2574 audito
1539 2555 1660 2583 arguere.
1682 2545 1768 2576 Plaut.
1789 2545 1888 2577 Bacch.
1902 2556 1926 2584 3.
1938 2556 1963 2584 3.
1977 2549 2022 2584 ὅς.
2054 2548 2134 2585 Quin
2145 2558 2197 2586 ego
2216 2559 2301 2586 quum
2311 2549 2419 2588 peribat

1316 2583 1397 2618 vidi,
1421 2593 1479 2612 non
1498 2593 1533 2612 ex
1548 2584 1645 2613 audito
1661 2593 1756 2621 arguo.
2197 2605 2201 2609 ·

1296 2620 1385 2650 Vultu
1398 2631 1486 2659 genus
1498 2623 1627 2659 arguitur.
1650 2621 1733 2651 Ovid.
1747 2631 1772 2652 α.
1795 2622 1862 2652 Fast.
1878 2632 1950 2660 397.r

1297 2658 1425 2696 Languor
1441 2660 1529 2697 arguit
1545 2665 1704 2695 amantem,
1726 2660 1743 2688 i.
1764 2670 1787 2690 e.
1810 2661 1912 2690 Prodit.
1936 2660 2002 2690 Hor.
2026 2656 2117 2699 Epod..
2130 2671 2170 2690 11.
2184 2669 2225 2698 13.

1298 2698 1427 2735 Arguitur
1437 2698 1523 2726 virtus
1538 2697 1626 2726 malis.
1649 2698 1666 2726 i.
1680 2707 1704 2726 e.
1727 2698 1885 2728 Declaratur
1894 2699 1975 2733 rebus
1983 2698 2108 2728 adversm.
2128 2699 2210 2729 Ov‘id.
2222 2711 2247 2735 4.
2258 2699 2415 2738 Trist.3.80.

1297 2735 1428 2772 Aiguere,
1439 2732 1665 2773 ize-prehendere,
1673 2735 1814 2766 accul'are:
1833 2739 1859 2767 <Sc
1869 2737 1914 2772 rut
1925 2736 2102 2772 aitEudaeus)
2116 2737 2290 2767 Convincere
2307 2741 2332 2768 Gr
2343 2749 2418 2768 coar-

1317 2783 1415 2811 guere..
1443 2773 1527 2802 Plaut.
1540 2773 1636 2811 Amph.
1647 2782 1671 2808 3.
1685 2783 1710 2802 2.
1722 2785 1748 2809 4.
1770 2774 1840 2811 Quae
1848 2784 1939 2812 neque
1949 2774 2097 2809 suntrana,
2119 2785 2209 2811 neque
2217 2786 2269 2813 ego
2280 2778 2307 2805 in
2319 2787 2362 2805 nie
2371 2777 2419 2806 ad-

1317 2811 1387 2845 misr,
1399 2811 1497 2849 arguit.
1521 2810 1578 2840 Cic.
1594 2821 1646 2849 pro
1657 2811 1760 2841 Caecin.
1783 2813 1848 2841 Non
1858 2813 1947 2842 ‘modo
1961 2834 1969 2846 ,
1987 2812 2140 2847 JEbutium,
2151 2813 2197 2842 sed
2208 2815 2290 2843 etiam
2301 2812 2417 2852 seipsum

1316 2851 1414 2886 arguit.
1437 2850 1511 2878 Suet.
1524 2849 1559 2877 de
1574 2848 1644 2878 Clar.
1660 2849 1750 2878 Gram.
1762 2859 1808 2879 22.
1846 2850 1879 2880 In
1892 2850 2077 2880 advocatione
2095 2851 2213 2887 quadam
2231 2851 2416 2882 soloecifinum

1315 2887 1350 2915 ab
1363 2886 1515 2916 adversario
1527 2887 1631 2916 fartum
1643 2888 1801 2924 usqueadeo
1813 2898 1924 2926 arguere
1937 2888 2133 2925 perseveravit,
2151 2890 2242 2925 quoad
2252 2911 2260 2924 ,
2282 2891 2333 2919 dcc.

1300 2925 1417 2962 Arguere
1431 2924 1552 2962 aliquem
1563 2925 1667 2962 aliquid
1674 2924 1776 2955 feciffe.
1797 2926 1855 2956 Cic.
1877 2936 1928 2964 pro
1937 2926 2017 2956 Rosc.
2033 2927 2121 2955 Amer.
2135 2933 2176 2963 37.
2207 2927 2256 2956 Sin
2271 2936 2363 2956 autem
2379 2928 2417 2958 sic

1314 2964 1403 3000 agetis
1415 2970 1445 2992 ut
1463 2963 1580 3000 arguatis
1596 2963 1717 3000 aliquem
1726 2963 1832 3001 patrem
1851 2963 1997 3000 occidisse,
2019 2973 2111 3001 neque
2122 2964 2213 2994 dicere
2230 2962 2337 3002 possitis
2352 2971 2416 2995 ante

1318 3010 1419 3037 quare,
1441 3008 1488 3029 aut
1505 3001 1664 3037 quomodo,
1686 3002 1738 3031 διο.
2173 3035 2175 3037 ,

1299 3039 1380 3076 Argui
1391 3038 1569 3068 confessione.
1591 3038 1712 3068 Tacit.r.
1726 3040 1844 3068 Ann.12.
1857 3038 1974 3069 Rursum
1985 3039 2079 3069 Gallus
2088 3039 2256 3068 nonidcirco
2266 3040 2417 3077 interroga-

1319 3083 1379 3105 turn
1386 3077 1433 3109 ait,
1446 3083 1477 3105 ut
1485 3077 1622 3105 divideret
1631 3086 1691 3114 quae
1699 3076 1814 3114 separari
1824 3078 1985 3114 nequirent:
2000 3077 2046 3106 sed
2056 3078 2081 3106 ἃ
2093 3077 2136 3106 sua
2145 3077 2314 3106 confeffione
2323 3084 2417 3115 argue-

1317 3121 1401 3147 retur,
1415 3124 1501 3142 unum
1515 3114 1568 3143 ess'e
1579 3114 1750 3152 Reipublicae
1759 3125 1870 3152 corpus,
1881 3123 1962 3152 atque
1975 3115 2055 3144 unius
2067 3115 2160 3143 animo
2171 3115 2333 3151 regendum.

1298 3151 1331 3181 Id
1348 3152 1422 3188 quod
1432 3159 1460 3181 tu
1472 3153 1580 3190 arguis,
1601 3153 1618 3182 i.
1638 3162 1662 3181 e.
1682 3152 1798 3188 Objicis.
1822 3153 1880 3182 Cic.
1904 3163 1954 3190 pro
1963 3151 2037 3189 Sylla
2048 3156 2092 3188 67.
2114 3152 2160 3194 De
2172 3160 2225 3189 quo
2236 3153 2416 3190 etiamsrquid

1317 3189 1464 3218 dubitasset
1472 3197 1562 3226 antea,
1578 3199 1639 3218 non
1647 3190 1677 3218 id
1687 3191 1762 3227 qued
1773 3197 1802 3220 tu
1814 3192 1912 3227 arguis,
1922 3189 2063 3227 cogitasset
2073 3191 2219 3219 interfecto
2230 3197 2374 3226 panemo,

1299 3227 1420 3265 Arguere
1438 3227 1590 3265 &Purgare
1602 3250 1609 3263 ,
1631 3229 1776 3257 contraria.
1806 3228 1866 3257 Cic.
1879 3238 1928 3266 pro
1942 3227 2020 3257 Rosc.
2037 3228 2125 3256 Amer.
2139 3236 2198 3257 120.
2223 3228 2321 3257 Servos
2332 3229 2415 3267 ipsos,

1319 3266 1394 3302 quod
1406 3265 1439 3294 ad
1451 3275 1497 3294 me
1506 3266 1624 3302 attinet,
1643 3275 1733 3302 neque
1745 3276 1827 3302 arguo
1836 3288 1843 3300 ,
1865 3275 1954 3302 neque
1967 3273 2061 3302 purge.

1299 3303 1390 3332 Verbo
1402 3303 1437 3331 de
1448 3312 1477 3332 re
1491 3303 1581 3342 aliqua
1592 3325 1599 3338 ,
1622 3304 1666 3332 cui
1677 3303 1949 3341 opponiturNegare.
1972 3302 2028 3331 Cic.
2043 3311 2093 3339 pro
2104 3300 2183 3332 Rosc.
2203 3302 2292 3333 Amer.
2307 3308 2351 3338 8²-
2373 3304 2417 3334 De

1299 3373 1302 3377 ,
1318 3340 1417 3378 quibus
1428 3342 1561 3378 quoniam
1577 3341 1661 3370 verbo
1675 3342 1781 3378 arguit,
1802 3341 1886 3370 verbo
1902 3340 1963 3369 satis
1974 3339 2011 3368 e'st
2022 3348 2129 3375 negare.

1299 3377 1472 3408 Exmoribus
1483 3378 1612 3416 aliquem.
1644 3378 1700 3407 Cic.
1721 3388 1771 3416 pro
1782 3378 1853 3415 Sylla
1864 3382 1906 3412 69.
1930 3376 2328 3413 OmnibusinrebusJudices,
2348 3380 2416 3417 quid

1319 3414 1436 3454 quisque
1443 3416 1742 3454 voluerincogitaverit,
1748 3415 1952 3450 admiserit,nor1
1960 3424 1994 3443 ex
2002 3415 2127 3449 crimine,
2133 3415 2178 3444 sed
2186 3425 2221 3444 ex
2229 3416 2351 3446 moribus
2357 3418 2418 3453 ejus

1320 3455 1368 3492 qui
1378 3455 1549 3492 arguitur.est
1557 3454 1779 3491 ponderandum.
1792 3452 1826 3488 [Za
1841 3453 1880 3482 E'x
1889 3452 2105 3482 moribs'efertur
2115 3453 2150 3482 ad
2159 3463 2183 3482 v,
2190 3453 2412 3485 Ponderandum.

1301 3490 1409 3528 Reum.
1431 3493 1469 3521 est
1487 3492 1693 3525 Demonstrare,
1715 3493 1741 3521 6<
1757 3490 1922 3527 argumentis
1934 3489 2049 3526 probare
2063 3490 2097 3519 ab
2114 3500 2150 3519 eo
2171 3491 2345 3521 commissum
2366 3494 2418 3523 cri-

1319 3535 1396 3559 rnen.
1434 3529 1568 3567 Ulpianus
1586 3529 1603 3558 l.
1626 3539 1686 3565 197.
1709 3530 1744 3568 de
1754 3528 1904 3557 Verborum
1925 3527 2064 3564 fignificat.
2104 3527 2240 3558 Indieaffe
2259 3539 2358 3567 reum,
2379 3531 2418 3560 est

1322 3566 1456 3599 Detuliffe
1468 3590 1476 3602 ,
1496 3567 1629 3604 arguifl‘e,
1651 3565 1784 3595 accusasse
1798 3585 1805 3597 ‚
1829 3567 1854 3594 ἃ
1869 3565 2025 3594 convicisse.

1302 3605 1404 3643 :Aliquo
1416 3605 1541 3635 crimine.
1564 3604 1620 3633 Cic.
1634 3614 1658 3640 7.
1675 3603 1746 3631 Verr.
1759 3613 1804 3638 45.
1823 3602 1907 3631 Nunc
1921 3611 1978 3631 non
1989 3602 2074 3631 modo
2087 3609 2114 3632 te
2125 3603 2180 3633 hoc
2195 3604 2312 3634 crimine
2324 3615 2419 3643 arguo,

1303 3671 1305 3673 .
1322 3638 1370 3673 'sed
1382 3653 1418 3672 ne
1437 3643 1483 3672 illa
1495 3642 1607 3679 quidem
1625 3641 1767 3670 communi
1778 3640 1980 3678 vituperatione
1991 3641 2176 3677 reprehendo.

1302 3675 1346 3711 De
1356 3681 1482 3711 crimine.
1503 3680 1560 3709 Cic.
1574 3688 1597 3707 2.
1621 3679 1655 3707 de
1664 3678 1770 3707 [nvent.
1782 3687 1823 3714 37.
1853 3678 1962 3711 Negare
1971 3678 2114 3715 oportebit
2123 3679 2157 3708 de
2166 3680 2222 3709 vita
2231 3680 2290 3716 ejus
2302 3682 2328 3710 St
2338 3683 2421 3710 mori-

1322 3719 1375 3748 bus
1397 3718 1497 3755 qumi,
1520 3717 1565 3745 sed
1584 3717 1618 3745 de
1638 3725 1671 3744 co
1692 3716 1808 3744 crimine
1825 3725 1879 3751 quo
1892 3716 1927 3743 de
1943 3720 2078 3753 arguatur.

1303 3757 1422 3794 Arguere
1436 3778 1444 3790 ,
1465 3753 1722 3791 genitivujurrchim
1738 3762 1743 3781 :
1768 3762 1806 3787 ur,
1828 3756 1944 3789 Arguere
1954 3753 2018 3782 furti
2029 3776 2036 3788 ‚
2053 3756 2105 3783 &o
2127 3753 2186 3783 Cic.
2203 3765 2253 3793 pro
2262 3756 2354 3785 Rabir.
2373 3760 2418 3786 26.

1323 3796 1425 3824 Annon
1438 3792 1580 3827 intelligis,
1598 3791 1718 3828 primum
1728 3800 1796 3826 quos
1806 3791 1945 3824 homines,
1968 3792 1994 3820 Gt
2006 3792 2100 3828 quales
2107 3792 2180 3821 viros
2190 3801 2312 3823 mortuos
2324 3794 2421 3824 summi

1323 3831 1432 3861 sceleris
1442 3829 1555 3865 arguas?
1600 3827 1674 3863 [Ubi
1688 3827 1739 3856 abl.
1754 3828 1877 3857 Crimine
1887 3829 1928 3857 vel
1938 3828 2078 3864 Nomine,
2098 3829 2143 3858 vel
2159 3831 2243 3860 Causa
2253 3831 2421 3861 subauditur.

1324 3867 1356 3898 V.
1369 3866 1598 3898 SanctiiMinerv.
1611 3864 1628 3893 l.
1645 3874 1669 3893 2.
1691 3874 1715 3893 c.
1731 3867 1796 3901 31&
1807 3866 1824 3894 l.
1838 3877 1864 3901 4-
1878 3875 1902 3895 c.
1913 3878 1938 3902 4.
1954 3868 1980 3896 δε
1993 3867 2076 3896 Periz.
2091 3865 2179 3897 nors&
2193 3867 2317 3899 Crimine
2328 3878 2422 3899 tamen

1322 3904 1509 3943 frequentius;
1533 3903 1613 3931 Unde
1624 3903 1649 3932 ἃ
1663 3902 1759 3940 Περῑυς
1770 3904 1890 3938 additur,
1910 3909 1941 3933 ut
1950 3914 1992 3942 ap.
2007 3904 2110 3934 Phaedr.
2129 3916 2151 3934 r.
2167 3915 2209 3936 xo.

1420 3941 1515 3978 Lupus
1530 3940 1659 3977 arguebat
1678 3940 1791 3978 vulpem
1808 3942 1873 3970 furti
1886 3943 2010 3972 crimine.
2105 3943 2152 3973 Sic

1307 3980 1389 4018 Argui
1408 3978 1635 4017 repetundarum.
1657 3977 1745 4009 Tacit.
1760 3988 1783 4017 3.
1800 3980 1867 4010 Anu.
1883 3989 1925 4035 μ.

1886 4028 1919 4048 Al
1947 4027 1964 4049 2

2327 190 2391 221 251

1971 2468 2027 2501 Ubi
2039 2472 2148 2502 Servius
2160 2484 2167 2509 ”,
2190 2474 2293 2511 Arguit,
2315 2474 2419 2512 Impro-

2306 4020 2426 4058 Arguere

1541 1639 1558 1673 [
1575 1637 1723 1673 Ἀςγὲιῶιζὶ
1743 1639 1759 1667 i.
1779 1649 1803 1668 e.
1825 1640 1943 1669 Grarcus.
1967 1640 2037 1678 Virg.
2051 1651 2075 1670 2.
2087 1643 2149 1672 AEn.
2162 1652 2224 1678 254.
2248 1642 2343 1680 Argiva
2353 1644 2418 1680 plia·
2468 1667 2469 1671 ,
