2604 4222
151 115 221 159 575
573 105 603 140 C
703 103 738 137 O
839 102 866 136 L

191 193 262 224 Item
276 191 346 228 Quae
355 189 462 220 habitat
472 186 483 220 't
503 193 544 224 ut,
554 187 710 217 Nemorum
721 183 821 214 cultrix
828 182 944 213 Latonia
954 180 1120 221 Virgo.Virg.
1127 191 1139 212 r
1146 181 1235 213 1.AEn.
1242 189 1253 216 ς
1260 187 1304 217 57.

194 231 251 260 ldae
266 230 368 259 cultrix
381 228 531 257 montibus.
553 224 653 255 Catull.
670 228 715 258 65.
728 232 790 259 300.

194 269 324 299 Nemcris
337 266 436 296 cultrix
447 265 498 295 sus.
529 263 657 294 Phaedrus
668 271 694 290 2.
705 271 731 294 4.
743 269 768 296 3.
791 259 831 289 Al.
852 257 1071 288 Nemoriciiltrix
1081 279 1089 292 ‚
1109 266 1164 286 una
1174 266 1253 286 voce.

196 306 268 337 Item
289 306 360 342 Quae
372 310 536 339 veneratur;
558 308 608 336 ut,
629 299 736 329 Cultrix
751 297 884 327 Deorum.
906 296 1028 326 Laetant.
1050 296 1086 325 de
1103 294 1189 325 Mort.
1207 292 1311 333 perfec.

217 353 249 373 ca
273 366 279 371 .
298 353 341 372 11.

162 382 186 414 C
195 392 211 411 u
222 393 238 410 1.
247 355 294 410 Ξῦ
305 391 322 409 a
333 390 352 409 A
363 401 372 415 ,
392 389 422 408 ae.
443 379 462 408 f.
483 373 630 414 [ἔργω-ἔοι]
650 374 729 404 Idem
738 371 813 409 quod
825 370 922 413 Cultus
940 369 1019 399 subst.
1042 370 1100 399 Cic.
1117 381 1141 406 5.
1161 369 1237 400 Verr.
1253 380 1262 397 1
1271 378 1314 403 ro.

203 420 314 449 Deinde
324 427 410 455 quum
424 416 545 446 audierit
555 423 601 444 eas
613 422 656 442 res
666 434 675 447 ,
696 410 796 448 quibus
806 409 887 438 fundi
900 409 1004 438 tructus
1018 410 1044 438 Sc
1054 408 1162 438 cultura
1171 407 1317 437 continen-

204 464 250 486 tur
263 478 271 490 ,
291 462 397 485 amotas
411 456 436 484 ἃ
451 454 577 483 venditas
587 473 595 485 ,
614 452 665 480 Sec.

206 496 268 532 Agri
279 501 373 523 natura
384 492 500 530 perboni
509 513 518 525 ,
535 491 562 520 ἃ
574 488 716 525 diligentia
727 486 887 523 culturaque
898 483 1034 513 meliores.
1049 483 1108 512 Cic.
1118 493 1168 520 pro
1178 481 1320 524 Flacc.71·

208 535 292 570 Agros
316 531 437 561 desertos
461 539 476 558 a
491 528 575 566 plebe
595 534 677 562 atque
694 536 710 554 a
726 524 834 554 cultura
851 522 999 552 hominum
1021 521 1174 551 liberorum
1192 520 1245 549 esse
1261 526 1320 547 non

226 576 363 607 oportere.
384 568 442 597 Cic.
455 574 482 596 α.
499 568 535 595 de
546 565 616 601 Lege
625 564 685 600 Agr.
699 568 744 599 83.
1243 594 1249 599 .

208 609 277 640 Axr
304 606 427 644 quamvis
448 604 545 634 fertilis
557 624 565 638 ,
586 602 641 631 sine
656 600 763 630 cultura
774 597 929 628 fructuosus
948 596 1002 627 effe
1017 606 1075 626 non
1098 595 1196 635 potest.
1219 592 1276 623 Cic.
1293 601 1320 622 2.

254 645 306 674 use.
322 655 331 673 1
357 666 364 674 .

208 681 289 757 1³]in
300 653 352 711 fer³t
363 690 426 719 ager
444 702 453 715 ,
473 679 522 709 nili
532 678 620 708 inulta
630 676 738 706 cultura
748 676 773 705 &
784 683 887 712 magno
898 672 992 703 labore
1002 671 1151 710 quaesitum.
1174 670 1231 700 Cic.
1242 677 1268 698 2.
1286 667 1322 696 de

230 720 266 750 Le
287 721 331 749 eA
351 730 371 749 r.
409 730 432 754 ς.

210 730 429 789 P'undictgiltuia.
451 753 592 785 Paul.inl.
606 752 742 788 siinlege.
763 751 785 788 §.
805 748 823 779 si
836 749 944 778 domus.
967 747 1000 777 D.
1015 747 1098 776 locat.
1209 783 1214 788 ι

211 796 317 825 Vitium
338 795 455 824 cultura.
489 792 545 821 Cic.
558 801 584 827 4.
604 791 639 819 de
652 790 738 819 Finib.
751 794 794 825 38.
816 787 853 817 Ut
870 787 889 816 si
905 786 1012 816 cultura
1033 785 1149 819 vitium,
1170 791 1248 819 cujus
1268 781 1323 810 lioc

230 843 332 863 munus
343 833 381 862 est
394 854 402 867 ‚
423 838 452 860 ut
464 829 565 859 efficiat
578 850 587 863 ,
611 830 663 858 ἃς.

211 871 416 908 intempestiva.
438 866 589 897 Caiusinl.
611 866 629 895 si
646 874 760 894 merces.
782 864 804 900 §.
826 862 990 891 conductor.
1012 860 1047 890 D.
1066 859 1150 889 locat.

213 908 350 939 Adhibere
360 908 514 942 culturam,
527 904 586 934 Cic.
601 915 625 938 ς.
642 903 677 932 de
689 902 776 932 Finib.
792 910 835 937 39.
974 920 975 923 ,
1061 934 1067 940 .
1223 932 1228 938 Ι
1282 932 1288 937 .
1306 932 1312 937 .

213 947 356 976 Excitatur
368 944 473 974 cultura
481 943 556 980 quid.
597 942 655 970 Cic.
665 950 691 969 α..
704 940 739 968 de
749 939 826 968 Orat.
838 943 882 971 88.
904 936 977 966 Nam
994 934 1102 964 facilius
1114 955 1122 969 ,
1143 933 1211 962 sicut
1222 941 1250 961 in
1263 938 1325 975 viti-

233 985 300 1019 bus,
320 989 483 1012 revocantur
496 990 529 1009 ea
543 1001 551 1015 ,
572 988 633 1016 quae
654 977 708 1007 sese
729 977 848 1006 nimium
863 973 1066 1012 profuderunt,
1086 981 1170 1009 quam
1184 992 1192 1006 ,
1214 971 1232 999 si
1253 968 1324 999 nihil

211 1028 214 1045 ὸ
232 1021 305 1050 valet
314 1020 441 1050 materies
452 1041 460 1054 ‚
482 1028 553 1047 nova
564 1017 699 1046 sarmenta
709 1014 816 1044 cultura
825 1013 989 1042 excitantur.

213 1059 301 1089 Amici
312 1058 433 1096 potentis
443 1055 558 1086 cultura.
580 1054 646 1083 Hor.
664 1064 686 1082 i.
699 1052 779 1090 Epist.
797 1061 838 1087 19.
854 1054 904 1094 8¹6..

308 1096 403 1125 Dulcis
412 1094 562 1131 inexpertis
573 1091 680 1122 cultura
690 1090 812 1128 potentis
822 1097 905 1117 amici
917 1108 925 1121 ,

306 1133 442 1171 Expertus
453 1131 562 1161 metuit.
656 1129 672 1157 i.
685 1138 709 1157 e.
732 1125 925 1159 observantia,
945 1122 989 1153 vel
1000 1120 1146 1152 famulatus
1157 1143 1166 1158 ‚
1187 1121 1213 1152 Sc.
1223 1118 1322 1150 cultus.

212 1172 326 1202 Ponitur
337 1181 387 1209 pro
400 1169 551 1206 Disciplina
561 1167 655 1197 animi.
680 1165 749 1195 Hor.
765 1174 788 1193 i.
802 1163 884 1200 Epist.
899 1172 923 1191 1.
935 1171 981 1197 40.

294 1210 320 1239 Si
333 1209 418 1238 modo
426 1207 538 1237 culturae
549 1206 701 1243 patientem
716 1201 877 1232 commodet
886 1209 988 1229 aurem.
1100 1233 1106 1239 ⁶
1129 1233 1135 1239 ¹

215 1247 286 1277 Item
299 1256 349 1285 pro
359 1245 552 1275 Veneratione.
592 1242 714 1271 Laetant.
727 1251 749 1276 ς.
763 1248 789 1275 7.
812 1238 863 1267 Dei
876 1237 951 1267 unici
966 1236 1011 1274 pia
1021 1235 1047 1264 &
1058 1232 1181 1270 religiosa
1192 1232 1307 1262 cultura.

178 1286 224 1315 Co
235 1294 342 1319 mco,
362 1284 425 1312 inis.
446 1283 464 1311 f.
485 1282 608 1315 Domus,
636 1277 835 1308 habitaculum.
868 1275 969 1305 Arnob.
990 1272 1039 1302 lib.
1049 1281 1076 1302 2.
1113 1271 1142 1300 V.
1163 1270 1273 1300 Salmas.
1294 1271 1324 1298 in

214 1321 332 1352 Tertull.
346 1322 380 1351 de
389 1320 475 1350 Pallio
486 1330 512 1357 p.
526 1328 590 1355 430.
943 1337 946 1340 .
1148 1346 1153 1352 ,

178 1361 227 1390 Co
238 1370 328 1389 tium
341 1381 349 1395 ,
370 1360 387 1388 i.
407 1369 434 1387 ri.
457 1357 542 1387 Idem.
563 1353 680 1385 Tertull.
691 1353 726 1382 de
735 1352 859 1394 Spetfmc.
876 1359 938 1388 cap.
952 1359 976 1385 ς.
1000 1348 1082 1377 Lares
1099 1345 1173 1376 colio
1185 1351 1323 1384 potentes.

216 1400 235 1428 i.
246 1408 270 1426 e.
292 1397 371 1426 Lares
381 1395 534 1425 domestici.
568 1393 599 1422 V.
621 1390 730 1422 Salmas.
747 1390 775 1418 in
787 1388 876 1418 Solin.
889 1398 917 1426 p.
931 1391 994 1422 641.
1006 1386 1060 1422 seq.
1157 1421 1163 1428 ι
1288 1421 1294 1427 ἱ

181 1436 252 1467 (ἶὸιΔ
262 1439 279 1465 ὃ
290 1445 335 1464 nu
346 1444 358 1463 s
370 1456 378 1468 ,
393 1434 410 1463 i.
432 1443 468 1462 m.
491 1431 635 1468 [ymeffr]
654 1439 669 1458 a
686 1428 765 1462 Colo,
787 1427 869 1460 colis,
892 1427 1023 1462 Agrorum
1035 1422 1125 1452 cultor
1137 1421 1245 1450 dicitur.
1264 1420 1322 1450 Cic.

217 1483 269 1511 pro
280 1473 381 1502 Caecin.
393 1482 436 1507 94.
459 1470 515 1507 Qui
523 1468 638 1498 colonus
651 1466 747 1496 habuit
759 1464 931 1494 conductum
941 1463 977 1491 de
989 1461 1128 1491 Caesennia
1139 1459 1267 1489 fundum.

216 1510 341 1540 Colonus
352 1509 502 1547 partiarius.
539 1507 570 1536 In
588 1515 602 1534 P
612 1515 654 1533 AR
664 1514 683 1533 T
692 1514 701 1532 r
712 1513 756 1532 AR
767 1513 776 1531 1
788 1511 804 1529 υ
813 1512 835 1531 s.
1137 1534 1144 1541 ⁸
1241 1533 1247 1540 ¹

217 1548 340 1578 Colonus
354 1546 421 1582 quid
431 1556 447 1575 a
460 1544 558 1574 Villico
569 1549 769 1578 nonnunquam
782 1538 906 1573 differat,
927 1537 1010 1576 plane
1022 1536 1106 1565 docet
1115 1535 1158 1564 his
1172 1533 1262 1564 verbis
1273 1532 1325 1577 Co-

235 1584 331 1616 lumel.
343 1584 391 1614 lib.
405 1594 427 1614 i.
439 1593 499 1621 cap.
509 1591 535 1619 7.
557 1580 693 1617 Praecipua
705 1587 769 1608 cura
784 1577 892 1606 domini
904 1575 1067 1612 requiritur,
1088 1582 1153 1602 cum
1174 1573 1204 1601 in
1225 1578 1325 1601 ceteris

235 1624 327 1658 rebus,
346 1628 406 1651 turn
420 1621 541 1651 maxime
551 1619 579 1648 in
595 1616 763 1647 hominibus.
804 1616 891 1651 Atque
902 1613 931 1642 hi
941 1612 984 1642 vel
993 1611 1097 1645 coloni,
1118 1610 1163 1640 vel
1173 1609 1323 1644 servisunt,

233 1660 333 1694 soluti,
354 1666 402 1689 aut
410 1659 503 1688 vincli.
541 1657 615 1686 Hinc
625 1660 740 1693 apparet
752 1653 885 1683 colonum
904 1661 963 1680 non
985 1649 1038 1679 esse
1057 1649 1173 1678 servum.
1214 1647 1324 1677 Deinde

234 1698 355 1735 sequitur
365 1719 373 1732 ,
395 1696 516 1725 Comiter
527 1701 589 1732 agat
599 1703 663 1723 cum
675 1691 783 1722 colonis
792 1713 800 1727 ,
822 1690 986 1725 facilemque
995 1687 1021 1717 se
1032 1686 1163 1725 praebeat,
1184 1686 1325 1715 &avarius

233 1745 304 1773 opus
315 1735 405 1772 exigat
412 1743 493 1771 quam
503 1732 657 1769 pensiones.
696 1729 778 1758 Paulo
788 1728 848 1766 post
860 1749 868 1763 ,
888 1725 1044 1756 Ubisedulo
1055 1724 1155 1754 colitur
1166 1733 1229 1760 ager
1237 1745 1245 1755 .
1266 1722 1325 1759 ple-

233 1782 349 1811 rumque
362 1772 577 1810 compendium,
597 1776 739 1804 nunquam
754 1767 953 1796 detrimentum
970 1763 1068 1797 affert,
1088 1771 1178 1799 ecque
1195 1760 1326 1789 remiffio-

233 1820 298 1840 nem
322 1810 439 1840 colonus
460 1815 554 1846 petere
570 1816 628 1836 non
645 1805 730 1834 audet
748 1802 957 1840 (remissionem
978 1800 1113 1831 videlicet
1126 1798 1297 1837 pensionum.
1311 1798 1325 1833 )

234 1849 289 1879 Sed
300 1858 352 1877 nec
362 1847 490 1876 dominus
500 1847 526 1874 in
536 1853 644 1882 unaqua
665 1852 699 1872 ue
714 1852 743 1871 re
756 1842 801 1872 cui
813 1841 945 1871 colonum
962 1838 1145 1876 obligaverit,
1166 1844 1251 1866 tenax
1271 1835 1325 1865 esse

234 1887 300 1922 juris
313 1885 445 1915 suidebet
458 1905 466 1917 .
486 1883 594 1913 sicutin
609 1881 654 1910 die
676 1890 706 1910 us
716 1880 907 1917 pecuniarum.
928 1877 1011 1914 vulgo
1031 1877 1148 1910 dicunt,
1169 1877 1196 1902 in
1213 1875 1326 1900 terminis

226 1924 388 1961 solutionum.
427 1922 536 1959 Aliquot
546 1920 605 1958 post
617 1918 752 1948 versibus:
774 1917 815 1947 Ita
824 1923 899 1946 certe
915 1924 976 1944 mea
994 1914 1045 1943 fert
1058 1913 1156 1951 opinio
1167 1935 1175 1948 ,
1196 1921 1254 1941 rem
1269 1920 1326 1940 nia-

233 1960 288 1990 lam
298 1960 351 1990 eise
359 1960 529 1997 frequentem
541 1958 711 1987 locationem
721 1955 801 1985 fundi
813 1964 819 1985 :
841 1954 965 1992 pejorem
979 1958 1074 1981 tamen
1093 1952 1230 1980 urbanum
1250 1949 1325 1978 colo-

233 2008 300 2028 num
312 2020 320 2032 ‚
342 1998 388 2035 qui
401 2007 450 2035 per
460 1996 592 2026 familiam
605 1994 709 2023 mavult
723 2002 837 2030 agrum,
859 2000 939 2029 quam
962 1999 1012 2028 per
1030 1989 1057 2018 se
1076 1988 1177 2031 colere.
1213 1987 1326 2016 Saserna

235 2036 345 2065 dicebat
362 2035 395 2064 ab
412 2034 545 2070 ejusmodi
560 2033 675 2062 homine
695 2031 752 2060 fere
768 2040 819 2068 pro
835 2028 962 2059 mercede
982 2028 1061 2057 litem
1084 2026 1173 2056 reddi.
1213 2025 1326 2062 Propter

235 2074 311 2110 quod
321 2082 434 2111 operam
444 2072 563 2101 dandam
573 2070 636 2105 effe,
657 2076 688 2098 ut
702 2070 728 2098 ἃ
741 2068 854 2097 rusticos
867 2068 892 2097 &
904 2065 1015 2095 eosdem
1029 2064 1148 2094 affiduos
1159 2062 1275 2105 colonos
1285 2071 1326 2091 re-

234 2112 370 2140 tineamus
385 2132 393 2145 ,
414 2119 498 2147 quum
512 2115 560 2138 aut
577 2106 780 2143 nobismetipfis
799 2115 855 2134 non
874 2104 1001 2138 licuerit,
1026 2109 1074 2132 aut
1090 2111 1139 2140 per
1162 2101 1326 2129 demesticos

236 2148 327 2178 colere
338 2158 394 2177 non
406 2147 568 2184 expedierit.
597 2144 679 2175 Paulo
690 2144 765 2181 post:
786 2143 936 2179 Nunquam
947 2151 1003 2169 non
1014 2150 1049 2169 ex
1061 2149 1126 2177 agro
1137 2139 1199 2175 plus
1210 2137 1254 2167 sua
1265 2138 1327 2180 ¹ciii-

235 2196 290 2223 que
303 2195 366 2215 cura
379 2184 502 2214 reddidit
513 2206 521 2218 ,
543 2193 624 2221 quarn
635 2181 748 2211 coloni:
770 2189 913 2217 nunquam
932 2188 990 2207 non
1012 2179 1094 2207 etiam
1108 2177 1213 2206 villici:
1243 2178 1292 2204 nili
1306 2175 1325 2204 fi

236 2224 356 2253 maxima
370 2223 415 2252 vel
432 2221 598 2259 negligentia
617 2220 702 2255 servi,
723 2218 766 2248 vel
786 2219 918 2255 rapacitas
932 2216 1092 2245 intervenit.
1128 2215 1197 2250 Quae
1211 2219 1326 2250 utraque

235 2267 350 2298 peccata
361 2260 522 2298 plerumque
532 2259 601 2288 vitio
611 2257 718 2286 domini
731 2255 774 2285 vel
786 2255 933 2284 committi,
952 2253 996 2283 vel
1007 2253 1104 2287 foveri,
1126 2252 1197 2280 niliil
1208 2251 1325 2280 dubium

234 2299 287 2328 est:
309 2308 395 2336 quum
408 2297 492 2326 liceat
501 2303 547 2326 aut
562 2305 657 2325 cavere
678 2304 713 2323 ne
725 2293 785 2323 talis
796 2293 959 2330 praeficiatur
974 2291 1103 2328 negotio:
1126 2297 1173 2318 aut
1185 2290 1240 2324 jam
1259 2298 1326 2326 prae-

234 2336 354 2374 politus,
376 2335 603 2364 utsubmoveatur
613 2341 716 2369 curare.
756 2330 787 2360 ln
798 2330 955 2367 longinquis
966 2336 1058 2357 tamen
1076 2327 1170 2357 fundis
1183 2349 1190 2361 ,
1212 2328 1240 2354 in
1255 2335 1325 2363 quos

234 2383 291 2403 non
303 2374 339 2402 est
349 2373 436 2402 facilis
449 2371 576 2402 excursus
584 2368 785 2408 patrisfamilias
798 2390 806 2403 ,
827 2378 913 2404 quum
929 2375 1012 2395 omne
1024 2375 1110 2403 genus
1127 2366 1182 2402 agri
1197 2363 1326 2393 tolerabi-

234 2411 289 2441 lius
303 2411 334 2440 fit
345 2409 495 2440 subliberis
505 2408 613 2438 colonis
628 2429 636 2442 ,
656 2416 738 2444 quam
750 2405 798 2435 sub
809 2405 908 2435 villicis
917 2405 999 2434 servis
1011 2403 1112 2433 habere
1122 2424 1130 2436 ‚
1150 2410 1210 2431 tum
1231 2402 1325 2439 pracci-

234 2458 291 2486 pue
300 2448 508 2478 frumentarium
520 2467 528 2482 ,
543 2448 595 2475 διο.
618 2445 678 2474 talis
700 2444 805 2481 generis
824 2443 977 2480 praedium,
999 2441 1017 2470 si
1038 2442 1095 2477 (ut
1114 2440 1196 2476 dixi)
1218 2439 1327 2468 domini

233 2485 378 2524 praesentia
395 2486 543 2514 cariturum
563 2483 601 2512 est
612 2505 619 2518 ,
641 2484 740 2512 censeo
757 2481 916 2510 locandum.
956 2479 1018 2508 Hoc
1032 2479 1061 2507 in
1080 2476 1243 2507 Columellae
1260 2477 1325 2506 loco

234 2524 359 2553 Colonus
372 2523 410 2552 est
428 2523 520 2552 Homo
535 2521 621 2556 liber,
642 2520 781 2549 interdum
803 2518 922 2548 urbanus
936 2538 944 2551 ,
965 2517 1106 2545 interdum
1125 2516 1258 2549 rusticus,
1279 2515 1326 2544 eui

234 2561 366 2590 dominus
380 2566 453 2589 certa
463 2559 553 2596 aliqua
563 2558 699 2591 mercede,
711 2556 755 2586 seu
764 2556 905 2594 pensione,
915 2554 1033 2584 fundum
1047 2553 1137 2583 elocat
1147 2553 1235 2582 suum:
1250 2552 1327 2581 Villi-

234 2606 381 2628 cusautem
390 2598 428 2627 est
436 2597 530 2627 Homo
540 2596 631 2625 servus
643 2617 652 2631 ,
672 2594 743 2623 villae
755 2594 898 2631 praefectus
913 2592 947 2621 ab
957 2591 1005 2621 suo
1015 2592 1131 2621 domino
1143 2613 1151 2626 ‚
1173 2591 1220 2628 qui
1230 2592 1256 2620 δι
1266 2590 1325 2627 ipse

234 2637 338 2674 praedia
347 2645 411 2664 cum
422 2635 476 2664 fide
487 2633 560 2664 colat
570 2655 579 2667 ‚
597 2635 623 2662 St
634 2643 648 2662 a
659 2631 794 2662 conservis
805 2629 922 2660 colenda
930 2636 1022 2665 curet,
1042 2630 1181 2658 frustuum
1197 2628 1327 2657 omnium

235 2675 371 2703 rationem
381 2672 496 2701 domino
506 2671 672 2700 redditurus.

216 2711 356 2742 Colonum
366 2716 525 2740 catenarum
536 2729 545 2744 ,
565 2709 629 2744 joco
641 2707 711 2737 dixit
720 2705 806 2736 Plaut.
820 2704 889 2735 Asin.
902 2715 928 2735 2.
942 2713 969 2734 2.
984 2713 1026 2741 3²-
1048 2713 1102 2750 prq
1109 2703 1148 2732 Eo
1160 2703 1207 2740 qui
1216 2703 1325 2732 vinetus

235 2749 375 2778 detinetur
383 2746 546 2778 carceribus.

215 2784 541 2822 Colonusfflnquilinus.
581 2780 654 2811 Paul.
672 2782 700 2810 in
713 2780 800 2811 l.s11n
815 2780 883 2817 lege.
905 2781 926 2818 §.
951 2780 968 2808 si
987 2778 1095 2808 domus.
1118 2777 1152 2807 D.
1172 2778 1254 2807 locat.
1277 2777 1326 2807 Po-

232 2824 282 2854 test
293 2824 423 2852 dominus
432 2844 440 2858 ,
460 2822 477 2851 si
487 2820 635 2850 deseruerit
643 2818 844 2848 habitationem
855 2840 863 2853 ‚
888 2817 932 2848 vel
948 2817 1028 2847 fundi
1041 2815 1178 2845 culturam
1187 2815 1304 2845 colonus
1313 2836 1324 2851 ,

232 2860 276 2891 vel
287 2860 438 2897 inquilinus
448 2881 457 2895 ,
476 2868 542 2888 cum
550 2858 590 2886 eis
601 2856 690 2886 statim
702 2865 791 2893 agere.

213 2899 325 2930 Avidus.
346 2897 420 2935 Virg.
439 2907 460 2926 1.
477 2896 540 2928 AEn.
552 2903 577 2932 3.

214 2937 365 2974 Optimus,
385 2933 576 2973 parcissimus,
595 2931 823 2967 modestissimus,
846 2928 1046 2967 frugalissimus.
1066 2927 1125 2960 Cic.
1137 2928 1211 2959 mdc
1223 2927 1323 2958 orato.

231 2984 260 3004 re
271 2980 335 3008 287.

211 3012 348 3042 Errantes.
370 3009 433 3040 sen.
448 3008 563 3047 Hippol.
578 3015 603 3044 3.

210 3049 314 3079 Fortes.
334 3048 409 3085 Virg.
423 3056 447 3084 3.
459 3047 558 3083 Georg.
570 3050 632 3079 288.

211 3086 323 3124 Inopes.
345 3086 445 3115 Hom.
459 3084 549 3114 Carm.
565 3093 606 3117 1⁴·
622 3090 663 3112 12.

211 3123 353 3154 Lacertofi.
377 3123 461 3152 Ovid.
477 3131 518 3151 11.
534 3121 602 3151 Met.
617 3129 661 3156 33.

292 3161 363 3190 Dura
373 3159 494 3189 lacertosi
508 3158 652 3188 fodiebant
661 3165 728 3187 arva
738 3154 841 3185 coloni.

213 3198 359 3236 operosus.
381 3198 464 3227 Ovid.
477 3197 512 3226 de
524 3196 604 3226 Nuce
619 3204 660 3232 57.

213 3236 317 3274 Pauper
327 3235 402 3264 ruris.
425 3235 489 3263 Hor.
505 3243 527 3263 ι.
538 3234 628 3262 Carm.
643 3242 686 3268 ις.
699 3234 726 3261 6.

213 3272 325 3302 Pilosus.
346 3271 465 3301 martial.
477 3271 524 3300 lib.
539 3281 580 3300 12.
595 3280 638 3306 59.
756 3283 793 3289 —
805 3274 832 3297 te
844 3265 949 3305 pilosus

293 3309 408 3339 Hircoso
419 3310 519 3347 premit
528 3307 622 3337 osculo
632 3306 758 3336 colonus.

217 3347 335 3377 Veteres.
357 3347 426 3380 Virg.
438 3357 462 3381 9.
479 3345 535 3375 Ecl.
546 3357 572 3380 ⁴-

218 3385 238 3413 A
251 3385 351 3413 colono
362 3385 477 3413 rationes
487 3383 620 3420 accipere.
643 3381 701 3411 Cic.
733 3389 762 3409 ro
770 3378 870 3409 Caecin.
882 3388 926 3413 94.

218 3421 289 3451 Dare
299 3421 399 3450 colono
414 3420 596 3449 remiisionem
608 3419 644 3448 ob
657 3419 715 3448 steri
730 3420 832 3446 itatem.
858 3416 991 3453 Ulpianus
1010 3414 1039 3443 in
1053 3413 1071 3443 l.
1085 3422 1119 3443 ex
1131 3413 1278 3443 condut‘lo.
1299 3414 1321 3451 ἦ.

237 3458 408 3501 Papinianus.
433 3458 464 3487 D.
484 3457 564 3486 locat.
590 3457 617 3486 Si
632 3466 689 3485 uno
706 3465 780 3484 anno
795 3453 980 3483 remissionem
1002 3452 1062 3488 quis
1079 3451 1181 3480 colono
1193 3452 1300 3480 dederit
1314 3473 1323 3487 ,

239 3495 340 3524 deinde
349 3495 521 3532 sequentibus
531 3495 610 3524 annis
626 3493 772 3529 contigerit
791 3491 918 3524 ubertas,
939 3489 1009 3518 nihil
1032 3489 1124 3518 obess'e
1145 3489 1262 3518 domino
1285 3499 1324 3518 re-

240 3532 409 3597 miiliongm:
434 3532 481 3561 sed
500 3532 632 3568 integram
651 3531 810 3568 pensionem
824 3529 907 3557 etiam
922 3528 982 3563 ejus
1005 3527 1081 3562 anni,
1100 3536 1155 3563 quo
1175 3525 1322 3562 remiserit,

241 3579 338 3605 exigcn
361 3579 413 3598 am.

222 3607 366 3636 Modicum
378 3607 508 3634 damnum
521 3615 598 3642 aequo
609 3605 703 3634 animo
727 3604 798 3632 serre
817 3603 902 3632 debet
920 3601 1056 3636 colonus,
1077 3601 1121 3630 cui
1142 3601 1326 3630 immodicum

243 3643 349 3671 lucrum
365 3644 553 3672 nonausertur.
576 3638 657 3672 Caius
668 3642 695 3669 in
706 3640 724 3669 l.
744 3640 760 3668 si
772 3650 884 3669 merces.
907 3640 929 3677 ξ.
951 3640 991 3668 vis
1011 3639 1107 3671 maior.
1132 3638 1163 3666 D.
1187 3638 1268 3667 locat.

223 3679 314 3709 Habet
325 3681 490 3708 conductum
501 3680 535 3708 dc
547 3680 636 3716 aliquo
649 3678 762 3706 fundum
774 3677 899 3706 colonus.
920 3678 977 3706 Cic.
994 3686 1043 3713 pro
1054 3676 1155 3704 Caecin.
1170 3685 1215 3711 9⁴·

224 3717 336 3746 Deserre
352 3717 539 3745 diil‘ensioneni
556 3718 716 3746 colonorum
731 3715 763 3743 ad
781 3722 918 3752 patronos.
942 3715 999 3743 Cic.
1013 3723 1062 3750 pro
1075 3713 1141 3742 Sull.
1155 3717 1199 3741 6⁶.

226 3754 324 3783 Coloni
345 3753 475 3787 samium,
495 3754 638 3788 οικκτν-εετ]
659 3754 740 3781 etiam
753 3753 914 3781 dicebantur
925 3752 1004 3780 Cives
1016 3751 1135 3780 Romani
1156 3751 1190 3778 ad
1208 3748 1327 3785 aliquam

243 3790 339 3820 urbem
352 3790 525 3818 habitandam
536 3791 617 3819 milli:
640 3791 684 3826 qui
697 3799 749 3817 non
761 3790 876 3826 propriis
888 3811 895 3822 ,
917 3789 962 3817 sed
972 3798 1035 3826 pop.
1059 3789 1140 3817 Rom.
1162 3787 1266 3822 legibus
1288 3787 1328 3815 vi-

244 3828 364 3869 vebant3
394 3827 451 3854 Cic.
467 3836 488 3857 ι.
507 3828 540 3854 de
553 3829 612 3855 Nat.
627 3827 705 3855 Dcor.
719 3832 762 3859 ag.
794 3827 960 3862 Quanquam
983 3827 1082 3854 Circen
1101 3834 1211 3861 quoque
1232 3824 1327 3853 coloni

241 3864 324 3894 nostri
335 3863 498 3893 Circeienses
510 3863 630 3899 religiose
644 3864 747 3891 colunt.

222 3902 320 3933 Latini.
359 3901 416 3928 Cic.
429 3899 628 3942 ‹lt-'Clarssjrat
645 3910 701 3934 ¹70-
726 3900 789 3934 Ejus
801 3901 885 3930 etiam
903 3900 992 3929 oratio
1011 3899 1049 3928 est
1066 3909 1116 3936 pro
1140 3898 1327 3936 Fregellanis,

241 3938 403 3975 colonisque
412 3937 523 3966 Latinis.
564 3937 603 3966 AL
624 3937 756 3966 Coloniis.

1847 93 1876 127 C
1974 95 2009 130 Ο
2106 96 2132 131 L

1405 172 1544 204 Ascribere
1552 171 1669 201 colonos
1679 182 1778 203 novos.
1799 174 1856 204 Cic.
1870 183 1895 203 2.
1907 174 2006 204 Phsslin.
2027 185 2085 205 102.

1408 211 1547 247 Allignare
1559 220 1636 247 agros
1647 210 1763 240 colonis.
1785 211 1843 241 Cic.
1861 222 1882 240 1.
1904 213 1938 241 dc
1952 205 2021 247 Lege
2035 217 2091 243 Aer.
2110 224 2149 242 Η.
2165 215 2191 244 δι
2205 224 2251 244 20.

1410 248 1553 277 Collocari:
1563 248 1680 276 colonos
1689 249 1717 276 in
1729 249 1818 285 aliqua
1829 250 1949 279 civitate.
1972 254 2030 280 Cic.
2047 244 2070 280 ,³2
2085 252 2118 280 de
2130 243 2208 290 ‘Lege
2218 255 2277 290 Agr.
2291 258 2335 288 18.

1408 285 1602 319 Darecolonis
1612 295 1717 321 agrum.
1742 286 1800 315 Cic.
1811 297 1838 316 2.
1850 288 1884 315 de
1903 288 1971 322 Lege
1990 290 2048 326 Agr.
2063 299 2107 325 75.

1412 323 1557 353 Deducere
1570 323 1693 352 colonos.
1716 323 1773 352 Cic.
1788 334 1813 354 2.
1825 324 1861 353 de
1872 318 2012 362 μᾶς-ἕηκεν.
2026 337 2070 362 71.
2082 329 2108 356 ἂ
2118 336 2162 363 7ς.

1413 361 1559 403 Deducere
1577 360 1692 389 colonos
1703 361 1731 388 in
1741 361 1864 390 colonias
1873 362 1988 398 alicujus
2000 365 2129 399 regionis.
2151 365 2210 394 Cic.
2222 373 2247 394 2.
2264 364 2299 393 de
2310 364 2380 403 Lege
2390 365 2449 404 Agr.
2460 371 2506 404 753

1416 398 1545 433 Deligere
1557 398 1593 426 ad
1605 407 1690 426 omne
1702 398 1810 427 facinus
1824 400 1947 429 colonos-
1969 400 2063 431 Cicji.
2077 404 2112 432 de
2124 402 2195 440 Lege
2206 404 2265 440 Agr.
2281 408 2323 437 18.

1416 436 1549 478 Dividere
1557 445 1651 472 agrum
1661 434 1778 465 colonis.
1800 436 1858 466 Cic.
1875 447 1896 466 1.
1909 438 1944 467 de
1958 438 2029 475 Lege
2040 441 2101 477 Agr.
2112 449 2156 469 20.

1417 475 1440 502 A
1457 472 1564 502 colonis
1580 473 1662 502 urbes
1674 474 1884 510 occupabuntur
1896 485 1944 519 per
1957 476 2144 506 Decemviros.
2166 477 2224 507 Cic.
2242 487 2264 507 r.
2279 477 2314 506 de
2326 477 2398 515 Lege
2410 478 2468 516 Agr.
2479 488 2523 511 20.

1415 510 1541 540 Scribere
1562 520 1709 539 numerum
1727 511 1894 541 colonorum
1912 523 1941 541 in
1963 513 2080 549 aliquam
2102 516 2250 544 civitatem.
2291 516 2388 545 Cic.2.
2412 517 2446 545 de
2455 516 2526 555 Lege
2575 515 2593 538 l

2590 558 2593 567 .

1436 549 1496 585 Agr.
1512 551 1556 584 76.
1576 548 1708 584 Quinque
1723 548 1811 577 millia
1822 549 1987 579 colonorum
2000 552 2123 589 Capuam
2135 552 2309 589 scribijubet.

1417 585 1521 614 Coloni
1533 585 1666 614 dominici
1678 586 1860 623 dicebantur,
1882 588 1938 624 Qui
1951 588 2081 618 colebant
2090 600 2169 627 agros
2181 590 2376 628 Imperatoris,
2396 597 2427 622 ut
2443 592 2473 622 C.
2492 593 2527 624 de
2574 599 2575 611 ¹

1434 623 1520 661 praed.
1530 624 1556 652 Sc
1570 624 1676 652 omnib.
1692 624 1750 653 reb.
1765 624 1813 653 lib.
1830 634 1840 653 1
1850 635 1872 654 r.
1916 625 1944 654 V.
1965 626 1993 654 in
2013 636 2087 656 noi-1
2097 638 2105 655 1
2115 637 2135 656 N
2147 637 2195 658 us.

1383 661 1404 690 C
1415 670 1431 690 0
1441 672 1457 689 L
1466 670 1483 689 o
1492 670 1511 689 N
1521 670 1540 688 A
1554 682 1563 695 ,
1584 671 1615 689 ae.
1637 660 1656 689 f.
1679 661 1763 690 Ovid.
1774 672 1801 697 4.
1814 662 1881 692 Fast.
1890 665 1952 698 692.

1447 736 1452 740 .
1474 734 1479 740 .
1511 698 1567 727 Rus
1575 698 1657 727 breve
1668 708 1731 727 curn
1742 699 1813 728 duro
1823 710 1904 737 parca
1913 700 2014 730 colona
2027 702 2096 730 viro.

1418 735 1527 780 Dic—itur
1536 736 1618 764 etiam
1629 746 1678 773 pro
1688 736 1807 767 Colonia
1835 748 1863 767 er
1874 738 2033 776 Syncopen.
2074 739 2106 769 V.
2126 739 2197 769 infra
2213 739 2260 769 suo
2272 740 2346 770 loco.

1381 774 1402 803 C
1413 783 1430 802 o
1440 785 1480 802 Lo
1490 783 1509 801 N
1520 783 1538 802 υ
1548 783 1577 808 s,
1597 783 1630 808 a,
1651 783 1708 803 uin.
1731 774 1791 810 Adj.
1846 777 2001 810 οὶκηωμζιῐω]
2030 776 2089 806 Cic.
2113 788 2137 812 ς.
2160 777 2278 815 Philipp.
2301 788 2344 815 53.
2376 778 2475 816 Utique
2496 781 2546 813 Ca

1420 811 1501 840 Pansa
1514 832 1521 846 ,
1544 813 1573 840 A.
1584 810 1695 840 Hircius
1710 812 1858 848 Consules,
1881 813 1947 842 alter
1959 813 2077 843 ambove
2087 815 2306 852 cognoscerent,
2327 817 2375 853 qui
2383 826 2445 854 ager
2455 818 2529 849 colo·
2572 840 2580 856 2,

1420 858 1472 877 nus
1482 849 1549 878 esset
1558 870 1566 883 ,
1587 858 1642 885 quo
1653 848 1755 878 milites
1766 851 1888 880 veterani
1898 852 2011 881 deducti
2022 851 2108 881 essent
2119 875 2127 887 ,
2142 854 2194 882 ἃς.

1382 885 1429 915 Co
1439 898 1454 914 L
1463 890 1481 916 ὅ
1492 896 1510 915 N
1522 897 1531 914 r
1542 897 1560 930 A.
1572 908 1580 922 ,
1600 896 1630 915 ae.
1654 887 1673 915 f.
1696 886 1843 931 [Xnvgm'off]
1865 888 1989 918 Coloniae
2009 889 2172 919 dicebantur
2183 912 2192 926 ,
2228 890 2354 921 Minores
2373 891 2455 922 urbes
2465 915 2473 928 ‚
2494 893 2528 924 ad
2580 902 2582 908 ·

1419 934 1484 961 quas
1496 923 1660 967 habitandas
1671 933 1706 953 ex
1720 926 1869 968 majoribus
1881 926 1995 956 urbibus
2005 949 2014 962 ‚
2035 928 2108 964 quasi
2124 927 2251 965 quaedam
2269 929 2398 958 examina
2415 926 2530 968 populo-⁴
2578 938 2580 943 ’

1418 972 1479 991 rum
1493 961 1682 991 mittebantur.
1723 962 1781 991 Cic.
1793 973 1816 992 1.
1832 963 1890 994 Off.
1905 975 1947 1000 54.
1970 964 2001 994 In
2013 964 2079 995 alias
2090 966 2190 995 domos
2208 972 2340 1003 tanquam
2363 967 2392 995 in
2410 968 2531 1000 colonias
2574 967 2578 977 ¹

1419 1007 1532 1043 exeunt.
1572 999 1649 1043 idem
1663 1009 1688 1029 2.
1706 1000 1741 1029 de
1752 1000 1822 1038 Lege
1832 1005 1893 1039 Agr.
1905 1011 1950 1038 72.
1972 1002 2035 1032 Hoc
2046 1004 2075 1032 in
2085 1013 2202 1040 genere,
2224 1004 2291 1033 sicut
2310 1005 2339 1033 in
2359 1006 2455 1035 ceteris
2468 1006 2530 1036 Rei.

1418 1037 1538 1080 publicae
1546 1037 1687 1080 partibus,
1695 1076 1699 1081 ι
1708 1038 1746 1081 eil
1755 1048 1846 1082 operae
1856 1041 1977 1077 pretium
1989 1040 2162 1084 diligentiam
2170 1042 2305 1076 maiorum
2316 1042 2465 1079 recordari,
2484 1045 2531 1082 qui

1419 1075 1543 1104 colonias
1559 1075 1594 1103 sic
1606 1075 1752 1105 idoneism
1764 1075 1832 1106 locis
1847 1084 1942 1106 contra
1960 1077 2144 1122 suspicionem
2161 1079 2278 1116 periculi
2292 1080 2483 1117 collocarunt,
2501 1088 2532 1113 ut

1418 1122 1476 1142 non
1487 1113 1593 1150 oppida
1607 1112 1709 1148 ltalize,
1730 1113 1777 1142 sed
1796 1116 2007 1152 propugnacula
2028 1125 2065 1145 im
2088 1117 2138 1146 erii
2157 1116 2210 1146 esse
2230 1117 2397 1147 viderentur.
2436 1118 2470 1148 Et
2483 1129 2530 1157 pro
2577 1121 2582 1132 ³

2104 1155 2133 1184 in
2153 1155 2254 1184 eadem
2276 1156 2419 1192 provincia
2439 1157 2530 1188 Narbo
2573 1153 2581 1170 ”’

1418 1150 1500 1193 Font3
1515 1159 1539 1186 3.
1570 1151 1605 1179 de
1622 1150 1709 1180 Gallia
1726 1153 1868 1188 provincia
1887 1153 2020 1189 loquens.
2042 1154 2062 1183 E

1418 1188 1562 1232 Martius,-
1575 1188 1687 1232 colonia
1695 1189 1850 1232 nostrorum
1863 1191 1967 1220 civium
1980 1213 1989 1227 ,
2008 1191 2121 1229 specula
2138 1202 2204 1230 pop.
2218 1192 2302 1223 Rom.
2324 1202 2357 1222 ac
2380 1203 2532 1232 propugna-
2548 1216 2549 1219 ,

1420 1225 1577 1255 culumistis
1588 1228 1651 1263 iplis
1661 1227 1821 1257 nationibus
1836 1228 1993 1265 oppositum
2005 1233 2030 1259 oz
2042 1229 2192 1264 obiectum.
2233 1230 2303 1260 Item
2319 1239 2345 1260 2.
2358 1230 2456 1268 Philip.
2471 1242 2532 1264 102.

1419 1263 1583 1307 Consuluisti
1592 1273 1638 1293 me
1651 1273 1702 1301 per
1716 1264 1820 1294 litteras
1830 1266 1865 1295 de
1875 1266 1970 1303 Capua
1980 1272 2009 1296 tu
2029 1268 2159 1303 quidem:
2183 1267 2313 1297 sedidem
2320 1268 2355 1298 de
2367 1269 2482 1299 Casilino
2493 1279 2533 1301 re.
2572 1266 2575 1281 ³

1418 1298 1585 1339 spondissem
1596 1323 1609 1344 ,·
1624 1301 1751 1344 possesne
1766 1302 1938 1347 ubi-colonia
1950 1303 2016 1334 esset
2027 1326 2035 1339 ,
2055 1315 2090 1334 eo
2104 1305 2246 1335 coloniam
2256 1316 2357 1335 novam
2375 1307 2433 1342 jure
2446 1308 2539 1338 dedu.-
2558 1298 2562 1304 ⁵

1417 1349 1489 1383 cere.
1511 1349 1611 1383 negaw
1622 1349 1651 1367 in
1660 1349 1722 1383 earn
1736 1340 1891 1374 coloniam.
1912 1352 1972 1378 quae
1991 1342 2058 1371 esset
2073 1343 2213 1381 auspicato
2233 1344 2367 1377 deducta.
2389 1345 2456 1374 duni
2466 1345 2536 1377 esset,
2572 1341 2578 1370 1⁴

1418 1376 1567 1420 incolumis
1579 1398 1587 1412 ‚
1609 1376 1750 1421 coloniam
1764 1388 1865 1408 novam
1887 1380 1945 1412 iure
1959 1380 2076 1410 deduci:
2100 1380 2218 1410 colonos
2235 1391 2324 1410 novos
2344 1381 2441 1411 ascribi
2457 1382 2531 1420 posse
2572 1373 2578 1409 ι’

1417 1414 1547 1457 rescripsi.
1585 1414 1648 1444 Erat
1656 1416 1682 1444 ἃ
1692 1415 1768 1458 ali-ud
1777 1426 1863 1453 genus
1873 1417 2055 1447 Coloniarum
2064 1440 2072 1453 ,
2094 1419 2187 1456 quales
2197 1418 2265 1448 olim
2278 1419 2424 1457 Pompeius
2434 1420 2530 1451 Strabo
2572 1414 2579 1429 χ’

1416 1452 1628 1489 Tranipadanas
1638 1452 1763 1483 colonias
1775 1454 1940 1484 traduxerat.
1963 1465 2021 1484 non
2033 1457 2109 1485 enim
2124 1457 2205 1486 novis
2217 1456 2324 1486 colonis
2337 1467 2383 1487 eas
2399 1451 2529 1496 instituit,
2576 1454 2578 1477 ἶ

1417 1490 1465 1520 sed
1476 1490 1614 1520 veteribus
1623 1490 1724 1519 incolis
1735 1492 1922 1528 manentibus,
1942 1493 1986 1528 jus
1998 1494 2076 1522 dedit
2087 1494 2167 1530 Latii,
2186 1501 2216 1523 ut
2232 1492 2339 1531 possent
2351 1492 2530 1528 liabereidem

1416 1528 1460 1565 jus
1472 1528 1547 1565 quod
1557 1536 1660 1572 ceterae'
1668 1527 1772 1572 Latinae
1782 1530 1916 1566 coloniae,
1936 1531 1965 1560 id
1973 1531 2012 1560 est
2021 1538 2051 1560 ut
2060 1533 2104 1567 jus
2115 1532 2230 1570 petendi
2247 1533 2417 1569 magFstratus
2427 1533 2456 1562 in
2466 1535 2531 1564 civi·
2572 1550 2574 1554 >

1415 1572 1470 1595 tate
1480 1566 1604 1596 Romana
1616 1566 1839 1604 adipiscerentur.
1880 1568 1964 1598 Erant
1977 1576 2107 1606 praeterea
2117 1569 2242 1599 Coloniae
2254 1592 2261 1604 ‚
2283 1570 2383 1605 quibus
2393 1571 2437 1607 jus
2447 1570 2529 1602 Italiae
2570 1576 2578 1590 ¹¹¹

1416 1604 1540 1647 dabatur:
1578 1604 1661 1647 Erant
1672 1606 1698 1634 &
1710 1603 1886 1648 Latinorum,
1909 1607 1935 1635 Sc
1946 1616 2006 1643 quae
2024 1607 2093 1637 Latii
2106 1609 2207 1637 veteris
2222 1607 2432 1645 appellabantur
2442 1631 2450 1643 ,
2469 1620 2532 1646 qua-

1416 1641 1494 1671 lesrn
1505 1641 1636 1679 Hispania
1646 1641 1747 1672 multas
1761 1643 1838 1672 sutile
1855 1644 1939 1673 refert
1956 1644 2067 1675 Plinius.
2108 1645 2204 1682 Qium
2219 1647 2294 1675 enim
2312 1646 2341 1674 in
2358 1645 2426 1676 urbe
2441 1646 2530 1677 Roma

1415 1679 1519 1708 multos
1531 1689 1566 1708 ex
1575 1679 1714 1724 veteribus
1724 1681 1856 1718 novisque
1867 1681 1968 1711 incolis
1978 1689 2138 1720 paupertate
2147 1684 2234 1721 premi
2245 1705 2254 1719 ,
2274 1683 2448 1713 intellectum
2463 1691 2529 1721 erat,
2568 1697 2569 1703 ¹

1415 1718 1486 1761 adeo
1498 1724 1529 1761 ut
1540 1719 1632 1761 censui
1643 1717 1776 1747 lolvendo
1787 1728 1843 1747 non
1856 1718 2027 1755 sufficerent,
2048 1721 2198 1751 Triumviri
2214 1731 2229 1750 a
2244 1722 2346 1751 Senatu
2361 1722 2529 1764 creabantur,
2569 1730 2571 1748 1

1416 1765 1463 1792 qui
1475 1755 1544 1784 locis
1562 1765 1682 1799 primum
1701 1756 1895 1792 consideratis,
1917 1758 1946 1786 in
1962 1759 2061 1793 quibus
2078 1759 2156 1796 Reip.
2177 1759 2323 1797 expediret
2342 1769 2532 1797 propugnacu-
2576 1755 2581 1770 '¹

1416 1792 1475 1822 lum
1485 1793 1630 1836 constitui,
1652 1803 1725 1823 nova
1734 1794 1827 1837 edi-eta
1837 1795 2031 1831 proponebant
2041 1797 2134 1826 danda
2144 1796 2198 1826 effe
2207 1798 2321 1827 nomina
2330 1799 2363 1826 ab
2373 1797 2428 1827 illis
2437 1798 2484 1835 qui
2501 1799 2532 1828 in.
2568 1802 2569 1807 ¹

1416 1840 1519 1874 nova—m
1532 1830 1673 1874 coloniam
1685 1831 1786 1861 dedum
1798 1832 1902 1861 vellent
1914 1843 1921 1862 :
1943 1833 2033 1870 sicque
2048 1834 2114 1864 urbs
2126 1834 2295 1872 pauperibus
2310 1835 2526 1872 exonerabarur,
2570 1841 2577 1851 ¹·

1417 1870 1444 1898 ἃ
1457 1878 1495 1912 rei
1505 1868 1646 1898 familiaris
1664 1870 1790 1913 pondere
1808 1872 1909 1907 gravati
1929 1872 1964 1899 ad
1985 1881 2072 1901 novas
2084 1894 2092 1907 ,
2114 1873 2214 1909 quibus
2229 1873 2404 1910 indigerent,
2425 1873 2532 1904 divitias
2577 1877 2583 1906 'j

1418 1912 1501 1943 gratis
1520 1907 1595 1936 datas
1610 1917 1675 1936 cum
1694 1907 1799 1937 familia
1815 1907 1994 1939 accedebant.
2016 1911 2075 1940 acci
2097 1911 2192 1940 iebant
2207 1911 2282 1940 enim
2301 1911 2376 1946 duo,
2402 1907 2535 1948 quatuor,
2566 1913 2584 1944 ,’

1417 1944 1463 1988 sex
1474 1950 1520 1973 aut
1531 1944 1635 1982 septem
1647 1946 1822 1988 agrijugera,
1845 1948 1870 1975 Sc
1880 1947 2047 1984 quandoque
2059 1959 2076 1984 p
2090 1957 2130 1977 us.
2172 1948 2291 1978 Budaeus
2303 1958 2311 1984 ;
2335 1947 2467 1984 Colonia,
2489 1949 2533 1978 Ci-
2577 1959 2580 1964 ·

1418 1988 1487 2011 Vitas
1503 1983 1541 2011 est
1551 1992 1566 2011 a
1579 1989 1692 2012 matrice
1704 1983 1818 2012 civitate
1829 1984 1951 2013 deducta
1963 2006 1970 2019 ,
1991 1986 2020 2014 id
2035 1985 2073 2015 est
2091 1986 2239 2024 metropoli
2251 1996 2258 2016 :
2280 1986 2422 2024 quomodo
2433 1986 2532 2016 Ionicae
2559 1992 2581 2008 ³¹·

2574 2027 2578 2038 i

1417 2020 1543 2049 civitates
1554 2020 1680 2050 deductae
1695 2029 1773 2050 erant
1788 2024 1813 2051 δι
1829 2030 1994 2059 propagatae.

1417 2057 1482 2087 Duo
1504 2068 1605 2095 genera
1622 2059 1797 2088 coloniarum
1816 2060 1893 2089 fuere
1907 2081 1915 2093 ,

1438 2138 1482 2162 tur
1505 2143 1562 2177 eae,
1598 2134 1667 2170 Quae
1692 2135 1749 2177 ipra
1775 2135 1893 2178 civitatis
1911 2135 2043 2166 Rornanae
2060 2137 2249 2174 possiderent,
2277 2138 2370 2174 itaque
2387 2138 2460 2167 cives
2481 2137 2532 2167 Ro.

1437 2180 1511 2200 inani
1528 2178 1623 2215 erant,
1645 2173 1670 2201 Se
1694 2174 1798 2200 terendi
1820 2172 1938 2210 suli‘ragii
1961 2175 2124 2211 potestatem
2149 2175 2303 2204 habebant:
2326 2176 2404 2210 cuius
2426 2176 2532 2213 generis

1438 2215 1516 2252 erant
1526 2209 1747 2253 coloniaeniiiltze
1759 2212 1787 2239 in
1798 2210 1889 2240 Gallia
1900 2218 2009 2247 togata:
2031 2220 2231 2250 proptereaque
2241 2214 2313 2241 dixit
2324 2213 2380 2241 Cic.
2397 2223 2418 2242 1.
2431 2215 2530 2250 Att.13.

1437 2246 1593 2313 Elideturin
1604 2247 1735 2284 suffragiis
1748 2249 1865 2277 multum
1885 2250 1960 2285 poii‘e
1983 2250 2080 2280 Gallia.
2120 2251 2224 2279 Latinae
2245 2260 2310 2279 vero
2328 2250 2444 2280 coloniae
2460 2251 2532 2280 dice·

1458 2291 1537 2313 antur
1546 2295 1604 2319 eae,

1436 2370 1484 2403 ves
1496 2359 1549 2404 esse
1558 2361 1664 2395 factos3
1687 2362 1762 2398 quod
1773 2364 1840 2390 item
1851 2372 1908 2391 non
1918 2362 2018 2400 legitur
2029 2365 2064 2393 de
2075 2364 2194 2393 coloniis
2211 2364 2362 2393 Romanis:
2385 2374 2436 2394 nec
2457 2365 2531 2394 enim

1437 2407 1477 2427 eis
1492 2398 1549 2441 dari
1561 2399 1707 2442 oportebat
1721 2400 1798 2442 quod
1807 2400 2139 2438 habebant.Coloniarum
2153 2402 2195 2430 liis
2205 2402 2294 2430 verbis
2303 2402 2408 2430 mentio
2419 2401 2448 2431 fit
2458 2401 2532 2440 apud

1434 2435 1579 2473 Hyginum
1591 2436 1626 2465 de
1637 2436 1792 2480 Liniituibus,
1805 2447 1865 2474 pag.
1874 2448 1883 2466 1
1892 2438 2110 2473 <9.Goes.Finitis
2122 2439 2290 2477 ampliorum
2300 2439 2437 2470 bellorum
2445 2439 2541 2477 opeti-,

1437 2473 1488 2502 bus
1500 2495 1507 2507 ,
1528 2474 1661 2511 augendae
1674 2474 1854 2512 Reip.caui's.1
1865 2497 1873 2508 ‚
1894 2476 2010 2505 illustres
2020 2476 2210 2506 Romanorum
2229 2478 2279 2507 viri
2294 2477 2375 2506 urbes
2389 2477 2532 2507 constitue-

1435 2519 1500 2540 -runt
1511 2533 1519 2545 ‚
1540 2522 1606 2554 quas
1617 2521 1663 2541 aut
1672 2513 1821 2542 victoribus
1833 2513 1931 2550 populi
1949 2513 2069 2544 Romani
2087 2514 2214 2551 civibus,
2236 2521 2284 2544 aut
2302 2516 2425 2545 emeritis
2442 2515 2532 2544 militi.
2570 2538 2573 2542 .

1437 2548 1488 2577 bus
1503 2549 1722 2586 assignaverunt,
1745 2552 1770 2579 ὑὶ
1788 2550 1821 2579 ab
1841 2560 1969 2587 agrorum
1984 2561 2063 2581 novae
2078 2552 2258 2582 dedicatione
2278 2552 2392 2582 culturae
2411 2553 2532 2583 colonias
2568 2547 2571 2583 Ϊ

1437 2587 1656 2623 appellaverunt.
1671 2588 1823 2617 vic'toribus
1834 2597 1926 2618 autem
1937 2588 2074 2626 assignata:
2083 2589 2200 2619 coloniae
2211 2590 2255 2626 iis,
2267 2591 2312 2627 qui
2324 2589 2532 2628 temporiscaus-
2554 2604 2574 2633 ''.

1435 2623 1462 2652 fa
1476 2634 1549 2653 arma
1560 2632 1733 2662 acceperant.
1752 2635 1810 2655 non
1821 2626 1895 2655 enini
1908 2633 2016 2656 tantum
2028 2628 2148 2656 militum
2160 2628 2334 2657 incremento
2344 2627 2424 2665 Resp.
2437 2627 2531 2666 populi
2554 2631 2555 2634 ’

1435 2661 1556 2704 Romani
1573 2663 1676 2706 habuit.
1698 2669 1755 2692 erat
1775 2670 1842 2692 tunc
1861 2665 2005 2700 praemium
2019 2673 2089 2694 terra
2104 2687 2111 2699 ,
2132 2666 2159 2695 Sc
2179 2675 2230 2703 pro
2245 2667 2360 2695 emerito
2371 2665 2526 2695 habebatur.
2560 2673 2567 2690 ὕ

1435 2700 1528 2743 multis
1539 2699 1695 2737 legionibus
1706 2702 1824 2737 contigit
1836 2701 1941 2731 bellum
1951 2702 2070 2732 feliciter
2084 2703 2247 2740 transigere,
2269 2705 2295 2733 Sc
2318 2704 2353 2733 ad
2371 2703 2530 2733 laboriosam
2560 2694 2575 2726 l*

1435 2737 1608 2781 agriculturae
1618 2740 1741 2782 requiem
1752 2741 1843 2776 primo
1858 2740 1978 2769 tirocinii
1990 2741 2074 2777 gradu
2094 2742 2246 2778 pervenire.
2269 2750 2331 2770 nain
2353 2751 2417 2770 cuni
2435 2741 2530 2779 signis,
2560 2735 2569 2761 ’ἶ

1435 2775 1583 2819 &aquila,
1605 2777 1736 2813 &primis
1747 2777 1913 2813 ordinibus,
1936 2787 1968 2806 ac
1980 2778 2096 2807 tribunis
2117 2778 2338 2808 deducebantur.
2363 2779 2461 2808 modus
2476 2777 2530 2816 agri
2566 2807 2567 2810 ,

1434 2822 1486 2850 pro
1510 2820 1639 2850 portione
1660 2814 1744 2843 officii
1762 2815 1887 2844 dabatur.
1929 2814 2070 2845 Hactenus
2086 2815 2143 2845 ille.
2183 2817 2214 2846 V.
2238 2817 2355 2846 omnino
2383 2816 2535 2856 Spanhem:
2564 2850 2565 2853 Ἴ

1434 2850 1503 2893 Qrb.
1517 2851 1595 2880 Rom.
1610 2852 1657 2881 Ex.
1678 2863 1700 2880 1.
1720 2862 1780 2888 cap.
1794 2857 1820 2886 8.
1840 2855 1865 2882 ἃ
1878 2852 1950 2890 seqq.

1417 2887 1526 2917 Civium
1537 2888 1656 2918 colonia.
1679 2890 1736 2919 Cic.
1757 2900 1807 2928 pro
1823 2890 1903 2920 Font.
1917 2900 1940 2924 3.

1415 2925 1573 2963 Municipia
1583 2928 1607 2956 &
1616 2927 1741 2956 coloniae.
1764 2926 1821 2957 Cic.
1836 2938 1859 2957 1.
1872 2929 1907 2957 de
1918 2928 1988 2964 Lege
2000 2928 2107 2966 Aget-1.
2128 2928 2204 2959 Suet.
2213 2928 2308 2959 Tiber.
2321 2934 2366 2965 38.
2387 2927 2530 2958 Commen-

1435 2963 1508 2993 tibus
1517 2974 1571 3007 *per
1583 2966 1735 3001 municipia
1747 2967 1772 2995 Sc
1783 2965 1908 2995 colonias
1919 2966 2062 3003 dispositis.

1413 3001 1571 3045 Municipia
1584 3024 1592 3037 ,
1614 3002 1799 3045 pyaefeffturae,
1819 3003 1946 3032 coloniae.
1988 3004 2045 3033 Cic.
2058 3013 2084 3033 2.
2103 3002 2203 3041 Philip.
2217 3009 2260 3039 553.
2293 3004 2401 3034 Horum
2418 3001 2530 3040 flagitio·
2557 3002 2563 3035 ”,

1435 3049 1496 3068 rum
1512 3041 1559 3068 iste
1570 3041 1688 3077 vestigiis
1700 3041 1795 3070 omnia
1813 3041 1975 3079 municipia,
1996 3041 2180 3079 praefefturw,
2201 3041 2338 3077 colonias,
2359 3047 2446 3071 totam
2456 3040 2531 3071 deni-
2558 3042 2562 3072 ζ’

1437 3087 1491 3114 que
1504 3077 1610 3107 ltaliam
1623 3079 1763 3115 inipressit.

1415 3114 1493 3158 Quiri
1510 3115 1627 3158 Colonia
1638 3125 1653 3145 a
1668 3116 1827 3153 Municipio
1840 3115 1951 3145 differat
1966 3115 2037 3146 Gell.
2053 3116 2100 3145 lib.
2114 3120 2154 3146 16.
2172 3125 2232 3154 cap.
2247 3126 2288 3152 η.
2307 3118 2421 3151 tractat,
2443 3114 2530 3146 Muni-

1433 3162 1524 3195 cipia,
1546 3155 1653 3190 inquit,
1674 3154 1777 3189 quid&
1792 3163 1847 3189 quo
1861 3154 1919 3188 iure
1933 3153 1984 3182 lint
1997 3176 2005 3189 ‚
2026 3160 2216 3191 quantumque
2232 3164 2247 3183 a
2259 3154 2374 3184 colonia
2394 3153 2528 3186 differant.
2556 3147 2566 3187 i.

1436 3200 1616 3233 ignoramus,
1650 3191 1890 3228 existimamusque
1907 3191 2021 3221 meliore
2039 3192 2205 3221 conditione
2230 3191 2284 3222 effe
2306 3192 2430 3222 colonias
2451 3198 2529 3230 quam

1435 3229 1598 3265 municipia.
1622 3230 1672 3258 &c
1722 3229 1754 3258 V.
1776 3229 1926 3266 spanhem.
1948 3228 2003 3259 l.c.
2558 3236 2560 3242 ⁸

1416 3264 1529 3294 Florens
1541 3267 1661 3295 colonia.
1682 3266 1740 3295 Cic.
1753 3276 1779 3295 2.
1797 3267 1913 3305 Philipp.
1929 3276 1991 3296 102.

1416 3302 1569 3332 Immunes.
1594 3304 1660 3332 Plin.
1673 3304 1721 3332 lib.
1733 3313 1757 3340 3.
1774 3313 1835 3341 cap.
1852 3314 1875 3333 1.

1416 3340 1604 3370 Coniniutare.
1634 3341 1664 3370 V.
1691 3351 1888 3370 commuro.

1416 3378 1565 3414 Coniplere
1577 3379 1695 3408 coloniis
1710 3379 1853 3415 regionem
1864 3379 1995 3415 aliquam.
2019 3378 2078 3408 Cic.
2097 3388 2120 3408 1.
2131 3378 2166 3407 de
2174 3377 2246 3417 Lege
2258 3379 2318 3416 Agr.
2333 3386 2376 3415 17.

1436 3452 1519 3482 locat.

1417 3489 1545 3519 Condere
1553 3490 1690 3520 colonias.
1710 3490 1814 3520 Patere.
1831 3501 1855 3520 1.
1869 3500 1964 3527 15.pr.
1987 3490 2021 3520 Et
2042 3491 2102 3521 Vet.
2122 3490 2204 3521 Inscri
2227 3497 2245 3520 t.
2259 3490 2366 3520 Gruter.
2385 3494 2489 3529 p.6.n.
2501 3496 2526 3526 3·
2551 3462 2557 3536 l
2576 3503 2577 3507 ¹

1436 3526 1602 3558 AVSPlCllS
1630 3527 1780 3559 TRAIANI
1814 3528 1964 3558 AVGVSTl
1996 3528 2186 3558 CONDITA*
2222 3527 2373 3558 OLONlA.

1418 3566 1590 3595 Constituere
1600 3565 1740 3594 coloniam
1752 3566 1779 3594 in
1791 3566 1883 3603 aliquo
1894 3565 1966 3595 loco.
1985 3566 2043 3595 Cic.
2057 3575 2079 3595 1.
2095 3567 2131 3595 de
2144 3565 2214 3602 Lege
2232 3567 2290 3603 Agr.
2305 3569 2347 3596 16.

1565 2097 1570 2102 ¹
1594 2097 1598 2102 ι
1955 2060 2086 2091 Romanae
2109 2062 2136 2091 δι
2160 2053 2293 2091 Latinaei
2313 2071 2411 2091 omnes
2430 2062 2533 2092 consta·
2565 2044 2568 2063 ἕ

1436 2095 1503 2124 bant
1518 2105 1533 2125 e
1546 2096 1653 2126 civibus
1669 2097 1821 2130 Romanis.
1843 2098 1871 2126 in
1892 2097 2016 2128 colonias
2035 2099 2210 2129 exeuntibus.
2242 2099 2384 2129 'Romanae
2405 2100 2533 2129 diceban·
2577 2098 2580 2102 ’

1626 2285 1750 2321 Queejizs
1767 2286 1836 2315 Latii
1848 2286 2003 2316 haberent:
2026 2288 2100 2325 quod
2114 2289 2183 2317 infra
2201 2289 2244 2324 jus
2267 2288 2400 2318 Romanae
2419 2289 2547 2319 civitatis
2572 2290 2574 2294 “

1437 2330 1502 2351 erat.
1542 2322 1636 2358 Itaque
1649 2334 1699 2360 pto
1716 2323 1790 2352 Balb.
1804 2325 1830 2353 Sc
1840 2324 1904 2353 alibi
1916 2325 2033 2361 legimus
2045 2347 2052 2360 ,
2074 2325 2177 2355 multos
2197 2335 2231 2354 ex
2249 2326 2367 2355 coloniis
2381 2326 2483 2355 Latinis
2495 2327 2534 2356 ci·
2576 2354 2577 2358 ,

2552 3350 2559 3373 1}

1417 3416 1553 3445 Conferre
1564 3416 1630 3446 sein
1644 3416 1725 3446 aliam
1734 3417 1884 3446 coloniam.
1905 3416 1979 3446 Paul.
1993 3416 2049 3446 inl.
2062 3416 2121 3445 siin
2134 3416 2203 3454 lege.
2224 3417 2248 3454 §.
2270 3416 2387 3446 colonus
2401 3414 2419 3445 si
2438 3415 2471 3445 ei.
2491 3411 2526 3463 Di·
2551 3379 2577 3455 lg

1417 3602 1571 3632 Deducere.
1593 3603 1651 3632 Cic.
1668 3613 1689 3631 1.
1703 3603 1738 3632 de
1752 3603 1944 3641 LegeAgr.16.
1967 3603 2160 3639 Deducentur,
2181 3604 2290 3640 inquit,
2311 3602 2437 3633 coloniae.
2457 3599 2528 3639 quo?
2550 3602 2552 3630 ἰ
2572 3598 2604 3625 ‘'sss

1439 3650 1555 3676 quorum
1566 3641 1709 3669 hominum
1720 3642 1733 3669 ‘2
1754 3642 1782 3669 in
1801 3651 1859 3677 quae
1871 3641 1932 3670 loca
1942 3641 1956 3669 ¹?

1417 3676 1563 3706 Deducere
1576 3678 1700 3707 colonias
1709 3687 1795 3707 novas
1807 3700 1814 3710 .
1836 3685 1940 3708 veteres
1951 3687 2091 3707 renovare.
2113 3677 2172 3707 Cic.
2185 3687 2211 3707 2.
2225 3678 2260 3707 de
2276 3677 2348 3715 Lege
2360 3678 2378 3707 A
2399 3686 2419 3706 r.
2434 3684 2475 3710 η.

2550 3635 2565 3657 i,
2593 3641 2604 3669 u

2567 3670 2604 3702 -st

1419 3715 1569 3752 Oetoginta
1579 3716 1683 3744 civium
1692 3715 1815 3746 millibus
1824 3716 1853 3745 in
1863 3716 2057 3745 transmarinas
2066 3715 2190 3745 colonias
2200 3715 2360 3745 distributis.
2399 3720 2451 3743 uet.
2461 3708 2523 3742 Gaess
2550 3747 2551 3751 Ἰ
2592 3717 2603 3739 0⁰

1438 3761 1483 3787 4²·
1504 3762 1545 3789 pr.
2550 3758 2551 3806 l
2575 3773 2578 3784 .

1418 3789 1566 3827 imponere
1573 3789 1713 3818 coloniam
1723 3790 1750 3818 in
1764 3800 1837 3826 agro.
1862 3789 1893 3819 V.
1916 3801 1925 3818 r
1937 3801 1956 3818 M
1966 3800 1980 3818 P
1989 3800 2006 3818 o
2016 3798 2035 3817 Ν
2044 3799 2070 3817 o.

2576 3787 2577 3790 ¹
2592 3755 2604 3814 l

1419 3826 1540 3855 Lustrare
1550 3826 1699 3856 coloniam.
1742 3829 1799 3856 Cic.
1813 3839 1833 3856 1.
1849 3828 1883 3856 de
1895 3827 1986 3857 Divin.
2000 3837 2061 3856 102.
2083 3827 2209 3865 Itemque
2221 3828 2250 3856 in
2263 3826 2400 3857 lustranda
2410 3823 2525 3857 colonia,
2549 3822 2551 3850 f
2565 3828 2578 3855 -1,
2592 3825 2604 3854 ul

1440 3864 1534 3898 abeo,
1549 3864 1595 3899 qui
1607 3874 1666 3893 eam
1685 3864 1852 3899 deduceret,
1868 3866 1919 3894 Sto.

1421 3900 1534 3931 Mittere
1546 3901 1574 3929 in
1585 3901 1704 3937 aliquam
1716 3902 1867 3939 regionem.
1888 3902 1947 3932 Cic.
1962 3911 1983 3932 ι.
1993 3901 2028 3931 de
2038 3901 2131 3931 Divin.
2145 3910 2171 3937 3.

1423 3938 1519 3968 Obire.
1551 3938 1584 3968 ln
1605 3948 1622 3967 o
1632 3949 1646 3967 B
1656 3948 1670 3967 Ε
1679 3948 1705 3968 o.

2575 3879 2577 3889 A
2592 3868 2604 3891 ti

2383 3926 2526 3973 Occiipare
2548 3920 2549 3929 ἵ
2574 3907 2604 3967 si
