2600 4177
491 101 520 135 C
617 102 652 135 O
750 101 778 135 R

48 188 55 191 ⁷
90 181 235 221 Disputare
245 192 337 212 coram
348 182 508 218 cumulique
521 181 557 210 de
575 190 603 210 re
620 180 720 219 aliqua.
761 181 819 210 Cic.
836 189 862 210 2.
883 181 918 210 de
927 181 998 218 Lege
1008 181 1066 220 Agr.
1081 190 1125 219 77.
1153 181 1205 210 Ve-

109 223 167 250 niat
178 243 186 256 ,
208 223 233 251 &
245 231 336 250 corani
348 229 457 249 mecum
467 220 501 247 de
512 219 567 255 agri
579 218 712 256 Campani
729 219 863 248 divisione
874 219 1002 257 disputet.

90 260 190 287 Coram
201 259 333 287 internos
345 258 528 286 conferemus.
551 256 608 284 eie.
624 265 646 284 i.
666 258 717 285 Att.
734 266 773 290 ¹7-

90 296 191 325 Coram
208 296 323 334 praesens
336 318 343 330 ‚
364 293 532 323 Plconasmo.
574 292 658 322 Plaut.
673 294 766 322 Pseud.
776 305 801 328 4.
817 303 843 329 7.
860 303 905 328 43·

206 350 242 353 ——
250 334 312 370 quia
325 341 352 362 te
362 331 432 368 ipsus
441 340 531 359 coram
542 330 658 367 praesens
669 331 828 368 praesentem
840 333 925 360 videt.

111 381 145 407 ge
160 371 220 406 Agr.
236 381 276 408 pr.
299 371 336 399 Ea
349 377 441 398 corani
455 368 547 404 potius
557 389 565 401 ‚
590 378 635 397 me
647 369 776 406 praesente
790 391 797 402 .
819 368 958 397 dixissent.

92 409 112 437 A
124 408 303 445 praesentibus
316 414 407 436 coram
419 404 506 434 sermo
515 404 638 434 habetur.
680 407 736 435 Cic.
749 407 783 436 de
797 407 903 435 Amicit.
917 416 941 441 3.
964 407 1052 442 Atque
1065 405 1130 435 idco
1142 405 1206 442 feci,

111 453 143 474 tit
153 452 282 483 tanquam
290 455 305 474 a
315 443 491 481 praesentibus
502 452 593 472 coram
608 444 700 473 haberi
712 444 798 473 sermo
807 445 941 474 videatur.

92 483 194 513 Coram
208 489 270 512 ante
284 482 390 511 oculos.
413 480 478 509 Ter.
490 480 558 509 Eun.
575 491 601 515 4.
611 491 635 516 7.
648 491 692 516 24·

185 521 297 558 Rogitas
307 520 319 547 ‘?
338 529 398 555 qua:
410 519 445 547 nii
462 526 525 547 ante
535 518 631 548 oculos
642 529 734 548 coram
747 526 898 548 amatorem
908 519 1023 548 adduxti
1037 524 1115 548 tuum
1125 519 1140 547 2

92 559 195 589 Coram
205 560 233 587 in
244 567 274 586 os
286 557 405 594 aliquem
416 556 534 585 laudare.
559 556 623 585 Ter.
638 557 712 586 Adel.
722 566 747 585 α.
761 567 786 591 4.
799 567 822 589 ς.

173 596 198 625 O
208 596 247 624 mi
258 595 396 624 Germane
406 616 413 629 ‚
434 594 468 623 ah
481 603 575 623 vereor
586 603 678 623 coram
691 596 719 624 in
730 604 761 624 os
770 600 798 623 te
804 593 915 624 laudare
924 594 1051 632 amplius.

91 633 188 664 Adesse
199 643 299 662 coram.
323 633 393 669 Virg.
410 642 432 661 i.
447 632 507 662 AEn.
521 642 584 667 595·

93 671 204 708 Aliquid
213 681 307 700 coram
319 670 473 708 agnoscere.
496 670 566 707 Virg.
581 677 604 705 3.
628 669 689 699 AEn.
703 677 764 705 173.

93 709 214 739 Cernere
231 719 335 738 corani.
358 709 429 745 Virg.
443 718 468 737 2.
481 708 541 747 AEii.
558 712 620 743 538.

94 747 248 776 Ostendere
262 756 363 776 coram.
387 746 458 783 Virg.
469 749 494 774 6.
506 745 566 775 Ibin.
578 748 642 781 7¹⁶-

93 784 220 814 Rccitare
230 794 322 814 coram
334 783 510 821 quibuslibet.
534 783 600 812 Hor.
616 793 639 811 1.
657 781 743 812 Serm.
757 792 784 816 4.
796 790 842 817 74.

1007 330 1064 359 Cic.
1078 340 1103 366 3.
1113 331 1149 360 de
1159 330 1206 361 Le-

93 822 218 852 Tenetur
229 832 332 852 coram.
373 823 430 852 Cic.
447 830 497 858 pro
508 820 617 850 Cluent.
634 828 677 856 39.
701 819 789 849 index
809 818 911 849 Avilius
921 828 957 849 ex
967 818 1052 850 altera
1071 826 1150 859 parte
1166 829 1213 851 co·
1233 820 1235 822 ’

111 870 170 890 ram
181 868 299 890 tenetur.

94 898 195 928 Venire
206 908 307 928 coram.
330 898 396 927 Hor.
415 907 437 926 1.
450 896 536 926 Serm.
552 896 578 924 6.
599 897 642 930 56.

95 936 195 967 Coram
204 936 259 966 huc
271 936 409 965 adducere
417 935 546 972 aliquem.
568 931 632 961 Ter.
646 932 726 961 Andr.
741 941 764 967 ς.
778 940 802 967 3.
814 941 859 967 29.

173 975 238 1004 Sine
250 984 294 1003 nie
305 982 457 1010 expurgem
466 995 473 1005 .
495 979 576 1008 atque
587 970 666 999 illum
682 969 737 998 liuc
749 979 843 999 coram
853 970 999 1000 adducam.

95 1012 212 1048 Coram,
234 1022 284 1050 pro
296 1012 349 1041 Hic
360 1033 368 1047 .
390 1011 443 1040 hoc
455 1010 535 1043 loco,
556 1009 706 1046 interprete
717 1007 837 1038 Donato.
859 1008 924 1039 Ter.
938 1008 1048 1039 Pliorm.
1060 1018 1083 1045 ς.
1097 1014 1179 1043 8.2r.

366 1064 404 1069 ——
414 1048 500 1078 ferme
510 1046 608 1075 eadem
618 1046 712 1074 omnia
724 1067 731 1079 ,

189 1086 260 1123 Quze
270 1092 329 1116 tute
340 1086 446 1116 dudum
458 1094 551 1115 corani
562 1093 606 1113 me
619 1083 798 1112 incusaveras.

57 1124 106 1155 Co
115 1134 130 1153 a
141 1134 159 1153 A
168 1134 189 1153 si
198 1135 212 1152 s
225 1135 254 1154 is
266 1147 274 1159 .
295 1125 440 1162 Oppidum
452 1124 489 1153 est
500 1124 571 1151 inter
581 1121 730 1158 ffigyptum
743 1122 768 1150 ὅ(
778 1120 949 1159 AEthiopiam
958 1142 967 1157 ‚
986 1123 1066 1158 juxta
1087 1122 1162 1158 quod
1177 1122 1216 1152 est

97 1163 241 1191 bituminis
252 1163 315 1193 fons
325 1184 332 1197 ‚
359 1168 389 1191 ut
397 1162 489 1191 scribit
501 1161 567 1190 Plin.
576 1159 623 1188 lib.
638 1164 663 1187 6.
675 1167 735 1195 cap.
749 1169 792 1191 ²9-

57 1201 263 1231 CoiiAMizLiz
279 1223 287 1235 ‚
309 1210 357 1236 es;
381 1200 424 1229 vel
443 1200 598 1229 Coram
610 1205 663 1230 LA,
685 1206 716 1225 ae.
738 1196 757 1224 f.
776 1194 953 1231 [ιωρρίμζλη]
975 1196 1066 1226 Herba
1078 1206 1138 1243 quae
1149 1207 1216 1227 ocu.

96 1238 187 1268 lorum
199 1239 286 1268 aciem
298 1239 444 1270 retundit.
460 1235 626 1266 &hebetem
640 1234 721 1269 facit3
743 1233 863 1269 ideoque
874 1234 963 1264 dista:
986 1244 1051 1264 nam
1067 1245 1144 1269 κρεᾳ,
1166 1245 1216 1272 pu.

95 1275 192 1314 pillam
203 1276 336 1314 significat
349 1286 357 1312 3
379 1275 474 1310 ἁμζλὺς
488 1283 552 1303 vero
563 1271 686 1301 retusum
708 1274 733 1301 ὁὶ
745 1271 839 1301 hebes.
862 1271 999 1302 Columel.
1015 1273 1044 1302 in
1059 1272 1147 1302 Horto
1164 1273 1214 1303 lib.

99 1325 143 1344 ιο.
167 1324 175 1343 i
221 1337 227 1343 .

178 1320 262 1382 {lilino
272 1351 366 1382 veniat
373 1350 497 1388 quamvis
507 1347 594 1377 oculis
605 1347 718 1376 inimica
726 1345 874 1376 coramble.
958 1347 1029 1377 Sunt
1043 1347 1088 1385 qui
1100 1353 1217 1378 conten-

96 1390 165 1419 dant
175 1391 291 1419 omnino
302 1389 452 1427 legendum
464 1386 611 1423 Corynibe.
653 1385 693 1414 De
704 1385 850 1414 Coramble
860 1385 889 1413 in
900 1385 973 1414 hanc
981 1384 1146 1416 sententiam
1159 1396 1218 1416 me-

97 1429 181 1457 minit
198 1427 384 1465 Aristophanis
400 1427 429 1455 in
449 1424 566 1462 Hippeis
585 1429 803 1458 commentator,
827 1422 962 1458 Crambe,
993 1424 1068 1461 apud
1088 1424 1217 1461 antiquos

97 1465 263 1500 Coramble,
283 1463 336 1501 ‚2152
352 1461 376 1491 -ni
395 1462 438 1490 πές
457 1464 531 1498 »ωρρὶς
548 1462 663 1493 {Baedro
678 1483 686 1496 ‚
705 1461 733 1490 id
747 1462 784 1490 est
796 1461 871 1498 quod
880 1467 981 1490 noceat
993 1461 1097 1496 oculis,
1120 1463 1217 1500 appel.

97 1503 172 1532 lata:
193 1513 275 1540 quam
286 1512 320 1532 ex
331 1502 446 1538 Lycurgi
466 1499 553 1530 oculis
569 1506 662 1528 natam
680 1499 780 1528 ferunt.
822 1498 904 1528 Hunc
920 1499 996 1528 enim
1012 1499 1135 1529 Bacchus
1149 1501 1218 1529 exti-

95 1540 222 1570 mescens
231 1562 239 1575 ,
261 1535 364 1569 vitibus
380 1540 496 1578 ligatum
510 1548 542 1567 ac
553 1537 798 1574 collacrymantem
811 1537 968 1574 projecitin
979 1546 1072 1566 mare:
1095 1547 1130 1566 ex
1139 1539 1218 1573 cujus

97 1578 219 1615 lacryma
233 1578 320 1608 caulis
334 1578 372 1607 est
382 1584 470 1606 natus.
510 1575 631 1605 Proinde
651 1575 754 1604 factum
766 1575 861 1608 aiunt,
882 1581 913 1603 ut
928 1575 991 1604 vitis
1006 1576 1031 1604 Sc
1048 1574 1160 1605 brallica
1179 1577 1218 1602 iu.

96 1614 221 1647 ἰ-ἱπτιθῷι
231 1639 237 1645 .
258 1617 287 1646 id
297 1616 335 1646 est
347 1615 514 1645 contrariam
524 1614 581 1643 vim
590 1614 619 1642 in
630 1611 655 1642 se
665 1612 794 1641 habeant.
836 1612 960 1641 Credunt
976 1622 1094 1650 namque
1114 1613 1218 1651 agrico-

97 1654 186 1683 larum
197 1653 245 1683 filii
258 1676 266 1689 ‚
287 1655 374 1684 vitem
391 1655 436 1682 cui
453 1651 573 1690 appensa
587 1651 670 1680 fuerit
683 1650 801 1679 brassicae
819 1650 896 1679 radix
907 1672 916 1684 7
937 1649 1115 1680 sterilescere:
1137 1658 1219 1689 atque

97 1702 160 1722 earn
171 1692 209 1721 ob
218 1702 277 1722 rem
285 1692 428 1721 brassicam
439 1691 562 1729 primum
572 1690 599 1718 in
615 1688 749 1727 symposio
759 1687 923 1723 exhiberi,&
933 1687 1106 1725 abIEgyptiis
1117 1688 1219 1719 elixam

97 1736 163 1759 ante
174 1730 243 1759 alios
253 1731 331 1760 cibos
343 1731 456 1759 comedi
466 1727 584 1760 solitam,
596 1733 626 1756 ut
639 1726 800 1756 ebrietatem
812 1726 979 1755 moderetur.
1001 1726 1068 1755 Haec
1078 1736 1221 1757 commen-

100 1768 248 1798 tatorille:
270 1778 389 1805 quorum
404 1767 523 1796 maxima
534 1774 595 1803 pars
604 1766 687 1794 etiam
706 1774 720 1793 a
740 1764 824 1792 Suida
843 1764 979 1793 recitatur.
1020 1764 1091 1794 Sane
1107 1764 1219 1795 braffica

99 1807 187 1836 visum
198 1806 321 1835 hebetari
332 1828 339 1839 ,
361 1805 481 1835 Galenus
492 1826 500 1837 ,
521 1803 661 1832 Avicenna
671 1823 679 1837 ‚
702 1801 928 1838 Dioscoridesque
941 1802 1081 1831 testantur.

61 1845 86 1875 C
95 1855 135 1874 oa
145 1854 184 1874 As
192 1855 201 1873 i
212 1854 232 1873 N
242 1855 251 1873 i
263 1866 272 1880 ,
293 1845 307 1880 [
319 1840 462 1879 Kogqm‘m]
482 1841 581 1879 Populi
592 1840 654 1869 sunt
665 1839 770 1869 Asiatici
781 1861 789 1874 ‚
810 1839 876 1868 teste
891 1839 1037 1868 Herodoto
1048 1861 1056 1875 ‚
1076 1839 1124 1869 lib.
1134 1849 1160 1870 2.

62 1883 86 1913 G
97 1886 212 1917 (3an,
233 1883 298 1911 acis.
319 1891 356 1911 m.
379 1880 502 1917 [Κέρφξ]
525 1879 659 1915 Antiquos
675 1877 771 1907 rhetor
791 1872 899 1907 Siculus
912 1899 920 1911 ,
942 1877 1049 1913 primus
1068 1884 1155 1907 artem
1177 1878 1220 1908 di.

99 1920 222 1950 cendi&
234 1925 373 1957 praecepta
383 1917 555 1956 conscripsit,
576 1918 688 1945 auctore
700 1915 851 1944 Aristotele.
891 1915 950 1945 Cic.
965 1916 994 1943 iri
1012 1915 1085 1944 Brut.
1101 1919 1146 1951 46.
1169 1916 1220 1945 Ita-

101 1968 155 1996 que
165 1959 203 1987 ait
217 1957 387 1992 Aristoteles,
405 1965 491 1994 quum
501 1955 614 1984 sublatis
628 1955 657 1982 in
670 1954 764 1983 Sicilia
781 1953 905 1990 tyrannis
917 1974 924 1987 ,
945 1962 987 1982 res
1008 1953 1118 1990 privatae
1134 1953 1219 1991 longo

100 1995 248 2025 intervallo
257 1996 370 2031 judiciis
380 2000 569 2032 repeterentur
578 2014 587 2027 ,
607 1999 667 2021 tum
680 1993 802 2029 primum
822 1992 919 2026 (quod
931 1990 998 2020 effer
1007 1998 1086 2020 acuta
1095 1990 1142 2020 illa
1153 2001 1221 2028 gens

101 2032 129 2064 ¹&
139 2033 314 2063 controversa
325 2040 422 2062 natura
434 2033 445 2068 )
465 2038 552 2061 artem
563 2032 590 2060 δι
599 2037 735 2067 praecepta
742 2028 849 2058 Siculos
860 2028 993 2058 Coracem
1006 2030 1031 2058 δε
1041 2029 1140 2058 Tisiam
1154 2039 1222 2058 con-

100 2071 238 2109 scripsisse.
279 2071 390 2102 Coracis
402 2072 470 2100 item
483 2068 612 2099 meminit
625 2068 673 2097 lib.
689 2077 712 2097 1.
724 2067 759 2096 de
772 2067 849 2096 Orat.
863 2075 908 2101 91.
944 2066 978 2095 Et
996 2066 1114 2103 Quintil.
1134 2066 1181 2096 lib.
1195 2076 1219 2101 ζ.

100 2108 163 2148 cap.
177 2120 200 2139 1.
223 2109 298 2145 κόρᾳέ
309 2108 521 2142 autemGraece,
543 2106 649 2136 Corvus
664 2105 760 2135 Latine
768 2105 877 2133 dicitur.
897 2104 978 2132 Unde
987 2105 1066 2139 jocus
1077 2104 1134 2133 Cic.
1150 2113 1173 2140 3.
1186 2105 1222 2133 de

102 2149 180 2178 Orat.
193 2153 238 2184 78.
250 2148 344 2184 Quare
358 2147 492 2176 Coracem
505 2145 584 2174 istum
595 2144 710 2173 vestrum
723 2143 860 2180 patiamur
870 2151 920 2171 nos
931 2143 1044 2178 quidem
1056 2141 1148 2179 pullos
1158 2141 1220 2172 suos

100 2186 253 2216 excludere
263 2187 292 2214 in
307 2186 393 2218 nido.
414 2183 582 2222 quievolent
597 2181 759 2212 clamatores
767 2179 854 2209 odiosi
864 2179 1020 2208 acmolesti.

102 2225 147 2255 Est
159 2225 227 2253 item
239 2224 328 2253 Corax
339 2245 347 2257 .
369 2222 474 2252 Montis
485 2230 590 2250 nomen
600 2221 628 2248 in
639 2219 771 2249 Sarmatia
783 2218 897 2255 Europae
907 2218 982 2254 apud
994 2217 1185 2248 Ptolemaeum.

102 2263 148 2293 Est
159 2268 287 2300 praeterea
295 2262 384 2291 Corax
396 2283 403 2296 ‚
427 2259 573 2289 Fluviusin
583 2257 727 2288 Caucaseis
741 2256 884 2286 montibus
898 2256 1034 2293 originem
1049 2255 1154 2285 habens
1164 2278 1172 2292 ,
1193 2261 1225 2285 ut

121 2301 260 2333 Glaucus,
284 2299 387 2331 Phasis.
408 2298 528 2336 Hippus.
812 2331 818 2338 ·
931 2331 937 2337 ,
1055 2331 1060 2337 .
1131 2331 1138 2337 ι

103 2339 168 2370 Fuit
178 2338 302 2368 &Corax
313 2359 320 2372 ‚
341 2337 394 2366 sive
406 2336 490 2365 Coras
501 2357 508 2370 ‚
530 2334 652 2371 quicum
663 2330 743 2361 fratre
760 2331 860 2376 Catillo
870 2332 1008 2369 oppidum
1025 2330 1114 2361 Tibur
1130 2340 1159 2360 in
1175 2330 1226 2362 Ita-

123 2376 160 2407 lia
170 2375 312 2406 constituit
322 2397 329 2408 .
350 2376 462 2404 auctore
471 2374 566 2403 Sei-vio
579 2373 607 2401 in
619 2370 690 2400 illud
703 2381 734 2413 7..
743 2371 804 2413 litii.
817 2374 882 2405 670.

197 2414 273 2443 Tum
283 2413 388 2450 gemini
398 2412 492 2441 fratres
506 2410 634 2440 ‘Tiburtia
649 2417 753 2452 inoenia
763 2408 892 2444 linquunt
903 2428 911 2443 ,

196 2451 297 2481 Fratris
311 2450 420 2480 Tiburti
430 2450 534 2479 <licitam
543 2452 834 2489 cognomine-gentem
845 2467 853 2481 ‚

199 2488 369 2526 Catillusque
379 2510 386 2522 ,
409 2496 527 2524 acerque
536 2487 636 2519 Coras,
657 2485 755 2521 Argiva
766 2489 904 2517 iuventus.
1091 2522 1093 2524 Υ

106 2527 220 2559 Constat
230 2528 314 2556 etiam
326 2525 521 2556 Archilochum
532 2524 707 2553 interfectum
717 2522 794 2550 fuisse
805 2522 833 2550 in
848 2520 922 2549 bello
932 2529 947 2549 a
960 2519 1082 2557 quodam
1092 2519 1228 2555 Calonda,

127 2566 172 2596 cui
182 2574 339 2601 cognomen
349 2569 406 2593 erat
415 2564 514 2593 Corax.
556 2562 609 2592 Hic
620 2570 705 2598 quum
719 2560 790 2588 forte
800 2558 965 2588 sciscitatum
979 2558 1113 2593 Apollinis
1133 2567 1231 2587 oracu-

126 2605 184 2633 lum
195 2600 310 2632 venisset
321 2602 459 2640 Delphos,
479 2601 513 2630 ab
525 2609 559 2630 eo
568 2608 699 2635 tanquam
710 2599 810 2635 impius
820 2606 852 2626 ae
868 2596 1016 2625 sceleratus
1036 2596 1074 2625 est
1097 2598 1226 2639 rejectus.

129 2642 230 2671 Verum
242 2650 326 2677 quum
338 2640 383 2670 ille
392 2639 486 2669 multis
493 2638 582 2668 verbis
594 2637 648 2666 sese
658 2635 786 2665 excusare
793 2640 911 2664 conatus
920 2656 929 2668 ,
949 2633 1061 2677 culpam
1072 2643 1188 2677 omnem
1201 2642 1230 2662 in

126 2680 286 2714 fortunam,
308 2680 334 2707 ἃ
349 2678 437 2708 varios
451 2676 589 2707 bellorum
600 2680 715 2704 eventus
725 2672 874 2709 rejecisset,
896 2681 1060 2707 veniamque
1080 2681 1095 2714 a
1112 2672 1167 2700 deo
1181 2681 1232 2714 iin-

127 2717 256 2754 pioraffet
269 2738 276 2752 ‚
298 2716 377 2746 flexit
392 2725 496 2746 numen
508 2723 515 2744 :
536 2720 707 2750 acceptoque
718 2711 756 2740 ab·
767 2711 894 2746 Apolline
913 2708 1060 2746 responso,
1080 2708 1151 2744 jussu
1172 2718 1233 2744 ejus

127 2757 154 2786 T
156 2764 277 2785 aenarum
291 2754 430 2793 profectus
444 2753 497 2787 est⁷
519 2761 551 2781 ac
567 2750 696 2780 inanibus
716 2748 873 2778 Archilochi
889 2748 1060 2784 parentavit:
1083 2753 1160 2776 tanta
1175 2753 1234 2776 erat

128 2805 163 2824 eo
173 2798 299 2828 tempore
312 2799 406 2821 vatum
417 2793 442 2821 &
454 2787 752 2829 poetarumaud'toritas
766 2793 849 2824 atque
857 2785 991 2821 majestas.
1013 2785 1079 2814 Haec
1088 2784 1213 2814 Perottus
1223 2806 1232 2820 ‚

129 2842 164 2861 ex
175 2832 260 2861 Suida
271 2831 300 2859 in
320 2829 489 2865 'Am'mztom
932 2861 938 2867 .

109 2870 161 2900 Pro
172 2870 263 2907 Coryo
273 2867 389 2905 posuiffe
397 2868 506 2896 videtur
523 2864 608 2894 Solin.
622 2873 681 2901 cap.
694 2872 739 2898 40.
762 2861 803 2892 Al.
826 2870 869 2898 53.
891 2860 940 2890 ubi
949 2861 986 2890 de
998 2859 1214 2891 Cliamaeleonte.

110 2909 221 2940 Corax,
242 2906 432 2939 Machinaest,
452 2903 527 2942 apud
536 2902 640 2931 Vitruv.
657 2911 699 2943 io.
717 2910 759 2934 19-
930 2937 936 2942 ι
972 2935 978 2942 .
1121 2935 1127 2941 .

75 2948 124 2979 CK)
136 2957 151 2974 a
161 2948 177 2975 A
188 2947 226 2974 ci
236 2954 255 2972 N
264 2954 282 2973 u
293 2954 305 2973 s
315 2965 323 2977 ,
345 2953 375 2978 a,
397 2953 454 2972 um.
475 2938 635 2978 [velwss’J‘
649 2961 657 2970 .
673 2950 684 2966 n
704 2937 865 2973 κθῑφκῖνῶι]
886 2936 946 2972 Adi.
971 2945 988 2965 i.
999 2945 1024 2965 e.
1046 2935 1191 2965 Corvinus.

113 2983 266 3014 Coracinus
279 2981 366 3010 color.
388 2982 405 3009 i.
419 2991 443 3009 e.
465 2980 551 3016 Niger
562 3000 569 3008 .
591 2977 680 3014 qualis
690 2976 727 3005 est
736 2984 881 3005 corvorum
892 2996 900 3010 ,
923 2983 1005 3010 quem
1017 2980 1109 3016 tamen
1119 2983 1145 3017 ⁴a
1158 2973 1236 3017 Pullo

133 3019 283 3051 distinxisse
303 3019 413 3048 videtur
429 3018 533 3048 Vitruv.
549 3015 633 3049 libs.
644 3024 703 3050 cap.
720 3022 743 3048 3.
781 3013 829 3041 Per
849 3013 877 3041 id
896 3020 1026 3047 tempus⁷
1048 3018 1159 3048 inquit,
1180 3012 1239 3055 adi-

134 3064 237 3097 guntur
246 3067 280 3087 eo
292 3057 419 3094 quotidie
431 3062 545 3094 potum:
567 3063 602 3082 ex
611 3061 700 3089 eoque
709 3051 835 3094 quamvis
846 3050 897 3079 sint
912 3049 974 3078 alba
983 3071 990 3083 ,
1013 3054 1161 3085 procreant
1177 3048 1239 3078 aliis

134 3097 204 3127 locis
214 3095 376 3132 leucophaea
384 3117 392 3129 ‚
413 3095 474 3124 aliis
485 3093 553 3122 locis
563 3089 639 3128 pulla
648 3112 656 3124 .
678 3089 737 3118 aliis
745 3098 875 3118 coracino
886 3086 989 3117 colore.
1125 3124 1131 3130 .
1201 3124 1206 3129 .

77 3137 101 3167 C
111 3146 128 3165 o
138 3146 153 3164 n
162 3145 181 3164 A
191 3136 228 3163 οἶ
239 3142 260 3162 N
269 3143 286 3161 u
296 3142 308 3162 s
323 3154 332 3165 ,
353 3133 371 3162 i.
394 3142 431 3162 ni.
453 3131 547 3161 Genus
558 3128 638 3167 piscis
650 3127 716 3157 Nilo
730 3127 877 3164 peculiaris
889 3147 898 3161 ,
919 3134 957 3159 ιιι
967 3124 1079 3154 testatur
1093 3123 1162 3153 Plin.
1188 3123 1238 3154 lib.

119 3183 163 3211 32.
175 3181 235 3208 cap.
251 3181 274 3206 ς.
300 3169 417 3200 martial.
434 3169 483 3199 lib.
497 3178 538 3203 13.
550 3173 596 3202 85-
673 3204 679 3210 ¹
833 3201 839 3206 '
1067 3171 1072 3174 ·

209 3209 338 3246 Princeps
347 3208 462 3237 Niliacis
475 3206 578 3244 raperis
589 3213 718 3234 coracine
730 3199 863 3245 macelli-s.
911 3238 916 3244 ¹
982 3238 988 3244 .

81 3249 103 3280 C
115 3251 231 3279 onAxi
243 3268 252 3282 ‚
274 3246 421 3282 [Κεῇαξοὶ]
444 3243 588 3274 Colchidis
604 3242 725 3279 regionis
749 3239 855 3278 populi.
878 3238 947 3268 Pim.
969 3237 1018 3267 lib.
1031 3240 1057 3267 6.
1080 3246 1140 3275 cap.
1153 3246 1178 3272 ς.
1208 3236 1243 3266 Et

120 3285 292 3323 Pomponius
302 3284 350 3313 lib.
367 3294 390 3313 i.
407 3293 452 3312 21.
490 3282 565 3312 Hinc
797 3315 803 3321 ¹
968 3313 975 3318 .
1075 3313 1080 3319 Π

80 3326 103 3355 C
113 3335 130 3355 0
140 3335 156 3353 R
167 3335 185 3353 A
195 3332 256 3352 xic
266 3332 284 3351 u
294 3331 322 3357 s,
343 3331 359 3350 a
372 3343 380 3355 ,
397 3329 455 3350 um.
477 3320 539 3355 Adi.
561 3324 593 3348 ut
610 3317 694 3347 Mons
703 3315 871 3349 Coraxmus,
891 3313 977 3343 Tauri
991 3320 1096 3355 montis
1117 3322 1177 3349 pars
1194 3312 1241 3341 est.

119 3364 161 3393 Dc
169 3363 262 3391 Tauro
272 3360 309 3389 sic
322 3359 388 3389 Plin.
403 3368 463 3396 cap.
474 3357 576 3392 27.lib.
590 3366 614 3389 ς.
635 3355 713 3391 Quin
725 3354 808 3383 etiam
829 3351 963 3388 (inquit)
984 3351 1151 3394 contractus,
1174 3349 1244 3392 essu-

118 3401 196 3438 giens
207 3406 317 3435 quoque
327 3397 412 3426 maria
427 3418 435 3431 ,
457 3395 582 3432 plurimis
594 3393 621 3422 se
632 3393 756 3429 gentium
770 3390 948 3423 nominibus.
969 3388 1036 3417 iimo
1056 3388 1177 3430 &alhnc
1194 3397 1244 3416 im.

70 3436 72 3439 ’
118 3438 193 3476 piet:
216 3447 231 3466 a
245 3437 350 3470 dextra,
368 3433 532 3471 Hyrcanius,
554 3430 682 3469 Caspius:
705 3429 799 3458 almva
809 3427 966 3470 Paryadres.
985 3424 1152 3459 iiioscincus,
1167 3426 1246 3454 Ama-

119 3476 236 3505 zonicus
246 3496 254 3509 ,
275 3473 441 3507 Coraxicus.
461 3470 607 3508 Scythicus
621 3466 784 3505 appellatus.
820 3464 853 3494 ln
874 3461 1032 3508 universum
1056 3472 1120 3492 vero
1148 3462 1244 3508 Graece

120 3512 281 3543 Ceraunios.
303 3509 472 3546 Pomponius
483 3507 557 3537 Mela
565 3507 614 3536 lib.
629 3515 651 3534 r.
663 3515 724 3543 cap.
735 3513 781 3533 21.
801 3501 990 3545 multi-tudinis
1001 3509 1117 3544 numero
1127 3499 1240 3537 scripsit,

121 3549 252 3581 Ceraunii
266 3571 275 3583 ,
295 3548 408 3577 Taurici
420 3569 428 3582 ‚
449 3545 555 3576 Moschi
564 3566 572 3578 ‚
594 3542 756 3573 Amazonici
769 3564 777 3577 ‚
799 3540 889 3578 Caspii
900 3562 907 3573 ,
931 3538 1078 3572 Coraxici,
1101 3536 1232 3582 Caucasi..

85 3590 108 3619 C
117 3600 134 3619 o
145 3599 161 3617 s.
170 3599 186 3616 a
196 3597 224 3616 is
232 3608 241 3621 ,
261 3587 295 3617 is.
316 3586 334 3615 f.
359 3587 385 3616 &
396 3583 549 3614 secundum
560 3581 724 3611 Priscianum
732 3602 741 3615 ,
765 3578 848 3608 masc,
869 3576 1027 3613 [κόφινῶ]
1049 3575 1110 3616 Vas⁸
1118 3575 1155 3604 est
1166 3585 1246 3605 vimi-

123 3627 205 3657 nibus
214 3631 386 3653 contextum.
409 3623 492 3652 Plaut.
510 3620 608 3650 Bacch.
621 3630 647 3654 4.
659 3629 684 3653 4.
696 3623 741 3647 61.
949 3651 954 3657 1

215 3662 243 3691 Si
254 3662 282 3690 id
292 3661 374 3698 capso
388 3683 395 3693 .
416 3660 533 3697 geritote
543 3656 638 3686 amicis
648 3656 744 3699 vostris
761 3662 860 3684 aurum
878 3650 1018 3681 corbibus.

123 3701 199 3732 Sext.
214 3706 257 3733 82.
283 3699 411 3729 Mefforia
421 3698 447 3727 se
458 3697 542 3726 corbe
554 3700 691 3724 contexit.
1041 3726 1047 3732 .
1166 3726 1171 3732 ¹

124 3739 223 3769 Corbis
232 3737 305 3766 dieta
316 3758 325 3772 ,
343 3736 472 3774 utinquit
480 3735 552 3764 Varr.
563 3732 599 3762 de
607 3732 636 3761 L.
646 3731 675 3760 L.
688 3740 715 3766 4.
727 3739 739 3767 3
749 3739 771 3758 i.
793 3728 832 3758 Ab
840 3737 874 3757 eo
885 3749 892 3763 ‚
914 3726 990 3764 quod
1008 3725 1095 3764 spicas
1107 3748 1115 3760 ‚
1136 3725 1248 3756 aliudve

143 3777 210 3814 quid
218 3785 252 3805 eo
263 3774 444 3803 conruebant.

126 3815 224 3845 Corbis
233 3812 418 3851 pabiilatoria,
441 3812 470 3841 in
487 3819 540 3847 qua
553 3806 759 3845 reponebantur
775 3802 878 3846 pabula
889 3809 1087 3846 armentorum.
1109 3799 1247 3844 Columel.

145 3854 193 3882 lib.
204 3857 229 3881 6.
242 3860 300 3888 cap.
312 3858 336 3884 3.
358 3850 385 3877 :ii
395 3858 480 3883 urano
490 3847 667 3878 abstinemus.
680 3841 786 3872 frondis
798 3841 880 3870 aridae
896 3840 987 3870 corbis
1007 3838 1180 3880 pabulatoria
1190 3848 1249 3867 rno-

146 3891 258 3920 diorum
269 3881 481 3925 vigintisiifficit.
503 3886 580 3915 ldem
592 3883 639 3912 lib.
655 3891 696 3910 11.
709 3890 768 3917 cap.
781 3889 806 3908 2.
829 3879 932 3921 nonita
943 3878 1065 3921 procula
1079 3875 1250 3920 f¹s¹‘³.‘²³.³s‘3¹¹·

147 3929 206 3958 lino
217 3935 317 3965 genere
328 3924 390 3955 usus
402 3925 440 3954 est
449 3946 459 3959 ,
477 3922 594 3954 Frondis
606 3919 720 3951 corbem
731 3916 938 3957 pabulatorium
952 3915 1111 3945 modiorum
1120 3920 1228 3951 viginti.

1115 3650 1173 3680 Cic.
1192 3659 1245 3688 pro

1727 99 1756 133 C
1857 101 1891 135 O
1988 103 2018 138 R
2345 115 2411 156 695

1298 181 1396 209 Corbis
1407 180 1489 210 etiam
1502 180 1572 209 inter
1585 179 1701 209 Navalia
1711 180 1890 210 instrumenta
1907 188 2077 212 numeratur.
2117 186 2157 215 Est
2177 189 2252 217 enim
2268 188 2319 219 Vas
2340 192 2414 227 quod

1318 220 1346 247 in
1357 218 1509 247 summitate
1520 218 1585 246 mali
1597 217 1770 255 suspenditur
1781 240 1789 255 ‚
1811 219 1886 248 unde
1894 219 2010 258 desuper
2021 221 2075 250 tela
2085 222 2112 250 in
2125 224 2242 254 hostium
2253 237 2333 257 naves
2347 229 2416 265 deji-

1318 257 1437 284 ciuntur.
1461 256 1544 284 Lilius
1555 256 1658 284 Girald.

1263 293 1434 322 Commu
1446 315 1454 328 ,
1476 303 1506 322 ae.
1528 293 1546 322 f.
1568 294 1667 322 dimin.
1691 293 1813 324 aCorbis
1825 317 1832 329 ‚
1852 295 1921 324 teste
1940 295 2061 325 Varrone
2078 296 2113 325 de
2132 297 2160 326 L.
2172 297 2199 326 L.
2216 299 2234 328 l.
2247 310 2271 330 c.
2294 302 2369 331 Idem
2391 313 2415 333 r.

1301 331 1337 358 de
1352 330 1383 359 R.
1397 331 1500 367 R.cap.
1522 340 1563 365 ις.
1584 331 1668 367 Cogit
1678 332 1920 369 aliquotcorbulas
1933 343 2066 370 uvarum,
2087 335 2113 364 ἅ
2133 334 2261 365 frondem
2281 339 2419 374 jucundis-

1301 367 1396 396 {imam
1407 369 1537 397 ministrat
1548 369 1655 397 ovibus.

1301 405 1412 434 Sursum
1425 406 1609 435 subducemus
1619 406 1750 436 corbulis.
1773 406 1857 436 Plaut.
1875 408 1935 438 Aul.
1946 417 1971 438 2.
1988 418 2014 445 7.
2028 420 2055 445 4.
2078 409 2155 439 Adde
2167 410 2240 440 Non.
2255 420 2280 447 3.
2290 418 2336 447 48.

1263 443 1287 472 C
1297 452 1313 471 o
1323 452 1337 470 R
1349 453 1362 470 R
1374 445 1389 471 ii
1403 454 1417 470 ι,
1427 453 1445 472 υ
1456 454 1475 471 Μ
1490 465 1497 475 ,
1521 444 1548 472 in
1562 452 1660 472 neutro
1672 444 1763 481 posuit
1775 445 1889 474 Sueton.
1906 447 1933 475 in
1947 447 2051 476 Neron.
2069 457 2183 485 cap-19.
2206 448 2312 479 Primus
2331 452 2422 481 rastel-

1303 479 1331 508 lo
1341 480 1457 509 humum
1469 480 1585 513 effodit.
1609 481 1757 511 &corbulo
1767 483 1924 520 congestam
1941 485 2062 515 humeris
2079 486 2189 516 extulit.
2229 486 2376 518 Emendati
2389 490 2420 518 li-

1303 517 1344 545 bri
1356 518 1451 553 legunt
1465 540 1473 552 ,
1495 518 1629 547 Corbulae.

1264 555 1288 584 C
1297 565 1338 620 (ἐς
1348 558 1381 621 nli
1392 565 1407 583 c
1416 557 1433 584 ϋ
1444 567 1459 583 1.
1469 566 1486 585 A
1498 577 1506 591 ,
1522 568 1555 587 π.
1578 557 1596 585 f.
1619 555 1701 585 Aliud
1713 557 1812 588 dimin.
1835 558 1936 588 Pallad.
1951 568 1974 596 3.
1990 570 2032 590 10.
2055 559 2097 591 Fit
2108 570 2143 590 ex
2153 561 2258 591 vimine
2268 572 2351 601 parva
2361 572 2421 593 cor.

1325 603 1366 622 icu
1381 603 1403 622 a.

1265 630 1450 673 C⁰¹3¹³¹.¹-0’
1471 630 1634 667 [Κοςζίλων]
1662 632 1811 668 Aquitaniae
1830 632 1898 662 olim
1919 641 1976 664 erat
1994 636 2151 674 emporium
2163 658 2172 671 7
2200 636 2281 674 super
2305 638 2422 668 flumine

1304 667 1393 704 Ligeri
1404 689 1421 711 ,Ι
1431 670 1509 703 cujus
1522 668 1648 705 Polybius
1659 672 1833 700 mentionem
1842 671 1908 700 fecit
1917 694 1925 706 ,
1947 682 2033 709 quum
2045 674 2154 711 Pytlieae
2170 675 2423 706 fabulamentorum

1306 715 1469 735 memoriam
1481 707 1590 735 faceret.
1615 707 1652 735 Ex
1665 708 1750 736 Strab.
1765 708 1812 737 lib.
1825 719 1852 743 4.

1266 743 1437 772 Conari]
1451 766 1459 777 ,
1479 754 1509 772 ae.
1532 744 1550 773 f.
1574 743 1686 779 Festus·‚
1711 746 1830 775 Corbitae
1854 746 1985 776 dicuntur
2004 748 2096 778 Naves
2118 749 2268 783 onerariae.
2289 751 2365 786 quod
2389 752 2420 780 in

1305 780 1378 809 malo
1391 791 1484 810 eziruni
1495 780 1617 816 summo,
1640 792 1689 819 pro
1699 783 1773 820 signo
1787 783 1885 813 corbes
1895 784 2014 814 solerent
2028 785 2166 822 suspendi.
2207 787 2334 825 Nonius3
2357 788 2425 818 Cor-

1305 818 1362 847 bita
1374 839 1382 851 ‚
1404 820 1497 848 Genus
1508 820 1609 856 navigii
1621 820 1729 849 tardum
1740 822 1765 849 ἃ
1776 821 1887 857 grande.
1928 821 2013 851 Plaut.
2030 823 2106 852 Poen.
2120 833 2143 857 3.
2158 833 2180 853 1.
2194 835 2220 859 4.

1386 855 1553 891 Tardiores,
1575 866 1656 893 quam
1668 858 1781 887 corbitae
1792 858 1892 888 suntin
1904 860 2053 897 tranquillo
2068 862 2144 889 mari.
2226 862 2285 891 Cic.
2301 872 2342 899 ις.
2369 865 2424 893 Att.

1307 895 1335 922 6.
1359 893 1508 923 Corbitane
1517 894 1605 923 Patras
1616 916 1624 927 ,
1645 904 1679 923 an
1690 896 1848 925 arftuariolis
1858 897 1892 925 ad
1904 896 2103 935 Leucopetram
2113 899 2346 930 Tarentinorum:
2369 904 2395 931 ἃ
2406 902 2426 931 si

1307 932 1430 960 oneraria
1441 954 1448 966 ‚
1469 932 1596 961 statimne
1606 932 1676 961 freto
1688 954 1695 966 .
1717 943 1751 962 an
1760 933 1903 970 Syracusis.

1305 968 1448 998 Corbitam
1460 970 1526 999 dare
1536 991 1544 1004 ‚
1568 970 1678 999 videtur
1692 970 1776 1000 Plaut.
1799 972 1860 1000 vice
1871 972 2009 1008 proverbii
2025 973 2168 1011 protulisse
2178 995 2186 1010 ‚
2208 984 2259 1012 pro
2276 975 2425 1014 Negligen.

1325 1012 1368 1035 ter
1378 1006 1497 1043 aliquem
1508 1008 1611 1043 juvare.
1651 1008 1675 1037 Is
1685 1009 1796 1037 enimin
1808 1008 1883 1038 Poen.
1900 1019 1923 1044 3.
1939 1020 1962 1039 1.
1975 1020 2019 1045 40.
2042 1011 2088 1040 Sic
2097 1012 2135 1040 ait
2145 1033 2153 1047 ‚

1388 1044 1513 1074 Obsecro
1525 1045 1617 1074 hercle
1628 1055 1740 1083 operam
1750 1046 1876 1076 celocem
1887 1047 1959 1076 hanc
1968 1048 2037 1076 mihi
2050 1070 2059 1084 ,
2080 1058 2116 1078 ne
2127 1049 2263 1080 corbitam
2274 1051 2346 1081 date.

1308 1081 1422 1111 Corbita
1433 1083 1499 1112 cibi.
1523 1083 1607 1111 Plaut.
1621 1083 1678 1113 Cas.
1692 1095 1718 1118 4·
1734 1094 1756 1114 r.
1768 1093 1814 1113 20.

1401 1120 1473 1149 Novi
1490 1121 1608 1155 egoillas
1622 1122 1716 1151 ambas
1727 1122 1853 1157 altrices,
1877 1122 2013 1152 corbitam
2023 1123 2080 1152 cibi

1371 1195 1377 1201 .
1401 1157 1529 1186 Comesse
1538 1158 1660 1195 possunt.
1743 1156 1887 1189 Corbitam
1898 1161 2160 1199 cibiinterpretatur
2168 1162 2327 1196 Turnebus.
2349 1164 2427 1195 One.

1326 1205 1424 1224 ranam
1435 1197 1498 1224 cibo
1508 1197 1637 1225 refertam
1650 1218 1657 1231 ‚
1682 1203 1713 1226 ut
1726 1197 1825 1226 Cicero
1837 1207 1934 1227 navem
1947 1200 2004 1227 auri
2026 1201 2051 1228 &c
2072 1199 2156 1236 paleae
2175 1201 2253 1229 dixit.
2296 1203 2324 1230 ln
2345 1204 2429 1232 editis

1327 1233 1394 1262 falso
1405 1233 1505 1269 legitur
1515 1234 1660 1263 Corbitant
1671 1235 1726 1264 ubi.
1749 1236 1819 1264 Nam
1832 1235 1973 1265 Corbitare
1985 1236 2101 1265 verbum
2119 1236 2277 1267 inusitatum
2289 1242 2314 1268 ὅ(
2324 1241 2432 1269 inaudi-

1327 1277 1389 1300 tum
1400 1271 1446 1300 est.
1486 1271 1614 1301 Restituit
1625 1272 1787 1308 Turnebus,
1808 1280 1981 1311 repugnante
1997 1273 2134 1311 Scaligero
2144 1276 2178 1303 ad
2192 1275 2242 1309 seq.
2258 1277 2310 1305 loc.
2325 1278 2402 1307 Festi.

1272 1308 1295 1338 C
1305 1312 1417 1337 onufr
1428 1319 1444 1337 0
1455 1319 1487 1343 R.
1507 1310 1572 1339 oris.
1595 1319 1632 1340 m.
1661 1311 1778 1340 Saltator
1787 1310 1832 1340 vel
1842 1318 1990 1341 cernuator
2000 1313 2029 1340 in
2045 1312 2144 1341 funere
2158 1313 2341 1351 simpludario.
2384 1316 2432 1345 Fe.

1309 1346 1365 1376 stus
1377 1347 1405 1375 in
1416 1346 1626 1385 Simpludiarea.
1667 1347 1765 1377 Forsan
1782 1359 1797 1378 a
1808 1348 1936 1378 Corvitor
1946 1350 2052 1378 dictum
2065 1351 2102 1379 est
2118 1372 2126 1384 ,
2147 1359 2165 1379 v
2186 1351 2213 1379 in
2235 1362 2250 1379 a
2265 1352 2346 1381 facile
2357 1363 2434 1382 coni-

1311 1391 1428 1428 mutato.
1471 1384 1534 1421 [Ita
1543 1384 1637 1423 placet
1647 1385 1786 1424 Scaligero
1795 1409 1803 1422 ‚
1824 1386 1941 1416 Dacerio
1953 1387 1994 1416 nil
2006 1394 2148 1423 mutante,
2169 1390 2216 1425 qui
2228 1389 2247 1419 F
2250 1391 2433 1421 uiianibuliim

1311 1429 1439 1460 exponit.

1271 1459 1430 1496 Coamo,
1452 1461 1524 1491 onis.
1545 1471 1582 1490 m.
1604 1461 1675 1491 Urbs
1684 1462 1786 1491 veteris
1802 1462 1882 1492 Latii.
1903 1462 1961 1492 Liv.
1976 1472 2000 1499 3.
2014 1466 2058 1492 66.

1272 1497 1397 1526 Cornu
1408 1509 1448 1527 to
1460 1520 1469 1534 ‚
1490 1499 1654 1536 Cognomen
1674 1500 1872 1530 Domitiorum.
1914 1501 2056 1530 Domitius
2079 1501 2200 1530 Corbulo
2229 1503 2258 1531 in
2275 1504 2435 1534 Armeniam

1312 1535 1406 1565 missus
1417 1537 1455 1565 est
1467 1559 1473 1571 ‚
1495 1537 1544 1566 ubi
1556 1546 1632 1574 reges
1643 1536 1779 1575 plurimos
1791 1538 1906 1572 devicit,
1929 1548 1998 1576 quos
2009 1539 2260 1578 omnessupplices‚
2281 1549 2436 1572 aureorum

1312 1573 1414 1603 liberos
1426 1574 1534 1604 obfides
1545 1574 1662 1604 Romam
1670 1575 1749 1604 mifit.
1771 1576 1866 1605 Refert
1876 1575 1943 1605 Plin.
1956 1576 2004 1605 lib.
2017 1580 2042 1606 6.
2056 1586 2115 1614 cap.
2131 1583 2156 1609 8.

1312 1612 1422 1679 ssitlglelta
1432 1613 1545 1649 quidam
1554 1612 1669 1648 hujusce
1681 1614 1802 1643 nominis
1820 1621 1989 1644 memoratur
2000 1615 2075 1653 apud
2092 1614 2191 1650 Juven.
2204 1624 2227 1651 3.
2243 1615 2297 1645 Sat.
2308 1626 2373 1653 251.
2404 1617 2438 1647 V.

1333 1660 1347 1678 c
1370 1659 1386 1678 0
1401 1657 1470 1680 ‚vet.

1274 1686 1431 1717 Conona
1443 1697 1522 1724 aus,
1542 1688 1561 1717 ii.
1583 1697 1620 1717 m.
1643 1688 1687 1718 vel
1710 1688 1969 1724 Οοῑζοῐ-ιόκοΝ,
1990 1690 2010 1719 i.
2035 1700 2061 1718 ri.
2086 1691 2255 1727 [κόρχοςίῷν]
2275 1691 2366 1721 Herba
2382 1692 2439 1729 pas-

1313 1725 1361 1754 sim
1373 1725 1506 1755 crescens.
1543 1725 1612 1755 Plin.
1624 1725 1673 1756 lib.
1685 1736 1729 1761 ²5-
1740 1736 1801 1765 cap.
1818 1735 1860 1763 η.
1883 1727 2044 1765 Anagallida
2062 1727 2145 1764 aliqui
2158 1729 2312 1758 corchoron
2327 1737 2439 1759 vocant.

1313 1763 1549 1793 Corchorusinter
1559 1763 1641 1793 olera.
1681 1764 1860 1794 Proverbiiim
1873 1765 1904 1793 in
1917 1765 2046 1795 homines
2054 1766 2157 1796 nullius
2166 1767 2260 1805 pretii,
2281 1768 2327 1805 qui
2345 1774 2439 1798 tamen

1313 1801 1342 1829 in
1355 1811 1470 1831 numero
1480 1801 1573 1839 aliquo
1593 1801 1720 1832 studeant
1729 1802 1831 1832 haberi.
1854 1802 1955 1833 Erasm.
1970 1804 1999 1832 in
2010 1803 2131 1834 Chiliad.

1277 1838 1512 1875 Contentum,
1534 1839 1565 1869 ln
1586 1849 1664 1868 coa.

1273 1877 1324 1906 Co
1333 1887 1350 1905 a
1359 1881 1426 1906 οἴνα
1435 1887 1455 1906 A
1464 1899 1473 1912 ,
1494 1887 1524 1907 ae.
1546 1878 1564 1907 f.
1587 1876 1741 1913 [Kr‘exvqso]
1762 1878 1848 1908 Maris
1859 1879 1988 1908 Adriatici
1999 1879 2086 1908 insula
2098 1879 2169 1908 inter
2185 1879 2298 1918 Epirum
2318 1882 2343 1911 δι
2356 1881 2440 1912 Cala-

1315 1915 1402 1944 briam
1418 1915 1480 1951 {ita‚
1504 1915 1648 1944 Alcinoi&
1660 1915 1802 1946 Piiaeacum
1820 1917 1970 1951 memoria,
1992 1925 2051 1946 tuni
2070 1918 2097 1947 δι
2115 1917 2214 1955 Ulyss’is
2229 1919 2385 1956 naufragio.
2410 1921 2438 1949 ἃ.

1314 1952 1458 1982 hortorum
1480 1953 1588 1982 Alcinoi
1604 1953 1676 1983 fama
1697 1953 1850 1983 clarissima.
1892 1955 2061 1984 Venetorum
2084 1955 2122 1984 est
2142 1956 2227 1985 hodie
2236 1978 2244 1992 ‚
2266 1964 2438 1995 vocaturque

1315 1990 1400 2028 vulgo
1412 1990 1486 2020 Italis
1498 1991 1585 2027 Corfic.
1627 1991 1715 2026 Hujus
1724 1992 1871 2027 meminit,
1893 1992 1966 2029 Virg.
1979 2001 2004 2028 3.
2026 1993 2088 2023 AEn.
2100 2002 2164 2029 ²91·

1409 2027 1535 2058 Protinus
1549 2029 1636 2058 aerias
1648 2029 1790 2059 Phaeacum
1802 2030 1997 2060 abscondimus
2008 2040 2084 2060 arces
2094 2052 2103 2067 ‚

1409 2065 1555 2103 Litoraque
1579 2067 1656 2103 Epiri
1666 2066 1801 2104 legimus,
1827 2070 1878 2097 stc.
1974 2069 2068 2097 Aerias
2089 2077 2165 2098 arces
2183 2068 2330 2098 Piiaeacum
2346 2091 2354 2104 ‚
2375 2068 2444 2098 Cor-

1317 2113 1410 2140 cyram
1431 2105 1542 2141 (inquit
1551 2104 1683 2140 Servius)
1707 2105 1823 2134 insulam
1832 2106 1921 2140 dicit.
1942 2105 2018 2136 sitam
2029 2106 2100 2135 inter
2114 2106 2228 2144 Epirum
2240 2108 2266 2137 ἃ
2275 2106 2443 2143 Calabriam,

1317 2141 1365 2170 ubi
1380 2142 1505 2178 regnavit
1515 2142 1655 2171 Alcinous.
1677 2142 1779 2172 Lucan.
1793 2143 1840 2172 lib.
1855 2153 1881 2177 9.
1898 2153 1941 2179 32.

1411 2180 1538 2216 Corcyrae
1547 2179 1650 2209 secreta
1665 2181 1737 2217 petit
1748 2202 1756 2216 ,
1777 2190 1810 2210 ac
1822 2181 1899 2210 mille
1909 2181 2012 2210 carinis

1408 2217 1531 2246 Abstulit.

1319 2254 1363 2285 Est
1372 2256 1399 2285 ἃ
1409 2255 1530 2293 Corcyra
1541 2254 1625 2293 Nigra
1634 2255 1831 2292 cognominata
1844 2278 1851 2291 ,
1872 2245 1964 2285 ab‘illa
1978 2255 2120 2293 superiore
2132 2255 2235 2286 diversa
2248 2279 2256 2293 ‚
2278 2266 2360 2294 quam
2375 2257 2449 2287 inter

1339 2293 1491 2322 Electridas
1504 2299 1649 2323 enumerat
1661 2293 1830 2331 Pomponius
1843 2293 1918 2324 Mela
1930 2294 1976 2322 h‘b.
1992 2303 2016 2322 2.
2031 2303 2091 2331 cap.
2105 2303 2129 2329 7.
2171 2294 2246 2323 Hinc

1284 2330 1332 2360 Co
1343 2339 1494 2360 chaffiu
1505 2341 1516 2360 s
1530 2353 1537 2365 ‚
1558 2340 1572 2359 a
1582 2353 1590 2366 ‚
1612 2341 1669 2359 um.
1692 2331 1753 2366 Adj.
1776 2331 1977 2367 [xepzvgoessson]
1999 2331 2058 2361 Cic,
2071 2334 2097 2360 6.
2113 2331 2167 2361 Att,
2179 2341 2206 2361 2.
2228 2331 2349 2360 Εὐόθειαο
2371 2331 2449 2362 Sem.

1324 2369 1416 2405 pronii
1427 2368 1489 2398 Rufi
1502 2369 1620 2405 cognovi
1631 2378 1665 2397 ex
1674 2368 1790 2406 epistola
1804 2370 1957 2407 Corcyraea.

1323 2407 1433 2436 Bellum
1443 2416 1619 2444 corcyraeum.
1642 2406 1714 2443 Nep.
1727 2416 1753 2436 2.
1766 2416 1792 2436 2.

1286 2443 1519 2479 CORDATUQ
1549 2444 1785 2473 Connociun.
1821 2444 1853 2474 ln
1875 2454 1955 2474 coa.
2028 2463 2031 2469 ·

1285 2481 1336 2511 Co
1346 2492 1362 2510 r.
1371 2493 1391 2511 n
1403 2492 1422 2511 A
1434 2491 1451 2511 c
1462 2491 1490 2510 is
1499 2492 1520 2510 M
1530 2486 1545 2510 u
1558 2491 1570 2510 s
1584 2503 1592 2516 .
1613 2482 1630 2510 i.
1654 2491 1691 2511 m.
1714 2478 1928 2517 [zoegdizximjc]
1949 2481 2110 2511 Saltationis
2132 2483 2170 2512 est
2191 2481 2295 2520 species
2305 2505 2313 2518 ‚
2337 2484 2426 2521 tui-pis
2437 2506 2446 2520 ,

1324 2519 1549 2556 indecentisque:
1571 2529 1635 2548 nam
1646 2518 1821 2548 saltationum
1831 2519 1892 2549 aliae
1901 2520 2014 2557 quidem
2034 2519 2141 2549 bellica:
2158 2519 2220 2549 sunt
2230 2543 2237 2553 .
2259 2528 2290 2549 ut
2301 2523 2446 2558 pyrrhica:

1325 2557 1470 2587 nonnullae
1486 2567 1552 2586 vero
1565 2556 1751 2591 ridiculariae.
1771 2558 1872 2594 quibus
1890 2558 1977 2587 modo
1998 2557 2165 2586 conciliatur
2187 2557 2262 2587 risus.
2303 2559 2338 2588 lis
2353 2566 2449 2589 autem

1326 2603 1442 2625 utuntur
1452 2597 1480 2624 in
1491 2595 1627 2624 conviviis
1637 2595 1794 2625 &theatris
1816 2596 1998 2632 Harpocratio
2011 2605 2087 2629 vero,
2111 2596 2139 2623 in
2148 2596 2233 2625 verbo
2246 2596 2449 2633 Cordacismus,

1324 2635 1407 2669 cujus
1418 2633 1546 2662 meminit
1556 2633 1586 2661 in
1598 2632 1758 2670 Philippicis
1776 2633 1977 2662 Demosthenes
1988 2655 1995 2667 ,
2013 2633 2121 2662 Cordax
2143 2634 2233 2670 inquit
2244 2656 2251 2664 .
2274 2636 2389 2664 comicae
2403 2634 2451 2663 sai-

1326 2672 1440 2701 tationis
1451 2671 1489 2701 est
1505 2670 1610 2709 species
1623 2692 1631 2706 ‚
1652 2670 1730 2700 sicuti
1740 2671 1916 2701 Aristoxenus
1926 2672 2010 2700 tradit
2026 2671 2055 2699 in
2068 2670 2141 2700 libro
2153 2671 2188 2700 da
2203 2671 2355 2701 Saltatione
2372 2673 2453 2709 tragi-

1329 2720 1370 2740 ca.
1392 2709 1423 2739 V.
1446 2708 1511 2738 Cael.
1527 2709 1616 2746 Antiq.
1636 2708 1706 2738 Leo.
1729 2708 1778 2738 lib.
1795 2719 1818 2744 ς.
1836 2719 1897 2746 cap.
1910 2721 1935 2744 4.
1963 2708 2056 2738 Scliol.
2081 2709 2211 2746 Aristoph.
2233 2710 2268 2738 ad
2286 2709 2352 2739 Nub
2385 2720 2447 2745 ς4ο.

1328 2748 1437 2777 Petron.
1459 2756 1523 2784 cap.
1541 2756 1582 2781 52.
1607 2746 1684 2775 Adde
1694 2756 1754 2783 quae
1765 2746 1844 2784 supra
1856 2747 1884 2775 in
1896 2756 1938 2776 co
1949 2756 1975 2781 R,
1985 2756 2033 2784 per
2043 2746 2274 2784 imprudentiam⁷
2283 2749 2368 2785 polita
2380 2748 2452 2778 sunt.

1292 2786 1314 2816 C
1325 2795 1341 2815 o
1350 2796 1365 2814 R
1377 2795 1394 2814 n
1404 2794 1414 2813 i
1425 2796 1440 2813 L
1450 2795 1458 2813 i
1469 2794 1485 2813 o
1495 2806 1503 2819 ‚
1528 2783 1710 2821 Philosophus
1718 2784 1829 2814 Stoicus
1843 2784 2024 2822 Pergamenus
2033 2805 2041 2819 ‚
2063 2785 2187 2813 omnium
2201 2786 2360 2823 principum
2370 2795 2402 2814 ac
2412 2795 2454 2814 re-

1329 2833 1395 2861 guni
1407 2822 1541 2851 amicitias
1549 2822 1703 2860 spernebat.
1724 2822 1809 2852 Hunc
1823 2822 1892 2851 Cato
1902 2820 2034 2851 Uticensis
2047 2821 2075 2850 iri
2089 2821 2287 2851 Macedoniam
2298 2832 2362 2853 cuin
2375 2833 2455 2852 cxer-

1330 2862 1388 2891 citu
1399 2860 1492 2889 missus
1507 2881 1515 2895 ‚
1535 2860 1665 2897 precibus
1679 2867 1826 2889 exoratum
1842 2861 1872 2888 in
1888 2860 1972 2889 castra
1985 2859 2078 2901 secum
2092 2860 2172 2888 duxit
2183 2881 2190 2894 ‚
2212 2870 2339 2897 magnam
2362 2860 2388 2890 se
2404 2871 2455 2897 pu.

1329 2906 1389 2929 tans
1398 2898 1515 2935 adeptus
1527 2897 1648 2935 palmam
1658 2919 1666 2932 ‚
1688 2898 1734 2934 qui
1745 2898 1893 2927 hominem
1904 2897 2100 2927 severissimum
2114 2906 2129 2927 e
2140 2896 2275 2927 sententia
2285 2899 2454 2929 dimovisset.

1330 2936 1464 2965 Volaterr.
1481 2935 1530 2964 lib.
1543 2945 1585 2969 14.

1294 2975 1513 3008 Cosmum,
1535 2973 1579 3002 vel
1597 2972 1716 3002 Cordila.
1757 2973 1789 3003 In
1811 2983 1957 3003 couniri.
1969 2982 1997 3002 A.

1295 3013 1317 3042 C
1326 3022 1342 3041 o
1352 3022 1367 3040 R
1376 3023 1394 3040 n
1403 3014 1420 3040 ῠ
1430 3022 1444 3039 s
1455 3021 1474 3040 A
1485 3032 1493 3045 ,
1516 3012 1531 3048 [
1543 3008 1669 3047 Κοξόύξη]
1691 3011 1798 3040 Baeticae
1807 3009 1947 3048 Hispaniae
1957 3010 2020 3040 urbs
2030 3009 2175 3040 ciariffima
2190 3032 2198 3047 ‚
2219 3010 2357 3048 utriusque
2372 3011 2457 3041 Sene-

1332 3060 1373 3080 cae
1384 3051 1409 3080 &
1420 3049 1522 3078 Lucani
1537 3049 1631 3086 patria.
1657 3048 1775 3078 Nlartial.
1791 3060 1813 3078 i.
1826 3052 1871 3078 62.

1428 3087 1558 3123 Duosque
1568 3087 1688 3116 Senecas
1700 3108 1707 3121 ‚
1730 3088 1902 3124 unicumque
1914 3085 2058 3115 Lucanum

1427 3122 1558 3154 Facunda
1568 3124 1688 3161 loquitur
1697 3124 1836 3154 Corduba.
1919 3124 2030 3153 Nomen
2042 3123 2126 3152 etiam
2136 3131 2212 3152 nunc
2221 3123 2330 3153 retinet.
2362 3124 2381 3153 A
2392 3123 2459 3153 Cor-

1335 3162 1426 3197 duba,
1448 3162 1633 3191 Cordubensis
1645 3169 1800 3191 conventus
1808 3162 1908 3191 dicitur
1921 3161 2008 3190 Plinio
2019 3183 2026 3196 ‚
2049 3166 2079 3190 ut
2089 3161 2252 3198 Astigitanus
2270 3163 2296 3190 &
2316 3161 2460 3198 Hispalen-

1335 3201 1385 3235 sis,
1406 3210 1420 3229 a
1433 3199 1585 3229 clarissimis
1599 3200 1727 3237 oppidis,
1749 3202 1774 3229 &
1786 3206 1897 3236 quartus
1910 3199 2071 3228 Gaditanus.
2109 3197 2294 3228 Cordubensis
2313 3201 2370 3237 agr-i
2382 3199 2460 3230 serti-

1336 3239 1398 3268 litas
1408 3260 1415 3273 ‚
1439 3239 1465 3267 δι
1475 3238 1552 3266 dives
1564 3238 1656 3266 cultus
1666 3237 1843 3274 scriptoribus
1858 3237 1992 3265 laudatur.
2015 3235 2062 3265 Sil.
2074 3235 2122 3264 lib.
2140 3245 2164 3272 3.
2179 3245 2244 3271 401.

1428 3275 1489 3304 Nec
1502 3275 1587 3304 decus
1599 3275 1722 3304 auriferae
1738 3274 1850 3304 cessavit
1859 3274 1990 3303 Corduba
2001 3280 2087 3302 terrae.

1298 3313 1401 3379 Copia
1411 3322 1454 3342 UB
1464 3322 1563 3342 EN81S
1574 3335 1582 3349 ‚
1604 3322 1628 3342 e.
1651 3312 1720 3342 Plin.
1737 3322 1761 3349 3.
1779 3322 1802 3341 r.
1824 3312 1986 3342 Conventus
2004 3309 2197 3341 Cordubensis.
2216 3311 2292 3340 conf.
2306 3311 2376 3340 Hirt.
2389 3311 2459 3343 Bell.

1338 3353 1356 3380 A
1370 3359 1412 3380 ex.
1424 3360 1455 3380 ca
1479 3373 1485 3380 .
1537 3372 1543 3379 .

1296 3388 1320 3418 C
1330 3398 1346 3417 o
1356 3398 1372 3416 R
1381 3399 1400 3417 D
1411 3398 1427 3416 u
1438 3361 1488 3416 Lpffi
1497 3359 1627 3421 ‚57Portus
1638 3386 1862 3424 Themiscyrenae
1872 3387 1992 3423 regionis
2003 3408 2010 3421 ‚
2031 3386 2067 3415 de
2085 3395 2139 3423 quo
2155 3385 2221 3414 Plin.
2240 3385 2286 3415 lib.
2299 3389 2325 3416 6.
2339 3396 2400 3424 cap.
2413 3397 2440 3421 4.

1300 3427 1322 3456 C
1333 3436 1349 3455 ο
1360 3436 1374 3454 a
1383 3436 1400 3454 D
1411 3436 1428 3454 υ
1439 3436 1450 3455 s
1459 3447 1468 3461 .,
1490 3426 1655 3463 Cognomen
1667 3425 1825 3454 Romanum
1837 3446 1844 3459 ,
1867 3425 1943 3461 quod
1967 3425 2006 3454 Ex
2017 3424 2082 3453 casu
2100 3423 2272 3452 nascentium
2285 3426 2402 3454 tractum
2414 3425 2465 3453 do-

1338 3470 1383 3493 cet
1393 3463 1513 3500 Quintil.
1525 3463 1573 3491 lib.
1588 3473 1609 3492 r.
1624 3472 1684 3499 cap.
1696 3474 1721 3496 4·
1745 3463 1779 3490 de
1793 3471 1847 3498 quo
1858 3463 1965 3498 egimus
1977 3463 2006 3490 in
2022 3471 2041 3490 c
2050 3470 2069 3489 n
2078 3470 2095 3488 o
2105 3471 2119 3489 s
2130 3471 2149 3489 r>
2159 3471 2176 3489 u
2187 3470 2207 3490 s.

1335 3501 1568 3531 ValeriusCordus
1580 3501 1652 3529 inter
1659 3506 1842 3538 praeceptores
1852 3500 2000 3529 Alexandri
2010 3499 2133 3528 iriamaeae
2141 3499 2309 3528 nominatur.
2317 3498 2460 3538 Lamprid.

1357 3549 1388 3568 ca
1412 3561 1418 3567 .
1450 3561 1455 3566 .

1337 3548 1446 3606 Corrduzs
1457 3577 1524 3604 item
1535 3574 1692 3605 Cremutius
1701 3574 1871 3604 declamator
1883 3573 1986 3604 nobilis
1996 3574 2047 3603 fm't
2056 3595 2064 3609 ‚
2084 3573 2164 3609 cujus
2173 3573 2301 3602 meminit
2312 3572 2448 3611 Tranquil
2456 3593 2468 3599 -

1358 3615 1401 3643 lus
1413 3615 1441 3642 in
1458 3612 1582 3649 Caligula
1601 3622 1660 3650 cap.
1677 3616 1717 3640 16.

1340 3652 1404 3682 Fuit
1419 3649 1540 3680 &AEiius
1554 3650 1659 3679 Cordus
1674 3649 1835 3683 historicus,
1856 3650 1904 3685 qui
1920 3648 2123 3686 imperatorum
2135 3649 2204 3678 vitas
2219 3648 2378 3687 conscripsit
2388 3672 2396 3684 ‚
2418 3649 2463 3678 cui

1361 3690 1428 3718 vitio
1440 3689 1554 3716 vertitur
1564 3708 1572 3721 .
1593 3688 1668 3723 quod
1678 3697 1774 3716 eorum
1787 3687 1833 3722 qui
1848 3687 2019 3716 obscuriores
2028 3686 2114 3715 effent
2135 3687 2252 3715 minima
2273 3687 2356 3715 etiam
2377 3687 2465 3724 perse-

1361 3733 1497 3764 queretur.
1537 3723 1610 3753 Nam
1632 3725 1743 3760 quando
1763 3724 1941 3761 processerit,
1963 3724 1988 3753 Sc
2007 3724 2119 3760 quando
2139 3725 2217 3754 cibos
2236 3724 2397 3759 variaverit,
2419 3730 2466 3752 aut

1360 3764 1470 3802 quoties
1478 3762 1578 3791 vestem
1590 3763 1738 3791 mutaverit
1748 3783 1756 3796 ‚
1777 3761 1841 3790 sane
1852 3771 1904 3790 nec
1914 3762 1948 3790 de
1959 3761 2110 3790 clarissimis
2121 3762 2246 3799 notisque
2261 3763 2325 3790 viris
2343 3770 2465 3790 comme-

1361 3800 1526 3831 morandum
1538 3800 1583 3828 est.
1607 3801 1707 3828 Austor
1716 3798 1833 3836 Capitol.
1844 3800 1872 3827 in
1884 3798 1964 3828 Clod.
1977 3798 2036 3829 Alb.
2051 3808 2112 3836 cap.
2125 3809 2150 3835 ς.
2163 3802 2189 3829 8(
2202 3800 2348 3829 Maximin.
2365 3808 2407 3828 12.

1305 3841 1454 3870 Coanus
1468 3859 1476 3872 ,
1497 3847 1532 3872 a,
1557 3847 1612 3865 um.
1637 3838 1697 3872 Adj.
1721 3837 1750 3865 V.
1772 3846 1956 3866 cnoanus.

1306 3880 1355 3908 Co
1367 3887 1382 3905 ii
1393 3887 1410 3905 o
1420 3879 1439 3905 ἶ*
1449 3885 1493 3902 LA
1504 3896 1512 3909 ‚
1543 3874 1597 3903 sive
1619 3874 1639 3902 C
1650 3884 1691 3902 os
1702 3883 1795 3903 nisti.
1805 3884 1823 3902 A
1836 3896 1844 3908 ,
1866 3884 1896 3903 re.
1919 3874 1938 3903 f.
1968 3871 2118 3910 [κοξὸύλη]
2149 3874 2226 3903 Piscis
2246 3875 2367 3902 minutus
2377 3894 2385 3908 ‚
2419 3874 2465 3908 qui

1344 3915 1436 3944 Partus
1448 3912 1619 3948 thynnorum
1631 3912 1742 3941 dicitur.
1782 3911 1852 3941 Plin.
1866 3911 1914 3942 lib.
1927 3922 1953 3946 9.
1966 3921 2026 3949 cap.
2041 3921 2083 3947 15.
2115 3912 2229 3941 Limosae
2247 3915 2364 3948 cordyla:
2378 3910 2467 3976 alluto

2352 3957 2388 3986 pe
2402 3957 2470 3978 aiiii-
