2604 4222
748 108 771 143 P
868 107 903 141 H

213 193 232 223 A
242 203 256 221 Ρ
265 202 285 221 Η
296 203 318 222 ae
330 202 348 221 A
360 214 368 226 ‚
390 201 420 220 ae.
438 193 457 221 f.
487 193 598 222 Nomen
611 192 703 220 Dianae
712 213 719 225 ,
740 189 789 218 sub
801 199 855 225 quo
866 187 939 226 apud
950 186 1089 227 AEginetas
1102 182 1176 212 culta
1187 183 1249 212 fuit.
1285 181 1375 220 Virgi-

250 230 304 259 lius
316 252 324 265 ,
346 231 357 265 (
371 229 415 259 vel
425 231 548 267 quisquis
560 232 654 259 auctor
666 228 729 263 est)
751 228 779 256 in
791 227 845 255 Ciri
857 236 882 255 v.
896 234 956 267 30³:
981 224 1015 252 ad
1026 223 1143 251 Dianam
1154 243 1162 256 ,

409 278 558 296 ——·nomc:n
572 268 678 304 Aphaeae
759 264 877 299 Virginis
895 263 1054 299 adhgnant,
1078 261 1135 301 ἃς..
1170 257 1292 301 consule,
1313 267 1375 294 quae

253 305 375 342 Scaliger
383 306 526 334 adnotavit
536 327 542 339 ,
564 306 609 333 cui
620 305 703 332 etiam
716 302 796 338 hujus
807 301 928 330 nominis
942 322 950 334 ,
972 306 1117 336 perperam
1129 306 1160 325 in
1176 295 1251 325 libris
1278 295 1377 333 depra-

255 344 309 372 vati
324 365 331 378 ,
350 343 548 371 restitutionem
560 342 702 372 debemus.
1103 371 1108 376 ¹
1181 371 1186 376 ⁸
1209 371 1214 376 .
1231 371 1236 377 ¹

221 381 239 411 A
249 391 263 409 P
273 391 291 409 H
302 391 319 409 A
332 391 349 409 N
360 391 377 409 N
388 391 411 409 fe
421 403 428 411 .
457 383 471 416 [
485 382 599 411 Ἀίυίννιᾳ
615 380 627 415 ]
651 378 736 407 Locus
746 384 810 410 erat,
824 381 854 404 ut
865 373 1022 411 Stephanus
1039 371 1123 400 tradit
1135 392 1143 404 ,
1159 370 1272 406 Siciliae,
1293 370 1377 400 vehe-

258 426 366 447 menter
382 418 511 447 obscurus
523 420 548 447 δέ
559 417 704 453 ignobilis,
730 415 804 443 unde
816 414 841 442 St
856 421 960 440 nomen
978 409 1131 452 addudtum
1140 415 1262 452 apparet.
1302 408 1377 437 Hinc

259 464 352 486 natum
366 456 543 493 proverbium
555 477 562 489 ,
585 466 595 481 n
613 457 641 480 εἰς
656 454 778 485 abeo-Lim,
803 450 892 479 Autin
907 448 1067 487 Aphanms:
1093 447 1128 476 de
1139 454 1262 481 incertis,
1277 447 1304 475 δι
1316 456 1377 483 quae

259 503 394 530 nusquam
411 494 481 522 sunt.
522 492 552 521 V.
576 491 674 521 Erasm.
693 488 810 519 Chilizid.
851 524 856 529 ¹
1073 522 1079 528 ⁶
1199 522 1204 527 Ι
1359 521 1364 527 .

221 532 243 562 Λ
252 541 266 560 p
276 542 295 560 H
304 543 326 560 ,ιε
338 542 351 559 a
362 533 377 560 ὲ
387 541 437 560 315
446 553 454 565 ,
475 531 493 559 f,
516 532 530 565 [
545 526 667 564 ἀφαλξεαις
683 528 697 561 ]
718 526 786 555 verti
800 525 896 553 Latine
906 523 995 561 potest
1004 521 1131 551 Abscissio
1145 531 1152 551 :
1175 521 1273 564 Figura
1284 521 1322 550 est
1337 521 1378 564 d1-

260 570 370 602 (tionis,
382 569 416 596 de
427 578 479 605 qua
488 568 521 595 lic
532 566 691 600 Diomedes,
704 562 858 601 Aphaerelis,
870 562 908 590 est
921 561 1022 590 ablatio
1033 561 1068 589 de
1078 560 1218 597 principio
1233 560 1377 602 dic'tionis,

260 607 395 636 contraria
404 605 528 638 Prothesi,
544 613 628 639 quum
638 608 685 632 aut
694 600 773 630 litera
784 605 956 638 amputatur:
979 604 1027 628 aut
1033 597 1134 635 syllaba
1144 598 1273 640 aufertur.
1305 596 1378 626 Lite-

259 655 287 674 i'a
302 655 309 679 3
331 651 361 673 ut
372 665 379 677 ,
402 642 567 672 Ruitoinnia
579 641 632 669 late
642 663 649 675 ,
672 649 722 677 pro
733 639 818 667 Eruit.
859 637 986 674 Syllaba3
1007 643 1038 666 ut
1048 636 1188 666 Teinnere
1202 636 1281 665 divos
1292 656 1301 671 ,
1323 645 1376 673 pro

260 682 465 715 Contemnere,
488 682 513 708 S<
525 701 532 713 ,
554 679 689 715 Linquere
704 676 787 715 castra
799 698 807 711 ,
828 685 879 713 pro
895 675 1070 718 Reli-nquere.
1137 711 1142 717 ¹

224 720 243 749 A
257 730 269 748 Ρ
279 725 345 748 ΗᾸΡ.
357 729 368 746 Ρ,
381 729 418 747 us
429 740 437 753 ,
459 716 551 754 trisyll.
573 717 586 751 [
602 716 720 750 Ἀφαρεὺς
735 715 749 749 ]
770 714 845 742 Pater
857 712 975 756 Lyncei,
997 722 1012 741 a
1026 722 1081 749 quo
1091 711 1152 747 AdJ.

223 759 243 787 A
253 768 267 785 i>
276 767 294 786 H
304 767 323 785 A
332 767 346 784 R
355 759 370 784 Ξ
379 757 390 784 ἴ
399 766 414 784 υ
426 765 438 784 s
449 777 456 790 ,
478 762 527 789 ut,
549 753 681 791 Aphareia
700 752 800 790 proles.
823 751 905 780 Ovid.
918 756 943 784 8.
956 750 1025 780 Met.
1041 759 1115 793 304.-

223 796 242 824 A
252 805 266 822 Ρ
276 804 295 823 Η
306 804 323 822 A
335 804 350 822 P.
362 803 374 821 s
384 803 401 821 u
411 802 422 821 s
437 814 444 827 .
466 793 499 821 ei.
523 802 558 820 m.
582 791 698 820 Pinnula
713 791 750 819 est
761 789 808 818 sub
821 796 917 817 ventre
929 788 1028 826 thynni
1038 788 1178 822 soeminae,
1201 796 1262 824 quae
1272 784 1376 815 mascu-

259 832 287 861 lo
299 832 381 860 deest.
423 830 527 859 Author
540 829 644 858 Aristot.
666 828 716 857 lib.
732 839 755 863 ς.
776 827 888 857 deffist.
1213 862 1218 867 ⁸
1233 862 1238 867 ¹

222 871 242 899 A
253 880 266 898 Ρ
279 879 296 897 Η
309 880 321 897 r.
333 879 348 897 o
360 879 377 896 A
387 878 407 896 N
418 878 436 896 Τ
446 878 458 896 F.
470 878 481 896 s
491 890 498 901 ,
521 868 574 897 live
598 868 617 896 A
628 877 641 895 Ρ
652 876 672 895 Η
683 877 691 894 ι
702 876 720 894 D
731 876 750 894 A
761 875 781 894 N
790 875 809 894 'r
819 875 852 894 ss
864 885 871 896 ,
891 858 1074 900 [Ἀφεὶἆὶωπς
1085 861 1219 905 ].Ρορι]1ι
1231 871 1261 890 ιη
1271 860 1376 891 Molos-

259 907 291 936 fis
303 908 313 941 (ᾗ
324 907 413 942 inquit
422 905 598 941 Stephanus)
619 904 652 933 ab
663 913 726 941 rege
735 904 779 932 oui
794 902 915 946 Aphidas
927 911 1031 930 nomen
1047 900 1135 943 suerlt.
1245 936 1250 942 ·

220 946 240 974 A
251 955 265 973 Ρ
277 954 294 972 Η
305 946 320 972 Ε
329 953 341 971 s
351 954 369 972 A
380 953 402 977 s,
423 950 512 973 antos.
524 950 596 977 anta,
607 943 634 971 in
645 941 760 971 accusat.
782 942 797 977 [
813 944 920 972 'Apenas
934 940 949 973 ]
969 939 1076 968 Montis
1089 946 1193 979 nomen
1205 946 1251 972 qui
1260 936 1374 965 Nemeae

257 982 426 1018 superjacet,
449 981 497 1010 uhi
506 981 629 1009 Theseus
642 980 704 1016 Jovi
715 980 836 1017 primum
849 984 977 1015 operatus
989 976 1119 1006 creditur.
1141 975 1239 1004 Dictus
1246 975 1280 1004 ab
1290 974 1374 1004 heroe

257 1020 302 1049 cui
310 1019 427 1057 Aphesas
438 1029 541 1047 nomen
553 1025 618 1048 erat.
657 1018 759 1047 Statius
773 1026 795 1052 3.
813 1016 903 1045 Theb.

336 1057 421 1086 Mons
439 1064 496 1085 erat
511 1057 610 1086 audaci
626 1055 753 1085 seductus
774 1056 803 1083 in
819 1054 920 1082 aethera
936 1051 1035 1095 dorso,

334 1095 459 1124 Nomine
478 1094 582 1123 Lernaei
604 1099 760 1123 memorant
776 1091 928 1130 Aphesanta
942 1089 1058 1124 colom,

335 1132 472 1162 Gentibus
489 1132 622 1169 Argolicis
637 1132 704 1160 olim
723 1130 805 1159 sacer.

217 1172 262 1201 ΛΡ
272 1181 292 1200 11
302 1181 316 1200 iz
325 1180 345 1199 Τ
354 1182 378 1199 AE
387 1192 394 1205 ,
416 1172 430 1206 [
445 1167 548 1203 ’Aepwm‘
562 1171 577 1205 ]
599 1169 701 1198 Civitas
712 1169 750 1197 est
761 1166 904 1205 Magnesiae
914 1166 990 1199 iuxta
997 1163 1117 1208 Pagasas,
1128 1164 1219 1209 Plierae
1228 1163 1373 1203 pelasgicae

254 1209 428 1246 emporium:
451 1208 486 1236 sic
498 1208 586 1244 dista,
610 1207 683 1245 quasi
695 1205 792 1236 Emiffa
803 1228 811 1240 ,
836 1205 901 1242 quia
911 1203 978 1233 hiric
987 1202 1075 1232 emissi
1083 1203 1188 1232 fuerint
1197 1204 1371 1241 Argonautae.

274 1246 351 1275 trabo
374 1247 409 1275 ib.
443 1269 449 1275 .
475 1246 521 1274 Ste
545 1246 570 1275 h.

253 1246 516 1323 {phetcelastrglogis
525 1256 588 1313 sunt
598 1284 739 1312 Annorum
752 1280 950 1314 distributores,
972 1280 1024 1309 &a
1056 1277 1088 1308 V.
1099 1277 1165 1308 Cael.
1176 1277 1269 1322 Rhod.
1284 1287 1328 1307 21.
1347 1290 1371 1314 ς,

215 1323 236 1353 A
245 1333 260 1351 Ρ
270 1332 289 1351 Η
300 1332 313 1351 13
322 1332 342 1351 T
351 1332 365 1351 E
375 1332 391 1350 R
400 1331 435 1350 1A
448 1343 456 1357 ,
478 1322 493 1357 [
507 1320 627 1357 οἰφεπὲςικ
642 1322 657 1356 ]
678 1320 765 1349 Graeci
780 1319 878 1348 dicunt
888 1317 1017 1347 Carceres
1036 1317 1112 1345 unde
1127 1326 1192 1353 equi
1208 1323 1373 1346 emittuntur

252 1360 288 1390 ad
298 1359 414 1389 cursum.
454 1359 525 1388 Sunt
544 1361 570 1389 &
590 1358 736 1396 Apheteria
746 1379 754 1392 ,
775 1358 806 1386 ιη’
827 1356 939 1393 (inquit
957 1354 1055 1384 Suidas
1067 1355 1079 1391 )
1100 1354 1212 1392 Organa
1230 1355 1266 1384 ad
1286 1365 1374 1393 expu-

253 1399 376 1436 gnandas
395 1396 476 1426 urbes
491 1396 711 1427 accommodata.
927 1430 932 1436 Ι
984 1430 990 1436 ·
1100 1430 1104 1436 ,
1191 1430 1197 1436 .
1313 1431 1318 1437 ¹
1341 1431 1346 1436 ι

215 1437 237 1466 A
245 1446 260 1465 Ρ
269 1446 289 1464 Η
298 1446 312 1465 Ε
322 1446 341 1464 Τ
350 1445 363 1464 E
373 1445 384 1464 s
396 1457 403 1470 ,
436 1444 466 1464 ae.
489 1445 525 1463 ni.
548 1436 564 1471 [
578 1434 669 1467 οἰφιίτκς
685 1434 700 1468 ]
720 1432 836 1470 Signum
847 1431 916 1461 dans
925 1440 954 1459 1n
965 1440 1040 1460 circo
1051 1430 1212 1460 emittendis
1224 1430 1370 1468 quadrigis.

253 1474 284 1503 V.
305 1472 415 1503 Salmas.
427 1474 455 1502 in
465 1472 551 1502 Solin.
571 1472 588 1502 f.
605 1474 666 1507 516.
689 1471 714 1500 b.
1047 1506 1052 1512 -
1098 1506 1104 1511 .

213 1512 306 1542 ΑΡΗΕ
317 1521 336 1540 Τ
346 1522 355 1540 1
366 1521 383 1540 c
394 1521 411 1539 u
421 1520 446 1545 s,
468 1520 483 1539 a
493 1532 501 1545 ,
529 1520 587 1539 um.
610 1511 625 1545 [
640 1506 751 1540 οἰφεπιώς
768 1508 782 1543 ]
804 1512 854 1541 ut,
874 1505 948 1535 Loca
959 1505 1087 1543 aphetica
1096 1516 1127 1535 in
1137 1505 1243 1536 coelesti
1253 1506 1371 1545 templo,

252 1549 327 1578 unde
338 1547 450 1578 vitalem
461 1548 632 1585 auspicamur
649 1545 804 1575 decursum.
828 1544 893 1574 Cael.
907 1543 1000 1587 Rhod.
1013 1554 1057 1573 21.
1071 1555 1094 1579 5.

211 1588 233 1618 A
241 1598 256 1616 Ρ
265 1597 285 1616 Η
293 1597 307 1616 u
315 1596 335 1615 ‘r
344 1596 361 1616 o
370 1596 386 1615 R
396 1608 404 1622 ,
427 1587 442 1621 [
455 1587 568 1620 Ἀφήτιυς
583 1585 596 1620 ]
625 1583 742 1622 Delphis
754 1584 876 1620 quinque
888 1582 1035 1620 pontifices
1055 1591 1105 1619 per
1114 1591 1228 1612 omnem
1239 1583 1324 1612 vitam
1334 1583 1374 1612 sa.

249 1625 289 1655 cri
299 1631 386 1659 erant,
398 1624 445 1659 qui
456 1620 524 1650 O'em
536 1623 614 1658 dieti,
625 1631 743 1660 quorum
756 1621 861 1659 primus
871 1620 917 1658 qui
927 1619 1043 1648 hostiam
1054 1619 1226 1655 immolabat,
1242 1620 1368 1651 Hositer:

249 1664 296 1700 qui
307 1672 371 1691 vero
380 1661 481 1690 edebat
490 1660 767 1698 oraculum,Aphetor
779 1658 933 1696 nuncupati
945 1657 1022 1687 sunt:
1034 1658 1079 1701 qui
1091 1667 1147 1687 una
1156 1667 1220 1687 cum
1229 1658 1372 1697 phrophe-

249 1702 284 1730 tis
292 1700 365 1729 sacra
371 1699 494 1733 obibant,
505 1700 666 1734 divinasque
674 1697 865 1736 praedictiones
876 1698 902 1726 Sc
913 1705 1094 1732 ceremonias,
1107 1697 1134 1726 Sc
1145 1705 1201 1733 quo
1211 1696 1299 1732 cultu,
1311 1698 1371 1734 qui-

247 1739 353 1775 busque
364 1736 498 1775 exemplis
508 1737 606 1766 fierent
616 1736 698 1771 sacra,
710 1734 907 1773 praedicebant.
927 1734 994 1764 Haec
1003 1732 1080 1763 Alex.
1093 1734 1126 1764 ab
1140 1733 1216 1764 Alex.
1228 1733 1247 1764 l.
1261 1744 1287 1765 2.
1303 1745 1326 1765 c.
1340 1741 1366 1770 8.

210 1778 479 1811 APHiDANTes,
519 1774 550 1804 V.
572 1782 838 1803 APHEDANTES.

210 1816 254 1845 ΛΡ
263 1825 283 1844 Η
293 1825 301 1842 ι
311 1825 328 1842 r>
340 1823 359 1842 N
369 1824 392 1842 ΗΞ
403 1835 409 1847 ,
431 1823 518 1842 arum.
539 1814 554 1848 [
567 1811 681 1845 ''Avad‘mq
696 1811 711 1846 ]
734 1811 816 1840 Vicus
830 1809 946 1839 celebris
958 1810 1061 1839 Atticae.
1086 1809 1149 1838 Sen.
1159 1809 1276 1848 Hippoi.
1287 1821 1366 1841 v.20.

288 1852 384 1882 Parvas
400 1850 469 1880 alius
550 1849 646 1879 Calcet
661 1849 811 1887 Aphidnas.
856 1848 899 1877 Est
910 1849 936 1877 ἃ
948 1847 1004 1877 hoc
1014 1848 1130 1877 nomine
1142 1846 1370 1878 Lacedaemonio-

245 1900 306 1920 rum
319 1890 412 1918 vicus:
434 1888 656 1918 Lacedaemonias
669 1887 810 1926 Aphidnas
828 1886 949 1916 Avienus
966 1892 1063 1922 vocat,
1080 1887 1151 1916 Arat.
1172 1896 1198 1916 v.
1212 1896 1274 1924 372.
1295 1888 1368 1917 adde

244 1928 339 1966 Steph.
362 1927 398 1956 de
419 1926 546 1956 Urbibus.

207 1967 252 1998 Ae
262 1976 282 1995 H
294 1976 313 1995 N
325 1969 340 1995 Ξ
351 1975 368 1994 u
377 1975 389 1994 s
418 1965 492 1994 Mars
518 1966 532 2000 [
546 1964 653 1997 Ἀφιωὸς
669 1961 741 2000 ’Άςης
754 1963 770 1998 ]
804 1962 1018 1999 cognominatus
1033 1961 1072 1991 est
1092 1961 1123 1990 in
1135 1961 1257 1991 Arcadiae
1270 1970 1368 1993 monte

244 2003 344 2033 Cresio.
363 2003 431 2032 Inde
439 2012 503 2031 vero
513 2001 771 2031 denominationem
784 2000 893 2029 sortitus
911 2000 955 2035 (ut
964 2000 1006 2029 Te
1026 2006 1093 2029 eatae
1103 2001 1272 2033 memorant)
1290 2002 1367 2038 quod

244 2043 444 2079 cumAeropen
457 2040 562 2078 Cephei
572 2039 657 2069 filiam
671 2039 746 2069 Mars
754 2037 961 2076 compressisset,
973 2038 1001 2076 ip
1015 2048 1029 2067 a
1041 2047 1075 2067 ex
1087 2044 1166 2075 partu
1179 2038 1301 2068 interiit:
1323 2040 1367 2068 ni-

241 2080 301 2110 hilo
311 2086 405 2108 tamen
418 2079 510 2107 minus
520 2078 608 2107 infans
619 2077 757 2106 defunCtae
765 2077 846 2106 matri
855 2075 1007 2105 inhaerebat
1017 2098 1025 2111 ,
1044 2077 1070 2106 ὃς
1080 2076 1192 2114 copiose
1203 2086 1317 2106 manans
1327 2087 1364 2107 ex

243 2118 375 2147 maternis
393 2116 520 2145 mammis
530 2115 572 2145 lac
584 2122 725 2152 utcunque
743 2114 908 2151 exsugebat,
925 2114 1000 2151 quod
1013 2123 1049 2143 ex
1064 2114 1161 2143 Martis
1179 2121 1249 2144 nutu
1268 2114 1361 2145 fiebat.

242 2156 307 2192 Qua
323 2165 358 2184 ex
371 2164 399 2183 re
421 2154 495 2183 Mars
517 2154 647 2192 Aphneus
657 2175 664 2188 ,
694 2153 712 2182 i.
731 2163 755 2182 e.
787 2152 871 2182 Dives
884 2174 892 2188 ,
918 2152 1131 2189 cognominatus
1150 2152 1218 2188 fuit,
1242 2153 1268 2182 Sc
1304 2163 1363 2189 uer,

241 2194 366 2231 Aeropus
380 2202 395 2221 a
406 2193 500 2221 matris
509 2191 623 2221 nomine
632 2199 818 2229 nuncupatus.
842 2189 947 2221 Author
955 2189 1067 2220 Pausan.
1085 2190 1115 2220 in
1124 2190 1221 2220 Arcad.
1260 2191 1281 2220 A
1296 2192 1365 2220 emi-

241 2232 284 2260 nit
298 2230 363 2261 Cael.
379 2231 470 2267 Antiq.
482 2229 553 2259 Le&
564 2229 613 2258 lib.
623 2238 667 2259 20.
679 2238 793 2266 cap.25.

204 2270 225 2301 A
234 2279 277 2298 ΡΗ
287 2279 305 2298 0
316 2279 331 2297 R
343 2279 352 2296 i
362 2278 373 2297 s
382 2279 403 2296 M
413 2278 431 2297 u
441 2278 452 2297 s
462 2290 470 2301 ,
495 2269 513 2296 i.
538 2277 575 2296 m.
601 2268 616 2303 [
635 2263 772 2302 οἷΦυξιπμές
788 2267 802 2301 ]
824 2265 862 2295 est
879 2265 1003 2295 Plurium
1014 2275 1106 2295 rerum
1124 2265 1281 2296 summatim
1292 2267 1363 2297 facta

240 2307 352 2336 traditio
364 2328 373 2341 ,
394 2306 521 2343 quasique
530 2305 564 2335 ad
575 2305 697 2341 regulam
708 2305 803 2333 exacta
813 2313 904 2333 reruni
915 2304 1049 2333 doctrina.
1073 2303 1169 2334 Galen.
1187 2305 1226 2333 ait
1236 2305 1364 2343 Aphoris-

240 2355 318 2375 mum
330 2344 463 2373 doetrinae
473 2353 559 2381 genus
569 2343 622 2372 effe
633 2364 641 2378 ,
651 2342 727 2380 quod
738 2351 836 2371 omnes
852 2342 891 2371 rei
904 2342 1086 2380 proprietates
1096 2342 1260 2373 brevissimis
1271 2343 1362 2374 verbis

241 2382 440 2412 circumscribit.
901 2385 911 2398 ⁸

240 2419 418 2459 Aphorismus
428 2420 511 2453 itern,
531 2417 577 2447 vel
587 2417 750 2452 Diorismus,
768 2417 866 2454 Figura
878 2417 1027 2447 Rhetorica
1035 2417 1111 2455 apud
1119 2417 1226 2453 Julium
1238 2418 1362 2449 Rufinia-

259 2468 328 2487 num
340 2480 348 2492 ,
369 2457 572 2487 emendationis
583 2456 686 2494 species
696 2477 704 2490 ,
724 2465 784 2492 quae
795 2461 900 2484 temere
911 2456 1029 2490 dixeris,
1050 2456 1284 2493 Reprehendens:
1310 2464 1359 2493 ut,

259 2496 424 2533 Quanquam
436 2494 482 2524 illa
491 2504 548 2523 non
559 2504 644 2531 poena
657 2516 664 2529 ,
683 2493 730 2522 sed
740 2493 891 2531 prohibitio
901 2492 1009 2522 sceleris
1024 2493 1084 2522 suit.
1127 2494 1186 2523 Cic.

201 2534 223 2565 A
232 2544 246 2563 Ρ
255 2544 274 2564 Η
285 2544 302 2563 o
311 2544 324 2562 R
334 2544 355 2562 M
366 2543 379 2561 Ρ.
391 2555 399 2567 ,
422 2534 433 2569 [
448 2533 544 2567 dooere&
559 2533 573 2567 ]
595 2532 697 2561 dicitur
708 2531 827 2560 Pecunia
835 2541 895 2568 quae
906 2531 980 2569 apud
989 2532 1156 2569 argentarios
1171 2531 1233 2561 illos
1245 2534 1271 2562 ἃ
1283 2543 1362 2563 men-

238 2571 351 2601 sularios
361 2570 552 2608 deponebatur
562 2592 569 2605 ,
589 2570 634 2607 qui
644 2579 700 2598 nori
712 2575 767 2598 tarn
779 2569 960 2607 pecuniarum
969 2570 1202 2606 permutationem
1213 2580 1294 2607 quam
1303 2582 1363 2600 ma-

238 2611 328 2646 jorem
336 2609 555 2646 negotiationem
566 2607 745 2641 exercebant,
763 2606 916 2644 quibusque
930 2606 999 2636 olim
1008 2608 1092 2636 moris
1101 2614 1158 2637 erat
1171 2609 1304 2645 pecunias
1313 2619 1362 2638 cu-

239 2647 398 2678 stodiendas
411 2647 468 2675 ilari
481 2668 488 2681 ,
505 2646 641 2675 somerato
659 2645 801 2674 interdum
813 2667 821 2681 ,
837 2645 978 2674 interdum
988 2646 1116 2683 gratuitO.
1137 2646 1254 2676 Budaeus
1265 2647 1295 2676 in
1308 2649 1362 2676 An-

237 2693 297 2715 not.
309 2685 344 2714 ad
354 2684 437 2713 Pand.

200 2724 221 2754 A
233 2733 300 2752 ΡΗΡ
311 2732 434 2752 AcTuM
448 2744 456 2757 ,
477 2721 495 2750 i.
514 2730 540 2750 n.
564 2720 748 2757 [bivoyxw]
768 2719 952 2749 velAPHRA
963 2730 1075 2756 eTus,
1097 2730 1134 2750 111.
1157 2722 1195 2753 est
1210 2722 1303 2752 Genus
1314 2733 1363 2753 na-

238 2762 302 2795 vigii
312 2760 480 2797 oblongum,
502 2759 626 2796 undique
636 2766 779 2796 apertum:
803 2758 819 2787 i.
837 2768 861 2787 e.
883 2768 973 2796 neque
985 2758 1092 2796 septum
1103 2781 1111 2793 ,
1133 2769 1224 2797 neque
1237 2763 1358 2791 tectum:

238 2795 293 2836 quo
305 2799 424 2827 maxime
436 2796 584 2826 utebantur
592 2796 705 2825 Rhodii.
726 2796 784 2825 Cic.
797 2800 823 2825 6.
837 2797 890 2825 Att.
904 2801 930 2829 8.
950 2796 1011 2825 Nos
1024 2796 1197 2826 Rhodiorum
1210 2798 1360 2836 aphractis,

238 2837 398 2873 caeterisque
411 2835 501 2873 longis
513 2834 628 2863 navibus
642 2833 853 2871 tranquillitates
862 2835 1148 2871 aucupaturieramus.
1182 2836 1289 2871 Eidem,
1304 2838 1361 2866 No-

236 2875 267 2904 sti
276 2873 604 2913 aphractaRhodiorum:
626 2871 825 2909 niliilestquod
836 2871 928 2900 minus
938 2871 1054 2902 fluctum
1064 2873 1132 2901 ferre
1145 2874 1234 2911 pollit.
1262 2874 1360 2905 Eidem

235 2913 285 2942 lib.
304 2923 326 2947 ς.
345 2921 383 2949 13.
408 2911 603 2947 Navigavimus
618 2909 674 2938 sine
686 2909 785 2938 timore
797 2931 805 2944 ,
827 2910 853 2939 ἃ
870 2909 926 2938 fine
935 2909 1034 2940 nausea
1045 2933 1054 2947 ,
1075 2910 1122 2940 sed
1132 2912 1360 2951 tardiuspropter

235 2951 430 2989 aphractorum
448 2948 622 2978 Rhodiorum
641 2947 872 2976 imbecillitatem.
1265 2956 1268 2958 “

235 2989 370 3025 Aphraeta
380 3010 388 3021 ,
410 2988 425 3023 [
440 2986 559 3022 &offam
572 2986 587 3020 ]
609 2996 623 3014 u
639 2985 750 3014 Polluce
764 2984 811 3013 lib.
827 2994 852 3020 7.
864 2994 925 3022 cap.
938 2994 983 3015 22.
1015 2984 1108 3015 Calcei
1116 2985 1265 3017 muliebres
1279 2988 1357 3018 dicti.

252 3027 333 3057 Forte
345 3025 378 3055 ab
394 3025 490 3054 harum
502 3022 691 3052 navicularum
704 3022 893 3052 similitudine.

199 3065 270 3094 ΑΡΗ
282 3073 413 3093 ssA'ruri
427 3085 434 3097 ‚
465 3063 483 3092 i.
507 3071 534 3091 n.
556 3061 614 3090 Lat.
634 3060 805 3099 Spumeum,
829 3069 917 3098 genus
934 3059 1026 3095 eduli,
1049 3060 1142 3091 Ifidor.
1154 3071 1199 3092 20.
1212 3072 1239 3093 2.

199 3104 388 3136 Ar’HarCA,
427 3100 457 3130 V.
481 3107 632 3128 AFRICA.

199 3141 243 3169 ΛΡ
254 3150 273 3168 Η
284 3149 300 3168 Ρ.
311 3150 319 3168 ι
330 3149 362 3169 ss
374 3149 390 3168 A
405 3160 413 3173 ,
435 3148 465 3167 ze.
492 3137 511 3166 s.
537 3136 571 3166 al.
593 3136 758 3166 Dracontea.
781 3135 860 3173 Apul.
881 3135 916 3164 de
932 3134 1084 3173 Herb cap.
1097 3147 1139 3169 14.

199 3178 220 3207 A
230 3187 243 3206 Ρ
255 3187 273 3205 Η
284 3187 297 3205 R
308 3187 324 3206 o
335 3187 352 3205 r>
362 3186 405 3212 iis,
427 3186 457 3205 σε.
481 3185 518 3204 m.
541 3176 555 3211 [
569 3172 707 3210 οἱφξῶὃες]
729 3174 845 3211 Papaver
860 3172 1014 3210 spumeum,
1034 3174 1086 3202 sive
1102 3174 1260 3206 lilvaticum.
1285 3176 1354 3207 Plin.

237 3215 254 3243 l.
268 3224 312 3251 27.
323 3225 346 3244 c.
361 3224 402 3244 12.
424 3213 532 3251 Peplos,
549 3222 631 3250 quam
643 3211 728 3248 aliqui
738 3211 829 3248 sycen,
844 3210 890 3239 alii
900 3212 1053 3240 meconion
1062 3211 1199 3253 aphrodes
1207 3222 1357 3249 vocant,cx

237 3262 290 3281 una
303 3253 394 3281 radice
405 3252 482 3281 tenui
495 3251 613 3285 fruticat,
626 3249 700 3279 foliis
711 3257 778 3279 rutae
792 3248 874 3286 paulo
885 3248 1040 3283 latioribus,
1057 3249 1160 3279 lemine
1171 3250 1219 3280 sub
1229 3251 1302 3282 foliis
1314 3263 1357 3282 ro-

235 3290 450 3325 tundeinore
460 3299 543 3326 quam
552 3288 664 3318 candidi
674 3288 827 3326 papaveris.
868 3286 898 3315 V.
921 3286 1001 3323 Apul.
1015 3287 1049 3314 dc
1061 3286 1141 3316 Herb.
1155 3297 1216 3326 cap.
1231 3299 1273 3325 53.

200 3328 219 3356 A
230 3337 243 3355 Ρ
254 3337 271 3355 Η
284 3337 299 3355 R
310 3337 326 3355 o
337 3338 353 3355 n
366 3338 410 3355 isi
424 3337 443 3355 A
454 3337 510 3362 cs,
530 3337 568 3356 es.
594 3326 606 3363 [
623 3324 782 3361 ιέφςαῶσιαικὴ
797 3325 813 3360 ]
834 3324 950 3353 Gemma
961 3324 1008 3353 est.
1024 3323 1094 3353 Prin.
1106 3325 1153 3354 lib.
1168 3335 1211 3363 37.
1230 3336 1290 3366 cap.
1311 3338 1354 3358 10.

238 3364 428 3402 Aphrodiliiice
439 3375 473 3394 ex
489 3364 607 3394 candida
618 3363 677 3393 rufa
696 3362 742 3392 cst.

201 3402 219 3430 A
229 3412 243 3431 Ρ
255 3412 273 3430 Η
284 3412 300 3430 Ρ.
310 3412 326 3430 o
337 3412 389 3430 nis
400 3413 409 3430 1
420 3413 438 3431 A
449 3412 466 3431 c
477 3412 493 3430 u
504 3413 523 3431 M
533 3425 541 3437 ,
562 3403 579 3431 i.
600 3412 628 3431 n.
652 3401 892 3431 Medicamentum
904 3399 1018 3428 Veneris
1036 3398 1148 3428 oestrum
1166 3402 1299 3432 excitans.

200 3441 222 3469 A
231 3449 244 3468 Ρ
253 3449 271 3467 Η
284 3449 299 3467 R
311 3449 327 3468 o
336 3449 353 3468 D
364 3450 371 3468 1
382 3450 411 3468 Sl
422 3450 439 3468 A
450 3450 471 3474 s,
491 3441 506 3475 [
523 3436 673 3475 ’Λφξοδὶα-ιοὲς
688 3439 703 3474 ]
724 3438 814 3468 Insula
823 3438 861 3466 est
870 3438 974 3466 inmari
988 3437 1099 3471 Perlico,
1112 3438 1159 3466 ubi
1172 3439 1252 3468 Persis
1264 3451 1278 3468 a
1291 3441 1356 3470 Car-

237 3478 329 3506 mania
338 3476 494 3514 dispescitur
506 3488 511 3506 2
524 3477 559 3506 sic
568 3478 640 3507 dista
649 3477 724 3514 quod
732 3477 760 3505 in
770 3475 896 3505 eaVenus
908 3485 989 3511 quain
1001 3475 1194 3512 religiosill'ime
1204 3477 1353 3507 coleretur.

235 3514 295 3542 Alio
306 3524 418 3543 nomine
436 3511 526 3541 Rom}
537 3515 619 3544 dieta.
641 3514 736 3544 Iniulae
748 3515 830 3550 liujus
841 3513 969 3542 meminit
980 3513 1046 3542 Plin.
1059 3512 1105 3541 lib.
1121 3517 1146 3541 6.
1160 3524 1220 3552 cap.
1230 3525 1276 3550 25.

236 3552 279 3580 Est
292 3558 421 3588 practerea
434 3552 603 3589 Aphrodilias
617 3552 724 3581 Ciliciae
741 3553 879 3590 oppidum
890 3573 898 3585 ,
919 3550 1143 3587 telleStephano.

235 3588 279 3618 Est
291 3590 357 3618 item
367 3589 453 3618 lnsula
464 3590 492 3618 in
503 3591 618 3619 Oceano
630 3589 790 3628 Hispanico,
801 3599 858 3618 non
869 3588 968 3627 procul
978 3598 993 3617 a
1002 3588 1124 3617 Gadibus
1135 3610 1144 3623 ,
1165 3588 1200 3618 de
1211 3597 1265 3626 qua
1282 3589 1351 3620 Plin.

255 3626 303 3655 lib.
314 3638 340 3661 4.
361 3636 421 3663 erip.
435 3636 477 3655 22.

237 3664 407 3700 Aplirodilias
418 3663 740 3694 lierbadicituracorum.
763 3664 841 3702 Apul.
858 3665 893 3693 de
906 3662 988 3693 Herb.
1001 3673 1061 3701 cap.
1077 3665 1102 3692 6.

197 3702 240 3731 A1¹
253 3711 269 3729 Η
282 3712 295 3728 1:
308 3712 324 3728 o
337 3711 352 3728 n
365 3711 393 3729 rs
405 3712 411 3728 i
424 3712 440 3729 u
452 3712 463 3729 s
475 3723 481 3735 ,
502 3712 516 3730 ’.ι
527 3723 535 3736 ,
559 3712 614 3730 um.
639 3704 653 3738 [
667 3701 833 3737 'promito-c&-
848 3703 861 3738 ]
885 3702 1022 3731 Venereus
1033 3723 1041 3736 ,
1065 3701 1124 3736 Adj.
1147 3706 1187 3735 ut,
1208 3699 1352 3736 Juramen-

211 123 281 148 222
624 111 648 144 A

1411 3100 1517 3128 ΑΡιοι
1531 3110 1589 3135 us,
1623 3101 1640 3129 i.
1661 3110 1700 3129 m.
1742 3099 1782 3129 Eo
1802 3100 1918 3129 nomine
1938 3109 1992 3129 tres
2009 3100 2122 3129 fuerunt
2144 3100 2256 3136 Romae,
2277 3111 2376 3131 ornnes
2390 3102 2462 3140 gulae
2480 3100 2564 3132 studio

1904 101 1931 136 A
2028 101 2052 135 P
2151 100 2166 135 1

1486 181 1554 218 quid
1565 182 1605 210 vis
1622 181 1762 219 Milphio:
1785 181 1943 219 Aphrodisia
1952 181 2036 211 hodie
2047 181 2116 210 sunt.
2139 181 2213 210 cons.
2234 190 2256 210 1.
2270 190 2296 210 2.
2308 191 2353 217 45.
2366 183 2417 211 dcc.
2601 212 2602 219 χ

1430 219 1451 249 A
1461 229 1475 247 Ρ
1486 229 1506 262 Η
1516 229 1557 262 R'o
1568 230 1585 247 o
1597 230 1605 247 1
1615 229 1627 247 s
1640 231 1647 246 1
1660 230 1677 247 c
1688 230 1707 247 Μ
1719 242 1726 253 ,
1747 219 1833 249 Cariae
1844 221 2068 259 promontorium
2077 220 2115 248 est
2125 219 2280 257 Pomponio
2293 241 2301 255 ,
2323 220 2398 256 quod
2418 219 2582 257 Aphrodisia
2594 221 2603 260 ‚¹

1470 256 1775 338 {lstnligcaA)gliibadiliuii1
1794 294 1960 332 Ptolemaeo,
1992 294 2061 324 Urbs
2085 294 2196 329 Africae,
2239 303 2299 330 quae
2318 293 2402 332 vulgo
2426 295 2529 332 Africha
2545 299 2583 329 di.
2599 299 2603 340 s

1470 339 1654 407 Eiitgrra'eterea
1662 368 1863 406 Aphrodisium,
1875 370 2013 408 Hispaniae
2023 369 2234 399 Tarraconensis
2245 369 2478 408 promontorium,
2488 373 2583 405 eodem
2599 346 2602 406 i

1471 408 1612 475 §eugipgei
1624 446 1650 473 δι
1666 443 1749 481 Cypri
1766 444 1828 474 urbs
1846 467 1854 479 ,
1874 445 1922 474 ubi
1942 445 2035 474 Venus
2055 444 2207 474 colebatur.

1390 507 1392 509 ,
1432 483 1454 513 Α
1464 493 1479 511 1›
1489 493 1508 511 Η
1518 493 1535 511 1<
1544 492 1560 510 o
1570 493 1586 510 n
1596 486 1609 510 ῑ
1617 491 1636 510 Τ
1645 492 1659 510 E
1670 504 1678 516 ,
1704 491 1742 510 es.
1765 481 1856 512 Venus
1869 483 1942 512 dieta
1951 484 2003 512 est:
2026 482 2102 519 quod
2117 492 2131 510 e
2143 483 2225 511 maris
2233 482 2329 520 spuma
2338 482 2370 511 fit
2387 487 2461 512 nata.
2495 482 2584 518 Graece
2597 478 2603 519 l¹

1471 518 1609 555 Ἀφξοῶτκ.
1650 519 1806 549 Aristoteles
1820 526 1899 558 putat
1916 521 2052 550 Venerem
2063 520 2168 549 idcirco
2182 520 2354 557 Aphroditen
2366 520 2421 549 dici
2437 522 2510 558 quod
2518 522 2583 561 sper-
2597 521 2599 551 j

1472 558 1553 586 matis
1573 562 1669 585 natura
1690 556 1721 585 sit
1740 557 1867 595 spumosa
1883 581 1892 593 ,
1911 559 1939 588 h.
1963 568 1987 587 e.
2010 555 2138 593 ιίφςόόης,
2164 557 2260 595 spuma
2279 559 2355 587 enim
2376 557 2439 587 alba
2457 559 2503 590 est.
2538 561 2598 593 Di„

1471 596 1570 633 dymus
1591 604 1654 623 vero
1676 591 1751 630 mc&
1771 592 1796 621 -nl
1827 593 1894 630 ὰζςόν
1924 596 1945 622 ⁴22
1969 592 2078 630 ὣσνῖτης,
2101 595 2118 624 i.
2137 605 2161 624 e.
2184 595 2204 624 A
2225 596 2287 626 vitae
2303 595 2432 626 mollitie.
2563 600 2567 606 '

1431 634 1454 663 A
1465 643 1478 661 Ρ
1490 643 1509 661 Η
1520 643 1535 661 R
1546 634 1563 661 ὀ
1574 635 1640 661 SAL
1651 642 1668 660 A
1678 654 1686 667 ,
1719 643 1749 662 ae.
1776 633 1795 661 f.
1819 633 1924 670 Spuma
1942 633 1987 661 vel
2006 631 2069 662 Flos
2085 632 2171 662 laetis.
2596 654 2599 665 .

1431 673 1506 701 ΛΡΗ
1518 679 1603 704 ΡΟΝ,
1625 671 1696 699 onis.
1722 680 1759 699 m.
1783 670 1873 700 Plinio
1892 670 1983 700 Herba
1995 670 2033 698 est
2050 679 2085 699 ex
2101 669 2248 708 generibus
2270 671 2415 709 papaveris
2426 693 2434 707 ,
2463 672 2598 712 foliisssi'

1468 708 1584 745 propius
1596 707 1745 742 intuearis)
1766 708 1901 746 passerum
1912 709 2033 746 speciem
2055 708 2331 745 repraesentantibus,
2352 710 2474 739 radicem
2488 711 2584 745 habens

1469 747 1498 774 in
1513 746 1619 774 sumnia
1629 752 1706 774 terrae
1716 752 1794 780 cute,
1815 745 1920 776 semine
1929 746 2053 783 spumeo.
2089 745 2158 775 Haec
2171 745 2241 776 Plin.
2256 746 2302 776 sed
2312 746 2422 776 fortasse
2436 757 2583 787 perperam,

1469 784 1517 813 lib.
1530 793 1574 812 20.
1590 793 1708 850 cap.b19.
1734 784 1754 813 A
1764 783 1925 814 Dioscoride
1934 789 2050 814 vocatur
2063 783 2144 819 μήκων
2159 780 2270 820 κ’φςώῶιε
2283 806 2292 820 ,
2319 785 2375 814 hoc
2393 785 2431 814 est
2439 786 2583 823 Spumeum

1490 832 1503 850 a
1527 831 1589 849 aver
1643 822 1651 850 i
1673 844 1679 850 .
1710 825 1772 851 .62.

1430 860 1452 889 A
1461 832 1530 888 ΤΡΗΞ
1540 869 1557 887 o
1569 868 1587 886 N
1599 843 1638 887 ir
1648 869 1664 888 R
1675 832 1744 893 1141«,
1770 860 1787 888 i.
1814 868 1840 888 n.
1863 860 1877 895 [
1892 859 2029 895 ιὶφςόνιτςον
2045 858 2060 893 ]
2081 858 2186 897 Spuma
2195 859 2262 888 nitri
2275 860 2331 890 est:
2353 860 2389 890 de
2400 870 2455 898 qua
2462 860 2582 896 Plin.lib.

1470 906 1513 934 31.
1525 906 1586 933 cap.
1608 907 1650 925 10.
1673 898 1699 926 ἃς
1720 896 1838 926 Martial.
1856 897 1904 926 lib.
1924 907 1965 933 14.
1981 902 2023 933 38.

1546 935 1675 964 Rusticus
1693 944 1722 964 es
1735 957 1743 970 ,
1763 934 1851 964 nescis
1869 935 1936 972 quid
1955 934 2050 964 Groeco
2067 934 2184 964 nomine
2204 935 2300 965 dicar:

1589 973 1693 1011 Spuma
1718 982 1804 1003 vocor
1823 974 1906 1010 nitri,
1927 973 2007 1002 dicor
2026 973 2053 1002 &
2083 972 2287 1010 aphronitrum.

2381 973 2449 1004 Stat.
2469 984 2496 1012 4.
2515 974 2581 1015 Sylv.
2598 995 2604 1002 η,

1467 1020 1484 1047 9
1517 1019 1600 1078 37Aut
1613 1058 1700 1086 panes
1725 1048 1868 1078 viridantis
1886 1048 2050 1086 aphronitri.
2132 1048 2184 1079 Illo
2206 1049 2236 1078 in
2253 1048 2360 1078 balneis
2378 1049 2485 1088 antiqui
2498 1056 2584 1086 cutem
2603 1062 2604 1065 ¹

1467 1086 1657 1123 detergebant.
1698 1086 1810 1116 Baccius
1821 1087 1855 1116 de
1866 1087 2052 1117 Thern1.Vet.
2063 1097 2123 1125 cap.
2139 1090 2180 1116 16.
2202 1086 2272 1116 Voss.
2284 1086 2350 1117 Lex.
2362 1087 2480 1125 Etymol.
2594 1117 2596 1123 ,

1428 1124 1450 1154 A
1459 1134 1473 1153 P
1482 1135 1501 1152 H
1514 1135 1529 1152 R
1539 1135 1555 1153 o
1565 1134 1577 1153 s
1586 1134 1603 1153 c
1613 1134 1629 1153 o
1641 1134 1657 1152 e.
1667 1134 1684 1153 o
1693 1134 1712 1152 D
1722 1135 1738 1153 o
1750 1135 1769 1153 N
1778 1147 1786 1159 ,
1808 1123 2032 1161 [οἰφςοσκόξοόον]
2054 1125 2147 1155 Genus
2158 1125 2196 1154 est
2205 1125 2264 1154 allii
2275 1125 2385 1161 majoris
2403 1126 2582 1165 incrementi,
2601 1153 2604 1161 .

1467 1162 1543 1199 quod
1557 1172 1572 1191 a
1583 1162 1672 1191 Plinio
1686 1162 1815 1200 Ulpicum
1829 1169 1942 1192 vocatur
1956 1185 1963 1198 ,
1986 1163 2035 1193 lib.
2052 1174 2093 1199 19.
2105 1173 2163 1201 cap.
2178 1167 2204 1192 6.
2227 1162 2359 1200 Ulpicum
2371 1173 2482 1201 quoque
2495 1164 2524 1194 in
2533 1164 2584 1196 hor:

1465 1209 1565 1237 genere
1574 1200 1660 1229 Graeci
1668 1200 1878 1238 appellaverunt
1887 1200 1984 1230 allium
1994 1201 2144 1239 Cyprium,
2165 1201 2308 1238 praecipue
2317 1200 2411 1230 Africae
2421 1201 2583 1237 celebratum
2594 1202 2595 1235 Ῐ

1466 1239 1538 1267 inter
1547 1237 1732 1276 pulmentaria
1743 1238 1829 1273 ruris,
1853 1239 1984 1276 grandius
1995 1239 2069 1270 allio.
2113 1239 2225 1269 Tritum
2235 1239 2265 1268 in
2273 1238 2337 1268 oleo
2357 1241 2383 1269 ἃ
2400 1240 2584 1273 acetomirum
2595 1248 2604 1262 ⁸¹

1466 1283 1604 1313 quantum
1616 1276 1750 1305 increscat
1762 1277 1864 1315 spuma.

1427 1312 1449 1344 A
1459 1324 1473 1342 Ρ
1484 1324 1502 1342 Η
1514 1324 1529 1342 R
1538 1324 1554 1343 o
1563 1324 1574 1343 s
1586 1324 1599 1342 Ρ,
1609 1325 1625 1342 L
1635 1324 1649 1343 ε
1658 1324 1677 1342 N
1688 1324 1705 1343 u
1713 1324 1725 1343 s
1735 1337 1742 1350 ,
1775 1316 1794 1344 i.
1815 1324 1853 1344 m.
1873 1314 2068 1351 [οἱφςυσέλκνῶυ
2080 1315 2095 1350 ]
2117 1315 2205 1354 Lapis?
2214 1314 2269 1345 alio
2280 1315 2396 1345 nomine
2406 1313 2539 1346 Selenites
2547 1315 2584 1348 di-
2598 1324 2600 1333 ‘

1466 1353 1544 1387 nus,
1565 1353 1697 1390 quoniam
1719 1354 1801 1382 noete
1822 1354 1963 1382 invenitur
1977 1353 2049 1383 lunae
2066 1354 2218 1392 imaginem
2240 1352 2358 1382 reddere
2372 1374 2381 1387 ,
2401 1362 2462 1391 quae
2476 1363 2539 1384 cum
2553 1364 2599 1391 en.

1466 1391 1580 1427 quidem
1599 1396 1731 1428 augetur,
1753 1392 1779 1420 Sc
1791 1390 1931 1421 decrescit.
1971 1391 2097 1421 Nascitur
2111 1393 2141 1421 in
2157 1391 2254 1421 Arabia
2267 1413 2275 1426 ,
2297 1390 2453 1427 candidus,
2474 1391 2571 1424 translu

1464 1437 1555 1495 pens&
1572 1428 1648 1496 llergis.
1689 1428 1780 1465 Hujus
1795 1435 1920 1459 ramenta
1939 1429 2129 1460 comitialibus
2148 1430 2178 1459 in
2201 1436 2303 1468 potum
2321 1428 2381 1458 dari
2394 1428 2502 1465 jubent.
2521 1430 2582 1462 Dio-

1477 1476 1535 1496 cori
1558 1488 1564 1494 .
1591 1468 1598 1496 i
1621 1490 1627 1497 .
1643 1478 1667 1503 ς.
1690 1477 1721 1496 ca
1745 1471 1828 1497 .i,16.

1426 1504 1447 1534 A
1457 1514 1471 1533 Ρ
1481 1515 1499 1533 H
1510 1514 1529 1533 Τ
1539 1515 1559 1534 H
1567 1516 1590 1534 ,ιε
1600 1527 1607 1539 ,
1629 1515 1715 1534 arum.
1723 1477 1754 1534 pf.
1778 1504 1876 1542 [ἧφθαι
1888 1505 1903 1540 ]
1923 1504 2151 1535 Exulcerationes
2160 1505 2261 1536 suntin
2272 1505 2381 1535 summo
2393 1514 2441 1534 ore
2450 1527 2459 1541 ,
2479 1505 2572 1537 infanti

1465 1542 1515 1572 bus
1525 1543 1758 1611 Seculixqregvilpo
1766 1543 1844 1573 lacus
1851 1543 1943 1574 calido
1951 1544 2069 1575 humore
2076 1545 2199 1583 corrupti
2210 1566 2218 1580 ,
2240 1553 2399 1581 quanquam
2409 1544 2436 1573 ἃ
2448 1543 2546 1574 adultis
2553 1545 2585 1576 id

1463 1582 1522 1610 acci
1545 1582 1574 1610 ir.
1637 1604 1644 1610 .
1692 1592 1706 1611 e
1733 1585 1781 1611 .6.
1796 1591 1839 1611 11.

1424 1618 1446 1649 A
1456 1629 1471 1647 Ρ
1482 1629 1502 1647 Η
1514 1629 1533 1648 Τ
1543 1629 1581 1648 Hi
1593 1629 1608 1647 1>
1617 1629 1637 1648 H
1648 1629 1687 1648 us
1699 1642 1707 1655 ,
1739 1620 1756 1649 i.
1778 1630 1817 1649 m.
1838 1617 2004 1656 [ἅφθιφςῷυ]
2033 1620 2127 1657 Quem
2143 1620 2197 1649 oris
2214 1624 2298 1649 vexat
2315 1617 2428 1648 affectio
2445 1619 2580 1657 praedicta.

1462 1657 1493 1686 V.
1517 1656 1581 1687 Cael.
1593 1657 1685 1686 Rhod.
1699 1668 1743 1687 20.
1755 1668 1780 1693 9.
1793 1667 1827 1687 ex
1839 1657 1857 1687 l.
1875 1668 1916 1687 10.
1929 1659 1951 1696 ξ.
1963 1657 1992 1687 ff.
2016 1658 2051 1687 de
2061 1658 2144 1688 AEdil.
2155 1658 2240 1688 edict.
2297 1659 2312 1694 [
2324 1656 2454 1694 Analogia
2474 1658 2570 1696 Aphthi

1463 1704 1512 1724 cus
1523 1717 1531 1729 ,
1552 1696 1667 1730 οἱφθικρς,
1681 1695 1817 1733 postulare
1828 1695 1938 1725 videtur
1949 1718 1956 1731 ,
1979 1696 2055 1733 quod
2065 1697 2150 1725 miror
2163 1705 2222 1724 non
2231 1695 2454 1728 animadversum
2463 1696 2547 1735 Hem-i
2568 1710 2571 1722 ι

1461 1733 1604 1771 Stephano
1614 1733 1644 1763 in
1652 1733 1783 1764 TheilGr.
1799 1734 1854 1763 Sed
1865 1733 1895 1765 V.
1908 1735 1973 1765 viris
1986 1734 2075 1764 doctis
2086 1743 2150 1763 cum
2160 1734 2196 1763 ad
2208 1733 2281 1764 hanc
2288 1733 2343 1763 1.D.
2357 1739 2419 1764 tum
2429 1734 2465 1763 ad
2474 1735 2503 1764 A.
2515 1734 2548 1765 G

1486 1794 1492 1801 .
1507 1781 1532 1801 2.
1544 1778 1648 1801 notata.

1422 1809 1445 1839 A
1453 1782 1499 1838 Ρ4Η
1507 1819 1527 1838 Τ
1536 1819 1556 1838 H
1567 1819 1584 1838 ο
1593 1819 1613 1838 N
1624 1821 1633 1838 1
1643 1819 1660 1838 υ
1670 1819 1684 1839 s
1694 1831 1703 1845 ,
1732 1809 1750 1839 i.
1772 1819 1810 1838 m.
1831 1809 2020 1846 [Ἀφθίηεῷυ]
2047 1811 2175 1849 sophista
2188 1833 2196 1847 ‚
2225 1809 2273 1847 qui
2292 1808 2398 1848 scripsit
2412 1807 2580 1848 Progymnas-

1461 1853 1535 1915 ιηειᾶει
1550 1870 1559 1883 ,
1579 1848 1598 1877 i.
1616 1858 1640 1877 e.
1662 1848 1954 1886 praeexercitamenta,
1974 1848 2005 1878 in
2020 1855 2107 1879 artem
2117 1849 2302 1886 Hermogenis
2317 1869 2325 1884 ,
2343 1858 2404 1886 quae
2423 1847 2508 1877 Graec.
2525 1847 2560 1879 La
2588 1887 2589 1895 ἵ

1461 1895 1495 1915 ex
1521 1892 1577 1914 ant.

1421 1925 1525 1952 APHY
1535 1934 1553 1952 A
1564 1945 1572 1959 ,
1606 1933 1638 1953 ae.
1667 1923 1686 1953 f.
1719 1923 1832 1959 [ἀφύη]
1860 1923 1942 1954 Piscis
1961 1934 2048 1962 genus
2063 1947 2071 1961 ,
2092 1925 2243 1954 minimum
2261 1925 2288 1954 &
2303 1922 2424 1954 inutile:
2447 1922 2522 1961 quod
2536 1922 2568 1954 ati

1461 1968 1569 1991 motum
1582 1962 1640 1998 igni
1650 1962 1778 2000 protinus
1797 1962 1970 2000 decoquitur.
2010 1962 2091 1992 Unde
2110 1962 2297 2001 proverbium,
2312 1962 2408 2000 Aphya
2426 1963 2460 1991 ad
2473 1962 2601 1999 ignem:

1459 1998 1492 2028 In
1512 2010 1545 2029 ea
1573 2010 1634 2037 quse
1655 1999 1782 2029 celeriter
1802 2000 1946 2030 intereunt
1972 2006 2020 2029 aut
2047 2002 2266 2036 consumuntur,
2295 1999 2350 2029 five
2375 2008 2436 2038 quae
2453 1999 2532 2029 {heile
2548 2008 2577 2030 ao

1459 2037 1551 2067 statim
1569 2038 1766 2067 conficiuntur.
1806 2037 1902 2067 Latine
1917 2039 1995 2076 Apua
2012 2039 2123 2069 dicitur.
2144 2039 2259 2068 Plinius.
2299 2037 2330 2067 V.
2352 2047 2465 2067 APUA.
2487 2038 2596 2083 Cic.4.,

1459 2076 1514 2105 Att.
1533 2087 1575 2105 11.
1596 2076 1723 2113 Apliyarri
1739 2075 1839 2114 populi
1854 2083 1936 2106 vocat
1949 2077 2093 2106 Sentinam
2110 2079 2136 2108 δι
2153 2077 2246 2106 sordes
2266 2075 2375 2113 populi.
2417 2076 2509 2113 Quare
2520 2078 2602 2118 (inp

1460 2115 1544 2150 quit)
1568 2121 1599 2143 ut
1616 2115 1724 2143 homini
1742 2114 1849 2150 curioso
1865 2115 1904 2144 ita
1918 2114 2056 2152 perscribe
2076 2116 2112 2145 ad
2136 2125 2181 2144 me
2200 2115 2269 2152 quid
2286 2115 2394 2152 primus
2415 2114 2495 2150 dies,
2515 2124 2531 2153 q
2547 2114 2568 2140 ¹'·
2585 2116 2596 2144 'i'

1458 2152 1597 2181 secundus
1609 2174 1616 2187 ,
1638 2153 1704 2189 quid
1726 2151 1859 2182 Censores
1871 2175 1879 2188 ,
1901 2152 1969 2190 quid
1987 2154 2109 2191 Appius,
2132 2153 2201 2196 quid
2218 2152 2265 2182 illa
2284 2151 2385 2190 populi
2408 2152 2516 2190 aphya,
2533 2153 2575 2185 de,

1458 2191 1544 2227 nique
1565 2190 1649 2219 etiam
1670 2191 1738 2227 quid
1755 2200 1770 2219 a
1791 2197 1818 2219 te
1837 2190 1883 2220 fiat
1897 2213 1904 2226 ,
1926 2190 1961 2219 ad
1978 2201 2023 2220 me
2037 2191 2120 2221 velim
2135 2191 2244 2221 icribas.
2289 2190 2379 2220 Etiam
2401 2190 2572 2221 meretricul

1459 2229 1586 2265 quaedam
1606 2228 1727 2266 Aphyae,
1748 2229 1767 2257 i.
1789 2238 1813 2257 e.
1835 2229 1918 2267 Apuae
1930 2230 2143 2265 cognominatae.
2166 2229 2231 2259 Cael.
2244 2228 2336 2258 Rhod.
2354 2239 2379 2265 5.
2401 2238 2444 2264 19.
2461 2231 2511 2267 Ap.
2521 2228 2551 2259 Ci

1458 2266 1489 2295 in
1498 2266 1654 2296 emendatis
1666 2266 1749 2296 codd.
1765 2266 1896 2296 excusum
1905 2267 2028 2305 ApuleJ'a.
2070 2267 2099 2298 V.
2122 2272 2181 2297 not.
2193 2265 2254 2297 adl.

1420 2302 1626 2340 APHYDNA,
1667 2304 1698 2334 V.
1721 2314 1794 2333 APH
1807 2315 1917 2334 rnNAE.

1419 2343 1440 2371 A
1452 2352 1466 2370 Ρ
1476 2352 1495 2371 Η
1506 2351 1544 2372 irs
1555 2346 1571 2371 ἓ
1580 2353 1601 2371 Μ
1612 2353 1629 2372 o
1641 2352 1661 2371 N
1671 2364 1679 2378 ,
1701 2343 1773 2373 onis.
1796 2339 1972 2378 [κ’Φυοῆμων]
1993 2342 2076 2373 Cafiae
2086 2353 2172 2380 genus
2183 2364 2191 2378 ,
2212 2342 2305 2372 Diosc.
2325 2352 2348 2372 1.
2366 2352 2409 2372 12.

1418 2381 1439 2410 A
1448 2389 1462 2408 Ρ
1472 2389 1492 2408 Η
1503 2390 1523 2408 γ
1531 2390 1550 2409 Τ
1561 2390 1580 2409 Η
1592 2391 1610 2409 A
1621 2390 1638 2409 c
1648 2390 1665 2409 o
1677 2392 1692 2409 R
1702 2391 1719 2409 A
1730 2391 1742 2409 s
1752 2402 1760 2416 ,
1790 2380 1891 2410 Ctesias
1902 2380 2040 2410 referente
2054 2381 2144 2411 Plinio
2155 2404 2163 2417 ,
2191 2381 2303 2410 arbores
2320 2382 2453 2418 quasdam
2466 2380 2519 2413 effe
2531 2391 2572 2413 vo-

1455 2417 1508 2447 luit
1518 2418 1598 2453 juxta
1609 2418 1798 2456 ,Hypobarum
1814 2418 1901 2448 Indiae
1914 2419 2048 2452 fluvium.
2070 2420 2205 2449 elet‘trum
2222 2419 2361 2449 ferentes:
2384 2429 2506 2458 voceque
2526 2420 2571 2452 ha·

1454 2456 1625 2494 praedulcem
1636 2456 1797 2486 suavitatem
1816 2456 1959 2494 significari
1976 2457 2100 2488 tradidit.
2139 2457 2246 2487 Author
2260 2457 2331 2487 Plin.
2349 2456 2400 2488 lib.
2414 2467 2459 2496 37.
2480 2467 2538 2498 cap.
2548 2468 2573 2490 21

1454 2493 1504 2524 sub
1522 2494 1569 2524 fin.
1591 2494 1752 2524 Harduinus
1769 2494 2022 2533 legitSiptachora.
2541 2516 2555 2521 ψ

1880 2573 1910 2607 A
2005 2572 2031 2608 P
2124 2570 2141 2607 1

1416 2644 1438 2674 A
1447 2653 1462 2672 Ρ
1471 2655 1481 2672 1
1492 2653 1530 2688 A„
1554 2643 1623 2673 Plin.
1636 2643 1683 2673 lib.
1696 2655 1722 2681 4.
1736 2655 1798 2689 cap.
1809 2655 1835 2681 4.
1858 2644 2076 2688 Peloponnesus,
2091 2645 2161 2683 Apia
2171 2651 2236 2676 ante
2246 2646 2396 2685 appellata,
2413 2647 2439 2676 ἀ
2451 2645 2586 2716 Pelalg'a.

1454 2681 1600 2750 penffiffiklla
1616 2682 1692 2712 haud
1710 2683 1760 2713 ulli
1773 2690 1850 2713 terrae
1871 2682 2018 2713 nobilitate
2036 2683 2230 2722 postferenda,
2261 2686 2313 2714 Sec.
2341 2684 2409 2714 Haec
2427 2684 2485 2742 ille.
2551 2699 2556 2709 ·

1416 2758 1591 2787 Ai‘iANus
1617 2759 1643 2788 St
1664 2759 1868 2789 APiAizruM.
1909 2759 1940 2789 V.
1963 2769 2063 2788 APss.

1415 2797 1436 2825 A
1447 2806 1460 2824 Ρ
1470 2807 1479 2824 1
1491 2806 1509 2824 A
1519 2806 1531 2825 s
1541 2805 1560 2824 Τ
1572 2806 1585 2824 E
1597 2807 1612 2824 1.
1622 2807 1637 2824 L
1650 2806 1666 2825 u
1677 2807 1697 2825 M
1709 2819 1716 2829 ,
1739 2797 1756 2826 i.
1778 2807 1806 2826 n.
1824 2796 1924 2826 dimin.
1947 2797 1981 2826 ab
1990 2797 2123 2835 Apiastro,
2140 2797 2216 2834 quod
2227 2797 2314 2829 deriv.
2336 2799 2370 2829 ab
2384 2800 2464 2839 Apio.
2484 2796 2563 2830 Heib

1453 2833 1582 2863 scelerata
1592 2835 1617 2864 Sc
1628 2835 1738 2864 Brionia
1769 2835 1848 2873 Apul.
1861 2835 1896 2864 de
1904 2835 1988 2864 Herb.
2001 2845 2061 2873 cap.
2074 2840 2100 2869 8.
2115 2836 2140 2865 Sc
2155 2839 2199 2865 66.

1415 2872 1662 2906 ApiAs'rRUM,
1689 2873 1867 2902 ΑΡιΑΤυε.
1908 2873 1936 2902 V.
1959 2883 2068 2907 Apus,
2086 2874 2112 2903 &
2132 2883 2263 2904 ΑΡιυΜ.

1414 2910 1437 2939 A
1446 2920 1459 2937 Ρ
1469 2914 1505 2939 ic
1515 2920 1532 2939 A
1541 2932 1549 2944 ,
1570 2920 1600 2939 ae.
1622 2910 1639 2939 f.
1659 2910 1817 2946 [bavaco]
1839 2911 1940 2940 dicitur
1953 2911 2022 2940 Ovis
2034 2921 2093 2948 quce
2102 2917 2229 2940 ventrem
2239 2911 2366 2949 glabrum
2376 2912 2461 2943 habet
2471 2935 2478 2947 ‚
2498 2910 2568 2942 utait

1451 2948 1553 2977 Festus.
1575 2948 1645 2977 Plin.
1658 2948 1704 2977 lib.
1716 2953 1740 2981 8.
1759 2958 1818 2986 cap.
1829 2954 1875 2983 48.
1914 2948 1946 2978 In
1956 2949 2013 2987 ipsa
2023 2958 2074 2978 ove
2087 2948 2148 2978 satis
2155 2950 2345 2986 generositatis
2353 2950 2506 2981 ostenditur
2513 2949 2568 2980 bfe·

1450 2987 1534 3015 vitate
1553 2996 1663 3015 crurum
1672 3008 1679 3021 ,
1700 2987 1804 3015 ventris
1817 2987 1923 3016 vestitu.
1945 2986 2045 3024 quibus
2063 2987 2155 3016 nudus
2172 2987 2239 3017 esset
2247 3009 2255 3023 ,
2275 2989 2368 3027 apicas
2377 2989 2514 3019 vocabant
2523 2987 2568 3018 da-

1450 3024 1649 3061 mnabantque.
1689 3024 1768 3054 ldem
1780 3023 1872 3053 scribit
1884 3024 1968 3054 Varro
1978 3034 2003 3053 2.
2026 3025 2061 3053 de
2070 3024 2103 3054 R.
2116 3024 2148 3054 R.
2165 3034 2226 3063 cap.
2236 3034 2262 3056 2.

1450 3063 1543 3099 Apicae
1555 3070 1633 3092 erant
1643 3062 1733 3091 Vestes
1742 3062 1797 3091 sine
1808 3062 1889 3092 villis.
1911 3062 2041 3100 Calcagn.
2051 3063 2150 3099 Quaest.
2164 3062 2246 3101 Epist.
2258 3072 2282 3101 3.
2296 3073 2319 3094 1.

2580 2319 2598 2370 ’ἒ

2582 2382 2596 2422 ι.

2580 2478 2584 2499 9
2591 2478 2595 2485 .

2582 2503 2584 2511 .

1448 3138 1585 3172 infames,
1606 3139 1634 3167 84
1652 3138 1717 3166 artis
1734 3138 1901 3174 coquinariae
1913 3138 2031 3167 studiosi.
2074 3138 2255 3168 l'rimusvixit
2264 3149 2339 3169 anno
2357 3140 2391 3169 ab
2410 3140 2440 3170 U.
2456 3139 2486 3169 C.
2502 3142 2577 3176 ⁶49»

1448 3175 1522 3204 Alter
1538 3175 1587 3204 sub
1608 3175 1723 3204 Tiberio
1739 3175 1818 3204 vixit.
1858 3175 1956 3205 Senec.
1985 3176 2019 3204 ad
2035 3175 2116 3205 Helv.
2135 3186 2195 3214 cap.
2226 3187 2269 3207 io.
2310 3177 2366 3207 Hic
2384 3178 2432 3207 ille
2446 3178 2500 3214 est,
2520 3175 2577 3216 qui,

1448 3223 1513 3242 cum
1533 3213 1584 3242 HS
1604 3213 1708 3242 millies
1729 3213 1819 3246 (duos
1832 3213 1973 3243 milliones
1993 3215 2019 3243 ἃ
2039 3213 2142 3249 semis)
2163 3215 2192 3242 in
2206 3214 2330 3245 culinam
2348 3215 2501 3253 congesiit,
2520 3209 2591 3245 rie-¹

1447 3261 1501 3287 que
1513 3251 1576 3288 plus
1596 3252 1701 3280 centies
1723 3250 1772 3279 HS
1793 3251 1828 3279 de
1847 3252 2015 3288 patrimonio
2036 3251 2171 3288 supereffe
2192 3252 2383 3290 intelligeret,
2404 3262 2511 3283 veneno
2527 3252 2566 3282 vi-

1446 3294 1503 3317 tam
1523 3289 1609 3322 finiit,
1631 3296 1759 3317 metuens
1788 3298 1823 3317 ne
1847 3288 1894 3317 libi
1922 3289 2097 3318 esuriendum
2120 3289 2256 3328 deinceps
2270 3290 2345 3320 esset.
2387 3291 2417 3321 V.
2441 3291 2493 3320 Dio
2508 3287 2564 3320 Cas-

1446 3326 1498 3355 sius
1519 3326 1566 3355 lib.
1591 3336 1634 3362 57.
1658 3327 1683 3355 Sc
1703 3325 1822 3355 Martial.
1842 3325 1890 3355 lib.
1906 3336 1928 3362 3.
1950 3336 1994 3356 22.
2033 3327 2183 3357 Scientiam
2203 3328 2315 3366 popinae
2334 3328 2482 3367 profeffum
2498 3327 2595 3358 infe-⁴·

1445 3364 1509 3393 cisse
1533 3364 1656 3393 seculum
1676 3363 1821 3400 disciplina
1843 3363 1903 3399 sua,
1924 3365 2146 3394 Senecaibideni
2157 3366 2261 3403 prodit.
2302 3366 2373 3404 Quze
2384 3376 2448 3396 eum
2464 3364 2582 3404 aliquidm

1443 3402 1479 3431 de
1500 3402 1659 3438 coquinaria
1681 3401 1810 3437 scripfiffe
1832 3411 1890 3430 non
1909 3402 2023 3431 obscure
2040 3410 2166 3431 arfluunt.
2205 3403 2289 3433 Vetus
2307 3404 2402 3434 Schol.
2423 3401 2558 3440 juvenalis
2594 3419 2595 3426 .

1443 3439 1478 3468 de
1489 3439 1615 3475 Juseellis
1628 3439 1756 3477 scriplill'e
1767 3439 1801 3467 ad
1811 3439 1959 3475 Sat.4.v.23
1967 3425 2157 3470 motatffsxtat
2168 3440 2203 3469 de
2214 3440 2254 3470 Re
2265 3441 2398 3472 culinaria
2407 3440 2558 3480 liberipfius
2573 3456 2575 3460 ν
2592 3466 2598 3474 .

1442 3478 1557 3506 nomine
1570 3499 1577 3512 ,
1599 3477 1700 3514 dignus
1720 3476 1840 3506 lectione
1853 3477 1890 3506 ob
1905 3477 2065 3515 lingularia,
2088 3478 2262 3515 quaeliabet3
2285 3479 2331 3509 sed
2341 3481 2387 3517 qui
2400 3479 2441 3509 vel
2452 3479 2556 3508 alterius
2583 3483 2592 3497 ‘

1441 3516 1531 3553 Apicii
1544 3515 1599 3550 est,
1620 3515 1663 3544 vel
1683 3514 1782 3543 alicnis
1798 3515 1982 3553 interpolatus
2004 3508 2219 3551 ascellionibuffi
2243 3517 2306 3553 quia
2322 3518 2351 3547 in
2369 3517 2440 3547 libro
2452 3517 2500 3546 suo
2512 3524 2556 3546 en-

1440 3553 1582 3590 cycloruin
1601 3553 1867 3582 Commodianorum
1880 3553 2018 3582 meminit.
2049 3554 2078 3582 V.
2101 3553 2242 3592 Lamprid.
2262 3554 2371 3591 Heliog.
2390 3564 2421 3584 ca
2445 3577 2452 3584 .
2469 3559 2508 3588 18.
2529 3553 2555 3584 ἃ
2588 3563 2599 3590 “.-

1439 3600 1485 3620 20.
1508 3594 1533 3620 Sc
1555 3590 1593 3619 ibi
1615 3590 1727 3620 Casziub.
1752 3590 1829 3628 Casp.
1852 3590 1943 3620 Barth.
1971 3591 2080 3621 Advers.
2099 3601 2142 3628 34.
2169 3597 2210 3625 18.
2233 3593 2260 3622 St
2279 3598 2323 3621 26.
2349 3597 2391 3622 16.
2455 3591 2500 3621 oss'.
2520 3590 2554 3620 de
2587 3614 2600 3619 ⁴.

1440 3628 1571 3665 Analogia
1593 3628 1822 3694 1.14.bsTertius
1835 3628 1946 3666 Apicius
1956 3628 2004 3658 sub
2015 3629 2135 3665 Trajano
2146 3630 2231 3666 vixit,
2252 3636 2283 3659 ut
2298 3630 2410 3660 Casaub.
2429 3630 2464 3660 ad
2474 3628 2550 3659 Athe-
2591 3645 2595 3654 ι

1439 3676 1532 3695 nazuni
1557 3676 1579 3694 1.
1603 3670 1628 3695 6.
1650 3676 1667 3694 o
1700 3672 1782 3694 ervat.

1438 3704 1549 3740 Apicius
1561 3714 1610 3741 pro
1623 3704 1731 3740 Quovis
1742 3702 1846 3739 guloso,
1856 3702 1930 3740 apud
1944 3703 2059 3739 Juven.r
2069 3714 2090 3734 r.
2112 3705 2167 3734 Sat.
2183 3714 2208 3742 3.
2222 3707 2249 3735 ἅτ
2260 3705 2378 3735 Martial.
2392 3705 2441 3735 lib.
2461 3714 2500 3734 ιο.
2509 3710 2550 3740 73.
2598 3700 2604 3758 ἱ

233 3745 294 3767 tuni
317 3738 502 3781 aphrodisium
518 3749 566 3776 pro
579 3739 670 3773 Vano,
693 3740 830 3769 &nullius
845 3741 998 3774 momenti,
1020 3738 1179 3776 Aphrodisia
1201 3748 1286 3784 ppera
1299 3750 1350 3777 pro
1399 3740 1558 3770 Apicius
1573 3763 1581 3775 ,
1602 3752 1636 3775 a,
1657 3751 1714 3770 um.
1737 3742 1796 3777 Adj.
1817 3748 1865 3775 ut,
1887 3739 1953 3770 Uvae
1969 3743 2078 3779 Apiciae.
2119 3743 2178 3772 Cat.
2195 3743 2230 3772 de
2243 3743 2276 3773 R.
2294 3743 2327 3773 R.
2345 3753 2406 3782 cap.
2427 3752 2472 3779 24.
2507 3740 2552 3771 Vi·
2601 3765 2604 3770 .

232 3775 363 3809 Lascivis,
380 3777 581 3812 amatoriisque.
621 3776 880 3806 Videatur'l'aubrn.
893 3778 927 3806 ad
938 3777 1022 3806 Plaiut.
1042 3787 1070 3816 p.
1087 3786 1168 3812 1050.
1189 3776 1262 3815 Scip.
1277 3777 1352 3807 Gen-

231 3813 271 3842 til.
289 3813 323 3841 ud
340 3813 452 3850 Apolog.
467 3814 561 3849 Apulei
571 3823 597 3850 p.
628 3823 672 3843 00.
694 3814 758 3842 Cazl.
774 3816 863 3843 Rhod.
887 3820 926 3844 16.
941 3822 984 3847 18.

193 3853 212 3880 A
223 3862 236 3879 Ρ
246 3860 264 3879 Η
275 3861 288 3878 Ρ.
301 3861 317 3878 o
328 3861 344 3877 υ
358 3861 402 3878 isi
415 3862 429 3878 υ
442 3862 462 3878 M
471 3872 478 3880 .
502 3852 514 3885 [ᾗ
534 3853 611 3890 Ἀφ’ξςἸ
624 3848 680 3876 ἔνεον
696 3851 715 3892 ](
732 3852 911 3885 lnruzuncula
924 3874 931 3887 ,
958 3853 1023 3881 item
1035 3851 1172 3890 templum
1183 3851 1307 3882 Veneris.

190 3890 210 3917 A
223 3898 236 3915 Ρ
247 3898 265 3916 Η
278 3898 290 3915 R
303 3898 319 3915 o
332 3897 387 3916 nis
399 3898 405 3915 1
417 3898 434 3915 A
445 3909 453 3920 ,
475 3887 543 3915 l'lur.
566 3886 613 3921 [ἵει
632 3888 779 3922 effidima]
800 3890 937 3918 Szicriticia
951 3889 1065 3919 Veneris
1077 3912 1084 3923 ,
1109 3893 1134 3919 ἃ
1148 3890 1200 3918 Res
1210 3889 1348 3919 Venereae.

225 3925 295 3955 lteni
311 3924 407 3954 sellum
426 3925 546 3954 Veneris.
572 3923 655 3953 Plaut.
669 3925 744 3956 l’oen.
759 3936 781 3953 1.
800 3932 870 3963 μῦς.
893 3928 986 3964 Egoin
999 3929 1089 3957 cedem
1098 3928 1213 3957 Veneris
1224 3937 1277 3957 eo:
1298 3928 1350 3957 nisi

1395 3815 1417 3844 A
1428 3825 1441 3844 Ρ
1453 3827 1460 3844 i
1471 3827 1487 3844 c
1499 3827 1507 3844 r
1518 3826 1535 3844 A
1547 3826 1565 3844 N
1577 3827 1593 3845 υ
1603 3827 1614 3845 s
1626 3839 1634 3852 ,
1656 3827 1670 3846 a
1680 3839 1688 3851 ,
1709 3827 1765 3846 uin.
1792 3816 1878 3845 ldein.
1901 3822 1947 3849 ut,
1970 3818 2101 3854 Apiciana
2116 3820 2236 3848 coctura.
2259 3818 2326 3849 Plin.
2336 3818 2387 3848 lib.
2400 3828 2442 3855 19.
2453 3826 2510 3857 cap.
2521 3818 2546 3850 8-

1395 3891 1590 3925 ArchLA‚

1394 3929 1604 3966 Amerinus,
1641 3929 1674 3960 V.
1696 3938 1800 3960 Aeax.

1436 3788 1502 3808 nuni
1517 3779 1665 3816 Apicium,
1687 3779 1764 3808 [deni
1781 3789 1841 3815 cap.
1862 3782 1888 3807 6.
1912 3781 1938 3808 ἃ
1960 3779 2031 3808 Varr.
2054 3790 2077 3809 i.
2104 3781 2140 3810 de
2160 3780 2191 3810 R.
2209 3780 2240 3810 R.
2260 3790 2305 3816 25.
2592 3793 2604 3862 4

2598 3873 2604 3896 Ι

1434 3854 1567 3891 Apiciana
1585 3855 1773 3884 condimenta.
1792 3853 1909 3890 Tertull.
1926 3854 1962 3883 de
1976 3855 2093 3891 Anima,
2114 3866 2175 3894 cap.
2188 3865 2231 3893 33.

2597 3863 2604 3931 ...-

1631 3892 1661 3921 V.
1684 3900 1801 3922 Avus*

2477 3943 2604 3996 ii‘wi
