2604 4222
187 178 256 219 538
648 158 924 201 CL*

636 256 650 275 a
662 244 748 275 classis
758 243 878 280 primum
888 238 1028 275 octoginta
1038 234 1221 278 centuriarum
1230 231 1326 262 suerit:

644 283 670 311 su
681 289 791 311 centum
805 291 833 308 Μ.
848 279 905 307 aeris
923 284 969 305 aut
986 285 1019 303 eo
1033 272 1150 309 amplius
1170 270 1328 304 habebant,

849 315 958 350 reliquae
977 321 1010 341 ex
1029 309 1181 339 minoribus
1195 309 1329 344 deinceps

242 253 329 283 modo
338 251 447 282 census:
469 251 507 280 ita
518 253 550 278 ut
563 247 632 285 prim

241 301 277 320 ex
299 292 329 319 iis
349 289 474 318 constans
490 288 534 323 qui
551 286 578 313 in
590 294 639 314 cen
658 322 663 326 .
708 320 712 325 η
751 319 755 324 ,

242 327 402 367 permixtim
412 336 445 354 ex
460 324 610 354 senioribus
621 323 643 351 sc
657 318 826 354 iunioribus:
1092 350 1096 356 .
1273 346 1279 352 .

242 366 367 394 censibus
379 364 460 400 usque
470 363 504 391 ad
519 362 641 397 quintani
658 356 774 385 classem.
816 350 1061 389 Quemadmodum
1079 347 1166 390 Solon
1183 345 1332 376 Athenien-

243 402 283 432 ses
298 404 325 431 in
337 407 451 437 quatuor
464 399 587 434 πμιίμφπὶ
600 393 759 425 distribuisse
769 391 869 421 dicitur
879 411 887 425 ,
908 395 938 418 ut
948 388 1042 416 auctor
1056 385 1094 415 est
1104 384 1269 414 Aristoteles.
1295 382 1329 412 V.

243 440 374 470 Budaeum
387 440 414 466 in
428 436 509 466 Pand.
817 465 822 470 ·
941 462 946 468 ·
963 461 969 467 “

224 477 311 508 Prima
324 476 409 505 classis
421 497 428 509 ,
449 472 564 502 secunda
576 468 662 498 classis
672 489 680 502 ,
700 468 750 496 &c
792 465 850 494 Cic.
863 473 888 492 2.
900 461 1019 499 Philipp.
1033 465 1078 494 82.
1099 456 1331 489 EcceDolabellae

244 515 420 544 comitiorum
434 511 500 539 dies.
525 508 627 537 sortitio
655 503 857 542 praerogativae:
880 499 1001 538 quiescit.
1031 499 1223 527 renuntiatur:
1245 502 1327 524 tacet.

242 553 329 590 prima
339 549 425 579 classis
436 554 556 579 vocatur,
569 543 748 573 renuntiatur.
771 538 884 573 deinde,
898 545 928 566 ut
938 536 1041 568 assolet,
1060 534 1193 572 suffragia.
1215 541 1276 563 tum
1290 532 1331 562 se-

241 589 330 619 cunda
342 586 444 616 classis:
468 593 526 620 qua:
542 582 635 610 omnia
647 580 728 608 citius
738 577 799 606 sunt
812 577 882 605 faeta
893 597 900 607 ,
922 573 1086 616 quam'dixi.

222 626 317 656 Primae
330 623 414 653 classis
425 622 559 651 homines.
595 617 663 647 Gell.
678 617 754 650 lib.7.
770 624 828 651 cap.
847 622 888 649 13.
911 612 1017 653 Classici
1028 610 1193 653 diceb-antur
1203 618 1260 652 non
1271 616 1329 636 orn-

242 673 301 697 nes,
313 662 357 697 qui
371 662 397 689 in
406 658 529 688 classibus
541 661 620 687 erant
631 677 638 688 ,
660 654 705 683 sed
717 653 811 690 primae
820 657 928 680 tantum
940 649 1027 679 classis
1039 649 1176 682 homines,
1193 656 1239 684 qui
1264 655 1282 675 c
1301 646 1328 675 dc

241 710 281 729 xx
294 710 308 727 v
326 698 445 727 millibus
457 696 515 724 acris
528 716 536 729 ,
557 691 705 727 ampliusve
719 690 789 719 censi
803 695 886 718 erant.
1167 722 1173 728 ⁶
1192 722 1198 728 ῃ

221 737 291 767 Infra
301 735 409 764 classem
419 740 509 762 autem
524 729 676 768 appellatos
690 728 779 765 inquit
792 725 862 756 Gell.
877 725 925 754 lib.
938 733 963 761 7.
977 733 1036 761 cap.
1052 732 1092 760 13.
1117 723 1174 759 Qui
1191 731 1219 764 ip
1232 720 1329 750 secun-

240 775 273 802 da
285 776 309 802 &
321 771 493 807 sequentibus
503 768 627 798 classibus
638 773 731 796 erant:
754 765 771 794 i.
784 774 807 793 e.
829 764 886 800 Qui
898 760 1121 805 minorelsumma
1138 761 1209 803 censi
1221 765 1306 788 erant.

221 811 330 847 Quintae
343 808 428 838 classis
439 808 565 836 homines
577 804 738 834 dicebantur
753 801 841 833 infimi
855 802 880 832 St
898 808 1077 842 pauperiores
1086 798 1224 842 ‘homines
1237 819 1244 831 ,
1266 794 1327 838 nul-

236 849 288 877 lius
298 846 474 876 auctoritatis.
511 844 570 872 Cic.
582 853 607 878 4,.
623 842 703 871 Acad.
715 850 761 878 73.
787 840 822 869 de
836 839 1013 873 Democrito,
1035 836 1092 873 Qui
1109 835 1179 864 milii
1197 844 1260 864 curn
1277 833 1325 862 illo

236 884 346 918 collati,
368 884 469 920 quintae
481 880 566 911 classis
578 880 714 909 videntur.
1026 912 1034 917 .
1189 910 1194 916 ⁸

217 923 352 953 Tributim
363 943 370 955 ,
393 923 417 950 δι
426 919 616 954 centuriatim,
638 915 779 954 descriptis
790 913 949 948 ordinibus,
963 911 1089 942 claslibus
1100 932 1108 945 ,
1122 909 1258 944 aetatibus,
1271 909 1323 938 &a

214 958 605 1029 Dihciiriirlioliilsisiiinizlaffes,
626 991 756 1021 Decurias
767 989 977 1028 appellaverunt
987 986 1104 1023 antiqui.
1125 983 1263 1015 Columel.
1273 983 1323 1013 lib.

213 1043 461 1102 ngqicissrg.clflffes
473 1069 500 1098 in
512 1068 646 1105 regiones.
687 1063 824 1095 Columel.
836 1063 883 1092 lib.
899 1072 920 1092 1.
934 1072 992 1100 cap.
1005 1071 1032 1091 2.
1055 1061 1149 1098 Itaque
1160 1060 1178 1088 si
1188 1059 1269 1088 latior
1284 1058 1322 1101 est

231 1119 294 1146 ager
305 1131 313 1143 ,
334 1110 361 1137 in
375 1108 498 1142 regiones
507 1104 678 1135 deducendae
689 1103 750 1132 sunt
762 1101 873 1137 classes,
893 1102 945 1131 &c.
985 1099 1027 1130 De
1046 1099 1197 1129 vinitorum
1212 1099 1238 1127 ἅ
1253 1105 1322 1134 agri-

232 1148 353 1176 colarum
367 1145 493 1174 classibus
504 1144 633 1180 loquitur.
1064 1174 1069 1180 .

211 1184 242 1214 ln
253 1184 346 1213 classes
361 1183 519 1212 distribuere
541 1189 641 1210 meros,
664 1177 781 1214 Quintil.
795 1175 844 1206 lib.
857 1185 883 1205 2.
895 1185 954 1213 cap.
968 1184 994 1204 2.
1035 1174 1108 1217 Hinc

213 1222 327 1251 Classem
340 1221 441 1250 ducere
452 1242 460 1254 ,
482 1220 520 1248 est
532 1219 648 1248 r’rimum
658 1216 751 1245 locum
763 1222 856 1244 tenere
866 1214 894 1242 in
904 1212 984 1241 classi.
1008 1210 1128 1249 Quintil.
1140 1219 1162 1240 1.
1173 1219 1199 1241 2.

212 1259 306 1290 Classis
316 1259 416 1288 dicitur
429 1259 512 1287 etiam
525 1254 675 1285 Multitudo
686 1254 819 1289 equiturn.
843 1251 916 1288 Virg.
933 1261 957 1287 3.
973 1250 1034 1280 AEn.
1049 1256 1113 1293 doz.

368 1312 405 1317 --
416 1296 469 1324 scio
481 1304 524 1324 me
537 1294 636 1323 Danais
649 1302 664 1320 e
676 1290 802 1320 classibus
810 1298 906 1318 unum.
988 1287 1109 1317 Servius.
1122 1286 1154 1315 Et
1165 1294 1189 1315 2.
1201 1286 1262 1316 AEn-
1273 1292 1317 1319 30.

303 1333 435 1363 Classibus
446 1333 492 1361 liic
504 1332 596 1360 locus:
618 1330 663 1358 hic
676 1329 748 1357 acies
768 1334 871 1356 certare
887 1325 1019 1355 solebant.
1115 1324 1168 1354 Ubi
1189 1321 1296 1354 Servius
1310 1331 1317 1352 :

230 1371 320 1408 Magis
330 1372 362 1400 ad
374 1372 480 1408 equites
491 1369 588 1398 referre
600 1367 742 1396 debemus.
992 1400 997 1406 ¹

210 1409 312 1438 Classes
322 1409 461 1445 clypearas
469 1407 572 1443 antiqui
585 1406 722 1437 dixerunt,
735 1412 803 1439 quos
813 1411 890 1431 nunc
901 1400 1043 1443 Exercitus
1055 1408 1196 1441 vocamus.
1217 1397 1318 1441 Festus.

209 1447 350 1478 Procinch
359 1445 462 1480 classis,
486 1445 624 1473 Exercitus
635 1442 789 1470 instrucius.
829 1439 921 1469 Festus
932 1461 940 1473 ,
963 1438 1103 1467 procincta
1111 1437 1197 1466 classis
1209 1436 1319 1465 diceba-

229 1491 289 1518 tur,
311 1494 394 1521 quum
404 1483 541 1512 exercitus
552 1482 657 1510 cinctus
672 1485 728 1508 erat
740 1477 849 1507 Gabino
864 1478 956 1506 cindtu
969 1475 1113 1504 confestim
1128 1480 1316 1512 pugnaturus:

228 1522 300 1552 Nam
313 1522 443 1550 vetustius
453 1520 505 1549 fuit
517 1541 524 1554 ,
545 1517 755 1548 multitudinem
764 1515 930 1551 hominum,
951 1522 1033 1551 quam
1050 1513 1165 1543 navium
1176 1535 1185 1549 ‚
1207 1511 1319 1541 classem

230 1559 372 1597 appellari.
401 1559 431 1587 V.
455 1559 481 1587 «St
494 1556 547 1594 seq.
561 1556 629 1601 ibid.
701 1593 706 1598 ¹
741 1592 747 1598 ι
825 1590 831 1596 ·

174 1597 196 1627 C
205 1609 221 1626 L
231 1607 249 1626 Α
260 1607 271 1626 s
281 1607 291 1626 s
300 1608 308 1625 1
317 1599 357 1626 cu
367 1608 383 1625 L
393 1606 411 1625 A
424 1617 431 1630 ,
451 1605 481 1624 ae.
502 1595 521 1624 f.
543 1593 659 1631 [πλαιν]
680 1592 778 1622 dimin.
800 1590 858 1620 Cic.
872 1592 915 1619 16.
929 1589 983 1619 Att.
994 1597 1020 1619 2.
1042 1587 1145 1617 Cassius
1155 1597 1220 1618 cum
1233 1586 1322 1617 classi-

209 1635 273 1664 cula
288 1634 333 1663 sua
344 1640 463 1663 venerat.

173 1671 308 1702 Ctassr
322 1681 451 1704 anius,
473 1670 490 1699 i.
512 1679 548 1699 m.
572 1669 661 1706 Quiin
673 1665 753 1697 classe
773 1666 790 1695 i.
811 1674 835 1694 e.
858 1663 991 1699 navibus,
1015 1669 1137 1701 pugnat,
1157 1663 1319 1693 &subaudi-

209 1716 253 1739 tur
265 1709 354 1739 Miles.
394 1708 457 1738 Caes.
469 1717 492 1742 ι.
508 1707 574 1737 Bell.
589 1706 666 1735 Civil.
683 1715 744 1734 100.
765 1704 889 1740 Itemque
906 1711 955 1739 per
971 1702 1076 1738 equites
1088 1701 1231 1738 dispositos
1248 1711 1318 1736 aqua

208 1747 357 1786 prohibere
367 1746 512 1776 classiarios
526 1745 650 1774 instituit.
682 1743 758 1773 Suet.
771 1741 799 1770 in
811 1740 889 1784 Calb.
902 1749 961 1778 cap.
977 1748 1018 1768 12.
1040 1739 1112 1782 Nam
1122 1738 1319 1782 quum-classia-

208 1786 264 1814 rios
274 1807 281 1819 ,
304 1794 371 1821 quos
384 1784 457 1813 Nero
468 1792 503 1812 ex
512 1783 660 1820 remigibus
668 1804 677 1817 ,
696 1779 780 1817 iustos
789 1778 890 1808 inihtes
899 1777 1011 1813 fecerat,
1030 1778 1119 1807 redire
1128 1777 1164 1807 ad
1172 1776 1317 1815 pristinum

208 1823 306 1852 statum
317 1829 446 1859 cogeret,
459 1822 511 1851 διο.

207 1860 340 1890 Primores
351 1859 551 1888 classiariorum.
572 1856 663 1886 Tacit.
676 1865 717 1891 ¹5-
735 1855 803 1886 Anu.
820 1863 861 1889 51.

207 1897 380 1932 Classiarius,
400 1907 449 1934 pro
462 1896 603 1933 Diligenti.
645 1893 793 1931 apuleius,
816 1892 847 1921 Et
860 1891 972 1921 laudum
993 1890 1053 1926 ejus
1065 1889 1212 1920 classim-ius
1233 1895 1317 1927 atque

225 1935 346 1965 assiduus
357 1944 454 1971 praeco.
496 1934 533 1963 lta
545 1933 610 1962 dicii
620 1930 682 1960 sunt
691 1937 793 1964 autem,
810 1930 883 1966 quod
894 1929 1020 1958 omnium
1030 1927 1152 1957 classium
1164 1929 1237 1957 cives
1248 1927 1316 1957 sem-

224 1983 274 2011 per
282 1975 367 2010 parati
378 1978 454 2001 erant
460 1971 493 2001 ad
503 1980 615 2000 ornnem
625 1968 794 2006 Reipublicae
804 1966 995 1996 necessitatem.
1036 1965 1174 2001 [Videtur
1188 1965 1318 1995 Classica.

225 2012 281 2040 rius
290 2010 448 2048 legendum.
488 2009 567 2038 Certe
579 2007 785 2036 Buccinarorem
798 2005 937 2041 intelligit.
976 2003 1031 2032 Sed
1043 2003 1136 2032 locum
1149 2007 1203 2032 non
1215 2004 1314 2040 reperi.

171 2047 219 2079 Cr.
228 2058 246 2077 A
257 2058 268 2078 s
277 2050 355 2078 sicu
365 2057 393 2082 s,
417 2056 448 2081 a,
468 2056 523 2075 um.
547 2046 603 2080 Adi¹
629 2041 763 2080 [ςυλυιὲς]
784 2043 868 2079 Quod
880 2042 916 2071 est
927 2040 1014 2071 classis
1026 2063 1034 2077 ,
1054 2041 1098 2071 vel
1110 2041 1196 2079 Quod
1207 2041 1242 2071 ad
1252 2039 1317 2071 clas-

208 2086 263 2117 sem
274 2087 402 2124 pertinet.
423 2092 472 2118 ut,
492 2083 603 2113 Classica
612 2081 692 2111 bella.
715 2082 837 2118 Propert.
850 2080 898 2109 lib.
912 2089 938 2109 2.
949 2090 970 2108 1.
981 2083 1025 2112 28.

288 2124 319 2153 Et
328 2132 454 2153 canerem
466 2121 562 2152 Siculae
575 2119 681 2149 classica
691 2119 764 2149 bella
773 2119 854 2156 fugae.
936 2118 952 2147 i.
965 2126 990 2147 e.
1012 2116 1088 2147 Bella
1097 2116 1214 2146 navalia.

207 2160 361 2191 Certamen.
382 2159 452 2189 Veii.
466 2159 567 2188 Patere.
585 2167 610 2187 2.
627 2163 671 2191 ὃς.

207 2198 325 2228 Corona.
362 2198 463 2227 Patere.
476 2196 524 2225 lib.
538 2206 563 2226 2.
576 2201 619 2229 81.
642 2194 747 2231 Insigne
757 2202 866 2223 coronae
878 2192 1010 2225 classicae,
1031 2201 1086 2228 quo
1100 2201 1185 2220 nemo
1193 2201 1316 2229 unquam

227 2235 414 2265 Romanorum
426 2235 543 2263 donatus
551 2239 622 2267 erat,
644 2233 698 2262 hoc
709 2231 783 2260 bello
795 2231 911 2268 Agrippa
922 2229 1047 2267 singulari
1059 2230 1159 2259 virtute
1169 2232 1279 2259 meruit.

206 2273 310 2304 Horror
327 2273 449 2303 classicus
459 2273 539 2301 noete
549 2271 647 2307 dieque
657 2270 750 2307 gemit.
776 2268 876 2298 Lucan.
892 2268 925 2297 ad
937 2267 1023 2297 Pison.
1040 2276 1100 2302 1²9·

206 2311 321 2341 Classici.
363 2311 419 2347 Qui
431 2311 458 2339 in
471 2309 584 2338 navibus
594 2306 883 2337 remisincumbebant
900 2306 974 2344 apud
994 2305 1119 2334 Curtium
1133 2303 1180 2333 lib.
1195 2313 1255 2339 4.3.
1270 2309 1312 2338 18.

224 2349 352 2379 Tandem
363 2349 445 2377 remis
456 2347 622 2384 pertinacius
632 2345 821 2374 everberatum
837 2353 911 2372 mare
921 2365 929 2379 ,
951 2342 1037 2372 veluti
1049 2341 1230 2380 eripientibus
1239 2343 1314 2372 navi.

225 2388 267 2423 gia
283 2385 397 2415 classicis
409 2407 416 2420 ,
438 2384 533 2419 cessit,
555 2382 721 2421 appulsaque
732 2381 876 2411 suntlitori
887 2381 1003 2410 lacerata
1014 2380 1089 2418 plera
1110 2389 1154 2409 ue.

205 2423 312 2455 Classici
323 2423 485 2453 dicebantur
499 2431 556 2451 non
567 2430 664 2450 omnes
675 2419 762 2457 quiin
780 2418 905 2448 classibus
916 2425 1007 2453 erant,
1029 2417 1075 2450 sed
1112 2418 1187 2447 rimae
1204 2423 1313 2448 tantum

223 2461 310 2492 classis
320 2461 446 2490 homines
456 2482 464 2495 ,
484 2460 531 2496 qui
541 2465 653 2488 centum
667 2459 692 2487 ἃ
702 2457 800 2494 viginti
814 2457 936 2494 quinque
948 2455 1069 2485 millibus
1085 2456 1143 2484 aeris
1154 2477 1161 2489 ,
1183 2455 1313 2493 amplius·

221 2510 255 2530 ve
265 2499 335 2528 censi
345 2505 429 2528 erant.
469 2497 538 2527 Gell.
554 2496 601 2526 lib.
631 2518 636 2525 .
653 2505 713 2532 cap.
727 2504 768 2531 η.
789 2494 875 2524 Graeci
894 2494 981 2523 ωτῶπν
998 2491 1095 2528 iprum»
1114 2500 1222 2523 vocant.
1250 2494 1310 2524 Liv.

223 2542 268 2567 26.
278 2542 322 2572 48.
340 2536 428 2566 Sociis
444 2536 474 2565 C.
490 2534 586 2564 Laelius
597 2505 722 2567 csafficis,
733 2532 900 2569 Legionarii's
911 2531 951 2560 M.
961 2531 1141 2568 Sempronius
1153 2530 1311 2561 Tuditanus

221 2575 325 2604 aderat.
357 2573 395 2602 Ex
406 2573 474 2603 Bud.
522 2572 577 2602 Sed
600 2572 630 2600 in
648 2570 802 2600 emendatis
812 2569 887 2599 libris
898 2569 1016 2606 legitur,
1035 2569 1142 2605 Sociis,
1163 2569 1194 2599 C.
1210 2568 1310 2599 Laelius

220 2612 364 2649 praefectus
378 2610 474 2640 classis.

201 2649 309 2679 Classici
320 2650 444 2678 austeres
455 2669 463 2683 ,
484 2646 546 2676 sunt
559 2645 652 2675 Primae
662 2650 744 2674 notae.
783 2644 814 2673 V.
835 2644 865 2672 in
886 2653 904 2672 Α
915 2653 933 2672 υ
942 2653 959 2672 c
968 2651 988 2671 τ
997 2653 1014 2672 o
1023 2653 1049 2672 R.

201 2686 330 2717 Classicus
339 2686 462 2723 scriptor.
494 2683 564 2714 Gell.
579 2683 626 2712 lib.
639 2693 680 2718 19.
692 2692 753 2720 cap.
767 2686 792 2715 8.
814 2680 945 2711 Classicus
955 2680 1128 2718 assiduusque
1140 2681 1238 2717 aliquis
1248 2682 1309 2712 scri-

217 2731 281 2764 ptor
292 2746 299 2758 ,
320 2733 377 2753 ηοη
388 2722 558 2761 proletarius.
595 2721 637 2750 De
645 2720 760 2749 cohorte
773 2718 819 2748 illa
833 2720 1011 2756 antiquorum
1027 2719 1157 2756 loquitur.
1180 2720 1306 2750 Budaeus.

219 2762 299 2791 Conf.
320 2762 349 2790 in
370 2771 388 2790 Α
400 2770 433 2790 s·s
445 2770 479 2788 1D
491 2768 573 2794 uus,
595 2759 620 2788 δι
632 2758 666 2787 ad
682 2758 735 2787 loc.
748 2757 801 2794 seq.

200 2799 310 2830 Classici
322 2799 401 2828 testes
416 2798 595 2829 dicebantur,
617 2795 674 2831 Qui
692 2794 830 2832 signandis
842 2794 1009 2823 testamentis
1026 2793 1238 2829 adhibebantur,
1260 2795 1308 2825 Fe.

217 2838 279 2868 s’tus.
315 2838 368 2865 hoc
377 2836 414 2865 est
447 2836 520 2864 rimae
530 2833 616 2863 classis
625 2834 751 2862 homines
762 2854 770 2867 ‚
791 2832 862 2868 quasi
873 2833 967 2869 primae
979 2832 1150 2861 auetoritatis
1168 2834 1194 2861 ἃ
1212 2833 1307 2862 idonei

218 2875 340 2905 veritatis
350 2846 499 2909 sponsiires.
526 2871 645 2908 Scaliger
655 2870 737 2900 Cives
745 2870 883 2899 Romanos
891 2869 1026 2907 exponit,
1048 2869 1095 2906 qui
1104 2869 1131 2897 in
1142 2870 1231 2906 aliqua
1244 2870 1308 2899 clas-

216 2913 244 2942 se
254 2912 324 2942 censi
336 2911 430 2941 essent.
470 2911 482 2947 [
495 2910 550 2947 Ego
561 2909 669 2939 Testem
678 2906 817 2937 classicum
832 2908 936 2936 dit‘tum
950 2914 1019 2943 puto
1029 2929 1037 2943 ,
1057 2916 1108 2944 pro
1118 2906 1192 2937 Locu
1216 2909 1270 2937 lete
1281 2910 1307 2938 Sc

217 2951 324 2980 Idoneo
334 2959 381 2987 per
391 2948 584 2986 Metaphoram
592 2946 602 2982 ‘,
623 2945 695 2981 quasi
707 2947 752 2983 qui
764 2945 855 2974 Primae
867 2944 931 2974 esset
942 2944 1039 2979 classis,
1060 2951 1091 2973 ut
1101 2946 1175 2983 apud
1185 2918 1306 2976 (sellium

219 2988 348 3017 Classicus
357 3009 364 3021 ,
385 2996 442 3016 non
453 2985 616 3015 Proletarius
626 2983 747 3021 scriptor.
789 2982 820 3011 V.
842 2982 895 3011 loc.
908 2982 1024 3026 praeced.

164 3026 337 3059 czassieuM,
358 3025 376 3054 i.
389 3035 415 3054 n.
434 3022 591 3060 [cainonem-<9⁶
603 3022 715 3057 ]Sonus
725 3019 862 3063 tubarum,
873 3021 896 3049 δι’
908 3019 964 3063 ipsa
974 3020 1049 3049 tuba.
1061 3019 1134 3057 Virg.
1145 3021 1304 3058 7.]En.637.

291 3062 403 3092 Classica
411 3070 529 3098 namque
540 3060 645 3090 sonant.
774 3057 825 3086 Ub1
842 3057 949 3086 Servius
959 3079 966 3092 ‚
988 3057 1134 3087 Classicum
1151 3059 1268 3088 dicimus
1279 3061 1305 3089 ἃ.

198 3101 206 3130 i
230 3100 282 3129 sam
294 3099 387 3129 tubam
398 3122 406 3133 ,
429 3101 454 3129 &
464 3099 569 3128 sonum.
610 3095 755 3126 Classicum
767 3102 858 3125 autem
868 3094 905 3124 est
917 3094 1047 3124 flexibilis
1056 3095 1130 3125 tuba.
1152 3095 1210 3126 Liv.
1221 3107 1246 3133 5.
1256 3107 1303 3134 47.

223 3139 306 3167 ocatis
319 3137 427 3166 classico
439 3137 472 3165 ad
484 3135 633 3165 concilium
648 3133 790 3163 militibus.

200 3175 345 3205 Claslicum
365 3175 477 3211 (inquit
488 3173 562 3203 Valla
573 3174 602 3202 iri
616 3171 813 3205 Raudensem)
833 3170 945 3208 proprie
956 3170 994 3199 est
1010 3170 1099 3199 Sonus
1114 3170 1204 3200 tubae:
1246 3172 1304 3201 uod

217 3212 365 3242 Priscianus
376 3213 459 3242 etiam
471 3211 651 3247 &Vegetius‚
672 3209 774 3243 aliique
784 3208 923 3237 testantur.
964 3208 1152 3243 Quintilianus
1163 3230 1171 3243 ,
1193 3210 1219 3237 in
1263 3210 1305 3239 ili.

216 3255 245 3279 te
258 3250 388 3279 Mariano.
410 3250 430 3287 §.
447 3259 471 3286 7.
495 3249 534 3278 Ad
544 3249 662 3286 primum
677 3247 765 3276 statim
778 3245 908 3274 obscaena·
920 3244 1043 3274 libidinis
1055 3245 1224 3281 sermonem,
1247 3257 1304 3277 non

217 3287 293 3316 aliter
303 3298 382 3324 quam
391 3287 407 3316 si
418 3289 446 3316 in
457 3287 562 3316 hostem
572 3285 711 3315 classicum
721 3283 876 3318 cecinisset,
898 3282 1021 3320 gladium
1038 3283 1115 3311 illum
1126 3304 1133 3317 ,
1154 3293 1236 3319 quem
1250 3292 1304 3314 ate

218 3334 268 3361 pro
279 3326 409 3362 pudicitia
423 3325 572 3353 nostrarum
581 3324 732 3359 conjugum
741 3327 894 3359 acceperat,
935 3330 963 3349 er
973 3323 1069 3357 pectus
1079 3321 1182 3349 infandi
1191 3331 1304 3359 corrup-

218 3363 284 3390 toris
295 3363 393 3399 exegit.
407 3362 510 3399 Vegetii
521 3362 602 3391 verba
612 3361 672 3390 hrec
682 3360 754 3394 sunt,
765 3359 814 3388 lib.
827 3369 851 3387 2.
865 3359 900 3386 de
913 3331 943 3386 ii.
958 3359 997 3387 M.
1009 3368 1067 3395 cap.
1076 3368 1120 3387 22.
1132 3365 1199 3387 extr.
1211 3359 1304 3389 Classi-

217 3408 280 3428 cum
293 3399 356 3428 item
367 3400 535 3437 appellatur,
556 3399 631 3436 quod
649 3398 840 3427 buccinatores
851 3406 900 3433 per
914 3405 999 3425 cornu
1016 3396 1121 3424 dicunt.
1164 3396 1225 3425 Hoc
1243 3398 1303 3426 insi.

216 3445 269 3472 gne
283 3437 389 3466 videtur
401 3438 437 3466 im
461 3438 525 3466 erii:
551 3437 612 3474 quia
625 3445 708 3472 quum
719 3433 859 3464 classicum
868 3435 952 3468 canit,
969 3434 1159 3470 imperatores}
1170 3434 1301 3470 praesens:

217 3473 262 3502 vel
273 3484 355 3510 quum
366 3475 393 3503 in
405 3448 521 3503 misiteni
534 3474 687 3510 capitaliter
700 3472 942 3502 animadvertitur:
961 3471 1025 3508 quia
1034 3470 1089 3500 hoc
1100 3480 1134 3500 ex
1152 3471 1302 3509 imperato-

217 3511 253 3539 ris
265 3512 274 3541 (
286 3511 323 3539 ΑΙ.
337 3511 544 3549 Imperialibus)
562 3511 667 3548 legibus
675 3510 731 3539 fieri
743 3509 850 3539 necesse
863 3509 910 3538 est.

198 3546 295 3576 Civilia
305 3548 419 3578 classica.
441 3549 536 3578 Claud.
550 3558 575 3577 ι.
590 3551 617 3576 in
628 3547 726 3578 Ruffin.
742 3557 804 3584 117.

197 3583 298 3614 Martia
307 3585 411 3615 classica
419 3586 533 3623 pulsare.
553 3586 647 3615 Tibul.
659 3585 705 3614 lib.
720 3595 742 3614 1.
756 3595 778 3614 1.
791 3596 817 3619 4.

291 3622 386 3651 Martia
398 3625 441 3652 cui
451 3623 560 3653 somnos
570 3624 676 3653 classica
687 3623 762 3660 pulsa
774 3623 880 3659 fugent.

196 3657 304 3688 Matura
314 3659 420 3689 classica
432 3662 562 3690 dicuntur
573 3683 581 3697 ‚
603 3662 695 3697 Quum
706 3662 870 3696 intempore
888 3659 914 3688 δι
926 3658 1057 3687 omnibus
1067 3657 1165 3695 quibus
1180 3667 1251 3694 opus
1261 3659 1299 3688 est

215 3697 350 3732 apparatis
361 3698 395 3726 ad
406 3699 562 3727 conflictum
575 3706 764 3728 convocantur
775 3697 887 3727 milites.
908 3696 953 3726 vel
961 3696 1088 3732 Matura,
1108 3697 1126 3725 i.
1135 3705 1160 3725 e.
1181 3695 1299 3725 Festina<

213 3738 241 3762 ta
250 3754 258 3768 ’
275 3735 770 3809 8383?chigulcliioriissqirqgggssom
778 3771 927 3809 sequuntur
939 3793 948 3806 ‚

272 3807 332 3836 Nec
342 3815 444 3850 matura
455 3816 550 3845 petunt
559 3810 691 3846 promissa:
701 3809 808 3838 classica
816 3819 923 3847 pugnae.

192 3844 333 3874 Advocare
345 3845 452 3873 classico
463 3847 495 3873 ad
507 3848 679 3875 concionem.
712 3847 769 3875 Liv.
782 3853 807 3879 8.
822 3856 863 3881 32.
881 3856 920 3883 pr.
944 3845 1024 3875 Haud
1036 3845 1124 3874 multo
1137 3845 1197 3883 post
1210 3845 1296 3876 dicta-

212 3890 255 3910 tor
272 3883 397 3911 advenit:
421 3882 582 3919 claslicoque
597 3884 738 3920 extemplo
750 3885 784 3912 ud
795 3885 960 3913 concionem
970 3883 1123 3912 advocavit.

191 3918 296 3948 Canere
310 3919 459 3948 classicum.
500 3920 563 3949 Cri-s.
580 3930 602 3954 ι.
625 3920 690 3949 Bell.
707 3921 783 3949 Civil.
803 3927 847 3954 82.
881 3921 1026 3956 Pompeius
1042 3922 1136 3957 paucis
1155 3921 1215 3958 post
1237 3920 1294 3949 die-

209 3955 260 3986 bus
274 3957 305 3986 in
321 3957 487 3987 Thessaliam
505 3958 646 3994 pervenit,
665 3960 717 3988 &c.
748 3958 826 3988 suum
844 3968 908 3988 cum
924 3958 1056 3995 Scipione
1076 3959 1210 3988 honorem
1233 3967 1296 3996 par-

1381 865 1618 898 Ctassrcus,
1639 874 1657 893 1.
1682 874 1719 893 m.

1381 904 1655 937 Cmrssrcmizs,
1676 901 1761 931 Varro
1776 913 1802 938 4.
1818 903 1853 931 de
1867 901 1935 931 L.L.
1949 912 1991 938 15.
2015 902 2048 931 Et
2071 903 2222 932 classicines
2245 912 2260 932 a
2281 903 2380 939 classe,
2401 907 2448 942 qui
2462 908 2528 939 item

1378 1090 1400 1121 C
1410 1102 1426 1120 1.
1435 1102 1453 1120 a
1463 1101 1474 1120 s
1484 1100 1594 1119 T1D1U
1606 1101 1625 1119 Μ
1639 1112 1647 1125 ,
1669 1089 1836 1126 [masilinis]
1857 1090 2003 1134 Oppidum
2014 1112 2024 1126 ,
2043 1091 2090 1121 seu
2106 1092 2184 1121 vicus
2201 1091 2240 1121 est
2254 1091 2340 1121 Italiae
2350 1114 2359 1127 ‚
2380 1092 2460 1131 supra
2472 1093 2528 1124 Pla.

1342 1204 1346 1206 ι
1376 1166 1602 1200 (ΞιΑΤΕκΝΑ,
1624 1163 1773 1203 [mandem
1790 1165 1883 1201 Prot]

1375 1279 1608 1315 CLATHRUM,
1629 1279 1648 1309 i.
1670 1289 1698 1309 n.
1721 1278 1867 1315 [κλεῖθρον]
1890 1279 1920 1308 in
1953 1279 2032 1309 lurali
2047 1301 2056 1314 ,
2090 1279 2119 1308 hi
2142 1279 2247 1309 clathri
2272 1281 2298 1310 &
2315 1280 2376 1310 haec
2400 1281 2524 1320 Clathra‚

1366 2602 1388 2632 C
1398 2614 1413 2631 t
1424 2614 1441 2632 A
1451 2614 1467 2632 v
1475 2608 1491 2633 λ
1501 2614 1520 2632 T
1528 2614 1544 2633 o
1554 2615 1581 2640 a,
1603 2606 1666 2635 oris.
1688 2613 1726 2634 m.
1747 2602 1908 2641 [κρςυνίτηε]
1933 2603 1990 2641 Qui
2002 2603 2078 2633 clava
2087 2603 2188 2639 utitur,
2206 2603 2298 2641 inquit
2306 2603 2407 2634 Festus.
2426 2603 2510 2634 Piaur.
2552 2602 2557 2637 l

1367 2754 1390 2784 C
1400 2766 1416 2783 L
1424 2765 1443 2783 A
1453 2765 1469 2784 v
1479 2758 1490 2784 Ῑ
1499 2766 1516 2784 G
1526 2766 1539 2784 t
1549 2766 1564 2784 a
1576 2777 1585 2790 ,
1607 2758 1652 2785 era
1661 2777 1669 2789 ,
1691 2758 1777 2785 Erum.
1798 2754 2006 2791 [moguiassde&]
2027 2755 2083 2791 Qui
2096 2753 2200 2783 clavam
2212 2754 2274 2784 fert.
2315 2754 2405 2788 Hinc,
2424 2753 2511 2792 Clavi·
2546 2755 2566 2784 i»

1367 2942 1609 2980 Ctxvanius,
1631 2945 1856 2978 otmarus,
1879 2944 1908 2973 ln
1930 2952 2087 2972 etavus.

1366 2981 1547 3012 Ctaunia
1568 2983 1641 3012 Gens
1653 3005 1660 3017 ,
1684 2983 1776 3012 Roma:
1792 2982 1921 3020 patritia,
1943 2990 1976 3009 ex
1994 2980 2101 3017 Regillo
2116 2980 2280 3010 Sabinorum
2292 2980 2399 3018 oppido
2419 2979 2506 3010 oriun-
2545 2980 2549 2987 ”

1845 142 1875 176 C
1967 145 1996 180 L
2091 145 2119 180 A

1439 228 1523 262 titur,
1544 223 1740 268 classicumque
1755 223 1829 254 3⁸⁸le
1849 233 1915 254 eum
1928 226 2011 262 cani,
2041 227 2068 257 ἀ
2088 226 2207 257 alterum
2224 227 2266 257 illi
2285 227 2364 264 jubet
2379 229 2532 266 praetorium

1439 265 1527 295 tendi.
1585 263 1631 299 [is
1641 272 1716 292 enirn
1727 261 1775 291 soli
1786 263 1911 298 Praetori,
1947 264 1993 293 seu
2013 262 2085 293 Duci
2102 265 2240 295 exercitus
2257 265 2349 295 honos
2368 266 2533 300 habebatur,

1440 303 1473 332 V.
1498 303 1551 331 tiv.
1564 309 1609 337 ²7·
1622 308 1665 335 47.
1697 300 1769 329 Hinc
1781 300 1908 330 Praetoria
1918 300 2025 331 classica
2036 301 2157 340 propert.

1422 341 1588 372 concinere.
1614 337 1714 367 Lucan.
1728 338 1775 366 lib.
1791 348 1813 366 i.
1826 345 1889 373 238.

1422 376 1543 408 Excitari
1555 375 1672 405 classico.
1698 375 1762 404 Hor.
1777 375 1864 412 Epod.
1879 385 1905 405 2.
1919 387 1944 411 ς.

1421 415 1558 447 Exordiri.
1599 414 1674 442 Suet.
1687 413 1714 441 in
1729 412 1792 442 Caes.
1806 423 1866 450 cap.
1880 422 1924 450 32.
1959 414 1994 444 Et
2014 414 2121 453 ingenti
2144 413 2238 453 spiritu
2261 414 2401 447 classicum
2423 417 2533 451 exorsus

1441 452 1580 490 pertendit
1591 451 1623 479 ad
1634 449 1746 479 alteram
1758 451 1854 488 ripam.

1420 491 1520 521 Facere
1530 489 1667 518 silentium
1679 487 1799 517 classico.
1822 488 1878 518 Liv.
1891 496 1917 518 2.
1928 498 1972 524 45.

1419 528 1498 560 Flere
1513 526 1619 556 classica
1631 525 1763 555 iaaetoria.
1803 525 1831 554 h.
1843 535 1868 556 e.
1889 525 1988 555 Flebili
2006 526 2130 555 carmine
2141 526 2186 557 seu
2206 527 2265 556 stilo
2279 527 2432 559 describere
2443 529 2530 568 bella,

1439 576 1500 603 quae
1511 565 1546 594 ad
1558 563 1698 594 class'icum
1707 563 1867 593 Praetorium
1886 563 1940 594 five
1955 564 2170 601 Imperatorium
2189 566 2329 595 ineuntur.
2352 566 2470 604 Propert.
2481 568 2530 600 lib.

1440 613 1465 641 3⁴
1483 612 1609 682 ²N‘isisbi
1621 638 1652 667 s1t
1665 648 1747 667 rauco
1760 637 1886 667 Praetoria
1896 638 2004 668 claffica
2019 649 2114 669 cornu.
2209 639 2296 669 Flere.
2333 641 2389 671 Sed
2401 641 2432 672 in
2447 642 2530 674 codd.

1439 677 1594 708 emendatis
1606 675 1681 705 Flare
1691 676 1832 705 excusum.
1855 676 1887 705 V.
1909 676 2022 706 Broekh.
2033 678 2059 706 &
2069 676 2153 715 paulo
2164 676 2244 716 supra
2257 684 2360 709 notata.

1418 716 1516 747 Inflare
1532 713 1649 743 classica.
1673 714 1745 751 Virg.
1757 724 1783 743 2.
1798 714 1895 751 Georg.
1911 723 1972 749 539.

1508 752 1639 781 Necdum
1649 752 1734 780 etiam
1746 751 1985 781 audierantiriflari
1997 751 2119 782 classica:
2141 752 2264 783 necdum

1508 789 1654 827 Impositos
1666 789 1740 818 duris
1750 790 1884 826 crepitare
1897 789 2046 818 incudibus
2060 790 2146 820 enses.

1418 827 1546 857 Murmur
1555 836 1636 864 grave
1647 826 1820 856 classicorum
1834 826 1900 855 silet.
1922 827 1986 856 Seri.
1997 827 2110 864 Thyest.
2120 837 2146 864 7.
2547 857 2556 863 .
2594 839 2596 856 i

1642 865 1647 870 '
1741 864 1797 901 Qui
1809 874 1895 893 cornu
1909 865 1992 894 canit.
2015 864 2091 894 Varr.
2106 865 2132 894 L.
2145 864 2174 894 L.
2185 875 2212 900 4.
2227 874 2270 901 15.
2307 865 2338 896 V.
2362 866 2417 905 seq.
2431 868 2497 899 dist.

1416 950 1504 970 cornu
1515 946 1635 974 canunt,
1658 945 1688 968 ut
1699 946 1770 975 tum,
1790 949 1875 977 quum
1886 939 1980 969 classes
1992 941 2112 970 comitiis
2122 941 2157 969 ad
2166 941 2327 971 comitatum
2344 942 2428 979 [lege
2439 943 2528 974 Comi.

1415 979 1513 1007 tiatum
1525 979 1539 1013 ]
1559 983 1670 1006 vocant.
1711 977 1834 1014 Quidam
1845 978 1942 1014 legunt
1954 977 2082 1007 Classicos
2093 1000 2100 1014 ‚
2122 978 2169 1007 sed
2188 978 2329 1008 falluntur.
2371 980 2528 1013 Clafficines

1415 1017 1499 1045 etiam
1511 1015 1658 1045 Classicarii
1669 1023 1814 1050 vocantur,
1836 1017 1887 1045 &a
1900 1021 1993 1046 vetere
2014 1017 2193 1053 grammatico
2212 1013 2330 1050 σαλπτςυιὶ
2346 1017 2528 1056 explicantur.
2554 1043 2558 1046 .

1415 1063 1450 1083 ex
1461 1053 1583 1082 Turneb.
1600 1053 1706 1082 Advers.
1718 1062 1762 1083 21.
1774 1058 1819 1087 28·

1415 1129 1535 1158 centiam
1546 1129 1581 1158 ad
1592 1128 1714 1158 Cottutae
1727 1128 1856 1163 confinia,
1866 1138 1945 1165 cujus
1956 1129 2085 1158 meminit
2095 1129 2192 1159 Strabo
2204 1129 2525 1167 lib.5.hodieClnasIeggio.

1415 1205 1419 1210 ⁵
1559 1204 1563 1209 Π
1633 1205 1638 1209 Ι
1699 1204 1705 1210 ,
1904 1176 1919 1196 a
1945 1166 2101 1210 Pomponio
2122 1166 2198 1197 Mela
2211 1167 2260 1196 lib.
2275 1177 2300 1197 2.
2315 1172 2342 1203 4.
2371 1177 2527 1200 numeratur

1412 1205 1602 1271 ffltffieqplplida
1611 1204 1716 1234 Piceni.
1754 1203 1839 1235 Nunc
1846 1204 1930 1243 vulgo
1945 1205 2048 1234 dicitur
2061 1204 2198 1233 Flavianae
2208 1227 2216 1240 ,
2238 1212 2269 1234 ut
2281 1205 2376 1235 scribit
2391 1206 2528 1238 Olivarius
2585 1254 2587 1270 1

1411 1328 1508 1346 orum:
1530 1317 1660 1346 dicuntur
1674 1324 1766 1347 autem
1787 1317 1873 1354 Ligna
1884 1318 1929 1353 qui
1954 1327 1984 1346 us
1996 1316 2150 1346 transversis
2166 1317 2270 1355 aliquid
2282 1319 2440 1355 munimus,
2460 1320 2526 1358 sepi-

1411 1355 1522 1390 musve,
1544 1362 1575 1384 ut
1584 1356 1731 1384 fenestras:
1756 1365 1815 1392 quae
1828 1355 1865 1383 ob
1885 1355 1915 1384 id
1925 1355 2087 1390 Clathratae,
2112 1365 2188 1385 nunc
2203 1356 2287 1393 vulgo
2302 1356 2415 1387 Ferratae
2430 1358 2525 1388 dicun.
2598 1384 2601 1385 γ

1409 1401 1462 1423 tur.
1505 1394 1523 1422 A
1539 1393 1640 1422 Graecis
1654 1393 1756 1422 dicitur
1771 1393 1870 1428 κλεῖθρον
1881 1414 1890 1428 ,
1929 1393 1985 1421 uod
1997 1393 2103 1422 dietum
2123 1394 2162 1422 est
2181 1393 2253 1430 quasi
2274 1393 2404 1424 Clausura
2415 1418 2423 1430 ,
2443 1395 2477 1424 ab
2491 1405 2539 1425 eo¹
2582 1401 2587 1426 Γ

1411 1431 1487 1468 quod
1496 1431 1534 1460 est
1550 1434 1637 1465 κλάω,
1658 1431 1734 1468 quod
1755 1431 1888 1468 significat
1933 1430 2034 1465 laudo.
2055 1440 2104 1468 per
2125 1430 2235 1468 syllabae
2251 1432 2437 1463 mutationem
2458 1445 2476 1459 a
2495 1433 2525 1464 in
2582 1431 2583 1436 ¹

1411 1469 1619 1507 diphthongum
1636 1469 1782 1498 abusivam.
1805 1469 1872 1498 Hor.
1885 1469 1913 1497 in
1923 1470 1986 1498 Arte
1996 1469 2070 1498 Poet.
2083 1478 2147 1505 473.
2500 1490 2502 1492 v

1490 1507 1625 1541 Obiectos
1634 1516 1722 1536 caveae
1735 1506 1822 1537 valuit
1833 1507 1851 1535 si
1862 1506 1985 1544 frangere
2000 1506 2129 1536 clathros.
2213 1505 2349 1536 Columel.
2362 1507 2409 1536 lib.
2423 1513 2448 1542 8.
2463 1518 2522 1547 cap.

1413 1554 1456 1582 17.
1477 1544 1557 1583 Spissi
1567 1545 1671 1574 deinde
1680 1544 1776 1574 clathri
1787 1544 1955 1581 marginibus
1965 1544 2133 1581 infiguntur,
2157 1544 2204 1581 qui
2212 1544 2293 1582 super
2308 1555 2407 1582 aquam
2418 1546 2522 1585 semper

1409 1584 1552 1612 emineant
1565 1605 1573 1618 ,
1593 1584 1677 1612 etiam
1686 1592 1770 1620 quum
1782 1583 1863 1612 maris
1874 1583 1951 1612 aestus
1960 1582 2131 1611 intumuerit.

1373 1620 1395 1651 C
1404 1632 1420 1649 L
1431 1631 1449 1650 A
1459 1630 1478 1649 T
1487 1630 1506 1649 a
1517 1631 1557 1649 Ro
1569 1642 1576 1655 ,
1599 1621 1755 1657 [κλωθφόω]
1775 1624 1829 1650 are.
1853 1620 1971 1649 Clathris
1992 1620 2128 1649 claudere.
2170 1618 2306 1649 Columel.
2321 1619 2370 1650 lib.
2386 1631 2411 1656 9.
2426 1631 2484 1659 cap.
2497 1631 2520 1653 1.

1409 1659 1479 1688 Satis
1491 1659 1529 1688 est
1536 1665 1628 1688 autem
1639 1668 1763 1688 vacerras
1773 1659 1844 1687 inter
1859 1659 1946 1696 pedes
1957 1659 2073 1687 octonos
2083 1657 2202 1694 defigere
2211 1679 2220 1693 ,
2241 1657 2357 1695 serisque
2373 1658 2522 1690 transversis

1410 1697 1448 1726 ita
1462 1696 1604 1731 clathrare,
1626 1706 1662 1725 ne
1674 1696 1826 1733 spatiorum
1837 1695 1933 1725 laxitas
1944 1718 1952 1730 ,
1973 1705 2033 1733 quae
2044 1695 2225 1724 foraminibus
2233 1695 2398 1731 intervenit,
2421 1698 2522 1734 pecudi

1409 1734 1531 1773 praebeat
1540 1735 1642 1772 fugam.
1678 1734 1764 1764 Plaut.
1779 1733 1840 1763 Mil.
1857 1744 1882 1763 2.
1895 1745 1922 1769 4.
1935 1737 1980 1763 26.
2005 1734 2078 1763 Nam
2097 1741 2173 1763 certo
2189 1742 2280 1770 neque
2299 1734 2427 1763 solarium
2447 1735 2521 1773 apud.

1408 1782 1460 1802 nos
1471 1772 1508 1801 est
1519 1794 1527 1807 ,
1548 1782 1639 1808 neque
1649 1772 1744 1801 hortus
1754 1772 1844 1809 ullus,
1865 1781 1956 1810 neque
1970 1771 2086 1802 fenestra
2103 1771 2154 1800 nisi
2172 1770 2315 1802 clathrata.
2335 1772 2452 1802 Budaeus
2466 1772 2520 1803 sine
2573 1805 2576 1812 ¹

1409 1810 1574 1848 aspiratione
1584 1810 1688 1844 scribit,
1710 1810 1810 1840 Clatro.

2602 1639 2604 1653 l

2601 1674 2604 1693 i

2583 1739 2604 1770 ”i

2597 1784 2604 1816 1

1372 1847 1394 1878 C
1405 1859 1420 1877 L
1431 1859 1449 1876 A
1458 1858 1474 1876 v
1486 1858 1515 1883 A,
1535 1858 1565 1877 ae.
1587 1848 1604 1877 f.
1627 1850 1641 1884 [
1653 1850 1729 1883 υςύνη
1740 1870 1749 1883 .,
1770 1848 1913 1883 ῥὸππλῷι]
1931 1847 2042 1885 proprie
2055 1846 2092 1876 est
2104 1846 2191 1876 Fustis
2202 1852 2273 1877 teres
2282 1856 2318 1876 ex
2328 1857 2382 1877 una
2394 1853 2470 1884 parte
2479 1857 2521 1877 ca-
2572 1866 2574 1872 .
2595 1825 2604 1880 i

2597 1895 2604 1920 1

1408 1887 1511 1924 pitatus
1519 1886 1554 1914 ad
1565 1886 1635 1915 clavi
1647 1885 1865 1916 similitudinem.
1897 1885 2007 1921 Festus3
2031 1884 2125 1920 Clava,
2144 1884 2208 1914 Teii
2217 1895 2313 1922 genus,
2325 1895 2377 1921 qua
2388 1884 2519 1915 Hercules

1408 1923 1544 1953 utebatur.
1584 1923 1643 1953 Cic.
1657 1928 1681 1953 6.
1694 1923 1766 1952 Verr.
1784 1934 1829 1959 94.
1851 1923 1908 1960 Qii
1918 1924 2008 1961 primo
2020 1931 2104 1960 quum
2123 1922 2250 1953 obsistere
2267 1933 2300 1954 ac
2317 1923 2520 1955 defendetemn

1408 1968 1541 1991 narentur
1551 1984 1559 1996 ,
1580 1961 1653 1991 male
1664 1961 1772 1990 multati
1783 1961 1866 1990 clavis
1880 1971 1911 1991 ac
1925 1961 2039 1991 fustibus
2049 1970 2077 1990 re
2100 1960 2230 1991 elluntur.
2522 1984 2523 1988 .
2569 1958 2572 1969 ’

1408 1999 1519 2029 Pondus
1531 1999 1631 2035 clavae,
1654 2009 1704 2037 pro
1718 1999 1800 2029 Clava
1812 1999 1973 2036 ponderosa.
1994 2000 2058 2034 Seri.
2106 1998 2165 2028 Eth.
2178 2008 2204 2035 7.

1407 2037 1546 2067 Doinitrix
1557 2037 1676 2066 ferarum
1688 2037 1764 2066 clava
1778 2037 1913 2068 Herculis.
1936 2037 2019 2067 Ovid.
2029 2047 2054 2073 9.
2069 2036 2151 2074 Epist.
2169 2045 2231 2074 117.
2260 2059 2264 2062 .
2513 2056 2517 2060 -
2549 2057 2556 2071 .
2596 2039 2597 2042 ’

1409 2075 1514 2105 Gravis.
1536 2075 1600 2104 Sen.
1616 2075 1699 2105 Herc.
1710 2075 1761 2104 fur.
1777 2084 1818 2105 12.

1406 2112 1490 2143 Irrasa
1502 2134 1510 2147 ,
1533 2113 1622 2142 Rudis
1635 2135 1644 2147 ,
1663 2112 1799 2150 impolita.
1819 2111 1869 2143 Sil.
1880 2112 1928 2143 lib.
1941 2118 1966 2147 8.
1990 2115 2052 2150 586.

1405 2150 1547 2180 Trinodis.
1570 2151 1654 2180 Ovid.
1669 2161 1690 2180 1.
1704 2151 1768 2184 Fast.
1782 2161 1843 2186 575.

1408 2188 1563 2218 Consectari
1577 2188 1696 2226 aliquem
1711 2198 1811 2226 magno
1823 2188 1947 2226 pondere
1956 2187 2048 2217 clavae.
2068 2187 2178 2219 Lucret.
2189 2187 2239 2218 lib.
2252 2199 2275 2226 ς.
2288 2191 2352 2225 966.

1406 2225 1526 2256 Domare
1538 2226 1643 2256 hostem
1652 2227 1737 2256 clava.
1761 2227 1843 2256 Ovid.
1857 2238 1882 2262 4.
1895 2227 1930 2255 de
1942 2225 2018 2256 Pont.
2034 2236 2076 2255 10.
2088 2235 2133 2263 79.
2527 2238 2545 2244 ν
2562 2236 2569 2252 .·

1405 2263 1538 2294 Instruere
1551 2274 1662 2293 inanum
1674 2264 1758 2293 clava.
1781 2264 1864 2294 Ovid.
1881 2274 1906 2298 9.
1922 2264 2002 2301 Epist.
2019 2273 2079 2301 117.
2566 2263 2567 2269 ¹

1406 2301 1490 2331 Clava
1504 2324 1511 2335 ,
1532 2302 1663 2331 Militaris
1674 2303 1758 2331 etiam
1773 2302 1979 2331 exercitationis
1990 2311 2075 2338 genus
2086 2306 2144 2330 erat
2154 2323 2162 2336 ,
2180 2311 2235 2339 quo
2253 2301 2280 2331 se
2293 2301 2326 2331 ad
2340 2301 2433 2340 palum
2443 2302 2514 2340 gravi

1423 2340 1501 2369 clava
1512 2350 1643 2369 numeros
1652 2350 1749 2369 omnes
1762 2348 1904 2369 armaturre
1916 2339 2064 2378 implentes
2076 2340 2251 2369 exercebant.
2275 2340 2363 2375 Hujus
2371 2341 2407 2369 ita
2420 2342 2514 2370 memi·
2559 2336 2565 2345 '¹

1420 2377 1594 2415 nitVegetius
1609 2378 1654 2406 lib.
1664 2378 1724 2407 i.de
1736 2378 1775 2407 Re
1788 2378 1911 2414 miscap.
1922 2387 1930 2406 1
1941 2378 2090 2414 1.ltemque
2102 2377 2190 2406 clavas
2201 2378 2303 2414 ligneas
2312 2377 2430 2415 duplicis
2439 2388 2514 2416 aeque
2558 2383 2559 2405 1

1422 2416 1555 2453 ponderis
1568 2425 1618 2453 pro
1635 2415 1734 2452 gladii-s
1744 2417 1879 2445 tironibus
1890 2415 2007 2444 dabant:
2030 2424 2119 2451 eoqu.⁴
2131 2415 2215 2443 modo
2228 2425 2283 2444 non
2293 2422 2401 2445 tantum
2415 2425 2511 2453 mane,

1422 2453 1468 2482 sed
1482 2454 1564 2482 etiam
1578 2454 1637 2491 post
1647 2454 1792 2483 meridiem
1802 2453 2001 2482 exercebantur
2009 2453 2043 2481 ad
2057 2452 2144 2490 palos.
2188 2452 2302 2487 lterum,
2325 2454 2424 2482 Contra
2437 2453 2513 2484 illum
2554 2459 2561 2507 l

1421 2491 1516 2528 palum
1529 2497 1659 2528 tanquam
1672 2499 1767 2521 contra
1777 2491 1959 2520 adversarium
1970 2492 2024 2520 tiro
2036 2500 2101 2520 cum
2119 2496 2194 2519 crate
2209 2490 2255 2519 illa
2266 2498 2312 2520 aut
2326 2491 2400 2520 clava
2410 2512 2417 2523 ‚
2440 2491 2516 2521 velut

1422 2538 1486 2595 cingi
1498 2529 1628 2596 {igidiosse
1638 2529 1784 2596 egercebat
1793 2530 1818 2559 &
1828 2528 1913 2559 scuto.
1953 2529 2087 2559 Meminit
2100 2529 2125 2558 &
2138 2529 2195 2558 bic.
2208 2529 2237 2557 in
2250 2529 2357 2558 Senect.
2378 2534 2422 2564 58.
2446 2529 2513 2560 Tur·
2553 2513 2556 2555 1

1421 2576 1456 2595 ne
1480 2588 1483 2593 .
1540 2577 1584 2596 ver
1599 2590 1603 2596 .
1616 2578 1642 2603 4.
1675 2590 1680 2597 .

1454 2652 1464 2670 Γ
1485 2666 1489 2670 .
1524 2665 1529 2671 .
1563 2666 1569 2672 .
1623 2665 1629 2672 ι
2556 2662 2558 2666 “

1401 2641 1451 2673 me
1467 2651 1800 2716 cEgoriieiinihicomeQ
1818 2678 1955 2713 clavator,
1976 2688 2074 2714 eques,
2095 2678 2190 2717 agaso,
2211 2679 2337 2717 armiger.
2390 2678 2422 2709 V.
2443 2679 2510 2710 Tur·
2549 2682 2558 2735 f

1403 2716 1468 2746 neb.
1489 2718 1505 2747 l.
1529 2728 1551 2747 c.
1575 2718 1695 2747 Gronov.
1707 2725 1800 2747 tamen
1812 2717 1920 2746 Calator
1932 2716 2065 2745 exhibuit.
2549 2726 2556 2755 i,

1403 2803 1450 2830 ger
1461 2794 1602 2823 Hercules.
1624 2794 1706 2822 Ovid.
1722 2804 1761 2829 ις.
1779 2793 1844 2822 Met.
1859 2798 1922 2826 ²84·
2080 2808 2117 2812 —-
2128 2791 2185 2820 illic
2195 2791 2285 2821 lavere
2297 2791 2464 2821 Bimembres
2547 2786 2567 2826 lia

1483 2831 1601 2860 Vulnera
1615 2854 1622 2864 ‚
1643 2831 1771 2866 clavigeri
1780 2841 1839 2867 quae
1848 2830 1950 2860 fecerat
1962 2829 2088 2859 Herculis
2099 2839 2185 2858 arcus.
2546 2820 2548 2833 ¹

1401 2867 1493 2898 Proles
1504 2869 1637 2907 clavigera
1649 2869 1773 2899 Vulcani.
1795 2869 1881 2898 Ovid.
1893 2878 1917 2905 7.
1933 2867 1998 2897 Met.
2012 2876 2076 2905 437-
2097 2868 2260 2906 Cercyonea
2269 2865 2409 2905 intelligit,
2427 2866 2520 2899 velut„

1422 2906 1481 2936 aliis
1491 2907 1597 2945 placet,
1620 2907 1784 2945 Peripheten
1798 2906 1953 2936 Latronem.

2549 2866 2570 2913 it

2543 2941 2549 2969 i

1403 3020 1446 3048 da.
1488 3020 1632 3057 Originem
1645 3021 1719 3056 genti
1731 3021 1823 3049 Actius
1844 3018 1909 3055 [vel
1922 3020 2014 3056 potius
2028 3019 2110 3054 ilrta]
2132 3018 2243 3048 Clausus
2256 3019 2344 3053 dedit,
2366 3018 2450 3047 homo
2459 3018 2506 3047 do-

1401 3059 1440 3086 mi
1457 3057 1508 3087 sua*
1518 3059 1619 3087 nobilis
1631 3058 1753 3088 &clarus
1764 3080 1770 3091 ,
1793 3058 1838 3095 qui
1853 3056 1961 3094 Regillo
1974 3066 1989 3086 a
2005 3056 2136 3086 seditiosis
2151 3056 2310 3085 hominibus
2326 3055 2431 3094 pulsus,
2452 3054 2504 3085 Ro·

1401 3105 1474 3124 marn
1495 3106 1593 3133 magna
1611 3097 1743 3126 clientum
1761 3105 1844 3124 manu
1859 3095 1999 3132 profectus
2017 3095 2068 3123 est:
2097 3093 2210 3129 reliquis
2235 3093 2332 3123 civitas
2352 3094 2430 3127 data,
2451 3091 2504 3131 ipse

1400 3134 1492 3162 Acrius
1502 3134 1614 3163 Clausus
1624 3156 1632 3168 ‚
1654 3134 1699 3169 qui
1711 3134 1803 3171 postea
1814 3133 1915 3170 ilppius
1923 3132 2055 3161 Claudius
2065 3132 2100 3160 611
2114 3133 2203 3161 ἀίᾶυε
2214 3153 2222 3166 ,
2243 3132 2270 3159 in
2280 3131 2411 3160 Senatum
2423 3140 2452 3160 ac
2460 3130 2504 3169 pla·
2544 3143 2545 3148 ¹

1401 3171 1547 3200 triciorunr
1556 3173 1684 3201 ordinem
1697 3179 1842 3207 cooptatus
1852 3192 1859 3202 .
1881 3179 1913 3199 ac
1925 3179 1989 3198 mox
2005 3169 2105 3198 Consul
2116 3175 2222 3198 creatus
2233 3191 2240 3203 ,
2261 3169 2340 3197 Facile
2355 3169 2503 3206 principem
2541 3166 2544 3196 l
2560 3201 2563 3207 ³

1400 3209 1660 3246 iriRepubl.locum
1671 3210 1774 3244 tenuit,
1797 3207 2027 3244 clarissimumque
2044 3216 2147 3236 nomen
2164 3207 2274 3244 posteris
2285 3207 2407 3235 tradidit.
2437 3207 2504 3236 Nam
2555 3204 2559 3216 ⁵

1400 3246 1614 3282 &amplissimos
1626 3247 1763 3280 honores,
1784 3245 1941 3283 complures
1953 3246 2119 3282 magistratus
2130 3267 2138 3279 ,
2158 3244 2315 3281 triumphos
2328 3243 2503 3273 nobilissimos
2540 3248 2568 3283 '·.«

1399 3284 1548 3320 allequuri,
1571 3294 1601 3313 ac
1611 3284 2006 3322 optimatium&patriciorum
2023 3283 2164 3318 dignitatis
2179 3290 2274 3311 contra
2293 3283 2347 3311 vim
2366 3284 2391 3311 St
2411 3289 2503 3319 poten-
2537 3304 2541 3307 .

1398 3322 1464 3350 tiam
1478 3323 1610 3359 imperita?
1619 3322 1803 3351 multitudinis
1812 3320 1951 3350 assertores
1961 3321 2036 3349 unici
2048 3319 2287 3357 sempersuerunt:
2312 3327 2429 3356 excepto
2437 3318 2501 3347 dun-
2549 3329 2553 3342 i

1398 3365 1475 3388 taxat
1493 3359 1517 3387 Ρ.
1532 3360 1632 3388 Clodio
1648 3382 1655 3390 .
1676 3360 1770 3394 quior>
1781 3358 1981 3396 expellendum
1993 3358 2059 3386 urbe
2072 3357 2235 3386 Ciceronem
2249 3379 2256 3391 ,
2279 3358 2384 3385 homini
2397 3355 2501 3393 plebeio
2551 3372 2563 3382 .-

1399 3397 1427 3425 in
1440 3397 1620 3434 adoptionem
1635 3396 1660 3425 se
1671 3397 1756 3425 dedit.
1802 3394 1994 3433 amplissimam
2012 3405 2077 3423 vero
2090 3395 2159 3423 hanc
2170 3394 2247 3423 fuisse
2257 3401 2366 3432 gentem
2383 3393 2425 3423 vel
2440 3393 2501 3423 hinc

1397 3434 1552 3469 intelligere
1571 3435 1636 3463 licet
1648 3456 1656 3469 ,
1677 3435 1751 3471 quo'd
1766 3433 1799 3462 ab
1822 3434 1911 3471 Appio
1929 3432 2011 3469 usque
2027 3432 2123 3462 Clauso
2140 3431 2232 3461 nullus
2247 3432 2275 3460 iri
2288 3431 2360 3460 hanc
2374 3431 2500 3460 familiam
2536 3427 2558 3459 :A
2583 3417 2604 3452 1111

1396 3472 1537 3501 transierit.
1577 3472 1679 3503 Scribit
1694 3473 1769 3500 enim
1783 3471 1871 3500 Tacit.
1889 3480 1928 3499 ιι.
1949 3472 2017 3500 Anu.
2029 3480 2073 3505 25.
2106 3470 2280 3499 Annotabant
2300 3467 2382 3506 periri
2398 3467 2500 3498 nullam
2582 3453 2603 3489 1111

1394 3509 1575 3545 adoptionem
1592 3511 1663 3538 inter
1672 3510 1801 3552 patricios
1814 3508 1944 3547 Claudios
1957 3508 2085 3545 reperiri,
2108 3517 2141 3536 eo
2153 3506 2236 3542 usque
2252 3506 2285 3535 ab
2304 3507 2393 3544 Appio
2407 3503 2498 3535 Clauso

1395 3548 1544 3575 continuos
1555 3547 1697 3576 duravisse.
1707 3546 1740 3576 Et
1749 3547 1815 3575 Suet
1828 3545 2010 3582 inclaudtap
2025 3554 2067 3581 39.
2078 3543 2234 3573 iidseiiurus
2244 3545 2271 3572 in
2282 3544 2391 3573 familiae
2400 3550 2499 3572 nomen
2531 3559 2535 3567 ι

1394 3583 1551 3619 Neronem,
1567 3584 1638 3621 quasi
1650 3594 1746 3621 parum
1756 3583 2012 3621 reprehenderetur.
2024 3583 2099 3619 quod
2109 3582 2203 3611 adulto
2213 3583 2267 3617 jain
2277 3582 2334 3610 filio
2347 3582 2498 3618 privignum
2527 3601 2529 3609 .
2542 3594 2545 3599 ·
2579 3567 2604 3603 Tisi

1394 3622 1556 3658 adoptaret,
1578 3622 1732 3651 identidem
1746 3621 1895 3657 divuigavit
1906 3643 1912 3654 ,
1935 3621 2075 3650 neminem
2087 3629 2206 3656 unquam
2219 3629 2266 3656 per
2277 3620 2454 3655 adoptionem
2464 3617 2500 3660 F}-
2526 3619 2529 3649 l
2577 3607 2604 3643 11η

1394 3659 1477 3688 miliae
1485 3659 1608 3688 Claudiae
1619 3659 1758 3688 insertum.
1801 3658 1921 3688 Familiae
1932 3665 2024 3686 autem
2036 3657 2156 3686 Claudiae
2168 3658 2257 3692 gentis
2270 3666 2322 3685 tres
2333 3658 2416 3686 suere.
2449 3655 2497 3684 Pri·
2526 3655 2528 3675 1

1394 3706 1439 3724 ma
1451 3706 1544 3726 eorum
1557 3698 1594 3726 est
1605 3698 1649 3734 qui
1663 3695 1829 3733 Regillenses
1840 3696 1907 3724 dicii
1917 3695 1985 3729 sunt,
2006 3706 2019 3723 a
2032 3694 2139 3730 Regillo
2148 3695 2310 3723 Sabinorum
2320 3694 2433 3732 oppido.
2453 3691 2497 3722 Se-
2525 3705 2527 3727 ε

1394 3734 1496 3762 cunda.
1515 3744 1609 3763 eorum
1622 3735 1666 3770 qui
1681 3734 1786 3762 l’iililiri
1802 3744 1815 3762 a
1828 3733 1853 3762 P.
1865 3733 1981 3762 Claudio
1990 3733 2060 3761 Ca’ci
2072 3732 2131 3761 silio
2141 3733 2378 3767 cognominantur.
2407 3729 2495 3760 Tertia
2523 3746 2525 3772 j

1392 3770 1537 3801 Neronum
1549 3772 1594 3800 est:
1608 3773 1745 3800 Neronem
1754 3771 1961 3800 ...itenffiabinos
1971 3770 2107 3799 fortem&
2118 3770 2253 3798 strenuum
2265 3766 2495 3806 appellasseTestis
2523 3777 2525 3786 ⁴

1394 3808 1542 3837 inT'iberio
1559 3810 1722 3837 Suetonius:
1745 3808 1898 3846 primusque
1911 3808 1963 3836 hoc
1974 3817 2130 3843 cognomen
2146 3806 2283 3844 usurpavit
2297 3805 2342 3836 Ti.
2353 3805 2492 3838 Claudius,
2522 3806 2524 3851 l
2573 3797 2604 3843 liii,

1392 3854 1502 3882 quartus
1515 3847 1562 3884 Ap.
1578 3847 1649 3875 (la-ci
1661 3847 1740 3875 lilius.
1762 3846 1830 3875 Satis
1839 3855 1902 3874 vero
1911 3845 2015 3874 constat
2023 3843 2153 3873 Claudios
2166 3845 2304 3873 minorum
2316 3839 2495 3879 gentiumeffe
2522 3855 2523 3870 1
2572 3852 2575 3861 ⁴
2588 3848 2604 3870 ¹111

1392 3884 1533 3920 patricios,
1543 3885 1626 3920 utqui
1639 3885 1695 3920 poll
1709 3886 1820 3912 exactos
1829 3884 1942 3911 denium
1954 3891 2041 3919 teges,
2054 3881 2160 3910 Valerio
2170 3889 2306 3918 quartum,
2317 3879 2494 3910 Lucretioite·
2520 3887 2522 3911 ζ
2578 3878 2604 3910 6-1

1390 3929 1450 3948 rum
1467 3932 1482 3948 c
1493 3931 1528 3949 os
1539 3932 1559 3949 s.
1573 3922 1643 3950 inter
1653 3922 1782 3959 patricius
1794 3931 1814 3951 s.
1827 3932 1852 3949 c.
1865 3920 1986 3956 cooptari
2001 3919 2058 3951 iim,
2068 3920 2225 3948 auctoribus
2240 3920 2292 3948 Liv.
2306 3918 2380 3948 iiim.
2391 3917 2492 3950 cartis
2519 3914 2521 3947 ,1
2579 3921 2604 3954 ³¹⁰s

1389 3957 1521 3996 Dionysio
1529 3958 1577 3988 lib.
1593 3969 1616 3995 5.
1639 3958 1698 3988 iilia
1710 3960 1748 3988 cst
1757 3959 1873 3988 Claudia
1890 3957 2089 3988 Mmcelloruiu
2105 3966 2191 3996 geriS,
2213 3961 2238 3988 σι
2256 3956 2367 3995 quidem
2380 3952 2493 4028 pllqlexziiii:
2554 4010 2556 4014 .
2570 3984 2604 4022 curso!
