2600 4177
434 164 462 198 C
560 165 587 199 A
684 165 711 199 1.

50 242 153 272 Ponere
163 243 300 272 calculum
312 253 414 280 parem.
438 244 505 273 Plin.
519 244 601 281 Epist.
613 254 657 277 ο-.
673 244 720 274 lib.
737 253 760 279 ς.

50 281 158 311 Reverti
170 283 204 309 ad
215 281 343 310 calculos,
384 282 442 311 Cic.
460 287 484 316 8.
501 283 552 310 litt.
572 286 612 310 ιδ.
636 283 728 318 Quare
746 292 822 311 nunc
834 282 927 314 saltem
940 285 974 313 ad
990 283 1052 314 illos
1072 284 1163 314 calcu--

68 319 110 347 los
122 326 304 348 revertamur,
325 326 465 355 questum
477 319 628 357 abjecimus
640 342 647 352 ,
662 328 692 348 ut
703 342 711 353 ,
727 322 779 350 δερ.
822 321 839 350 i.
853 331 876 351 e.
900 322 1070 351 Etiamnunc
1082 324 1163 352 ratio-

18 394 19 400 *
69 366 132 422 ὓεηὶι
151 356 297 384 habeamus
311 364 405 386 earum
423 366 513 386 reruni
527 379 534 392 ‚
556 367 671 394 quarum
696 358 849 387 habendam
871 366 930 388 tuni
945 370 1003 389 non
1020 361 1161 389 duximus,

18 402 19 423 i
93 403 120 420 u<
131 402 194 421 rcus.

52 430 210 460 Subducere
218 429 348 459 calculos.
370 431 428 461 Cic.
441 440 466 461 2.
479 432 515 460 de
528 431 585 461 Fin.
601 436 645 461 60.
670 432 746 468 Quid
759 433 843 463 fortes
855 435 931 463 viri?
951 435 1164 473 voluptatumne

73 467 184 496 calculis
198 467 337 496 subductis
350 470 474 505 praeliurn
488 470 607 498 incunt‘?

17 529 19 540 ,
55 504 198 537 Calculus.
227 515 276 541 pro
298 506 412 536 'sabella
432 517 542 544 quoque
564 508 664 543 judicis
678 529 686 542 ,
708 509 734 537 St
758 507 893 538 sententia
912 509 1074 546 usurpatur,
1096 509 1114 539 l.
1136 510 1165 539 Si

73 543 154 572 aslon
176 542 205 571 C.
222 543 256 570 ‹le
268 543 368 580 appell.
385 543 402 572 l.
419 556 444 577 4.
469 545 499 573 C.
521 546 555 574 de
566 547 668 574 auctor.
685 545 771 582 praest.
799 547 845 575 sed
863 548 994 584 nusquam
1013 548 1166 583 elegantius

72 589 154 616 quam
165 589 180 608 a
192 579 346 614 Justiniano
360 582 388 610 in
403 581 420 611 l.
436 582 505 612 Rem
528 593 584 611 non
598 592 708 611 novam.
730 584 760 612 C.
778 584 812 612 de
827 585 910 617 iudic.
944 585 995 613 Cui
1008 586 1083 614 enim
1095 607 1103 619 ,
1124 586 1167 613 in-

73 618 132 653 quit
145 638 152 651 ‚
177 627 232 645 non
243 617 280 646 est
293 619 456 655 cognitum,
477 621 607 657 antiquos
620 621 726 655 ,iudices
740 631 796 649 non
810 622 888 650 aliter
903 623 1063 658 judicialem
1077 623 1170 652 calcu-

74 655 131 684 lum
152 655 304 692 accepiffe,
326 656 374 685 nisi
387 658 464 694 prius
477 658 676 687 sacramentum
701 659 900 695 praestitissent,
922 661 1087 689 omnimodo
1112 660 1167 689 sese

73 702 136 721 cum
147 693 261 721 veritate
271 695 295 722 St
306 693 398 730 legum
407 694 596 725 observatione
606 696 743 731 judicium
752 696 922 734 suscepturos
930 699 943 726 ἰ)
967 699 1111 736 Significat
1122 709 1167 726 au-

73 735 129 760 tern
144 738 250 759 veteres
261 731 322 760 illos
332 733 438 766 judices
452 755 459 768 ,
481 734 527 770 qui
539 742 602 763 ante
614 734 644 763 C.
657 733 788 763 Caesarem
799 744 833 764 ex
845 735 980 772 equestri,
1000 743 1048 766 aut
1057 736 1117 766 aliis
1126 746 1169 765 ομ

73 767 184 796 dinibus
195 768 289 797 sortito
303 770 448 800 dabantur.
472 772 500 801 A.
514 772 622 809 August.

56 805 90 836 Et
100 804 235 848 suffragia
248 806 361 836 calculis
374 808 542 838 notabantur
549 809 624 847 apud
636 809 755 838 Graecos.
792 810 866 840 Hinc
878 832 886 844 ‚

55 843 180 887 Adjie'ere
190 844 234 872 cui
247 843 343 874 album
357 845 505 876 calculum.
528 845 595 876 Plin.
612 857 634 876 1.
651 847 733 884 Epist.
745 857 770 877 2.
791 848 808 876 i.
824 858 849 878 e.
872 848 996 879 Probare.

56 881 208 911 Demittere
224 882 363 913 calculum
377 891 465 914 atrum
477 886 505 914 in
521 895 627 914 urnam.
649 885 733 915 Ovid.
749 895 792 921 ις.
803 885 871 916 Met.
885 897 930 922 44.

55 918 167 950 Mittere
177 918 354 950 calculumin
368 931 474 951 urnam.
495 922 574 960 Apul.
587 922 656 952 Met.
672 932 713 952 10.

56 957 159 987 Notare
172 957 249 986 diem
260 958 368 988 calculo
380 960 584 990 candidissimm
623 960 690 990 Plin.
710 960 758 989 lib.
773 964 799 990 6.
825 961 905 998 Epist.
921 972 966 991 11.
1000 962 1026 992 O
1038 963 1113 993 diem
1126 961 1170 992 ἷκε

17 1007 19 1035 3
74 996 356 1038 tum-notandumque
366 997 436 1026 mihi
447 998 641 1028 candidisilmo
655 998 774 1028 calculo.
812 999 946 1029 Solebant
956 1000 1078 1030 Thraces
1093 1007 1171 1030 nota-

17 1037 19 1046 ¹
75 1041 104 1061 re
116 1032 175 1061 dies
185 1033 332 1071 prosperos
344 1036 370 1064 ἃ
383 1034 460 1065 laetos
471 1035 579 1066 calculo
588 1036 651 1065 albo
666 1037 694 1065 in
705 1045 804 1065 urnam
818 1038 947 1071 coniecto
960 1060 967 1073 ,
989 1039 1114 1068 infelices
1127 1048 1172 1067 vea

75 1078 104 1099 ro
117 1075 184 1113 'atro
195 1092 203 1105 ,
224 1078 255 1100 ut
268 1071 368 1101 scirent
382 1082 457 1102 anno
474 1076 571 1104 exadto
582 1096 590 1107 .
612 1079 680 1111 quot
693 1076 720 1104 ἃ
732 1085 802 1111 quos
816 1075 876 1104 dies
889 1074 967 1106 laetos
983 1078 1009 1108 δι
1021 1077 1109 1108 tristes
1125 1076 1172 1105 ha..

77 1107 203 1138 buiffent.
245 1109 274 1138 V.
296 1110 363 1139 Plin.
379 1115 404 1147 7.
418 1122 464 1146 40.
478 1112 597 1142 Mattial.
613 1112 661 1142 lib.
676 1121 719 1142 12.
733 1122 776 1149 34.

136 1145 170 1175 Et
181 1146 198 1175 si
210 1145 331 1176 calculus
342 1149 433 1178 omnis
442 1150 497 1179 huc
507 1152 533 1179 ἃ
546 1149 615 1179 illuc

136 1183 280 1227 DiversuS,
307 1185 469 1224 bicolorque
486 1188 641 1225 digeratur,

137 1221 236 1251 Vincet
247 1224 367 1253 candida
380 1225 461 1254 turba
472 1227 630 1263 nigriorem.
935 1260 937 1262 .

57 1258 202 1289 Calculum
224 1261 259 1289 de
279 1260 305 1290 se
326 1263 487 1299 permittere
503 1264 568 1293 Diis.
609 1262 677 1292 Plin.
690 1263 720 1292 in
731 1262 831 1301 Pancg.
861 1263 991 1294 Eundem
1010 1268 1103 1295 autem
1115 1264 1175 1294 fere

75 1297 191 1327 modum
205 1297 309 1328 habent
321 1299 349 1328 hi
366 1300 500 1336 loquendi
511 1301 589 1330 modi
601 1323 609 1336 ,
631 1301 744 1330 Mittere
757 1303 786 1330 in
799 1302 954 1337 confilium,
976 1303 1114 1333 Censendi
1126 1312 1176 1340 poa

76 1336 198 1365 testatem
210 1336 299 1366 facere
312 1359 320 1372 ,
341 1337 487 1368 Calculum
502 1339 662 1377 permittere
672 1360 680 1374 ,
696 1339 843 1369 Calculum
854 1341 1004 1378 porrigere,
1027 1339 1175 1370 calculum

79 1383 243 1411 proponere.
283 1375 322 1404 Ex
334 1375 445 1405 Budaeo.

59 1411 145 1442 Causa
157 1412 381 1449 paucissimorum
395 1414 582 1449 calculorum.
603 1415 621 1443 i.
635 1422 660 1444 e.
682 1414 747 1444 Non
760 1416 853 1452 magni
864 1416 999 1446 momenti
1012 1437 1020 1451 ,
1041 1415 1091 1445 ubi
1108 1425 1177 1454 pau-2

78 1450 219 1485 cijudices
229 1450 272 1479 vel
282 1452 382 1481 arbitri.
405 1453 523 1490 Quintil.
538 1453 586 1482 lib.
599 1458 625 1486 8.
641 1462 665 1487 η.
680 1463 708 1490 p.
721 1457 785 1486 682.

59 1487 188 1518 Calculus
198 1489 281 1518 etiam
293 1489 330 1518 est
342 1490 475 1519 Ponderis
486 1500 599 1520 nomen.
625 1490 761 1528 Excerpta
771 1497 898 1520 veterum
907 1491 943 1521 de
954 1491 1096 1526 mensuris,
1116 1500 1178 1528 quae

79 1526 109 1555 in
126 1525 347 1557 Gromaticorum
368 1527 532 1566 scriptorum
543 1538 660 1566 corpore
673 1527 807 1566 Rigaltius
818 1529 921 1558 edidit:
945 1529 1102 1559 Ponderum
1114 1538 1178 1565 pars

79 1564 193 1592 minima
203 1564 332 1594 Calculus
342 1566 379 1595 est
391 1588 399 1601 ‚
421 1567 528 1596 constat
537 1576 572 1595 ex
581 1567 671 1604 granis
679 1567 776 1596 ciceris
787 1567 906 1603 duobus,
924 1568 950 1597 &
961 1568 1035 1605 apud
1046 1566 1178 1604 quosdam

81 1601 174 1645 siliqua
186 1603 316 1668 pensante
327 1625 335 1639 ‚
356 1614 416 1641 quae
427 1604 514 1634 tribus
525 1605 614 1642 granis
627 1604 727 1634 hordei
737 1604 899 1635 declaratur.
939 1605 1003 1635 Duo
1016 1606 1117 1635 calculi
1130 1605 1181 1634 Ce..

82 1647 182 1668 ratium
204 1648 306 1670 aciunt.

60 1675 190 1707 Calculos
201 1677 357 1709 Columella
367 1690 417 1718 pro
428 1679 547 1718 Sumptu
558 1681 584 1709 δι
595 1680 686 1709 reditu
700 1680 805 1718 accipit
816 1703 824 1717 ,
846 1690 931 1718 quum
941 1681 1070 1719 praecipit
1079 1691 1114 1710 ne
1123 1689 1181 1710 maa

80 1716 169 1752 jorem
190 1726 285 1759 agrum
295 1739 302 1751 ,
325 1728 407 1754 quam
430 1719 500 1748 ratio
519 1714 690 1748 calculorum
712 1720 814 1756 patitur
825 1741 833 1753 ,
854 1729 947 1749 emere
967 1719 1093 1749 velimus.
1133 1719 1181 1748 Sic

82 1754 159 1782 enim
172 1754 264 1784 altlib.
281 1765 304 1784 1.
319 1765 379 1793 cap.
393 1764 417 1792 3.
438 1755 494 1785 Sed
515 1758 647 1793 &agrum
665 1757 799 1794 paraturis
817 1757 924 1786 dietum
937 1756 1123 1795 intelligatur,
1145 1761 1182 1786 ne

83 1792 216 1824 maiorem
227 1801 308 1830 quam
319 1794 388 1822 ratio
396 1790 565 1823 calculorum
579 1794 697 1831 patiatur
706 1816 714 1829 ,
735 1804 827 1824 emere
838 1795 933 1824 velint.

15 1826 19 1884 Ι
64 1827 182 1863 Calculi,
195 1840 245 1868 pro
260 1830 482 1861 Difficultatibus.
504 1831 571 1860 Plin.
583 1831 632 1861 lib.
643 1841 670 1861 2.
686 1832 769 1869 Epist.
786 1843 827 1868 19.
842 1841 910 1862 extr.
928 1832 1063 1862 Examina
1076 1838 1183 1867 tecum,

18 1903 19 1906 Ἴ
84 1877 235 1904 omnesque
248 1878 316 1905 quos
325 1879 376 1906 ego
388 1871 465 1898 movi
484 1870 513 1898 in
528 1876 644 1907 utraque
661 1877 739 1908 parte
749 1870 871 1900 calculos
881 1893 890 1907 ,
910 1880 995 1909 pone.
1027 1871 1046 1900 i.
1060 1880 1085 1900 e.
1106 1870 1187 1899 Diffi*

85 1905 200 1934 cultates
214 1908 239 1935 δι
255 1907 375 1936 rationes
386 1909 460 1937 utrin
483 1917 516 1936 ue
528 1908 665 1945 expende.
687 1908 786 1937 Erasm.
796 1908 814 1938 l.
826 1918 850 1938 c.

0 1937 19 1998 Ι
64 1943 210 1973 Calculum
225 1944 357 1982 Ulpianus
372 1953 454 1975 vocat
492 1946 614 1975 ationem
629 1946 832 1983 impensarum,
853 1956 922 1983 quas
938 1945 1008 1976 alter
1020 1955 1056 1976 ex
1075 1951 1186 1975 contra*

85 1981 216 2011 hentibus
225 1983 302 2011 alteri
313 1991 411 2013 mutuo
422 1983 511 2013 debet.
535 1983 553 2013 l.
569 1983 642 2013 furti.
666 1984 688 2021 §.
700 1984 790 2014 ultim.
808 1984 841 2014 D.
855 1985 890 2014 de
904 1985 946 2013 his
958 1985 1004 2021 qui
1015 1990 1074 2013 not.
1086 1984 1183 2013 infam.

16 2004 19 2050 l
31 2018 103 2063 Cat
114 2029 130 2048 c
142 2030 160 2048 υ
171 2030 212 2063 ¹⁴1³
223 2030 239 2048 R
250 2031 259 2048 1
272 2031 289 2049 u
299 2030 311 2049 s
321 2042 329 2056 ,
350 2031 366 2050 a
376 2043 384 2056 .,
405 2031 462 2051 um.
483 2021 542 2058 Adj.
565 2029 597 2051 ut
606 2021 776 2052 Calcularius
787 2032 873 2052 error.
915 2022 948 2052 V.
969 2022 1137 2060 Expungere
1145 2031 1186 2051 raa

67 2064 177 2091 tiones,
200 2068 229 2086 m
259 2064 449 2089 EXPUNco'.

33 2094 298 2131 ementesus,
320 2107 351 2131 a,
373 2106 429 2127 um.
451 2097 512 2133 adj.
538 2096 639 2127 Plenus
658 2096 782 2127 calculis.
803 2103 852 2133 ut,
875 2097 1017 2127 Calculosa
1038 2097 1109 2126 loca.
1133 2096 1187 2126 Co-

68 2132 159 2163 lumel.
177 2134 213 2163 de
224 2134 372 2164 Arboribus
382 2156 390 2170 ‚
409 2145 469 2173 cap.
485 2145 530 2165 21.
553 2136 648 2165 Ficum
660 2135 811 2174 frigoribus
829 2144 865 2165 ne
877 2136 968 2167 serito.
990 2136 1054 2166 loca
1070 2135 1163 2174 aprica
1174 2153 1183 2171 9

16 2170 19 2213 l
68 2171 201 2202 calculos-a
213 2194 220 2206 ,
241 2172 362 2209 glareosa
373 2195 382 2208 ‚
402 2173 542 2203 interdum
556 2175 583 2203 &
596 2173 689 2203 saxosa
700 2181 783 2203 amat.

16 2215 19 2239 l
71 2213 139 2248 Ager
148 2210 309 2240 calculosus.
333 2210 470 2240 Columel.
485 2211 534 2241 lib.
549 2220 574 2249 3.
589 2221 650 2249 cap.
668 2221 711 2241 11.

16 2241 19 2281 l
67 2248 163 2278 Solum
173 2248 351 2278 calculosum.
373 2248 442 2279 Plin.
459 2249 506 2278 lib.
518 2259 561 2286 35.
578 2259 639 2287 cap.
655 2259 699 2285 14.

70 2286 161 2316 Homo
172 2286 324 2316 calculosus
337 2309 344 2321 ,
367 2287 424 2324 Qui
441 2287 547 2317 laborat
565 2286 682 2317 calculo.

725 2286 793 2318 Plin.
806 2286 855 2317 lib.
870 2297 915 2318 αι.
939 2295 1000 2327 cap.
1013 2291 1057 2322 18.
1090 2287 1187 2325 Quana

88 2334 168 2361 quam
181 2324 314 2361 profeffus
324 2325 540 2355 efficacissimum
550 2325 603 2354 effe
614 2325 743 2355 adversus
757 2326 918 2356 calculosos.

36 2361 158 2392 caten
168 2373 184 2390 L
194 2372 211 2390 o
220 2384 227 2397 ,
250 2373 304 2392 are.
327 2372 378 2401 pro
390 2363 494 2393 Ponere
504 2386 512 2398 ,
533 2363 577 2393 vel
591 2362 743 2393 subducere
755 2364 904 2393 calculum.
926 2363 1057 2394 Prudent.
1072 2363 1187 2401 Hymno

69 2400 207 2430 Laurentii
219 2422 226 2435 ‚
247 2410 272 2430 v.
288 2407 348 2437 131.
372 2401 440 2431 Usus
451 2402 489 2431 est
499 2402 553 2430 hoc
563 2401 647 2431 ve'rbo
658 2402 790 2431 Sidonius
804 2413 828 2436 9.
844 2402 924 2434 Epist.
936 2411 962 2438 7.

36 2437 84 2476 CA
93 2450 108 2467 L
118 2448 160 2467 co
171 2449 186 2466 ι.
197 2448 214 2466 Α
225 2448 244 2466 T
256 2448 290 2467 ιο
300 2461 308 2473 ,
329 2440 399 2468 onis.
422 2440 441 2468 f.
466 2440 515 2469 Pro
529 2438 628 2469 calculi
639 2438 832 2469 subdufflone.
856 2439 975 2469 Caffiod.
993 2439 1052 2469 Var.
1065 2449 1088 2469 1.
1107 2449 1150 2469 10.

70 2476 223 2506 Calculatio
234 2498 242 2511 ,
264 2486 346 2513 quam
357 2477 487 2507 Lithiasin
499 2484 607 2507 vocant.
632 2477 697 2506 Cael.
715 2477 804 2507 Aurel.
815 2478 901 2507 Tard.
914 2488 940 2512 4.
958 2487 982 2512 ς.

17 2520 20 2551 l
35 2513 209 2544 Caecum
219 2524 238 2542 *r
248 2525 265 2543 o
276 2525 291 2543 a
302 2537 310 2548 ,
332 2515 396 2545 oris.
418 2526 455 2545 m.
478 2514 633 2552 [dantum]
653 2525 669 2544 a
683 2515 799 2546 Calculo
809 2538 818 2551 ,
839 2525 876 2545 as.
899 2514 1017 2545 Martial.
1033 2514 1184 2545 lib.10.62.

18 2557 21 2594 ζ
148 2553 208 2582 Nec
220 2552 388 2589 calculator,
409 2563 462 2582 nec
471 2554 594 2583 notarius
607 2552 690 2583 velox

19 2606 20 2609 ¹
151 2590 258 2625 Maiore
270 2591 414 2628 quisquam
425 2591 530 2621 circulo
542 2599 701 2621 coronetur.

66 2627 245 2665 calculator.
266 2630 341 2666 apud
350 2629 453 2665 JCtos,
474 2630 513 2659 est
527 2630 583 2666 Qui
596 2628 654 2659 suas
670 2638 768 2667 operas
779 2629 807 2658 in
829 2628 983 2658 rationibus
997 2627 1190 2658 subducendis

93 2666 209 2697 locabat.
251 2667 313 2705 Ulp.
327 2667 344 2696 l.
359 2676 384 2704 7.
397 2669 418 2704 ἦ.
431 2678 457 2697 2.
478 2668 513 2697 D.
525 2668 560 2696 de
569 2668 662 2705 operis
674 2667 766 2696 libert.
786 2667 859 2696 Nam
874 2667 956 2703 hujus
969 2676 1079 2704 quoque
1092 2668 1130 2695 est
1140 2668 1191 2695 mi=

91 2705 230 2734 nisteriurn
241 2727 249 2740 ,
271 2706 287 2734 li
300 2706 370 2735 forte
382 2705 426 2735 vel
438 2705 563 2735 librarius
577 2728 584 2739 .
606 2705 651 2734 vel
669 2704 881 2734 nomenculator
893 2727 901 2739 ,
921 2703 965 2734 vel
980 2704 1131 2734 calculator
1147 2705 1188 2734 sit.

91 2744 153 2773 Ant.
167 2743 327 2780 Augustinus
341 2743 492 2782 libsrngul.
507 2744 542 2772 ad
553 2742 670 2773 Modest.
684 2743 702 2772 l.
713 2743 883 2780 spadonem.
907 2742 939 2772 D.
960 2742 995 2771 de
1008 2742 1097 2772 exous.
1117 2750 1190 2772 tuto-

91 2791 169 2816 rum,
192 2780 396 2816 Calculatores,
417 2782 526 2819 inquit,
547 2791 562 2811 a
575 2781 690 2811 calculis
711 2781 848 2810 ducendis
867 2781 957 2810 dictos
976 2780 1109 2816 arbitror,
1131 2790 1190 2810 non

93 2826 264 2857 geometras,
285 2828 316 2849 ut
332 2817 472 2849 Accurfius
495 2821 521 2849 dc
543 2818 683 2849 Albericus
702 2819 880 2853 existimant,
901 2818 949 2848 sed
969 2819 1016 2856 qui
1035 2818 1190 2848 rationibus

93 2857 274 2887 conficiendis
283 2857 490 2887 adhiberentur.
533 2858 598 2886 Haec
606 2857 653 2886 ille
663 2879 670 2892 ,
693 2866 777 2894 quem
787 2856 860 2885 vide.

41 2890 212 2925 CAchJLO
223 2917 231 2930 ,
253 2896 325 2925 onis.
347 2905 385 2924 m.
410 2896 487 2925 idem
502 2895 577 2925 Sext.
595 2895 657 2925 Rus.
670 2905 710 2933 pr.
725 2894 842 2924 Breviar.
870 2894 981 2924 Morem
993 2893 1125 2932 sequutus
1137 2893 1191 2924 cal-

76 2932 215 2963 culonum.
237 2932 335 2963 Cellar.
348 2940 441 2963 tamen
453 2933 659 2963 Calculatorum
673 2932 809 2962 exhibuit.
831 2943 857 2968 q.
870 2932 901 2960 V.

42 2969 190 3000 Carcoe
202 2981 261 3000 aar
273 2981 328 3005 us,
349 2981 382 3007 a,
404 2981 459 3001 um.
482 2977 529 3006 ut,
552 2970 811 3001 Errorcalcularius.
835 2969 983 3000 Modestin.
995 2969 1056 3006 Jet.

43 3007 290 3045 CALnaaiuM,
313 3009 483 3043 CALooa,
505 3009 668 3038 Cunus.
712 3008 739 3037 V.
764 3018 895 3037 canoa.

42 3045 139 3076 cam>
149 3058 158 3076 1
170 3057 187 3076 u
196 3057 208 3076 s
219 3068 227 3082 ,
247 3047 359 3077 Nomen
371 3047 481 3077 militari
491 3048 555 3083 joco
567 3047 671 3077 fictum.
695 3046 809 3076 Sueton.
821 3047 849 3075 in
859 3045 953 3075 Tiber.
965 3053 1027 3081 cap.
1040 3051 1085 3081 42.
1106 3045 1139 3075 In
1147 3053 1193 3075 ‘ca-

76 3084 134 3115 stris
146 3086 198 3115 tiro
206 3086 289 3115 etiam
303 3092 362 3115 tum
379 3107 387 3120 ,
408 3092 521 3123 propter
531 3085 646 3114 nimiam
663 3084 721 3113 vini
733 3084 894 3113 aviditatem
916 3093 965 3120 pro
984 3083 1100 3112 Tiberio
1115 3083 1194 3112 Bibe-

75 3123 131 3153 rius
141 3145 150 3158 ‚
171 3133 222 3161 pro
233 3123 351 3153 Claudio
361 3121 474 3153 Caldius
483 3146 491 3157 ,
512 3133 563 3160 pro
574 3123 687 3153 Nerone
698 3122 779 3152 Mero
790 3122 878 3150 dicius
890 3122 936 3150 est.
977 3121 1040 3158 Qua
1048 3121 1083 3150 de
1095 3121 1194 3150 Licen-

22 3161 25 3188 l
77 3161 114 3191 tia
123 3167 245 3191 veterum
257 3161 369 3191 affertur
379 3159 499 3199 Quintil.
513 3162 591 3190 lib.6.
606 3170 698 3197 cap.4.
737 3159 784 3196 [V.
802 3160 905 3189 Fabric.
923 3158 992 3188 Bibl.
1004 3159 1090 3188 Graec.
1099 3159 1160 3188 Vol.
1170 3169 1192 3189 ι.

77 3209 104 3237 p.
121 3208 180 3236 ¹71.
220 3199 259 3229 De
269 3199 383 3229 Tiberio
394 3199 493 3229 eadem
503 3199 619 3228 Vic‘toris
637 3198 776 3236 Epitome.
816 3197 859 3226 De
875 3198 982 3226 ratione
990 3202 1084 3226 tamen
1094 3198 1126 3223 τῦ
1134 3196 1196 3226 Cal-

79 3237 139 3266 dius
149 3237 236 3268 fateor
246 3237 314 3266 mihi
323 3247 381 3267 non
391 3237 507 3275 liquere.
524 3238 622 3274 Neque
636 3237 713 3266 enim
725 3243 794 3274 puto
804 3245 819 3264 a
834 3242 902 3273 potu
914 3235 1016 3264 Calidae
1026 3236 1054 3264 id
1066 3235 1193 3264 tractum.

45 3273 157 3311 Cata,
181 3284 219 3304 es.
241 3276 351 3311 [Κοίλη]
372 3275 474 3305 Civitas
495 3274 533 3304 est
549 3275 718 3313 Campaniae.
756 3274 830 3303 Nam
855 3273 892 3302 est
910 3274 937 3301 in
957 3272 1113 3308 Flaminia,
1134 3282 1196 3309 quae

42 3341 45 3343 Α
79 3306 142 3342 Cale
154 3313 263 3342 dicitur.
304 3313 348 3343 Est
368 3315 394 3348 ἃ
407 3313 437 3343 in
458 3313 546 3343 Gallia
563 3314 617 3342 hoc
633 3312 765 3345 nomine,
786 3319 869 3348 qnam
886 3309 1026 3341 Sallustius
1049 3317 1161 3348 captam
1179 3319 1196 3340 a

44 3353 47 3355 ’
79 3350 218 3388 Perpenna
226 3357 436 3381 commemorat.
478 3351 543 3380 Haec
554 3351 662 3381 Servius
674 3351 703 3379 in
715 3359 740 3387 7.
753 3349 815 3379 AEn.
829 3355 893 3386 728.
936 3348 966 3377 V.
988 3358 1006 3377 c
1016 3359 1059 3377 AL
1069 3358 1112 3378 as.

45 3386 195 3419 Οιῖιῖυὸ
206 3399 226 3418 N
237 3399 286 3423 RS,
307 3389 353 3418 seu
369 3389 494 3418 CALED
505 3399 590 3418 0N11
604 3410 612 3424 ,
633 3388 782 3418 Britanniae
793 3386 912 3425 populi,
934 3386 981 3423 qui
1003 3395 1080 3416 nunc
1100 3386 1175 3415 Scoti
1187 3408 1196 3421 ‚

54 3435 61 3443 “
82 3426 112 3456 id
121 3428 195 3464 quod
205 3437 239 3456 ex
253 3427 350 3456 Dionis
363 3427 491 3465 Epitoma
501 3427 632 3456 novimus
641 3449 650 3462 ,
671 3426 718 3464 qui
729 3426 757 3454 in
768 3426 869 3455 Severo
883 3424 1030 3454 Britanniae
1049 3429 1145 3461 gentes
1159 3425 1198 3453 ait

43 3464 45 3466 ’
81 3465 248 3503 praecipuas,
271 3465 438 3495 Caledonios
449 3487 457 3499 ,
478 3466 504 3495 Sc
520 3465 634 3494 Maeatas
645 3485 653 3500 ‚
674 3468 735 3501 quae
746 3470 855 3493 montes
873 3463 1000 3501 incolant
1016 3462 1142 3499 asperos,
1169 3463 1197 3492 δε

82 3504 157 3538 aquis
172 3503 281 3540 indigos
294 3525 301 3538 ‚
323 3505 349 3532 ἀ
362 3503 523 3541 campestria
535 3502 639 3532 deserta
649 3524 657 3539 ,
678 3511 710 3531 ac
719 3501 846 3540 palustria
857 3523 866 3532 .
888 3500 942 3528 {ine
954 3500 1111 3530 civitatibus
1120 3522 1127 3533 .
1149 3499 1199 3528 do.

26 3538 29 3559 ἶ
82 3540 189 3571 mibus:
211 3551 339 3578 agrorum
350 3540 428 3570 cultu
439 3563 447 3576 ,
467 3540 603 3570 fructibus
618 3546 728 3570 tantum
743 3542 769 3570 dt
781 3538 883 3576 pabulo
904 3538 1070 3568 vietitantes.
1106 3537 1200 3567 Ubi&

83 3578 160 3616 plura
170 3580 204 3607 de
215 3579 342 3608 institutis
355 3580 381 3608 δι
390 3579 515 3609 moribus
525 3583 622 3608 eorum
630 3578 749 3614 subjicit.
770 3576 904 3607 Meminit
920 3577 946 3605 ἃ.
963 3575 1028 3605 Cael.
1046 3576 1138 3613 Antiq.
1149 3575 1198 3605 lib.

88 3621 128 3650 ¹8·
141 3627 201 3654 cap.
214 3627 258 3646 2¹.
272 3618 298 3647 &a
307 3617 397 3646 Tacit.
409 3617 438 3646 in
449 3617 505 3646 vita
517 3617 605 3654 Agric.

80 3663 101 3683 A
110 3665 126 3683 L
134 3658 175 3683 ἒι)
185 3656 201 3684 ὅ
211 3664 230 3683 N
241 3665 249 3683 1
259 3665 278 3684 A
287 3676 295 3690 ,
317 3660 347 3684 ce.
370 3655 388 3684 f.
411 3655 523 3684 Nomen
534 3654 670 3692 regionis,
684 3661 768 3691 quarn
778 3652 936 3682 Caledones
946 3649 1118 3680 incolebant.
1129 3648 1199 3682 Tac.

29 3727 30 3730 Ἴ
87 3692 243 3729 Agricoap.
260 3703 301 3722 11.
324 3693 452 3729 Namque
471 3692 558 3722 rutilae
571 3691 754 3722 Caledoniam
772 3690 959 3720 habitantium
980 3697 1086 3723 comae,
1108 3689 1203 3727 magni

29 3737 30 3746 ¹
55 3759 58 3763 ,
87 3737 159 3759 artus
168 3752 177 3765 ‚
201 3730 394 3760 Germanicam
406 3731 543 3768 originem
557 3729 716 3759 asseverant.
872 3764 879 3770 .

29 3780 31 3795 ι
52 3765 147 3797 ῦὶιῐτ.
157 3778 174 3796 n
184 3770 200 3797 ὃ
212 3778 229 3796 N
240 3778 305 3803 ius,
329 3779 355 3803 a,
377 3778 433 3798 um.
457 3769 515 3805 Adj.
537 3773 584 3803 ut,
605 3766 762 3797 Caledonia
771 3764 851 3799 silva,
872 3774 901 3793 m
914 3769 947 3793 ea
962 3767 1040 3802 parte
1055 3763 1203 3794 Britanniae

30 3811 31 3838 l
88 3804 164 3834 fuisse
175 3812 285 3842 putatur
299 3828 307 3841 ,
329 3816 389 3843 quae
405 3806 489 3835 hodie
502 3806 692 3835 Secti-sdicitur
701 3827 709 3840 ‚
730 3802 880 3834 saeviffimis
891 3801 960 3831 olim
968 3802 1034 3831 ursis
1046 3802 1202 3832 nobilitata.

30 3864 31 3867 =
88 3842 207 3874 Martial.
221 3844 268 3872 lib.
286 3844 321 3873 de
336 3845 427 3882 Spest.
441 3850 465 3880 7.
1010 3877 1016 3884 .
1117 3878 1123 3884 ι
1197 3877 1204 3884 .

167 3881 250 3910 Nuda
262 3881 417 3911 Caledonio
429 3882 464 3911 sic
475 3881 579 3911 viscera
597 3880 716 3918 praebuit
733 3878 804 3908 urso.
893 3877 965 3919 Inde
979 3883 1065 3907 etiam
1080 3877 1207 3907 Britanni

89 3919 222 3959 peculiari
233 3920 357 3956 epitheto
368 3919 513 3948 Caledonii
526 3920 657 3948 dicuntur
667 3929 682 3947 a
693 3917 793 3947 Poetis.
834 3915 913 3945 Idem
924 3915 976 3959 lib.
991 3925 1033 3959 1.0.
1048 3926 1092 3951 44.

168 3956 274 3993 Quinte
285 3957 451 3987 Caledonios
463 3957 547 3987 Ovidi
557 3956 645 3986 visure
661 3956 817 3985 Britannos.
901 3952 1023 3990 Corr1p1t
1042 3961 1136 3983 autem
1153 3952 1208 3981 hoc

30 4011 32 4038 i
53 4024 56 4027 ,
88 3998 193 4026 nomen
204 3994 233 4023 in
243 3992 296 4024 hac
309 3995 508 4033 significatione
525 3994 778 4033 antepenultimam
796 3990 929 4028 syllabam
941 4013 950 4028 ,
969 3991 1122 4022 secundam
1143 3999 1208 4020 vero

1611 165 1640 201 c
1741 167 1767 200 A
1863 166 1889 200 L
2308 182 2373 215 305„-

1259 246 1396 284 producit.
1441 247 1519 284 Apud
1534 248 1644 277 Graecos
1663 248 1739 276 enirn
1759 247 1883 275 scribitur
1903 258 1951 285 per
1965 260 1985 276 n.
2029 249 2148 281 Contra.
2171 261 2255 282 ouum
2270 254 2375 283 AEtoliffi

1260 285 1354 314 silvam
1371 287 1569 320 lienfficamus,
1601 286 1720 314 secunda
1745 285 1847 322 syllaba
1867 295 1914 321 per
1931 299 1943 311 υ
1953 308 1960 320 ,
1982 288 2008 315 St
2032 288 2133 324 ubique
2153 286 2298 319 coriioitur
2309 314 2316 325 ,
2338 292 2377 320 s:-

1261 331 1347 358 quens
1359 331 1450 352 autem
1462 324 1624 360 producitur
1635 345 1643 357 ,
1665 332 1698 351 co
1709 323 1785 359 quod
1795 323 1871 360 apud
1882 323 1991 352 Graecos
2000 323 2132 354 scribatur
2143 335 2192 362 per
2205 320 2233 354 ωῘ
2272 328 2301 357 V,
2316 330 2377 366 plu-

1262 369 1290 387 ra
1300 361 1335 388 de
1348 360 1402 389 'noc
1415 361 1461 389 suo
1476 361 1548 390 loco.

1263 397 1432 427 Caledonius
1443 400 1583 428 (.)ceanus.
1607 397 1694 427 Valer.
1711 396 1800 426 Flacc.
1817 407 1839 426 1.
1850 402 1877 431 53.

1226 434 1467 468 CALaracio.
1491 434 1740 469 enumero,
1763 436 1946 464 CALrsco.
1987 435 2018 464 V.
2042 446 2106 465 cm
2123 447 2174 466 on.

1227 472 1248 501 C
1260 482 1278 499 A
1290 483 1305 500 L
1316 482 1329 500 a
1340 482 1357 500 o
1367 484 1375 500 1
1386 483 1403 501 A
1414 495 1422 507 ,
1444 475 1457 508 [
1469 471 1617 507 Koeamyloe]
1639 474 1793 502 Germania:
1805 474 1867 502 urbs
1881 473 1995 502 Ptolem.
2029 473 2115 511 Vulgo
2133 475 2298 512 Witrembarg,

1227 509 1249 537 C
1260 519 1277 537 A
1290 519 1328 537 μη
1339 520 1356 537 N
1370 520 1385 538 Α
1397 532 1404 544 ,
1425 511 1500 546 apud
1514 510 1690 539 l'tolemrtum
1711 511 1809 540 civitas
1827 512 1854 539 in
1868 511 1964 549 Anglia
1983 511 2037 541 esse
2056 513 2176 542 creditur
2187 535 2195 548 ,
2217 523 2276 551 quae
2299 515 2383 545 hodie

1266 547 1379 576 Oxonia
1391 548 1562 584 appellatur,
1584 548 1666 584 vulgo
1678 550 1783 584 Oxsr'ord.

1228 584 1278 626 Ca
1290 594 1356 613 ΜΞΝ
1369 595 1385 613 n
1396 596 1419 613 ,τε
1431 607 1438 619 ,
1459 584 1501 613 vel
1523 585 1594 614 lx'Ax
1613 595 1655 613 RN
1666 596 1731 619 naz,
1762 586 1856 615 Graeca
1876 585 1929 615 litt.
1959 595 2045 616 arum.
2067 587 2086 617 f.
2119 588 2189 624 plur.
2212 585 2360 624 [zeizhelm
2373 613 2382 626 ,

1268 623 1410 656 ιερομηνίοι]
1432 623 1563 651 dicuntur
1576 622 1655 651 Primi
1667 624 1725 652 dies
1738 625 1880 652 menlium.
1920 624 2028 654 Nonius
2039 648 2046 658 ,
2070 626 2253 656 Calendarum
2266 628 2384 656 vocabu-

1266 657 1323 688 lum
1335 660 1477 697 proprium
1490 660 1571 688 Varro
1583 660 1745 698 complexus
1758 662 1795 689 est
1806 683 1813 694 .
1835 662 1871 690 de
1883 661 1944 691 Vita
1958 663 2022 700 Pop.
2035 663 2115 692 Rom.
2128 664 2175 693 lib.
2191 675 2212 694 ι.
2235 665 2328 701 ltaque
2340 676 2385 695 ca-

1267 697 1357 726 lendis
1371 697 1548 731 dilabantur,
1571 698 1587 726 i.
1605 707 1628 726 e.
1654 698 1826 727 vocabantur
1836 721 1844 733 ,
1864 700 1890 728 δι
1903 699 1936 728 ab
1946 710 1980 729 co
1991 701 2116 730 calendae
2127 702 2286 739 appellatae,
2308 705 2384 740 quod

1268 735 1306 763 est
1326 736 1443 764 tractum
1464 745 1479 763 a
1499 736 1621 768 Graecis.
1644 737 1690 772 qui
1709 741 1790 761 mariv
1809 746 1907 765 vocare
1929 738 2026 767 dixero
2109 739 2382 776 lllacrtrb.S:.it.i.15.

1267 772 1363 802 Priscis
1377 772 1550 810 temporibus
1563 781 1712 809 antequam
1725 773 1783 802 fasti
1801 784 1815 802 a
1830 775 1882 802 Cn.
1905 774 1996 804 Flavio
2013 775 2038 805 sc
2083 787 2098 805 a
2110 778 2205 806 invitis
2219 779 2339 808 l'atiibos
2355 781 2384 808 in

1267 810 1396 839 omnium
1413 810 1542 839 notitiam
1558 811 1758 847 proderentur,
1779 811 1904 846 pontifici
1919 814 2019 842 minori
2039 814 2097 842 hrcc
2119 816 2263 851 provincia
2276 817 2385 845 delean-

1268 848 1367 880 batur.
1388 853 1418 877 ut
1435 857 1515 877 novae
1529 848 1611 877 Lunae
1626 849 1746 884 primum
1761 849 1915 878 observ-aret
1937 850 2093 887 aspectumq-
2115 852 2254 890 visamque
2274 856 2329 888 seui
2341 843 2386 884 ksi-

1269 885 1395 915 crificulo
1405 887 1553 915 nuntiaret.
1595 885 1688 921 ltaque
1701 884 1832 914 sacrificio
1843 896 1857 915 a
1869 897 1930 921 rege
1940 889 1965 916 v&
1975 890 2081 918 minore
2093 891 2224 926 pontifico
2236 892 2385 928 celebrato,

1269 924 1344 952 idem
1354 924 1491 961 pontifex.
1516 923 1604 952 calata
1616 945 1623 957 ,
1646 923 1675 951 id
1690 923 1727 951 est
1740 931 1839 953 vocata
1856 925 1883 952 in
1895 926 2064 962 Capitolium
2082 928 2174 965 plebe,
2198 929 2272 961 iuxta
2283 932 2387 960 curiam

1269 961 1414 991 Calabram
1427 984 1434 995 ,
1455 961 1593 999 quaercasae
1604 960 1717 990 Romuli
1729 962 1854 997 proxima
1862 969 1922 991 erat
1933 984 1940 996 ,
1964 971 2031 1000 quot
2042 974 2158 994 numero
2170 966 2229 994 dies
2238 978 2252 995 a
2264 968 2388 998 calendis

1269 1000 1305 1029 ad
1316 1009 1402 1028 nonas
1412 998 1580 1037 superessent
1589 998 1803 1036 pronuntiabat:
1827 1002 1851 1028 ὁὶ
1863 1001 2011 1036 quintanas
2030 1003 2144 1037 quidem
2155 1004 2230 1033 dicto
2240 1007 2388 1042 quinquies

1270 1038 1357 1067 Verbo
1368 1038 1436 1063 καλῶ
1445 1059 1452 1072 ,
1473 1036 1638 1072 septimanas
1646 1046 1711 1065 vero
1723 1035 1822 1073 septies
1830 1038 1948 1074 repetito
1960 1039 2137 1075 praedicabat.
2166 1042 2283 1071 Verbum
2296 1053 2389 1074 autem

1271 1076 1342 1102 καλῶ
1353 1075 1479 1104 Graecum
1490 1075 1528 1103 est
1538 1097 1546 1108 ,
1567 1075 1596 1103 id
1607 1074 1645 1104 est
1657 1096 1664 1109 ,
1686 1074 1771 1103 Voco.
1794 1076 1820 1103 δι
1836 1075 1911 1103 hunc
1922 1076 1997 1104 diem
2008 1077 2054 1113 qui
2067 1079 2144 1106 exiis
2153 1079 2250 1108 diebus
2259 1082 2305 1117 qui
2317 1083 2388 1112 cala.

1271 1119 1382 1147 rentur,
1405 1113 1510 1150 primus
1518 1112 1602 1145 esset,
1625 1111 1731 1149 placuit
1746 1111 1876 1141 calendas
1897 1114 1996 1141 vocari.
2037 1115 2111 1143 Hinc
2125 1118 2149 1145 S<
2165 1117 2211 1153 ipii
2233 1121 2314 1148 curiae
2325 1142 2332 1153 ,
2355 1121 2390 1149 ad

1271 1160 1355 1188 quam
1371 1151 1560 1185 vocabantur,
1581 1149 1704 1179 Calabrae
1721 1158 1826 1178 nomen
1842 1150 1957 1179 ductum
1970 1152 2015 1179 cst.
2058 1152 2089 1181 Et
2107 1155 2203 1196 paucis
2222 1156 2389 1193 interiectis,

1273 1189 1311 1218 Ut
1321 1195 1415 1218 autem
1426 1188 1492 1218 Idus
1500 1197 1598 1217 omnes
1608 1188 1672 1223 Jovi
1684 1197 1690 1217 ε
1713 1187 1750 1216 ita
1761 1197 1860 1216 omnes
1869 1187 2004 1219 calendas
2013 1189 2118 1224 ,Iunoni
2134 1192 2248 1222 tributas
2259 1215 2267 1228 ,
2290 1197 2315 1224 δι
2327 1195 2392 1224 Var-

1273 1227 1350 1256 ronis
1367 1228 1393 1256 &
1404 1226 1572 1264 pontificalis
1585 1225 1731 1255 confirmat
1742 1226 1901 1255 auctoritas.

1273 1264 1400 1294 Ausoniae
1409 1264 1543 1293 calendae.
1566 1264 1649 1293 Ovid.
1667 1273 1688 1291 1·
1699 1263 1768 1293 Fast.
1782 1274 1825 1298 55.

1366 1302 1502 1331 Vendicat
1512 1301 1642 1331 Ausonias
1652 1301 1667 1337 J
1670 1301 1770 1331 unonis
1782 1311 1847 1330 cura
1859 1300 1997 1331 calendas.

1293 1339 1425 1370 Ausonias
1435 1340 1565 1369 calendas
1573 1346 1653 1369 vocat
1662 1347 1745 1377 poeta
1755 1361 1762 1374 ,
1782 1339 1810 1368 id
1819 1339 1857 1368 est
1865 1338 1973 1368 Latinas
1983 1361 1991 1373 ,
2012 1340 2077 1376 quia
2087 1340 2248 1372 Latinorum
2259 1343 2275 1372 s
2272 1350 2320 1373 unt
2331 1355 2394 1383 pro.

1292 1378 1368 1416 priae.
1407 1378 1539 1407 Calendis
1555 1378 1632 1406 enim
1644 1382 1740 1417 carent
1757 1377 1855 1407 Graeci.
1893 1376 1974 1406 Unde
1993 1380 2117 1407 manavit
2136 1381 2329 1417 proverbium,
2353 1384 2394 1412 nd

1294 1416 1424 1445 calendas
1433 1416 1541 1445 Graecas
1551 1437 1559 1450 ,
1582 1416 1600 1444 i.
1613 1423 1636 1444 e.
1659 1415 1811 1451 Nunquam
1823 1425 1828 1444 :
1851 1415 1926 1452 quod
1934 1415 1967 1444 ab
1980 1417 2097 1453 Augusto
2108 1418 2260 1448 institutum
2272 1420 2319 1454 est,
2336 1422 2393 1457 qui,

1292 1461 1324 1483 ut
1337 1461 1394 1483 erat
1404 1453 1494 1484 faceto
1510 1453 1635 1491 ingenie,
1657 1462 1722 1482 cum
1733 1452 1839 1489 aliquos
1847 1462 1990 1491 nunquam
2001 1453 2147 1491 soluturos,
2168 1457 2244 1492 quod
2254 1457 2396 1488 debebant·

1295 1491 1444 1530 significare
1455 1492 1556 1526 vellet,
1575 1491 1610 1520 ad
1618 1491 1750 1520 calendas
1759 1491 1865 1520 Graecas
1874 1490 2011 1520 soluturos
2024 1492 2124 1522 aiebat.
2162 1494 2193 1523 V.
2215 1495 2290 1524 Suet.
2300 1496 2329 1524 in
2341 1497 2393 1526 Vit.

1295 1540 1327 1559 ca
1349 1553 1354 1558 .
1369 1535 1414 1566 87.

1273 1541 1387 1598 ‘Celgres
1398 1567 1522 1597 calendae
1532 1587 1540 1602 ,
1561 1566 1625 1596 Cito
1633 1566 1717 1596 nimis
1725 1566 1884 1596 redeuntes.
1906 1566 1990 1597 Ovid.
2002 1567 2037 1596 de
2049 1567 2128 1598 Rem.
2139 1568 2233 1600 Amor.
2249 1575 2314 1606 561.
2322 1572 2396 1601 conf.

1295 1606 1409 1635 Tristes.

1272 1640 1338 1711 {ani
1349 1643 1482 1673 calendae.
1503 1642 1571 1671 Stat.
1585 1652 1608 1671 1.
1622 1641 1689 1671 Silv.
1704 1645 1729 1671 ⁶.
1743 1651 1768 1676 ζ.
1789 1642 1806 1671 i.
1823 1651 1847 1671 e.
1869 1641 1974 1671 Menfis
1983 1641 2115 1677 januarii.

1290 1681 1456 1711 ntercalares
1465 1680 1598 1709 calendae.
1630 1681 1659 1709 V.
1683 1691 1692 1708 1
1703 1690 1723 1708 N
1732 1690 1751 1708 T
1761 1690 1775 1708 a
1784 1690 1799 1708 ι(
1809 1689 1825 1708 c
1837 1689 1855 1708 A
1864 1690 1914 1709 Lo.

1274 1719 1362 1756 Juleae
1373 1718 1505 1748 calendae.
1530 1717 1614 1747 Ovid.
1626 1722 1651 1747 6.
1665 1718 1731 1747 Fast.
1744 1726 1806 1754 797.
1830 1718 1848 1747 i.
1860 1727 1884 1747 e.
1908 1717 2011 1747 Mensis
2021 1717 2096 1753 Julii.

1275 1757 1356 1794 Juliae
1364 1757 1498 1787 calendae.
1522 1755 1641 1787 Martial.
1657 1756 1703 1785 lib.
1723 1766 1765 1785 12.
1782 1765 1823 1790 32.

1370 1795 1395 1825 O
1407 1795 1541 1830 juliarum
1552 1794 1674 1823 dedecus
1684 1794 1865 1824 calendarum
1875 1816 1883 1828 ,
1899 1795 1951 1823 Sec.

1277 1833 1386 1865 Martiae
1398 1833 1522 1862 calendae
1530 1832 1642 1861 feminis
1651 1832 1779 1861 solennes
1791 1839 1877 1861 erant.
1900 1832 1975 1861 unde
1987 1831 2125 1862 Femineae
2136 1833 2262 1865 calendas
2274 1845 2289 1865 a
2299 1835 2314 1871 J
2317 1846 2398 1867 uven.

1296 1883 1323 1909 9.
1336 1872 1393 1901 Sat.
1407 1881 1449 1907 53.
1463 1871 1594 1899 dicuntur
1604 1892 1612 1905 ,

1356 1909 1477 1939 Munera
1496 1908 1626 1937 femineis
1645 1908 1745 1936 trastas
1767 1906 1870 1937 secreta
1899 1907 2032 1937 calendis.
2116 1908 2155 1938 lta
2177 1910 2255 1939 enim
2278 1911 2402 1942 calendae

1296 1947 1406 1977 Martiae
1424 1946 1537 1976 feminis
1550 1946 1647 1975 dicatae
1664 1953 1744 1974 crant
1757 1967 1765 1981 ,
1786 1955 1817 1975 ut
1834 1945 1988 1975 Saturnalia
2001 1946 2065 1975 viris
2076 1968 2084 1981 ,
2106 1955 2166 1984 qua:
2182 1947 2275 1977 mense
2287 1950 2403 1979 Decem.

1296 1986 1340 2015 bri
1350 1985 1532 2022 agitabantur.
1554 1980 1709 2020 Tranquiil.
1721 1984 1751 2012 in
1765 1983 1868 2021 Vespas.
1881 1994 1941 2021 cap.
1963 1994 2004 2018 19.
2025 1985 2102 2013 Sicut
2117 1986 2306 2016 saturnalibus
2319 1988 2403 2017 dabat

1298 2023 1362 2053 viris
1370 2023 1625 2060 apophoreta,ita&
1636 2021 1870 2051 calendisMartiis
1878 2022 2182 2052 seminis.Maci·ob.lib.
2191 2035 2199 2053 x
2207 2025 2351 2054 ,Saturne
2361 2039 2368 2054 ι
2376 2036 2403 2056 2.

1299 2061 1335 2090 de
1350 2060 1481 2091 Calendis
1495 2060 1603 2089 Martiis
1614 2060 1732 2096 loquens
1742 2081 1750 2094 ,
1771 2060 1833 2089 Hoc
1847 2059 1941 2088 mense
1957 2059 2038 2089 servis
2050 2069 2144 2090 coenas
2157 2064 2336 2100 apponebant
2347 2074 2405 2093 ma-

1299 2106 1403 2134 tronae,
1425 2106 1456 2127 ut
1467 2096 1783 2127 dominiSaturnalibus.
1824 2097 1881 2128 lllae
1900 2104 1930 2127 ut
1942 2099 2083 2136 principio
2103 2101 2169 2128 anni
2189 2102 2222 2129 ad
2242 2110 2405 2138 promptum

1299 2136 1465 2174 obsequium
1484 2136 1591 2165 honore
1607 2135 1697 2165 servos
1710 2136 1881 2165 invitarent:
1904 2135 1939 2164 Hi
1958 2136 2021 2173 quia
2040 2137 2153 2173 gratiam
2173 2138 2289 2175 perfedti
2312 2141 2404 2177 operis

1300 2175 1472 2205 exolverent.
1513 2174 1578 2210 Quo
1599 2174 1627 2202 in
1638 2173 1702 2202 loco
1713 2173 1873 2202 Macrobius
1894 2173 1929 2202 de
1949 2181 2078 2210 tempore
2097 2175 2249 2212 priscorum
2263 2177 2406 2206 Romano-

1300 2223 1362 2281 rCum
1372 2212 1510 2249 loquitur,
1531 2213 1578 2249 qui
1594 2212 1693 2241 decern
1719 2218 1828 2241 tantum
1847 2210 1955 2242 menses
1973 2212 2122 2242 habebant.
2145 2213 2270 2243 Budaeus.
2295 2215 2361 2245 Hor.
2379 2226 2404 2252 ι.

1325 2261 1393 2281 arm.
1409 2255 1436 2284 8.
1457 2259 1479 2279 1.

1363 2288 1469 2318 Martiis
1477 2287 1576 2317 caelebs
1587 2286 1656 2324 quid
1667 2296 1746 2322 agam
1756 2285 1883 2316 calendis
1893 2287 1907 2316 ‘2

1280 2325 1382 2357 Tristes
1390 2325 1522 2356 calendae.
1563 2322 1630 2354 Hor.
1645 2335 1668 2354 1.
1680 2325 1767 2354 Serm.
1782 2334 1804 2358 ³.
1816 2330 1861 2358 537.
1903 2325 1921 2354 i.
1935 2334 1960 2354 e.
1984 2325 2056 2362 Quae
2066 2325 2221 2356 debitorem
2232 2327 2335 2358 tristem
2346 2328 2406 2359 red.

1300 2365 1372 2394 dunt
1381 2386 1389 2399 ,
1410 2364 1487 2402 quod
1498 2363 1631 2393 collocari
1640 2363 1761 2401 pecunia
1772 2362 1874 2392 &solvi
1886 2363 2017 2394 Calendis
2026 2364 2243 2395 foeneratoribus
2252 2366 2363 2402 solebat,
2375 2374 2406 2397 ut

1300 2404 1327 2433 r&
1338 2402 1433 2432 usurae.
1476 2401 1550 2431 Hinc
1562 2403 1588 2431 δε
1599 2400 1720 2431 Martial.
1734 2400 1783 2430 lib.
1802 2410 1843 2430 12.
1857 2405 1900 2435 36.

1361 2440 1514 2470 Inderdum
1525 2438 1651 2469 aureolos
1663 2449 1747 2468 manu
1758 2445 1902 2476 crepantes
1912 2461 1920 2474 ,

1361 2478 1467 2508 Possint
1478 2478 1581 2507 ducere
1595 2478 1641 2514 qui
1650 2477 1719 2506 duas
1732 2476 1880 2512 calendas,

1363 2516 1450 2553 Quod
1459 2524 1543 2545 nemo
1553 2538 1561 2550 ,
1583 2515 1632 2544 nisi
1647 2522 1678 2544 tu
1692 2513 1807 2544 Labulle
1820 2536 1829 2549 ‚
1851 2514 1948 2544 donat.

1301 2553 1390 2589 infra«⁷
1412 2556 1438 2584 ἃ
1457 2563 1626 2583 RXTRlCO
1644 2552 1661 2582 s.
1679 2552 1697 2582 l.

1282 2592 1390 2622 Ponere
1402 2592 1554 2630 pecuniam
1561 2590 1695 2620 calendis.
1713 2590 1782 2620 Hor.
1796 2590 1886 2628 Epod.
1898 2599 1924 2620 2.
1937 2597 1983 2626 70.

1284 2630 1415 2660 Calendze
1425 2631 1522 2668 primae
1531 2651 1539 2666 ,
1559 2629 1687 2658 secundae
1698 2650 1707 2663 ,
1728 2629 1816 2658 tertiae
1829 2650 1837 2664 ,
1858 2629 1963 2665 quintae
1974 2650 1982 2663 ,
2004 2628 2061 2658 dici
2071 2634 2205 2666 putantur
2219 2641 2234 2660 a
2243 2631 2333 2667 JCtis,
2356 2643 2406 2671 pro

1304 2668 1368 2698 Uno
1380 2690 1388 2704 ,
1411 2668 1522 2696 duobus
1535 2689 1542 2702 ,
1564 2667 1668 2701 tribus,
1689 2668 1716 2696 ἃ
1726 2666 1849 2703 quinque
1860 2666 2006 2696 mensibus.
2048 2667 2119 2696 Cels.
2131 2666 2149 2696 l.
2165 2668 2242 2698 liber.
2254 2671 2273 2707 ξ.
2286 2670 2301 2699 si
2314 2671 2358 2699 ita.
2372 2671 2404 2700 D.

1302 2706 1339 2735 de
1349 2706 1451 2735 haered.
1465 2705 1624 2734 instituend.
1645 2704 1739 2734 Titius
1752 2726 1760 2740 ‚
1781 2704 1800 2733 fi
1818 2705 1889 2733 intra
1899 2705 1992 2734 tertias
2003 2704 2135 2735 calendas
2146 2707 2222 2736 navis
2241 2717 2275 2736 ex
2293 2708 2350 2737 Asta
2361 2719 2408 2738 ve-

1302 2745 1391 2779 nerit,
1413 2744 1500 2773 haeres
1510 2743 1576 2772 esto.
1618 2742 1681 2781 Ulp.
1693 2742 1710 2771 1.
1728 2753 1750 2771 1.
1763 2743 1784 2780 §.
1799 2742 1884 2779 fiqui.
1909 2742 1941 2772 D.
1968 2744 2003 2772 de
2013 2743 2087 2772 verb.
2100 2743 2184 2780 oblig.
2207 2745 2234 2773 Si
2245 2745 2280 2774 ita
2292 2747 2407 2775 interro-

1305 2789 1382 2819 gatus
1395 2804 1403 2817 ,
1424 2783 1496 2811 intra
1506 2780 1639 2810 calendas
1654 2780 1787 2817 quintas?
1818 2780 2010 2819 responderit,
2032 2781 2112 2810 Dabo
2130 2782 2238 2818 idibus,
2258 2793 2316 2812 non
2337 2785 2408 2813 obli-

1306 2828 1393 2858 gatur.
1416 2819 1535 2849 Martial.
1548 2818 1596 2848 lib.
1614 2828 1636 2848 1.
1651 2823 1696 2854 67.

1378 2859 1468 2895 Atque
1484 2858 1572 2892 intra,
1592 2863 1662 2895 puto
1672 2878 1680 2891 ,
1700 2853 1832 2894 septimas
1843 2855 1974 2886 calendas

1377 2896 1485 2926 Mortes
1502 2895 1557 2924 hoc
1568 2895 1618 2924 tibi
1634 2900 1753 2932 quatuor
1767 2894 1915 2924 dederunt.
1998 2894 2089 2924 Video
2108 2900 2201 2924 tamen
2221 2895 2356 2926 Catonem
2376 2898 2407 2927 in

1304 2933 1336 2964 R.
1344 2933 1377 2963 R.
1406 2934 1507 2963 Primas
1516 2932 1646 2962 calendas
1657 2933 1752 2961 dicere
1762 2954 1770 2968 ,
1795 2935 1846 2970 p'ro
1862 2932 1953 2962 Primo
1963 2932 2009 2962 die
2019 2932 2150 2970 cujusque
2162 2934 2270 2964 meniis.
2294 2945 2404 2973 cap.47.

1306 2973 1333 3002 δι
1344 2978 1389 3008 48.
1423 2972 1454 3001 V.
1477 2971 1575 3008 Scalig.
1586 2971 1622 2999 de
1633 2970 1749 2999 Emend.
1761 2979 1847 3009 temp.
1862 2970 1879 2999 l.
1893 2979 1919 3000 2.
1935 2980 1964 3008 p.
1977 2976 2038 3004 186.

1247 3010 1273 3041 C
1283 3021 1303 3040 A
1312 3021 1328 3038 r.
1338 3020 1352 3038 a
1361 3019 1381 3038 N
1391 3020 1409 3038 n
1417 3012 1434 3038 Ξ
1445 3020 1477 3038 Lx
1487 3019 1499 3038 s
1510 3031 1518 3044 ,
1540 3019 1564 3038 e.
1586 3009 1627 3038 Ad
1635 3008 1765 3038 calendas
1776 3009 1919 3046 pertinens
1930 3018 1938 3043 3
1961 3015 2007 3044 ut,
2028 3006 2145 3039 Tributa
2152 3008 2314 3046 calendalia,
2333 3011 2407 3048 quali

1288 3049 1317 3077 in
1327 3048 1445 3077 strenam
1455 3047 1523 3076 solvi
1533 3046 1613 3076 solita
1626 3046 1749 3080 calendis
1758 3046 1890 3082 Januarii.
1912 3045 2008 3082 Justin.
2018 3045 2101 3075 edict.
2121 3055 2159 3080 ¹³-

1250 3086 1273 3116 C
1285 3097 1302 3115 A
1312 3097 1327 3114 L
1338 3095 1352 3114 a
1361 3094 1381 3113 N
1390 3095 1408 3114 D
1417 3087 1435 3114 71
1444 3095 1459 3113 R
1470 3096 1479 3113 1
1487 3093 1510 3119 s,
1531 3095 1554 3114 e.
1575 3085 1636 3120 Adj.
1659 3084 1746 3114 Idem.
1769 3085 1814 3114 Sic
1823 3084 1963 3120 junonem
1976 3084 2157 3112 Calendarera
2169 3083 2319 3115 Laurentes
2327 3096 2409 3117 voca-

1287 3128 1368 3159 runt,
1389 3123 1468 3160 quod
1485 3123 1513 3152 ei
1525 3131 1624 3153 omnes
1640 3123 1764 3152 calendae
1782 3123 1882 3152 dicatae
1900 3122 2003 3157 essent,
2028 3122 2094 3150 teste
2108 3120 2234 3151 Macrob.
2255 3132 2278 3152 1.
2298 3123 2409 3155 Saturn.

2021 2515 2099 2548 conf.
2127 2525 2407 2548 cALaNoamuu

1289 3172 1321 3191 ca
1344 3184 1350 3191 .
1365 3171 1405 3196 ις.

1250 3172 1556 3233 ΟΑιΡΕΝῡΛΒιυΜ,
1576 3197 1622 3228 seu
1642 3197 1954 3230 KALsNDARroM,
1977 3197 1995 3226 i.
2013 3206 2040 3225 n.
2063 3195 2287 3227 Liberfoenebris
2298 3199 2409 3229 diceba-

1288 3243 1332 3266 tur
1345 3259 1354 3271 .,
1375 3237 1393 3265 i.
1405 3246 1429 3266 e.
1450 3231 1482 3266 ln
1500 3246 1555 3274 quo
1574 3235 1762 3266 scribebantur
1773 3235 1858 3264 usurze
1868 3236 1896 3263 in
1909 3234 2039 3263 calendas
2051 3234 2167 3271 fingulas
2178 3236 2308 3272 petendae
2321 3239 2347 3267 ἃ
2363 3248 2409 3267 ex.

1287 3275 1435 3305 solvendae.
1455 3274 1552 3303 Senec.
1562 3274 1598 3303 de
1608 3274 1702 3304 Benef.
1718 3284 1743 3310 7.
1758 3283 1800 3302 ω.
1825 3273 1901 3309 Quid
1910 3272 2000 3301 foenus
2012 3294 2019 3307 ,
2041 3273 2067 3300 ἃ
2080 3272 2271 3303 calendarium
2283 3278 2308 3304 ἅ
2320 3275 2409 3314 usura,

1288 3313 1337 3343 nis1
1346 3313 1474 3342 humanae
1487 3312 1651 3350 cupiditatis
1667 3319 1743 3340 extra
1756 3318 1881 3340 naturam
1899 3309 2007 3347 quiesita
2019 3311 2142 3340 nomina.
2167 3310 2245 3340 Idem
2264 3312 2348 3350 Epist.
2366 3325 2408 3350 ¹4-

1288 3352 1416 3387 Adjicere
1427 3350 1482 3380 illis
1502 3350 1650 3386 (divitiis)
1670 3350 1774 3386 aliquid
1788 3349 1892 3380 studess
1915 3348 1981 3376 dum
1993 3348 2028 3390 de
2040 3348 2215 3378 incremento
2224 3351 2327 3388 cogitat
2338 3352 2411 3381 obli.

1289 3395 1333 3419 tus
1343 3391 1381 3418 cst
1391 3388 1463 3418 usus.
1503 3387 1636 3418 Rationes
1650 3388 1753 3424 accipit
1765 3408 1773 3421 ,
1793 3386 1885 3414 forum
1895 3391 2013 3413 conterit
2025 3406 2032 3419 ,
2055 3385 2244 3416 calendarium
2256 3389 2356 3424 versat,
2377 3391 2409 3421 fit

1290 3437 1325 3457 ex
1347 3427 1464 3456 domino
1480 3435 1651 3464 procurator.
1692 3426 1724 3454 Et
1741 3423 1822 3461 Epist.
1840 3428 1883 3459 87.
1908 3425 2026 3464 ll'lagnus
2037 3423 2188 3465 calendarii
2197 3424 2267 3454 liber
2279 3427 2409 3459 volvitur.

1292 3464 1469 3494 Beneficiain
1480 3463 1640 3493 calendario
1649 3472 1706 3491 non
1717 3461 1840 3491 scribere.
1882 3461 1947 3489 Sen.
1959 3461 2051 3489 senet.
2069 3471 2090 3490 i.
2103 3471 2129 3490 2.
2151 3462 2168 3490 i.
2184 3472 2208 3491 e.
2231 3464 2323 3494 Nemo
2335 3465 2411 3497 loen

1311 3502 1446 3532 beneficia
1459 3524 1466 3536 ,
1488 3510 1518 3531 ut
1530 3502 1691 3539 pecuniam.
1710 3498 1907 3536 collataquein
1925 3499 2085 3528 calendario
2104 3498 2216 3536 scribit,
2238 3504 2412 3535 utinoblims

1310 3541 1392 3579 poffit
1403 3539 1556 3577 reposcere.

1291 3579 1491 3609 Calendarium
1506 3577 1543 3606 est
1551 3577 1634 3606 etiam
1646 3573 1889 3610 Hemerologium,
1905 3573 1949 3603 seu
1962 3573 2154 3605 Rationarium
2163 3576 2272 3607 dierum
2283 3580 2413 3610 omnium

1311 3617 1519 3646 distributorum
1532 3618 1581 3652 pe'r
1591 3613 1697 3643 menses
1708 3613 1789 3641 unius
1799 3612 1881 3640 anni:
1904 3612 1949 3648 qui
1964 3613 2077 3649 quidem
2091 3614 2177 3648 ⁴initio
2191 3625 2241 3652 per
2260 3618 2410 3653 ocreatum

1311 3655 1406 3693 postea
1426 3662 1491 3682 vero
1507 3652 1667 3687 Judaeorum
1682 3659 1776 3681 more.
1805 3659 1853 3686 per
1869 3649 2058 3679 hebdomadas
2082 3651 2121 3680 ibi
2136 3652 2249 3682 suerunt
2265 3654 2412 3692 descripti:

1313 3692 1388 3729 quod
1398 3691 1457 3729 post
1467 3698 1594 3726 tempora
1603 3687 1751 3717 Theodosii
1762 3687 1874 3721 facturn,
1888 3687 2039 3717 observavit
2047 3688 2145 3727 Scalig.
2159 3690 2238 3726 lib.4.
2252 3692 2287 3720 de
2300 3693 2416 3722 amend.

1312 3730 1413 3766 Temp.
1439 3728 1568 3762 Ceterum
1591 3726 1751 3762 Principalis
1770 3725 1863 3763 potius
1875 3747 1882 3760 ,
1904 3735 1987 3761 quam
2001 3726 2136 3756 Pontificii
2148 3737 2248 3758 munus
2261 3729 2313 3758 else
2327 3730 2417 3760 Fastos

1315 3769 1398 3804 (quae
1408 3764 1574 3794 Calendaria
1591 3764 1693 3800 vulgo)
1715 3763 1869 3799 corrigere,
1890 3771 1947 3791 non
1959 3765 2121 3800 ignorarunt
2140 3766 2159 3794 ii
2181 3768 2227 3803 qui
2249 3769 2415 3797 correctioni

1312 3802 1637 3869 calendarfi}5²{G¹²g⁰¹i⁰
1649 3811 1668 3830 x
1676 3812 1685 3829 1
1697 3812 1706 3829 1
1717 3811 1733 3829 1.
1741 3801 1767 3830 P.
1781 3800 1821 3830 M.
1834 3800 1965 3839 susceptae
1975 3802 2142 3838 restiterunt,
2153 3813 2207 3842 qua
2218 3804 2253 3833 de
2265 3816 2292 3833 re
2304 3805 2413 3835 Thoan.

1314 3843 1362 3872 lib.
1395 3845 1420 3869 6.
1466 3848 1474 3866 ι
1500 3862 1506 3868 .

1259 3881 1282 3912 C
1292 3891 1311 3910 A
1320 3892 1336 3909 L
1345 3890 1360 3908 s
1371 3851 1391 3907 N]
1401 3888 1419 3906 D
1429 3887 1449 3906 A
1457 3887 1474 3905 a
1484 3888 1492 3905 1
1503 3886 1521 3905 o
1529 3886 1541 3906 s
1550 3899 1560 3911 ,
1582 3877 1600 3905 i.
1619 3885 1656 3904 m.
1679 3874 1908 3905 Calendariorum
1919 3898 1928 3911 ,
1952 3876 1981 3905 in
1993 3878 2112 3914 quadam
2123 3878 2303 3918 inscriptione
2321 3881 2416 3916 veteri,

1297 3926 1380 3956 quam
1391 3924 1455 3944 cum
1465 3915 1563 3944 ceteris
1577 3913 1719 3951 Adolphus
1732 3914 1812 3943 Occo
1825 3912 1957 3943 Medicus
1970 3916 2138 3952 Augustanus
2148 3918 2255 3951 edidit,
2278 3928 2303 3954 p.
2318 3928 2342 3946 2.
2356 3928 2416 3952 n.<>.

1299 3954 1405 3985 mentio
1424 3952 1470 3982 fit:
1492 3961 1561 3989 quos
1580 3962 1638 3980 non
1657 3951 1726 3981 alios
1739 3952 1818 3981 fuisse
1833 3952 1976 3987 existimo,
1998 3963 2082 3989 quam
2104 3955 2152 3991 qui
2169 3955 2198 3984 in
2217 3955 2326 3984 Theod.
2345 3954 2416 3986 Cod.

1298 3992 1347 4022 lib.
1369 4001 1412 4021 12.
1426 3991 1469 4020 tit.
1490 4000 1534 4020 11.
1571 3989 1727 4019 Calendarii
1748 3996 1887 4020 curatores
1913 3990 2107 4028 appellantur,
2131 3993 2157 4022 &
2182 4002 2300 4030 quorum
2317 4002 2421 4022 munus

1812 4028 1836 4058 D
1847 4027 1866 4057 d
1874 4028 1893 4056 d
1913 4036 1925 4064 3
2322 4029 2421 4061 Calen-
