2604 4222
172 149 241 190 493
658 137 687 171 C
782 133 816 168 H
913 131 940 165 A

1857 117 1887 152 C
1981 119 2014 153 ΙΙ
2111 118 2139 152 A

214 224 282 253 laeva
294 221 506 252 Eulaeumtrium
516 217 633 248 millium
645 216 768 254 passuum
780 214 900 243 laxitate.
940 208 1092 239 Conditum
1108 206 1145 236 est
1156 205 1276 244 prImum
1288 204 1322 233 ab
1378 201 1400 232 C
1409 212 1428 231 Η
1439 211 1480 230 Aa
1491 211 1500 228 r
1511 209 1551 229 sa·
1561 210 1569 226 i
1581 208 1598 226 A
1614 219 1622 232 ‚
1642 207 1669 227 n.
1690 199 1729 237 pl.
1751 195 1901 242 [xjoeess'w]
1922 199 1996 236 apud
2011 205 2116 228 veteres
2127 197 2202 228 Festa
2214 203 2291 228 erant
2303 219 2310 231 ,
2330 196 2364 226 ad
2377 206 2434 234 quae
2446 194 2520 228 simul

217 261 371 291 Alexandro
384 260 501 295 Magno:
523 255 569 294 qui
583 254 689 284 colonis
700 263 733 282 ex
746 253 812 281 urbe
823 251 895 286 regia
907 248 1011 277 Durine
1031 247 1111 288 (quae
1126 252 1186 272 tum
1195 243 1322 285 interiit)

217 299 345 327 deductis
357 319 364 331 ,
385 296 559 331 militumque
574 292 717 322 inutilibus
731 290 769 318 ibi
780 289 880 317 relictis
890 309 897 321 ,
921 284 1110 326 Alexandriam
1123 281 1255 325 appellari
1273 279 1324 313 ius-

217 336 305 366 serat:
328 335 482 371 Paguinque
497 331 639 362 Pellaeum,
661 340 674 357 a
688 327 774 364 patria
786 326 848 359 sua,
871 333 952 360 quem
965 319 1276 363 propriellllaceoinu'in
1286 317 1325 360 se-

219 379 301 402 cerat.
340 371 465 401 Flumina
482 370 510 397 id
525 367 660 405 oppidum
676 372 878 401 expugnavere.
918 360 1009 388 Postea
1023 358 1175 400 Antilochus
1191 356 1304 384 restituit
1315 376 1322 388 ‚

219 411 332 446 quintus
345 417 456 445 regum,
479 408 503 436 8(
518 405 565 434 suo
580 404 692 432 nomine
709 400 867 438 appellavit.
906 397 1063 431 Iterumque
1083 395 1240 423 intestatum
1259 391 1324 421 Pasi-

219 458 269 477 nes
280 446 433 479 Soadonmi
443 443 530 476 filius,
551 451 598 470 rex
608 440 787 469 finitimorum
802 436 918 465 Arabum
928 455 936 468 ‚
956 443 1038 470 quein
1048 432 1118 467 ,Iuba
1128 431 1260 466 satrapem
1275 431 1326 457 An-

220 476 393 514 tiochisuisse
407 481 471 510 falso
485 479 575 513 tradit,
595 476 725 514 oppositis
739 474 857 503 molibus
870 473 997 513 restituit,
1018 478 1176 505 nomenque
1188 468 1266 511 suum
1280 467 1326 509 de-

221 523 280 555 dit,
302 520 426 549 emunito
436 519 483 546 situ
492 518 569 552 juxta
577 516 606 544 in
617 513 823 551 longitudinem
834 511 917 540 trium
929 509 1047 538 millium
1059 506 1184 546 passuum
1197 527 1206 542 ,
1227 515 1256 534 in
1267 504 1326 533 sari-

221 560 346 588 tudinem
355 556 437 594 paulo
451 555 552 583 minus.
904 585 910 589 ¹
954 585 959 590 ¹
1309 579 1314 584 ι

184 596 235 627 CH
245 607 262 625 A
273 606 287 624 a
298 605 315 624 A
326 605 341 624 x
353 616 360 628 ,
382 594 445 622 aeis.
468 601 504 620 m.
526 590 621 619 Latine
632 587 732 616 dicitur
748 583 872 615 Vallum:
894 584 1026 621 significat
1039 584 1064 612 8(
1077 581 1276 612 Pedamentuni
1290 589 1328 607 vi·

221 635 255 662 tis
267 654 275 667 ‚
296 633 349 660 sive
369 631 493 659 ridicam.
517 627 591 656 unde
607 625 681 662 apud
702 622 838 653 Columel.
852 621 899 651 lib.
916 633 937 656 5.
951 632 1011 661 cap.
1023 632 1049 654 4.
1079 620 1152 649 Vites
1166 618 1325 659 characatse.

222 670 352 700 Meminit
364 667 468 696 Caelius.
486 665 604 700 Rhodig.
620 664 668 692 lib.
681 668 705 695 8.
723 672 783 699 cap.
797 671 823 695 4.
853 659 957 696 Vulgus
968 658 1108 688 Gallicum
1119 657 1188 686 dicit
1201 656 1327 692 Esclvaras,

221 717 288 737 voce
301 706 378 734 illinc
397 704 510 732 deflexa.
550 701 598 730 Pro
618 700 748 730 Firmiore
763 699 827 736 palo
838 720 845 733 ,
867 698 912 726 cui
927 698 989 727 vitis
1003 696 1129 732 alligatur
1143 717 1151 729 ,
1175 693 1229 722 sive
1244 692 1329 730 peda-

220 750 315 774 mento
327 765 334 777 ,
355 743 392 771 est
404 741 513 778 generis
522 739 656 768 feminini.
679 735 815 765 Columel.
833 745 872 764 ri.
887 744 910 769 3.
959 733 1066 770 [Hunc
1084 732 1260 770 posteriorem
1278 730 1329 758 Co-

220 781 337 810 lumellre
346 779 438 808 locum
451 787 508 806 non
517 776 622 814 reperi,
643 784 695 803 nec
706 776 744 804 est
755 775 782 802 in
795 774 890 803 Indice
904 772 1025 801 Gesneri.
1067 771 1107 800 De
1119 769 1273 798 mutatione
1283 776 1330 803 ge-

220 819 291 847 neris
303 819 330 846 in
342 818 392 846 hac
403 825 470 845 voce
483 813 589 852 prolixe
599 813 654 849 egit
670 812 753 841 llenr.
765 811 860 848 Steph.
871 810 899 838 in
909 809 990 839 Thes.
1007 809 1052 839 Gr.
1070 818 1095 845 q.
1107 808 1136 836 V.
1285 843 1290 848 .

181 854 205 886 C
215 866 233 884 Η
245 865 262 884 A
273 865 288 883 a
299 865 316 883 A
326 865 342 883 x
353 864 366 883 it
377 864 387 882 s
400 876 406 885 .
429 848 585 888 [καθέξω]
606 851 668 880 Fuit
682 850 749 878 teste
766 848 909 878 Herodoto
921 847 968 877 lib.
980 857 1006 877 2.
1027 845 1202 883 Mitylenaeus
1222 850 1308 881 patria
1319 864 1328 878 ‚

220 893 336 923 &frater
346 891 480 927 Sapphus.
516 886 556 918 De
568 898 623 925 quo
635 888 717 916 Ovid.
734 897 775 922 ις.
788 886 870 923 Epist.
884 895 943 921 ¹17-

309 929 417 958 Gaudet
428 950 435 962 ,
457 929 482 957 8(
494 936 508 955 e
519 926 609 955 nostro
623 925 706 962 surgit
716 933 835 953 moerore
850 923 986 952 Charaxes

364 965 454 994 Frater
463 987 471 999 ,
493 965 518 993 &
530 970 593 992 ante
602 962 697 991 oculos
707 963 784 998 itque
794 961 919 997 reditque
930 968 1016 988 meos.

180 1004 204 1034 C
215 1014 235 1033 Η
245 1013 287 1033 Aa
297 1015 315 1032 A
325 1013 342 1032 x
352 1014 369 1032 o
380 1025 387 1037 ,
410 1000 566 1038 [mejam]
587 1004 639 1029 dre.
662 999 784 1029 Inscribo
799 1021 807 1034 ,
826 998 932 1028 Incido.
954 996 1084 1026 Prudent.
1099 992 1202 1032 Hymn.
1217 1002 1259 1023 ιο.
1276 991 1328 1022 Ro.

221 1051 280 1078 557.
298 1043 322 1070 8(
336 1040 474 1076 Augustin.
489 1040 513 1068 8(
525 1039 600 1076 Apic.
614 1042 639 1067 6.
652 1048 677 1073 9.

180 1078 204 1108 C
216 1088 236 1108 Η
246 1089 265 1107 A
276 1088 291 1107 R
300 1088 312 1106 ε
322 1088 333 1107 s
345 1100 352 1113 ,
376 1078 435 1107 etis.
459 1076 578 1112 [Χάξκς]
601 1073 806 1104 Atheniensium
817 1073 873 1102 dux
884 1094 891 1107 ‚
913 1071 948 1101 ad
966 1069 1189 1113 promittendum
1199 1068 1286 1098 facilis
1302 1068 1328 1110 8(

216 1122 370 1153 promptus.
413 1115 492 1144 Unde
503 1112 679 1150 proverbium
692 1117 808 1146 natum,
829 1111 946 1148 xoe'gm&
962 1119 1102 1146 -απχετκς,
1126 1109 1143 1137 i.
1158 1117 1183 1136 e.
1205 1107 1328 1136 Charetis

239 1153 444 1182 ollicitationes.
466 1151 572 1180 Suidas.
614 1150 644 1179 V.
667 1149 784 1178 Chisiad.

216 1163 282 1221 Puit
293 1192 318 1220 8(
334 1189 435 1219 Chares
448 1188 571 1227 Lyndius
584 1188 723 1217 statuarius
734 1209 741 1221 ,
762 1184 870 1223 Lysippi
890 1183 1041 1222 discipulus
1052 1205 1060 1220 ‚
1080 1182 1128 1220 qui
1147 1180 1240 1212 Rhodi
1258 1178 1329 1210 Solis

237 1227 373 1258 colossum
384 1228 459 1257 fecit.
501 1227 600 1255 Aut‘tor
612 1225 679 1254 Plin.
691 1224 736 1253 lib.
751 1233 793 1258 μ.
805 1233 864 1260 cap.
878 1232 904 1259 7.

181 1266 205 1295 C
214 1275 234 1294 Η
244 1276 262 1295 A
273 1276 287 1294 a
297 1276 306 1294 i
317 1274 333 1294 Β
343 1275 369 1293 oe
382 1274 399 1293 A
420 1267 444 1294 8(
462 1263 553 1293 Porcis
561 1286 568 1298 ,
588 1263 728 1292 Dracones
738 1261 794 1290 duo
804 1266 898 1295 erant,
920 1258 967 1296 qui
976 1258 1044 1287 olim
1054 1266 1125 1294 equo
1133 1256 1225 1294 ligneo
1237 1265 1252 1283 a
1261 1254 1331 1284 Tro-

218 1303 288 1339 janis
302 1303 330 1331 iri
341 1302 438 1332 urbem
450 1301 565 1331 admisso
574 1323 581 1336 ‚
603 1301 636 1329 ab
648 1299 779 1337 Calydnis
789 1297 883 1327 insulis
894 1320 901 1332 ,
923 1298 950 1325 in
960 1305 1025 1333 quas
1035 1295 1060 1324 se
1073 1293 1329 1335 conjecerantGrag-

219 1341 244 1370 ci
255 1362 264 1376 ,
284 1346 443 1375 enatantes,
464 1339 629 1368 Laocoontis
642 1337 712 1366 lilios
722 1345 864 1373 peremere
875 1357 883 1369 ,
904 1334 940 1363 ob
950 1334 1110 1369 conjectum
1124 1333 1154 1361 in
1173 1339 1275 1368 equum
1297 1330 1330 1358 li-

220 1388 322 1416 gneum
333 1377 434 1407 hastile.
476 1377 517 1406 De
529 1376 570 1405 his
583 1376 648 1405 vide
660 1374 724 1403 Cael.
739 1373 828 1402 Rhodi
850 1395 856 1402 .
871 1372 919 1401 lib.
934 1377 959 1404 8.
971 1379 1031 1407 cap.
1044 1379 1086 1406 13.

182 1415 205 1446 C
214 1426 232 1444 Η
243 1419 258 1444 A
270 1427 284 1444 R
294 1417 305 1444 ῑ
314 1426 330 1444 o
341 1418 356 1444 i}
366 1426 387 1444 M
398 1426 414 1444 υ
425 1425 447 1449 s,
461 1409 651 1450 [Χαόδὲαμῶυ]
663 1412 727 1441 Dux
737 1382 920 1448 Cersobieptae
929 1408 1053 1439 Thraciae
1062 1407 1133 1445 regis
1141 1404 1271 1450 militum,
1283 1414 1330 1434 cu-

218 1455 263 1489 jus
275 1453 390 1482 multam
402 1452 572 1482 mentionem
583 1449 849 1479 facitDeniosthenes
859 1450 886 1476 in
894 1448 1019 1476 oratione
1031 1444 1327 1475 coiitraTimocratern.

219 1491 299 1526 Item,
314 1490 382 1519 Exul
393 1488 506 1526 quidam
516 1487 743 1524 Atheniensis,qui
753 1486 943 1515 abAlexandro
955 1482 1056 1522 pulsus,
1068 1483 1103 1511 ad
1116 1482 1205 1525 Persas
1218 1478 1329 1524 transiit.

236 1538 252 1557 a
261 1528 342 1557 Dario
357 1527 461 1556 deinde
472 1526 508 1555 ob
519 1525 601 1562 pauso
612 1525 723 1554 liberius
732 1524 836 1553 facturn
845 1523 879 1552 de
892 1522 973 1560 ipsius
984 1523 1009 1551 8(
1018 1521 1136 1550 hostium
1145 1520 1248 1550 viribus
1258 1518 1331 1554 judi-

239 1566 312 1595 cium
324 1587 332 1600 ,
352 1565 487 1603 supplicio
499 1562 613 1592 affthis
623 1562 668 1591 est.
692 1562 766 1591 Curt.
778 1570 802 1597 3.
815 1571 841 1590 2.

182 1601 205 1633 C
216 1612 236 1632 Η
246 1613 264 1632 A
276 1613 308 1631 131
320 1613 333 1631 it
343 1612 363 1631 N
373 1625 380 1636 ,
403 1603 515 1632 Fluvius
523 1601 560 1630 est
573 1599 793 1637 Tliemiscyrenae
804 1621 812 1632 ,
833 1599 861 1627 in
873 1597 983 1627 Surium
994 1617 1002 1631 ,
1025 1595 1086 1625 urbi
1098 1594 1210 1624 cuidam
1228 1602 1332 1631 cogno-

219 1641 326 1670 minem
345 1640 459 1669 fluvium
471 1661 479 1673 ,
500 1639 620 1668 influens
632 1659 641 1674 ,
664 1638 700 1667 de
723 1646 778 1674 quo
791 1636 858 1666 Plin.
873 1635 921 1665 lib.
937 1639 962 1664 6.
981 1643 1041 1672 cap.
1053 1644 1080 1669 4.
1102 1634 1132 1662 in
1145 1631 1331 1670 descriptione

219 1677 440 1715 Theniiscyrenae
448 1677 576 1714 regionis.

180 1714 204 1746 C
213 1726 231 1745 Η
241 1718 258 1745 A
267 1726 282 1744 R
292 1727 300 1744 i
310 1725 324 1744 Β
333 1726 352 1744 Ν
362 1725 382 1744 Τ
392 1726 400 1743 i
410 1726 449 1744 sii
461 1725 477 1744 υ
488 1725 499 1743 s
508 1736 515 1748 ,
536 1714 554 1743 i.
576 1723 612 1742 ni.
634 1709 854 1748 [garamma-5455]
873 1708 1019 1739 Urbanitas
1030 1731 1038 1743 ,
1065 1707 1144 1746 lepos
1161 1708 1187 1737 8(
1206 1706 1332 1736 venustas

217 1753 360 1783 sermonis.
398 1753 476 1790 Apud
488 1751 623 1782 Rhetoras
634 1750 718 1787 figura
727 1749 782 1785 est,
803 1758 856 1785 qua
874 1748 941 1777 dura
961 1747 1036 1776 dic‘tu
1046 1768 1053 1780 ‚
1074 1747 1176 1783 gratius
1189 1746 1332 1783 proferun-

218 1799 277 1821 tur:
300 1796 331 1819 ut
343 1791 358 1819 si
374 1789 604 1827 interrogantibus
619 1789 698 1817 nobis
716 1787 848 1824 numquis
861 1795 912 1815 nos
928 1785 1081 1821 quaesierit,
1103 1783 1263 1820 responsum
1285 1783 1333 1811 de-

218 1835 277 1864 tur,
299 1828 374 1857 Bona
384 1828 503 1857 fortuna.
526 1824 811 1862 exindeintessigitur,
831 1824 975 1853 neminem
987 1832 1037 1851 nos
1048 1821 1176 1859 quaesiffe.
1199 1821 1264 1850 Haec
1276 1821 1332 1850 Do-

218 1872 298 1896 natus
309 1867 338 1894 in
353 1864 448 1895 libello
460 1866 494 1894 de
504 1863 679 1894 Barbarisino.
702 1863 750 1892 Vel
761 1869 790 1892 ut
800 1861 846 1891 ille
861 1861 952 1890 Davus
965 1860 1150 1890 Terentianus
1159 1880 1169 1895 ,
1188 1859 1265 1889 Bona
1274 1868 1332 1888 ver·

219 1904 254 1933 ba
263 1903 360 1941 quaeso.
385 1903 413 1933 V.
437 1902 508 1932 Voss.
520 1913 545 1937 4.
560 1901 639 1931 Rhet.
652 1901 767 1931 institut.
778 1910 804 1938 p.
814 1904 877 1935 238.

180 1942 203 1972 C
211 1952 232 1971 Η
242 1943 258 1971 A
267 1951 283 1970 R
293 1952 302 1970 1
313 1952 327 1970 L
336 1952 352 1969 L
361 1951 379 1969 υ
388 1950 400 1970 s
409 1962 417 1975 ,
447 1940 617 1976 [xoe'gmfflu]
640 1939 702 1968 Dux
716 1936 992 1968 Lacedaemoniorum
1002 1957 1010 1971 ‚
1030 1934 1166 1971 Tegeatas
1182 1932 1328 1971 superavit.

217 1980 318 2009 Auctor
332 1978 496 2008 Pausaniasa
519 1978 558 2006 ud
574 1977 790 2006 Volaterranum.
832 1974 953 2004 Arbitror
972 1973 1149 2002 scribendum
1170 1972 1330 2006 Charilaus,

218 2018 296 2053 cujus
308 2016 434 2045 meminit
443 1988 538 2045 Strabo
549 2014 597 2044 lib.
614 2024 655 2044 12.
672 2016 697 2043 &
711 2012 870 2043 Plutarchus
881 2012 910 2041 in
920 2012 975 2041 vita
985 2011 1113 2048 Lycurgi.
1153 2010 1258 2048 [Apud
1267 2009 1334 2039 Pau-

217 2055 272 2085 san.
286 2055 314 2082 in
329 2052 429 2082 Lacon.
443 2064 469 2091 p.
485 2059 529 2087 87.
542 2058 611 2082 extr.
632 2051 738 2081 Wech.
756 2053 781 2081 8(
796 2051 892 2079 Arcad.
909 2060 937 2087 p.
949 2059 1013 2084 240.
1028 2049 1138 2078 Achaic.
1148 2051 1212 2084 ²7⁶-
1234 2049 1332 2078 Χάειλ-

217 2096 272 2122 A&
291 2092 446 2121 constanter
458 2090 591 2120 scribitur.
634 2091 665 2118 At
676 2089 751 2118 idem
762 2099 789 2126 p.
803 2094 848 2122 82.
863 2094 932 2117 extr.
955 2087 1055 2116 Lacon.
1071 2086 1198 2117 mejam»
1208 2085 1332 2114 eundem

216 2136 306 2159 vocat.
329 2128 389 2159 Fuit
399 2136 491 2158 autem
502 2129 531 2157 in
542 2128 645 2165 Sparta:
661 2137 746 2163 regno
763 2125 889 2156 Archelai
899 2125 1016 2163 collega,
1028 2133 1063 2153 ex
1074 2123 1177 2153 familia
1191 2123 1332 2160 Eurypon-

216 2168 352 2202 tidarum,
375 2166 528 2203 Polydectae
541 2165 623 2194 Filius
636 2186 644 2199 ,
665 2165 712 2193 sub
724 2174 778 2203 quo
792 2163 948 2201 Lycurgus,
971 2168 1084 2200 patruus
1095 2161 1166 2197 ejus,
1187 2161 1261 2198 leges
1272 2160 1331 2190 suas

215 2203 333 2241 scripsit,
357 2212 386 2232 ut
395 2203 491 2233 Strabo
504 2205 529 2233 8(
544 2203 611 2232 Plut.
627 2202 735 2239 plenius
752 2207 916 2231 memorant.
957 2197 1111 2229 Promiscue
1129 2207 1195 2228 vero
1212 2205 1331 2234 utroque

217 2243 304 2271 modo
319 2241 382 2271 talia
394 2240 508 2270 nomina
520 2239 598 2270 scribi
609 2239 748 2269 consuesse
765 2239 872 2277 pridem
881 2238 1020 2267 doctiores
1031 2242 1208 2266 monuerunt.
1231 2236 1262 2265 V.
1285 2236 1333 2265 Pe-

219 2281 306 2309 rizon.
318 2279 352 2308 ad
366 2276 468 2308 AEliani
483 2277 514 2308 V.
536 2278 570 2309 H.
589 2287 612 2307 1.
623 2286 668 2314 ²7·
698 2276 807 2315 Alioqui
819 2275 951 2313 analogiae
969 2276 1030 2313 lege
1047 2277 1181 2307 Rosam&
1198 2268 1229 2304 ’ἃ
1243 2273 1332 2303 demi.

217 2318 346 2347 nutivum
357 2317 394 2345 est
404 2338 411 2351 ,
433 2326 448 2345 a
462 2316 597 2347 xafflnzsw,

179 2355 202 2386 C
212 2365 232 2384 Η
242 2357 259 2384 A
270 2356 347 2383 R’i'Ni
364 2375 373 2389 ‚
394 2353 462 2383 olim
474 2353 543 2383 dicii
553 2352 615 2381 sunt
626 2352 740 2381 Nummi
750 2373 758 2386 ,
778 2351 821 2380 vel
833 2351 952 2381 Stateres
962 2349 1035 2379 aurei
1048 2371 1056 2384 ,
1077 2359 1092 2378 a
1108 2347 1228 2378 Charino
1241 2348 1331 2387 impe.

215 2401 306 2422 ratore
317 2392 419 2428 signati.
459 2391 532 2421 Nam
539 2397 570 2420 ut
580 2390 701 2427 Philippi
716 2399 820 2419 nomen
830 2389 968 2418 habebant
986 2387 1065 2417 solidi
1079 2388 1157 2416 aurei
1172 2397 1187 2416 a
1200 2386 1329 2424 Philippo

215 2428 333 2468 percussi
344 2451 351 2464 ,
373 2429 408 2458 sic
419 2428 635 2458 consentaneum
646 2428 738 2465 estqui
749 2428 836 2456 forma
846 2427 957 2456 Charini
968 2426 1064 2463 signati
1074 2424 1153 2460 sunt,
1176 2431 1206 2454 ut
1216 2424 1331 2454 Charini

216 2477 323 2498 nomen
333 2466 461 2496 habeant.
498 2465 630 2495 Ausonius
641 2465 688 2503 Ep.
703 2476 726 2501 5.
739 2475 764 2494 v.
776 2473 820 2500 23-

310 2504 379 2541 Ergo
398 2509 445 2533 aut
463 2503 610 2541 praedid'tos
626 2503 681 2539 jam
695 2512 771 2532 nunc
788 2501 903 2531 rescribe
919 2500 1063 2530 Charinos.

214 2541 363 2572 Turnebus
383 2542 395 2578 (
409 2541 517 2571 Advers.
529 2550 572 2571 22.
587 2550 628 2570 10.
641 2541 653 2576 )
672 2540 752 2570 aliter
764 2537 839 2569 hunc
851 2539 944 2568 locum
956 2539 1032 2576 legit.

178 2580 341 2615 CriAnis,
360 2580 424 2608 i'tos.
445 2579 464 2608 f.
487 2576 604 2614 [χοίρως]
625 2577 722 2607 Latine
735 2577 995 2611 dicitur-Festivitas,
1013 2574 1192 2610 beneficium,
1213 2584 1325 2611 munus,

217 2617 301 2661 gratia
311 2639 328 2682 ,l
340 2616 544 2683 rleLnuneratio,
565 2616 700 2652 voluptas.
730 2615 798 2645 Plin.
811 2623 855 2651 35.
871 2625 912 2644 ιο.
943 2615 974 2644 ln
993 2614 1100 2652 pistura
1122 2614 1220 2643 Venus.
1243 2611 1326 2643 Conf.

247 2661 593 2683 unti.i.i.c.1o.
643 2675 650 2682 .

179 2655 329 2722 Οὲῑιὲῑτ
340 2701 374 2721 ts
387 2714 394 2725 ‚
415 2663 472 2720 uzin-
491 2663 532 2729 ΞΗ.
553 2690 572 2719 f-
594 2663 744 2726 [eseiam]
765 2688 822 2719 Lat.
844 2688 951 2719 Gratiae.
992 2688 1076 2723 Deae,
1093 2696 1158 2726 quas
1171 2688 1284 2726 quidam
1293 2697 1329 2718 ex

217 2730 324 2759 Venere
336 2731 360 2759 8(
373 2729 442 2765 Jove
450 2729 556 2766 genitas
566 2728 748 2765 scripserunt,
769 2726 816 2756 alii
825 2727 854 2756 in
864 2726 961 2764 quibus
973 2726 1046 2756 Serv.
1059 2725 1094 2755 ad
1113 2736 1134 2756 r.
1148 2726 1209 2756 AEn.
1226 2736 1251 2755 v.
1264 2736 1329 2762 7²0·

216 2768 291 2805 quod
301 2767 399 2796 horum
409 2766 547 2804 praecipue
557 2775 671 2795 munere
678 2765 826 2793 numinum
837 2762 1032 2800 concilientur,
1054 2773 1088 2793 ex
1101 2763 1204 2793 Venere
1217 2765 1241 2793 8(
1251 2762 1334 2793 Libe-

215 2815 254 2834 ro.
298 2804 395 2834 Cicero
408 2804 443 2833 de
455 2804 534 2833 N.D.
551 2812 575 2839 3.
591 2814 635 2839 44.
661 2812 696 2832 ex
714 2802 801 2832 Erebo
821 2803 846 2831 &
865 2802 952 2831 Nocte
971 2808 1043 2831 ortas
1067 2802 1159 2831 tradit.
1200 2801 1326 2831 Lassant.

215 2843 245 2872 in
260 2843 340 2880 prim.
352 2842 491 2871 Thebaid.
518 2841 593 2877 Jovis
607 2842 632 2870 8(
650 2841 791 2870 Autonoes
806 2839 875 2868 silias
894 2847 979 2876 putat.
1022 2839 1156 2869 Hesiodus
1173 2839 1203 2868 in
1221 2837 1330 2876 Theog.

216 2890 242 2910 v.
255 2889 318 2917 907.
340 2879 417 2916 Jovis
428 2881 452 2909 8(
465 2879 635 2916 Eurynomes
650 2877 825 2907 Oceanifiliae
837 2899 844 2912 ‚
861 2876 930 2906 silias
941 2876 1040 2906 scribit.
1060 2876 1129 2907 Tres
1139 2876 1211 2912 sunt,
1227 2877 1328 2914 Aghria,

217 2927 277 2955 quae
297 2917 351 2947 alio
372 2917 489 2947 nomine
506 2915 626 2946 Pasithea
647 2916 766 2944 dicitur:
796 2914 914 2949 Thalia,
936 2913 1123 2952 Euphrosyne.
1161 2914 1219 2943 Tot
1236 2921 1329 2944 autem

216 2956 281 2984 ideo
292 2954 344 2984 esse
355 2954 555 2992 prodiderunt,
576 2954 639 2990 quia
648 2954 673 2982 &
683 2952 803 2982 benefici
818 2951 871 2981 esse
881 2952 909 2980 in
919 2951 985 2981 alios
1001 2952 1144 2986 debemus,
1166 2953 1192 2981 &
1205 2952 1325 2982 alioruin

216 2992 351 3022 beneficia
363 2992 516 3029 suscipere:
539 2993 565 3022 &
583 2992 616 3020 iis
629 2991 715 3028 quiin
730 2999 781 3019 nos
790 2989 901 3019 fuerunt
911 2989 1051 3024 liberales,
1072 2989 1232 3020 retribuere.
1258 2990 1329 3019 Dare

217 3037 309 3060 autem
321 3053 329 3063 ,
351 3031 376 3060 &
389 3031 534 3067 accipere,
554 3029 705 3063 &reserre,
727 3034 781 3056 tres
793 3028 868 3056 actus
884 3026 945 3056 sunt
968 3028 1037 3056 inter
1053 3026 1080 3056 se
1101 3027 1231 3057 distincti.
1273 3028 1328 3057 Alii

218 3068 282 3098 ideo
298 3068 396 3097 dicunt
413 3075 467 3097 tres
484 3067 589 3096 Gratias
607 3066 660 3095 esse
677 3087 685 3100 ,
705 3066 768 3102 quia
787 3071 931 3101 acceptum
951 3064 1116 3094 beneficium
1132 3073 1195 3094 cum
1219 3065 1329 3094 foenore

216 3106 294 3135 reddi
304 3106 395 3135 debet.
436 3105 616 3142 Quapropter
625 3103 749 3133 solebant
757 3109 862 3132 veteres
872 3102 909 3131 ita
923 3102 1027 3131 Gratias
1039 3103 1161 3139 pingere,
1183 3109 1213 3132 ut
1223 3113 1276 3132 una
1284 3112 1328 3131 ea.

218 3153 279 3172 rum
295 3143 412 3172 aversam
423 3143 521 3172 faciem
533 3148 640 3171 teneret
653 3164 661 3176 ,
681 3141 754 3178 quasi
767 3150 782 3170 a
792 3139 872 3168 nobis
884 3139 1019 3176 prosecta:
1043 3140 1104 3169 duae
1120 3149 1185 3169 vero
1196 3151 1247 3169 nos
1260 3140 1329 3177 aspi.

219 3188 314 3210 cerent
324 3202 331 3215 ,
353 3187 383 3210 ut
392 3179 496 3218 duplex
507 3179 589 3209 nobis
599 3179 763 3209 beneficium
775 3177 892 3215 rependi
901 3177 1002 3206 debere
1014 3177 1196 3206 ostenderent.
1237 3178 1327 3207 Nudae

219 3218 300 3246 etiam
312 3217 505 3255 pingebantur,
526 3218 590 3254 quia
602 3216 737 3246 beneficia
752 3216 817 3245 fuco
824 3215 929 3244 debent
940 3223 1030 3243 carere
1039 3236 1046 3249 ,
1067 3216 1093 3244 8(
1105 3215 1181 3244 nullo
1191 3215 1328 3245 velamine

220 3254 322 3291 obtegi.
362 3254 430 3286 lteni
443 3264 577 3285 connexa:
592 3277 600 3290 ,
622 3252 856 3292 quiainsolubiles
874 3251 927 3281 esse
937 3252 1043 3281 Gratias
1061 3252 1159 3281 decet:
1181 3254 1206 3282 8(
1226 3253 1327 3282 benefi-

220 3293 313 3326 cium,
334 3291 410 3322 alind
425 3292 532 3330 semper
548 3293 714 3322 beneficium
733 3300 829 3328 parere
843 3311 851 3325 ,
880 3296 1101 3327 perpetuumque
1125 3289 1178 3318 esse
1196 3291 1326 3320 amicitiae

221 3329 321 3360 foedus.
357 3330 573 3360 Traduntetiam
587 3340 632 3360 eas
643 3329 672 3358 in
685 3327 808 3358 Acidalio
819 3326 906 3362 fonte,
927 3328 973 3364 qui
983 3328 1020 3356 est
1032 3327 1202 3356 Orchomeni
1215 3328 1328 3358 Boeotiae

222 3366 290 3410 urbe
302 3388 310 3400 ,
330 3366 430 3401 lavari,
451 3366 582 3405 quoniam
593 3377 660 3405 pura
670 3366 723 3396 esse
737 3365 872 3396 beneficia
892 3371 1016 3402 oportet:
1040 3365 1065 3393 &
1085 3363 1156 3393 nihil
1169 3364 1327 3402 sordidum,

223 3412 242 3432 i.
252 3412 275 3432 e.
293 3403 396 3433 nullam
406 3405 480 3442 spem
490 3405 678 3435 retributionis
685 3404 794 3434 habere.
835 3402 865 3432 V.
886 3402 956 3431 infra
976 3412 994 3431 o
1004 3411 1018 3430 a
1028 3411 1073 3430 ΛΤ
1082 3412 1091 3430 ι
1100 3412 1132 3431 AE.

187 3442 209 3472 C
220 3450 240 3470 Η
251 3450 269 3469 A
279 3450 295 3468 R
306 3450 333 3469 is
343 3452 363 3469 M
375 3451 392 3470 A
408 3464 416 3477 ‚
436 3443 495 3472 atis.
517 3452 546 3472 n.
569 3441 704 3479 [ngch
717 3442 732 3477 ]
753 3441 845 3471 Gratia
857 3462 866 3476 ,
886 3449 995 3469 munus.
1018 3438 1134 3468 Tertull.

186 3480 412 3513 CHAMSUJS,
433 3480 604 3516 [Καθέσιῶν]
625 3481 643 3509 i.
667 3489 703 3508 m.
736 3479 841 3509 Atticus
865 3483 973 3512 orator,
1013 3477 1092 3512 cujus
1112 3476 1238 3506 meminit
1267 3475 1325 3508 Cic.

224 3516 253 3557 in
273 3514 344 3557 Brut.
359 3520 420 3549 2536.
464 3517 495 3545 Et
522 3517 634 3554 quidem
645 3539 653 3552 ,
684 3517 792 3554 inquit,
823 3516 879 3545 duo
909 3515 1021 3545 fuerunt
1049 3524 1099 3552 per
1121 3515 1196 3545 idem
1217 3521 1328 3553 tenipus

223 3551 363 3594 dissimiles
381 3554 451 3583 inter
472 3554 516 3588 se,
539 3554 593 3584 -sed
617 3555 699 3584 Attici
718 3561 833 3583 tamen:
871 3561 987 3590 quorum
1014 3550 1150 3581 Charisius
1177 3552 1327 3583 multarum

223 3595 379 3618 orationum
395 3611 403 3625 ,
423 3601 488 3627 quas
496 3591 630 3621 scribebat
643 3591 713 3627 aliis,
733 3602 819 3628 quum
834 3600 867 3620 cu
890 3600 935 3620 ere
945 3590 1192 3619 videreturimitari
1204 3589 1326 3626 Lysiam:

222 3625 407 3669 Demo-chares
417 3634 507 3657 autem
518 3650 525 3664 ,
547 3631 592 3666 qui
604 3630 654 3658 fuit
665 3629 854 3658 Demosthenis
878 3629 963 3657 ororis
975 3628 1057 3662 silius,
1079 3628 1105 3657 8(
1116 3627 1253 3656 orationes
1265 3626 1327 3656 scri-

222 3663 276 3702 psit
284 3662 404 3700 aliquot:
427 3667 453 3694 &
464 3675 556 3708 earum
570 3677 660 3696 rerum
669 3665 809 3696 historiam
821 3688 828 3701 ,
849 3675 909 3702 quie
929 3672 1007 3694 erant
1025 3664 1138 3694 Athenis
1152 3664 1233 3702 ipsius
1248 3672 1327 3694 aetate

223 3700 317 3738 gestae,
339 3709 456 3730 nontam
468 3702 613 3740 historico,
634 3713 715 3741 quam
728 3704 848 3733 oratorio
858 3712 958 3742 genere
967 3701 1126 3741 perscripsit.
1169 3703 1203 3732 At
1213 3702 1328 3732 Charisii

222 3737 284 3767 vult
296 3737 418 3774 Hegesias
426 3738 479 3768 esse
495 3740 586 3769 similis
598 3762 605 3776 ,
622 3743 672 3770 ἃς.

221 3775 268 3806 Est
289 3775 616 3818 &anter-Grammaticos
628 3778 771 3815 antiquos,
792 3777 902 3809 Flavius
921 3777 1057 3815 Sosipater
1073 3776 1227 3813 Charisius,
1248 3778 1327 3814 cujus

241 3819 369 3841 meminit
380 3811 534 3842 Priscianus.

221 3847 390 3916 Egit-&5558
403 3870 410 3883 ,
431 3848 495 3885 seu,
514 3855 545 3879 ut
555 3850 649 3880 Suidas
659 3851 715 3887 ait,
736 3851 870 3882 Placentae
884 3852 989 3891 species
1003 3874 1011 3888 ‚
1030 3853 1076 3890 qui
1092 3852 1194 3882 Graecis
1211 3850 1327 3888 mestum

264 3896 306 3917 ice
377 3896 416 3915 ur.

184 3924 329 3955 CHAMS
340 3933 388 3957 ΙΛ,
409 3932 499 3966 ΟΙἹΠΠ·
519 3931 547 3952 r¹·
564 3922 602 3961 pl·
621 3923 772 3959 [καθίστα]
795 3925 968 3964 Pervigilium
980 3926 1008 3955 in
1017 3926 1170 3956 Gratiarum
1180 3926 1327 3964 honorem,

219 3971 340 4000 quorum
350 3969 495 3999 praemium
505 3966 562 3990 erat
576 3960 704 3998 placenta
715 3961 870 3993 &stellaria⁸
910 3964 940 3994 V.
960 3964 1081 3994 Eustath.
1094 3965 1124 3993 in
1134 3965 1228 4003 Odyss'.
1243 3977 1267 3995 σ.
1280 3975 1326 4006 23.

1159 2499 1329 2537 Quanquam

1415 237 1621 268 conveniebant
1630 246 1736 271 omnes,
1749 247 1795 273 qui
1807 235 1851 266 vei
1862 236 2000 273 sanguine,
2017 237 2059 266 vel
2070 238 2242 273 cognationis
2256 245 2420 272 quocunque
2430 237 2520 272 gradu,

1416 277 1537 305 invicem
1548 274 1697 309 junctiores
1709 282 1788 303 erant
1798 296 1805 305 ,
1827 277 1850 304 3<
1865 276 2003 303 <seiunctis
2014 275 2068 309 jam
2079 275 2173 302 amicis
2186 297 2192 306 .
2216 282 2244 301 ur
2255 274 2309 301 avis
2320 294 2327 302 .
2348 273 2443 307 atavis,
2463 274 2521 302 aba.
2574 273 2576 300 t

1417 315 1457 343 vis
1468 335 1475 348 ,
1499 312 1570 341 sacra
1588 311 1725 340 faciebant
1735 334 1742 345 ,
1763 311 1862 346 eosque
1886 312 1965 341 thure
1982 314 2006 342 8(
2026 311 2180 340 honoribus
2199 312 2298 339 divinis
2315 309 2520 340 venerabantur.
2573 334 2575 343 ,

1417 352 1461 388 qui
1477 353 1501 380 &
1518 352 1565 387 ipsi
1580 357 1690 385 quoque
1703 349 1796 386 egressi
1814 349 1965 386 sepulchris
1977 372 1985 385 ,
2008 349 2086 379 sacris
2104 349 2231 378 interesse
2253 345 2443 377 credebantur.
2463 347 2522 378 Me-

1417 389 1499 418 minit
1510 388 1609 416 horum
1623 386 1706 415 Ovid.
1719 396 1744 415 2.
1761 387 1827 416 Fast.
1841 392 1903 422 ⁶¹7·

1507 424 1634 454 Proxima
1644 424 1753 460 cognati
1765 425 1859 453 dixere
1869 424 1999 454 Charistia
2009 423 2102 459 chari,

1564 462 1597 490 Et
1610 462 1686 490 venit
1694 462 1728 490 ad
1741 461 1826 490 socios
1839 463 1917 491 turba
1929 462 2086 499 propinqua
2098 462 2175 492 deos.
2258 460 2289 490 V.
2314 459 2380 488 dier.
2395 457 2449 494 seq.
2599 473 2602 495 1

1382 502 1403 531 C
1413 511 1431 529 Η
1444 510 1461 529 A
1471 510 1486 529 R
1496 511 1503 528 ι
1513 508 1525 528 s
1536 509 1573 527 Ti
1586 509 1605 527 A
1617 521 1624 533 ,
1645 508 1675 527 τε.
1698 499 1785 528 ldem.
1808 499 1894 528 Valet.
1906 501 1981 529 Max.
1995 500 2042 528 lib.
2057 509 2081 528 2.
2095 509 2156 537 cap.
2170 508 2192 527 1.
2214 497 2381 527 Convivium
2392 496 2474 524 etiam
2486 495 2523 525 so-
2600 500 2602 508 ⁴

1418 538 1503 567 senne
1511 538 1626 571 majores
1638 536 1832 566 instituerunt:
1855 537 1938 574 idque
1948 537 2102 567 charistiam
2116 535 2347 574 appellaverunt:
2368 534 2413 562 cui
2431 540 2522 570 praeter
2598 547 2601 570 1

1419 580 1550 612 cognatos
1561 576 1586 603 8(
1597 573 1692 602 affines
1704 584 1785 603 nemo
1797 575 2033 612 interponebatur.
2073 575 2133 604 Alia
2144 573 2312 610 exemplaria
2322 571 2424 601 habent
2435 569 2524 600 Chari-
2572 571 2573 574 ’

1419 613 1466 642 stia
1477 634 1485 648 ‚
1506 613 1532 642 8(
1542 621 1598 640 non
1611 611 1778 641 Charis‘tiam.
1820 612 1852 642 Et
1862 613 1898 642 ita
1908 612 2059 649 legendum
2073 612 2191 641 omnino
2206 610 2369 648 putaverim.

1383 651 1432 680 Cri
1442 660 1461 678 A
1473 660 1487 678 a
1498 660 1525 678 is
1536 659 1555 677 *r
1566 660 1574 677 1
1584 659 1600 677 c
1612 659 1659 678 um
1669 671 1676 683 ,
1699 647 1866 686 [χαςιςιχὲν]
1887 660 1938 688 pro
1956 649 2192 679 Remuneratione
2209 648 2282 685 apud
2296 644 2437 676 Callistrat.
2459 645 2486 674 in
2504 643 2522 676 l.

1420 689 1499 717 divus
1514 687 1658 716 Adrianus.
1681 686 1714 716 D.
1729 687 1765 716 de
1776 687 1841 716 bon.
1852 689 1974 716 damnat.
1997 688 2051 716 Sed
2063 687 2168 716 debent
2177 686 2211 715 ad
2222 695 2254 714 ea
2263 683 2379 714 servari.
2401 691 2459 719 quae
2469 683 2526 721 iura
2592 700 2601 715 ,1

1427 725 1565 754 iraesiduni
1576 724 1663 753 solent
1673 725 1787 762 erogari,
1807 732 1837 755 ut
1851 732 1918 764 puta
1927 725 2101 755 charisticum
2113 722 2275 762 quibusdam
2282 719 2455 756 officialibus,
2475 721 2525 751 διο.
2571 719 2573 722 ⁴

1444 771 1786 792 ,CARcassATicum.
2572 762 2573 780 l

1383 800 1660 833 CHARiTAs,1n
1681 809 1843 830 CHARus.
2520 824 2524 829 .
2570 797 2573 831 1

1383 837 1405 868 C
1416 847 1435 866 Η
1446 848 1465 866 A
1475 848 1489 865 r<
1498 848 1506 865 i
1516 847 1535 865 T
1546 838 1562 866 ό
1571 847 1609 866 BL
1617 838 1633 866 ἓ
1645 847 1657 865 r>
1669 847 1686 865 ii
1696 839 1712 866 A
1720 847 1735 865 R
1744 847 1760 866 o
1770 847 1799 872 N,
1822 835 2076 874 [χαςιπέλέφοιςον]
2096 835 2198 866 Frutex
2211 835 2249 865 est
2259 835 2334 865 circa
2347 831 2526 872 Troglodyta'·
2570 843 2572 858 «¹
2585 838 2592 869 ᾗ

1420 885 1480 904 rum
1492 874 1590 918 insulas
1600 875 1713 904 nascens
1725 896 1733 910 ‚
1754 876 1851 905 efficax
1861 877 1888 904 in
1897 875 2036 904 amatoriis
2048 897 2055 910 ,
2077 875 2112 904 de
2123 885 2177 911 quo
2188 873 2290 903 Plinius
2300 882 2334 902 ex
2345 872 2414 908 Juba
2427 871 2524 909 scribit,
2570 871 2572 915 1

1420 911 1552 950 spathalia
1562 920 1595 941 eo
1604 913 1692 941 facere
1702 914 1728 942 8(
1738 914 1852 942 monilia
1864 913 1988 942 feminas.
2029 913 2137 942 Sentire
2155 922 2219 942 euni
2235 911 2262 940 se
2281 911 2343 947 capi
2357 932 2365 944 ,
2386 909 2541 946 durariquer
2569 926 2573 946 1
2587 922 2601 941 ’.ι

1420 960 1522 980 cornus
1536 950 1637 985 modo,
1661 951 1688 980 &
1701 950 1831 981 hebetare
1842 951 1929 980 aciem
1942 949 2015 980 ferri.
2056 950 2141 987 Quod
2158 950 2177 979 s'i
2191 945 2342 979 fefellerint
2358 946 2461 976 insidiae
2471 967 2479 983 ,
2497 947 2526 978 in

1421 988 1543 1025 lapidem
1557 987 1747 1024 transfigurari.
1791 989 1819 1018 V.
1842 989 1908 1018 Plin.
1921 988 1967 1017 lib.
1984 997 2024 1023 13.
2037 997 2097 1025 cap.
2112 987 2162 1017 ult.
2202 1010 2203 1019 .
2600 1006 2601 1012 .

1384 1024 1406 1056 C
1417 1036 1438 1056 H
1449 1035 1493 1055 AR
1503 1036 1512 1054 i
1522 1035 1540 1053 ’r
1550 1036 1566 1054 o
1578 1035 1598 1054 N
1608 1036 1616 1054 1
1626 1035 1664 1054 us
1674 1047 1682 1060 ,
1703 1026 1762 1062 Adj.
1786 1022 1987 1063 [χαριτάνιῶυ]
2011 1025 2119 1055 Lucret.
2129 1025 2178 1055 lib.
2191 1035 2218 1061 4.
2234 1034 2244 1053 1
2253 1026 2314 1061 156.
2570 1035 2571 1051 i
2590 1041 2591 1044 =

1511 1062 1638 1098 Parvula,
1661 1064 1793 1100 pumilio:
1816 1064 1969 1094 charitonia
1985 1070 2043 1092 tota
2056 1085 2063 1098 ,
2084 1073 2191 1092 merum
2200 1061 2245 1092 sal.
2327 1059 2476 1098 Epitheton
2490 1056 2526 1090 est
2569 1070 2571 1090 1
2591 1072 2601 1090 ‘s

1420 1100 1555 1130 mulieris.
1593 1101 1655 1137 Qua
1666 1110 1734 1130 voce
1745 1101 1910 1139 significatur
1921 1101 2012 1130 Gratia
2023 1101 2143 1130 venalis:
2165 1100 2240 1138 quod
2255 1098 2315 1129 haec
2327 1096 2418 1136 puella
2430 1096 2456 1127 se
2467 1107 2527 1127 veri-
2569 1119 2572 1123 .
2590 1110 2601 1130 ii

1423 1140 1471 1168 dat
1481 1139 1565 1175 gratia
1576 1139 1721 1167 verborum
1730 1161 1738 1174 ,
1759 1140 1858 1175 quibus
1868 1140 1942 1169 velut
1953 1139 2061 1177 pedicis
2072 1139 2179 1168 animos
2191 1144 2343 1167 amatorum
2354 1135 2448 1172 illigat.
2461 1132 2527 1171 χάρις

1422 1177 1506 1213 gratia
1519 1176 1619 1205 dicitur
1627 1198 1635 1207 ,
1655 1172 1730 1206 3571&
1745 1177 1858 1207 venalis,
1900 1177 2062 1206 Charitonia
2079 1182 2139 1206 tota
2149 1198 2157 1212 ‚
2179 1176 2249 1212 Quae
2272 1173 2342 1203 nihil
2360 1172 2508 1202 festivitatis
2531 1197 2534 1201 .
2569 1189 2572 1221 1
2583 1186 2588 1192 ·

1421 1220 1468 1244 aut
1477 1214 1567 1251 gratiae
1581 1223 1637 1242 nori
1649 1213 1734 1243 'nabet
1753 1216 1860 1244 venale.
1901 1215 1946 1244 Sic
1964 1216 2160 1252 interpretatur
2171 1214 2241 1243 Pius·
2281 1211 2407 1241 Turneb.
2423 1193 2527 1242 Advers}
2569 1228 2571 1245 ,1
2590 1223 2600 1247 η

1421 1262 1468 1290 27.
1482 1261 1523 1289 35.
1547 1261 1613 1280 vero
1624 1251 1718 1281 locum
1728 1258 1808 1290 putat
1816 1252 1979 1282 mendosum
1987 1275 1995 1288 ,
2017 1253 2108 1289 sicque
2119 1250 2313 1290 reponendum
2324 1270 2333 1286 ‚

1513 1288 1641 1324 Parvula,
1662 1289 1780 1326 pumilio
1791 1311 1799 1325 ‚
1818 1288 1936 1325 xxffl'vm»
1947 1290 1995 1326 μίω
2006 1312 2015 1327 ,
2035 1298 2094 1320 tota
2103 1299 2212 1319 merum
2222 1288 2268 1318 sal.
2585 1297 2600 1320 v

1420 1332 1481 1357 tum
1492 1348 1500 1362 ‚
1520 1327 1566 1357 seu
1577 1327 1732 1356 Gratiarum
1746 1335 1809 1357 una.
2568 1343 2573 1359 ,τ
2587 1340 2594 1360 5

1384 1365 1405 1395 C
1417 1375 1438 1431 ἶ
1445 1375 1489 1431 Ali<
1499 1376 1519 1408 ir
1529 1375 1548 1393 A
1559 1375 1578 1393 N
1588 1374 1630 1433 nuit
1641 1386 1661 1431 ,d
1672 1362 1851 1402 [xagffliihi]
1870 1365 1942 1395 Urbs
1953 1365 1990 1395 est
2001 1372 2074 1395 trans
2085 1365 2255 1403 Euphratem
2264 1384 2274 1400 ‚
2296 1364 2373 1400 juxta
2381 1367 2474 1400 portas
2482 1360 2528 1392 Ba.
2567 1363 2600 1404 ¹.ss

1471 1412 1557 1432 onias.
1624 1412 1640 1431 n
1664 1412 1679 1431 e
2583 1411 2599 1432 «μ

1384 1413 1690 1470 CnyAimANiaffius
1710 1441 1736 1470 &
1757 1440 2068 1471 CHARMANmTas
2081 1460 2090 1478 ‚
2122 1438 2263 1476 Gentilia,
2284 1439 2311 1468 &
2330 1437 2528 1467 CHARMAm
2567 1430 2599 1474 {A

1422 1488 1441 1507 i>
1452 1488 1465 1507 ε
1476 1488 1495 1507 Ν
1505 1486 1519 1506 Β
1534 1478 1620 1515 regio.
1641 1479 1736 1507 aurftor
1745 1478 1910 1516 Stephanus.
2568 1482 2570 1509 i
2594 1471 2600 1496 l

1386 1515 1436 1546 CH
1448 1526 1467 1544 A
1477 1526 1521 1545 ιΜ
1532 1526 1563 1545 ιιι
1576 1537 1584 1550 ,
1605 1516 1754 1554 Oppidum
1764 1517 1954 1546 Minoeiorum
1965 1516 1994 1545 in
2006 1515 2104 1546 Arabia
2114 1538 2122 1552 ‚
2143 1514 2192 1553 qui
2207 1523 2222 1542 a
2241 1523 2305 1552 rege
2326 1511 2415 1544 Cretae
2434 1510 2534 1543 Minue¹
2565 1511 2571 1555 1
2587 1523 2599 1543 τι,

1423 1554 1557 1591 originem
1568 1553 1674 1582 trahere
1685 1554 1875 1583 existimantur
1884 1575 1892 1589 ‚
1913 1561 1944 1583 ut
1953 1555 2042 1591 inquit
2052 1554 2121 1583 Plin.
2134 1553 2183 1582 lib.
2197 1555 2223 1581 6.
2242 1562 2303 1590 cap.
2317 1557 2362 1586 28.
2568 1566 2569 1570 =

1386 1590 1409 1622 C
1420 1601 1440 1620 Η
1449 1602 1468 1620 A
1478 1602 1493 1620 R
1502 1602 1523 1620 M
1533 1603 1541 1619 1
1550 1601 1577 1626 s,
1600 1592 1662 1620 idis.
1684 1592 1820 1628 [xoegpw]
1845 1591 1973 1621 Medicus
1984 1614 1991 1627 ,
2013 1592 2059 1629 qui
2071 1601 2105 1621 ex
2118 1589 2233 1621 Massilia
2245 1590 2362 1619 Romam
2373 1588 2526 1627 profestus,
2581 1598 2599 1622 r:

1424 1630 1562 1659 damnatis
1574 1639 1631 1657 non
1641 1628 1728 1659 solum
1740 1630 1877 1667 prioribus
1888 1630 2003 1659 medicis
2014 1651 2022 1665 ,
2043 1639 2140 1660 verum
2150 1630 2175 1659 &
2187 1628 2295 1658 balneis
2307 1650 2315 1663 ,
2336 1627 2435 1665 frigida
2451 1627 2532 1658 etiam
2562 1639 2569 1662 *i
2583 1639 2599 1659 “i

1424 1667 1547 1696 hibernis
1562 1666 1701 1704 algoribus
1714 1666 1796 1696 lavari
1806 1666 1943 1705 persuasit.
1984 1668 2047 1704 Qua
2057 1668 2092 1697 de
2102 1676 2131 1696 re
2142 1667 2225 1697 etiam
2234 1673 2310 1696 extat
2320 1665 2414 1695 Annaei
2422 1665 2530 1698 Senecae
2562 1675 2599 1696 rai

1423 1705 1578 1743 astipulatio
1594 1726 1602 1740 ‚
1624 1714 1654 1734 ut
1666 1705 1760 1734 videre
1771 1706 1809 1736 est
1824 1706 1899 1743 apud
1912 1704 1981 1735 Plin.
1995 1705 2044 1735 lib.
2055 1715 2100 1742 29.
2116 1715 2175 1743 cap.
2194 1715 2218 1734 1.
2585 1705 2597 1719 h

1387 1740 1410 1772 C
1421 1753 1441 1772 Η
1452 1753 1471 1771 A
1480 1753 1495 1771 ir
1504 1753 1525 1771 M
1537 1753 1544 1770 i
1555 1753 1573 1771 D
1583 1752 1630 1778 izs,
1652 1743 1683 1772 is.
1705 1743 1797 1773 Senex
1809 1744 1837 1772 in
1848 1743 1934 1773 Plaut.
1947 1743 2024 1772 Trin.
2572 1741 2597 1765 A*

1387 1781 1410 1810 C
1418 1790 1439 1810 Η
1448 1791 1467 1809 A
1477 1790 1493 1809 R
1502 1789 1523 1810 Μ
1532 1790 1548 1809 o
1559 1790 1578 1808 'r
1589 1789 1609 1809 Η
1619 1791 1637 1809 A
1647 1790 1659 1809 s
1669 1802 1676 1815 ,
1698 1780 1856 1817 [Χκςμόθοκ
1868 1780 1880 1817 ]
1899 1781 1994 1810 Portus
2008 1781 2083 1810 estin
2095 1779 2191 1810 Arabia
2200 1801 2208 1815 ‚
2230 1784 2344 1809 ceritum
2360 1778 2418 1808 fere
2437 1775 2531 1807 stadio-
2566 1781 2597 1810 ius

1425 1828 1487 1848 rum
1501 1817 1606 1847 ambitu
1617 1840 1624 1853 ,
1645 1818 1762 1855 ingressu
1785 1819 1897 1855 angusto
1908 1840 1916 1854 ,
1938 1820 1964 1849 8(
1977 1819 2055 1848 omni
2073 1818 2180 1856 scaphae
2193 1816 2349 1856 periculoso
2363 1836 2372 1853 ,
2392 1816 2492 1846 emittit
2502 1816 2539 1846 irr
2562 1814 2597 1861 ‘'i-³²⁴

1424 1866 1489 1885 eum
1500 1856 1614 1885 flumen.
1641 1856 1687 1885 Sic
1697 1856 1795 1885 Strabo
1809 1856 1856 1885 lib.
1872 1861 1913 1886 16.
2528 1854 2533 1862 '
2566 1850 2596 1878 1⁴⁴⁴

1387 1892 1410 1924 C
1420 1905 1439 1924 H
1448 1898 1465 1923 A
1476 1904 1517 1922 Ro
1527 1903 1546 1922 N
1554 1915 1562 1928 ,
1584 1894 1666 1924 ontis.
1689 1894 1814 1930 [xdgm]
1836 1894 2005 1924 Charontem
2024 1894 2187 1924 Portitorem
2208 1892 2283 1930 apud
2305 1892 2409 1922 inferos
2426 1889 2532 1929 fingunt
2561 1901 2567 1927 ε

1424 1938 1525 1971 poetae,
1535 1932 1635 1960 triente
1644 1941 1739 1961 manes
1747 1932 1943 1961 defunctorum
1954 1942 2003 1970 per
2011 1932 2124 1970 Stygem
2134 1933 2159 1962 &
2170 1931 2354 1961 Acherontem
2363 1929 2532 1960 transvehenn
2570 1948 2581 1972 42

2362 1287 2381 1316 i.
2393 1295 2418 1316 e.
2440 1284 2528 1315 Chari-
2567 1301 2575 1315 μ
2593 1286 2599 1294 “

2593 1326 2597 1336 .

1426 1977 1484 2000 tem
1494 1970 1527 1998 ad
1539 1969 1616 1999 sedes
1627 1969 1781 2011 destinatas.
1805 1970 1834 1999 V.
1858 1969 1929 2008 Virg.
1943 1972 1968 1999 6.
1981 1970 2044 2000 AEn.
2058 1975 2122 2005 298.

1479 2007 1596 2037 Portitor
1606 2006 1655 2036 has
1669 2007 1821 2036 iiorrendus
1831 2017 1912 2045 aquas
1923 2010 1948 2038 8(
1959 2008 2075 2038 flumina
2084 2008 2187 2043 servat,

1477 2045 1610 2075 Terribili
1626 2045 1749 2082 squalore
1766 2045 1884 2075 Charon.
1966 2046 2098 2075 Meminit
2117 2044 2215 2083 passim
2226 2043 2361 2074 Lucianus
2370 2043 2401 2072 in
2412 2040 2538 2080 Dialogin·

1424 2091 1598 2113 mortuorum
1609 2105 1617 2118 ,
1639 2083 1685 2112 ubi
1697 2085 1723 2113 8(
1733 2090 1868 2112 memorat
1875 2082 1990 2112 obolum
2003 2083 2134 2112 Charonti
2145 2092 2195 2121 pro
2215 2081 2300 2111 nauso
2320 2081 2378 2110 dari
2392 2080 2502 2110 solitum
2517 2089 2534 2110 a
2570 2091 2589 2119 ‚s

1425 2122 1566 2151 defunctis
1581 2143 1589 2155 ,
1611 2122 1657 2157 qui
1675 2121 1894 2151 transvehantur.
1919 2122 1994 2151 conf.
2008 2121 2085 2151 Suid.
2104 2119 2252 2158 &Apul.6.
2268 2119 2337 2148 Met.
2570 2127 2573 2136 ⁴

1425 2159 1549 2190 Alterum
1563 2159 1663 2201 pedem
1675 2159 1817 2196 in·cymba
1829 2159 1977 2188 Charontis
1987 2159 2106 2195 habere,
2127 2158 2305 2188 Proverbium
2323 2156 2362 2186 est
2375 2156 2410 2185 de
2421 2155 2467 2192 Iis,
2485 2154 2532 2193 qui
2563 2147 2578 2182 l*

1447 2198 1600 2226 admodum
1612 2195 1715 2225 infirmi
1727 2199 1753 2226 &
1769 2197 1897 2226 morituri
1911 2198 2049 2227 videntur.
2563 2199 2566 2231 ξ

1424 2233 1533 2265 Dicitur
1542 2245 1590 2273 per
1607 2234 1774 2271 antiphrasin
1786 2234 1920 2264 Acheron.
1961 2235 2086 2272 Plerique
2095 2234 2264 2264 Charontem
2273 2254 2281 2267 ,
2301 2232 2379 2262 aiunt
2389 2230 2532 2269 significate
2569 2238 2572 2245 ¹

1446 2275 1541 2302 Aerem
1553 2272 1707 2307 infernum,
1730 2273 1805 2309 quod
1825 2272 1999 2308 (utvolunt)
2020 2274 2120 2303 aniniae
2131 2271 2193 2302 sunt
2202 2272 2292 2307 aeriae,
2312 2271 2376 2300 ideo
2386 2268 2532 2300 conficiam
2562 2273 2583 2310 (ι

1446 2310 1534 2348 ipsum
1545 2320 1560 2339 a
1572 2310 1662 2348 poetis
1674 2310 1834 2339 Portitorem
1846 2311 2010 2340 animarum.
2563 2314 2570 2345 ’Ξ

1425 2346 1509 2378 Dirus
1520 2348 1639 2377 Charon.
1662 2348 1724 2378 Sen.
1739 2348 1820 2378 Herc.
1833 2348 1883 2379 sur.
1895 2359 1921 2384 9.
2567 2347 2574 2380 1

1427 2386 1542 2415 Portitor
1554 2386 1675 2415 Charon.
1698 2386 1770 2423 Virg.
1781 2390 1804 2416 6.
1826 2386 1887 2416 AEn.
1902 2389 1963 2421 526.
2230 2400 2234 2405 .

1426 2424 1537 2454 Charon
1553 2424 1607 2453 fuit
1617 2424 1804 2462 &proprium‚
1826 2432 1856 2454 ut
1867 2422 2180 2461 CharonLampsacenus
2190 2422 2334 2452 historicus
2344 2444 2352 2457 ‚
2373 2421 2420 2459 qui
2428 2426 2532 2459 tempn-
2561 2434 2563 2456 1
2579 2443 2582 2447 .

1444 2472 1473 2491 re
1491 2462 1573 2500 primi
1583 2462 1659 2491 Darii
1677 2462 1779 2491 floruit.
1818 2462 2095 2500 ScripsitAEthiopica
2107 2461 2184 2492 libris
2195 2461 2319 2491 duobus:
2342 2460 2413 2490 Item
2424 2459 2530 2489 Creten·
2561 2458 2583 2490 li.

1444 2499 1495 2534 sia,
1514 2499 1689 2533 Graecanica,
1711 2501 1737 2529 8(
1751 2499 1811 2529 alia.
2561 2490 2577 2541 11

1425 2537 1537 2567 Charon
1549 2538 1615 2566 item
1626 2537 1855 2574 Carthaginiensis
1863 2536 2007 2567 historicus
2017 2560 2024 2573 ,
2045 2537 2092 2575 qui
2102 2543 2280 2576 tyrannorum
2289 2539 2425 2573 quotquot
2439 2535 2468 2564 in
2479 2531 2532 2565 Asia
2573 2539 2577 2547 ¹

1444 2575 1610 2619 Europaque
1617 2575 1808 2610 fuerunt,item
1816 2575 1959 2605 illustrium
1969 2578 2089 2606 virorum
2100 2577 2125 2605 8(
2134 2574 2284 2604 mulierum
2295 2574 2364 2604 vitas
2371 2570 2532 2610 conscripsit.

1426 2611 1669 2648 Tertiusejusdem
1680 2613 1820 2648 nominis,
1841 2613 2001 2644 Naucratita
2013 2614 2081 2647 fuit,
2101 2612 2262 2646 historicus,
2283 2613 2330 2649 qui
2347 2613 2382 2641 de
2392 2609 2531 2641 sacerdoti·
2566 2623 2580 2643 μ·

1443 2647 1513 2686 bus,
1533 2651 1661 2687 regibus,
1683 2652 1709 2680 8(
1725 2651 1802 2688 gestis
1814 2650 1882 2689 AEgy
1904 2652 2005 2681 tiorum
2018 2651 2158 2681 historiam
2168 2650 2278 2688 scripsit.
2534 2680 2540 2682 ,
2560 2647 2567 2665 '¹

1389 2687 1412 2718 C
1423 2692 1469 2732 ii'A
1479 2698 1494 2716 a
1503 2698 1519 2717 o
1530 2698 1547 2717 N
1560 2699 1578 2732 ¹?
1590 2698 1608 2716 A
1619 2698 1630 2717 s
1645 2710 1652 2723 ,
1674 2686 1844 2724 [Χωεώνόαι]
1866 2662 2047 2727 Philosophus
2065 2688 2261 2727 Pythagoricus
2272 2689 2298 2718 8(
2308 2682 2532 2724 Legissator‘rhu·
2557 2687 2579 2748 1ζ’

1427 2736 1502 2761 rius,
1524 2726 1873 2763 quicumlegemtulisl'et,
1895 2729 1994 2764 nequis
2007 2736 2072 2756 cum
2088 2727 2161 2756 ferro
2181 2727 2210 2755 in
2230 2726 2398 2755 concionem
2414 2724 2529 2760 veniret.
2549 2725 2575 2754 .ἷ.

1426 2764 1531 2807 alioqui
1542 2765 1677 2804 continuo
1688 2765 1912 2794 interfefftumiri.
1954 2765 2106 2802 Quumque
2119 2764 2212 2802 postea
2228 2763 2284 2802 ipse
2302 2773 2318 2792 e
2332 2773 2392 2792 rure
2404 2762 2533 2800 veniens.⁸
2558 2752 2566 2795 1

1425 2811 1461 2830 ex
1472 2802 1635 2845 improviso,
1658 2809 1754 2831 uterat
1762 2802 1854 2839 gladio
1866 2804 2006 2833 accinctus
2019 2825 2027 2837 ,
2046 2804 2076 2831 in
2086 2803 2253 2832 concionem
2265 2800 2390 2835 venisset,
2411 2795 2531 2829 admoni-
2557 2797 2575 2835 1

1426 2845 1471 2868 tus
1482 2839 1548 2876 legis
1556 2839 1590 2868 ab
1601 2849 1634 2868 eo
1645 2840 1690 2876 qui
1704 2841 1829 2877 proxime
1842 2840 1971 2876 sedebat,
1991 2840 2084 2870 eidem
2095 2840 2187 2877 gladio
2203 2838 2349 2873 incubuit,
2371 2847 2454 2876 quum
2471 2837 2530 2866 lice-
2576 2844 2592 2878 t

1426 2878 1588 2914 retculpam
1600 2877 1768 2906 dissimulare
1783 2899 1790 2912 ,
1811 2878 1854 2907 vel
1874 2879 2034 2908 defendere.
2071 2878 2112 2907 Ex
2129 2877 2177 2906 lib.
2190 2881 2216 2907 6.
2233 2886 2292 2914 cap.
2305 2888 2329 2912 5.
2352 2876 2460 2905 Valerii.
2479 2871 2530 2904 Ari-
2576 2879 2592 2910 s,

1426 2916 1487 2944 ssot.
1500 2922 1590 2943 autem
1601 2914 1649 2944 lib.
1662 2925 1687 2944 2.
1705 2915 1809 2944 Politic.
1823 2916 1897 2945 hunc
1908 2915 2082 2945 Charondam
2099 2915 2168 2944 dicit
2178 2915 2265 2953 patria
2277 2913 2450 2944 Catinensem
2460 2935 2468 2947 ,
2487 2910 2529 2950 qui
2562 2924 2563 2944 1

1425 2952 1533 2982 civibus
1544 2953 1596 2982 suis
1615 2954 1687 2990 seges
1704 2953 1870 2990 conscripsit.
1911 2954 1968 2983 Cic.
1984 2963 2008 2988 3.
2027 2953 2062 2982 de
2077 2952 2172 2990 Legib.
2188 2963 2211 2988 5.
2241 2952 2302 2981 Nec
2319 2961 2384 2981 vero
2401 2950 2486 2980 solum
2501 2953 2529 2978 ut

1425 2990 1620 3028 obtemperent
1631 2990 1818 3028 obediantque
1830 2991 2038 3028 magistratibus,
2059 2990 2106 3020 sed
2115 2991 2199 3019 etiam
2210 2996 2241 3019 ut
2250 2999 2297 3019 eos
2309 2989 2402 3019 colant
2410 2988 2529 3026 diligant·
2555 2991 2595 3132 1“·1

2592 2011 2597 2043 1

2591 2064 2597 2088 ³

2591 2047 2597 2063 vi

1426 3038 1480 3065 que
1490 3050 1498 3064 ,
1522 3028 1738 3065 praescribimus:
1758 3035 1790 3058 ut
1801 3028 1959 3058 Charondas
1973 3029 2002 3057 in
2013 3028 2065 3057 suis
2082 3028 2149 3057 facit
2158 3027 2272 3065 legibus.
2561 3020 2602 3065 ,s'fsj

1389 3065 1518 3096 Citrio
1529 3075 1547 3094 N
1560 3069 1575 3095 ἓ
1587 3076 1601 3095 u
1612 3077 1632 3094 M
1645 3088 1652 3099 ,
1675 3067 1844 3102 [κοιράνων]
1879 3066 1931 3096 sive
1952 3066 1973 3096 C
1984 3077 2003 3095 Η
2014 3068 2160 3096 Ast‘iNiA
2181 3066 2260 3095 Porta
2280 3063 2442 3100 [zaeedre&·
2453 3058 2529 3100 θόρ’]
2562 3051 2602 3101 Jsss

1426 3110 1484 3133 erat
1496 3103 1607 3132 Athenis
1617 3104 1646 3132 iri
1659 3103 1876 3141 nomophylacio
1887 3126 1894 3137 ,
1916 3114 2054 3141 perquam
2068 3104 2191 3133 damnati
2201 3103 2235 3132 ad
2251 3102 2379 3132 ultimum
2399 3100 2531 3131 ducebam*
2562 3107 2563 3111 ’
2586 3091 2595 3137 1

1425 3148 1470 3170 tur
1479 3141 1658 3178 supplicium.
1696 3141 1853 3171 Fuerunt&
1864 3142 2008 3171 Charoniae
2018 3141 2094 3170 scala!
2104 3163 2111 3176 ‚
2133 3151 2168 3170 ex
2183 3141 2282 3178 quibus
2296 3136 2529 3170 idolaseusimusnf
2555 3139 2563 3195 1
2580 3145 2602 3175 'r'l

1426 3189 1472 3208 cra
1482 3179 1653 3222 destinabant
1662 3179 1690 3207 in
1700 3179 1823 3208 theatris.
1847 3180 1911 3208 Cael.
1922 3179 2013 3208 Rhod.
2026 3179 2071 3209 lib.
2083 3185 2108 3213 8.
2121 3188 2180 3216 cap.
2197 3185 2223 3212 8.
2469 3177 2472 3180 ⁴
2560 3175 2593 3227 f

1426 3216 1564 3245 Charonia
1576 3239 1583 3251 ,
1605 3223 1689 3246 etiam
1712 3216 1826 3246 Paludes
1838 3218 1864 3246 &
1878 3217 2006 3246 Barathra
2026 3223 2161 3247 vocantur
2173 3238 2180 3250 ,
2201 3216 2316 3245 odorem
2330 3220 2438 3244 taetrum
2453 3223 2468 3244 e
2530 3230 2532 3232 v

1445 3254 1538 3283 santia.
1563 3254 1592 3283 V.
1619 3254 1715 3284 Strabo
1727 3254 1773 3283 lib.
1786 3263 1826 3284 12.
1840 3255 1874 3284 ad
1886 3253 1978 3284 finem.
1991 3256 2017 3284 &
2028 3254 2140 3290 Casaub.
2154 3254 2189 3283 ad
2199 3253 2286 3290 ejusd.
2302 3252 2348 3282 lib.
2364 3263 2387 3287 ς.
2400 3260 2483 3290 paga.
2499 3252 2503 3254 ”
2520 3241 2544 3262 ‘²‘

1389 3291 1411 3321 C
1421 3301 1441 3320 Η
1453 3294 1468 3321 Ᾰ
1478 3301 1494 3320 R
1504 3296 1521 3322 ὂ
1532 3302 1551 3320 Ν
1562 3295 1601 3321 ir
1611 3302 1634 3320 ἃ
1646 3314 1654 3326 ‚
1675 3295 1760 3321 arum.
1782 3301 1818 3321 m.
1855 3292 2038 3328 [χοιςωνῑπιι]
2068 3292 2213 3321 Senatores
2233 3291 2298 3320 novi
2318 3300 2333 3319 a
2349 3289 2477 3320 Romanis
2495 3291 2528 3317 ex

1426 3336 1590 3372 contemptu
1602 3331 1638 3358 ita
1648 3331 1748 3359 vocati.
1788 3331 1833 3359 Ait
1854 3329 2012 3359 Plutarchus
2027 3331 2057 3359 in
2069 3330 2124 3359 vita
2136 3329 2261 3358 Antonii:
2285 3328 2324 3358 M.
2341 3324 2474 3357 Antonius
2489 3321 2528 3355 his

1426 3366 1503 3433 fiscis.
1521 3367 1630 3396 Ciesaris
1641 3368 1869 3404 commentariis)
1889 3367 2053 3397 interserens
2065 3376 2134 3401 quos
2145 3367 2169 3396 ei
2181 3366 2266 3396 visum
2278 3366 2330 3400 est,
2351 3364 2442 3394 multis
2451 3371 2528 3400 magi-

1443 3412 1521 3434 ‘ratus
1533 3404 1611 3434 dedit
1620 3427 1627 3437 .
1649 3405 1751 3434 mustos
1763 3405 1791 3434 in
1801 3405 1925 3435 senatum
1935 3404 2045 3443 adlegit.
2067 3404 2149 3434 Unde
2160 3414 2257 3434 omnes
2267 3404 2317 3432 hos
2327 3413 2375 3441 per
2385 3400 2526 3432 ludibrium

2554 3355 2558 3373 i

2554 3376 2558 3456 ι

1427 3441 1590 3472 Charonitas
1611 3442 1730 3472 Romani
1748 3442 1945 3480 appellabant,
1966 3442 2191 3480 quandoquidem
2214 3441 2260 3471 ubi
2279 3440 2476 3478 arguebantur,
2494 3435 2527 3467 ad
2590 3442 2591 3446 ’

1426 3481 1526 3508 mortui
1537 3480 1680 3523 fugiebant
1695 3481 1908 3510 commentarios
1919 3503 1927 3515 ,
1950 3481 1975 3510 ἃ
1993 3480 2135 3510 neminem
2150 3480 2243 3509 vivum
2264 3479 2406 3516 dignitatis
2420 3476 2470 3507 suae
2485 3482 2528 3505 au·
2554 3458 2558 3508 1

1427 3517 1531 3547 ctorem
1541 3527 1614 3583 eslere
1624 3524 1760 3555 poterant.
1779 3518 1868 3549 sidem
1880 3518 1954 3557 apud
1964 3518 2040 3548 Suet.
2053 3517 2082 3547 in
2092 3519 2157 3555 Aug.
2168 3525 2228 3556 cap.
2245 3525 2287 3553 ις.
2317 3515 2415 3546 OrcIni
2435 3518 2527 3544 vocan·
2554 3510 2556 3576 1

1426 3560 1480 3584 tur.
1523 3578 1527 3583 .
1575 3578 1582 3584 .
1605 3557 1633 3584 in
1654 3565 1777 3584 oscus.
2370 3565 2373 3569 *

1390 3592 1471 3622 (ΖΗΛ
1483 3565 1598 3621 ιιὲΝιυ
1610 3603 1629 3621 Μ
1652 3595 1780 3627 Antrum.
1812 3591 1948 3629 [xaegdmu
1965 3591 2066 3628 Ξένων]
2097 3592 2194 3623 Strabo
2209 3590 2256 3621 lib.
2274 3600 2315 3625 14·
2347 3590 2380 3620 In
2402 3590 2445 3620 via
2462 3588 2526 3618 inter
2553 3577 2556 3631 1

1427 3630 1532 3659 Tralles
1544 3638 1624 3668 atque
1638 3630 1746 3668 Nyss'am
1758 3631 1834 3660 vicus
1848 3631 1885 3659 est
1901 3630 2088 3668 Nyssaensium
2105 3640 2161 3659 non
2172 3629 2269 3667 procul
2286 3627 2320 3657 ab
2336 3628 2402 3658 urbe
2420 3625 2526 3656 nomine
2553 3633 2556 3668 1

1427 3667 1580 3700 Acharaca.
1604 3667 1651 3697 ubi
1662 3668 1818 3698 Plutonium
1828 3669 1883 3703 est,
1903 3668 1966 3697 luco
1979 3667 2357 3705 suniptuosocircumdatum.
2398 3661 2526 3695 ltemPlu·
2553 3680 2555 3688 ι

1427 3706 1501 3734 tonis
1518 3715 1550 3734 ac
1566 3705 1685 3740 Junonis
1703 3705 1864 3740 delubrum,
1886 3707 1911 3736 8(
1929 3713 2036 3735 antrum
2056 3705 2227 3735 Charonium
2247 3712 2342 3734 natura
2356 3695 2525 3734 admirabile,
2553 3697 2555 3714 ¹

1428 3742 1503 3779 quod
1513 3742 1730 3777 lucoimminet,
1747 3745 1798 3773 «Sto.
1840 3743 1869 3773 V.
1898 3753 2139 3773 CHARONRUM.
2553 3757 2555 3762 .

1390 3778 1413 3808 C
1422 3789 1443 3821 Η
1454 3789 1470 3822 A
1482 3789 1496 3808 a
1506 3789 1522 3808 o
1531 3790 1565 3809 ps
1576 3803 1584 3815 ,
1606 3780 1746 3823 [xif'ems]
1767 3781 1889 3810 Homero
1901 3781 1949 3810 lib.
1962 3778 2038 3810 iliad.
2054 3782 2167 3816 11.42'6.
2189 3779 2235 3808 Vir
2245 3776 2400 3815 Troianus,
2419 3771 2526 3814 Hippasi
2552 3780 2554 3790 ⁴

1428 3816 1501 3858 silius
1510 3838 1518 3853 ,
1538 3819 1564 3847 8(
1575 3819 1637 3847 Soci
1647 3820 1728 3847 stater
1739 3841 1746 3853 ,
1768 3828 1837 3855 quos
1844 3818 1939 3848 ambos
1950 3828 2004 3847 urio
2015 3818 2061 3847 die
2072 3818 2175 3855 Ulysses
2185 3817 2335 3846 interemit.
2553 3832 2554 3841 i
2603 3842 2604 3853 ,

1427 3850 1505 3897 Eis&
1516 3864 1617 3884 nomen
1627 3856 1768 3890 cuiusdam
1780 3857 1849 3885 inter
1861 3857 1982 3892 Epirotas
1995 3856 2132 3893 primarii,
2154 3856 2198 3893 qui
2219 3855 2285 3884 Tito
2303 3853 2419 3891 Quintio
2435 3849 2526 3882 Flami·
2552 3844 2554 3881 1
2602 3864 2604 3893 1

1445 3901 1493 3934 nio
1503 3892 1616 3935 Consuli
1634 3894 1760 3922 Romano
1771 3901 1865 3922 eontra
1880 3893 2037 3930 Philippum
2051 3892 2154 3922 bellum
2166 3893 2272 3930 gerenti
2281 3892 2354 3921 favit.
2376 3888 2528 3920 Plutarchus
2552 3884 2554 3932 1
2602 3914 2604 3928 1

1445 3938 1475 3958 m
1483 3937 1539 3960 vita
1548 3930 1894 3966 eiusdemFlaminiiflunc
1905 3931 1996 3960 Livius
2005 3930 2434 3995 lib.32.eap.6.&ii.Charogum
2442 3931 2525 3956 vocat.
2552 3933 2554 3947 ›
2591 3939 2604 3968 ,3

2393 3974 2413 3995 ri
2422 3974 2441 3994 A
2449 3973 2487 3994 iu
2494 3971 2525 3996 Β»

2591 3523 2604 3553 s:

2596 3561 2604 3592 s,

2596 3636 2604 3665 1,

2595 3711 2604 3758 ‘5

2596 3786 2604 3817 si
