2600 4177
20 1569 23 1584 Ι

21 2284 23 2318 1
52 2288 285 2322 Ana-rima,
307 2288 370 2317 oris.
387 2295 424 2315 m.

478 162 498 194 A
590 161 614 196 Ρ
706 160 730 195 Ρ

78 245 145 278 Niri-r
179 256 187 263 =
244 255 261 273 ti
281 251 423 273 missteris.
448 243 504 273 Cic.
518 252 542 271 2.
557 242 591 271 ilc
601 242 664 270 Nat.
678 241 759 270 Deor.
778 252 837 272 100.

78 286 125 322 Ap·
142 304 143 307 ,
188 301 190 310 .
229 292 419 319 ·1'22'⁴.*'¹.1.'13;.1=.'.
447 280 530 309 Ovid.
547 289 571 315 3.
593 280 628 308 de
639 280 702 308 Arte
714 282 771 308 Ani.
789 284 850 313 §68-

168 332 171 338 =
188 345 191 348 .
243 322 266 348 τί1
284 322 363 348 :mie
382 327 486 347 reneis-s
509 324 623 355 appetet
642 326 734 353 ungue
754 327 847 354 genas.

79 359 115 387 Of
154 376 155 379 =
226 357 318 386 simili.
337 357 383 385 lib.
401 366 421 384 i.
434 359 458 384 6.
472 366 514 384 το.

22 423 24 432 ,
77 399 98 429 A
115 414 116 417 η
189 406 225 427 re.
237 394 351 424 neutril.
364 393 478 422 relatum
489 393 523 421 :id
533 398 654 429 tenipus,
666 401 716 428 pro
727 392 965 434 Appropinquare,
974 391 1082 425 instare,
1095 391 1198 420 adven-

97 444 101 458 ·,
181 456 184 460 ,
199 433 232 461 iv.
248 445 257 461 ς
287 432 354 461 Bell.
369 431 432 460 Pun.
454 430 638 459 Comitiorum
653 428 837 458 consularium
848 439 903 463 jam
917 429 1067 467 appetebat
1077 436 1197 466 tempus.

79 471 110 501 D>
140 490 143 496 »
169 480 182 497 ii
197 471 252 498 licii
268 469 425 506 appetebat.
451 468 515 497 Plin.
530 467 575 495 lib.
590 478 612 502 5.
635 466 717 503 Epist.
734 476 754 494 1.

77 508 103 538 P
116 517 141 536 ti
161 507 287 535 Veiorum
298 505 474 543 appetebant.
501 505 555 533 liv.
570 515 592 538 ς.
609 503 655 533 alii
668 504 766 532 Veios:
789 504 910 534 Gronov.
925 503 1008 534 Veiis.

78 545 210 576 Meridies
232 545 344 581 appetit.
365 543 449 572 Plaut.
468 543 545 572 Most.
563 552 585 574 ξ.
604 552 625 570 1.
647 551 706 576 119·

77 583 265 619 Notzippetit.
292 582 346 610 Liv.
361 593 382 611 ς.
400 581 483 610 facit.
498 591 522 609 2.
537 580 601 608 Hist.
616 589 659 613 19.

78 620 233 657 Propinqua
254 619 396 657 partitudo
414 619 459 647 cui
475 618 591 655 appetit.
624 616 712 646 Plaut.
730 614 820 645 Aulul.
839 626 862 645 1.
875 625 897 646 1.
912 619 954 653 36.
982 617 998 646 i.
1018 626 1042 646 e.
1072 614 1199 653 patiendi

98 666 152 686 teni
164 668 216 685 ms.

80 668 195 732 Appeii,
218 693 281 731 pass.
320 693 378 723 Cic.
396 694 431 722 de
442 694 607 729 Seiiect.63.
629 690 764 725 Salutari,
785 691 897 728 appeti,
920 692 1029 721 decedi.

42 735 84 765 ΛΡ
96 743 107 760 ν
118 743 131 761 it
149 742 182 797 rsn
195 742 211 759 v
223 742 234 760 s
248 754 254 766 ‚
279 731 373 761 Partic.
400 733 415 767 [
430 729 574 767 3e=35125l⁴¹3⁴
592 731 606 765 ]
626 729 722 759 Salust.
736 729 765 757 in
775 728 856 758 Catil.
879 728 968 758 Alieni
979 734 1114 767 appetens
1128 750 1137 764 ‚
1158 727 1197 757 sui

78 772 157 839 profu
175 780 211 798 iis.

22 505 24 519 l

102 809 184 836 dendi
205 814 347 844 appetens.
371 806 441 836 Gell.
455 806 502 835 lib.
524 808 565 835 16.
584 814 615 835 ca
638 828 644 834 .
659 813 683 840 3.

79 846 178 876 Gloria.¹
189 852 362 882 appetentes.
384 845 440 873 Cic.
455 854 505 882 pro
517 843 588 880 Lege
601 815 697 872 Nsanil.
710 851 736 884 7.

59 884 171 915 -Homo
189 893 244 911 non
256 882 375 919 cupidus
386 904 394 917 ,
417 892 506 918 neque
523 889 666 919 appetens.
689 879 747 908 Cic.
762 887 787 907 2.
802 885 891 908 contr.
907 877 1037 909 Ru11.20.

80 922 152 952 Luce
167 921 334 958 adpetente,
356 920 373 949 i.
394 931 418 950 e.
440 919 694 958 appropinquante,
714 916 762 946 sub
774 917 874 946 lucem.
898 916 988 947 Tacit.
1000 929 1024 953 4.
1040 918 1111 947 Ann.
1124 924 1198 952 5.11.

77 959 170 990 Homo
181 959 326 987 hominnm
340 968 374 995 ap
398 965 485 986 etens.
516 957 574 987 Cic.
588 967 611 985 2.
629 956 664 984 de
676 954 736 984 Fin.

78 997 169 1028 Homo
184 968 471 1034 tuiappetentis'simus
489 1017 496 1029 ,
518 996 535 1024 i.
556 1005 579 1024 e.
604 992 841 1030 Cupientiffimus.
864 992 933 1022 Plin.
954 993 1035 1030 Epist.

78 1033 322 1072 Appetentilsimus
336 1033 396 1063 alic.
413 1034 460 1062 rei.
483 1033 542 1062 Cic.
556 1042 581 1061 2.
597 1031 680 1061 Tusc.
695 1036 738 1067 58.
758 1031 858 1060 Sumus
870 1031 946 1060 enini
961 1038 1059 1060 natura
1070 1027 1201 1059 studiosis-

98 1073 164 1107 simi,
189 1071 462 1110 appeteiitillimique
477 1071 635 1100 honestatis.

45 1113 87 1143 ΛΡ
96 1121 109 1139 12
120 1120 132 1138 s
147 1120 161 1138 r
174 1120 186 1138 t
195 1120 213 1138 N
226 1120 245 1138 ἰ-
257 1120 269 1138 a
280 1120 294 1137 a
305 1131 312 1143 ,
337 1110 402 1138 Adv.
425 1109 483 1138 Cic.
502 1119 523 1137 1.
539 1108 595 1138 Off.
607 1117 650 1143 33.
673 1106 708 1135 Ut
718 1116 754 1135 ne
765 1106 867 1144 cupide
876 1106 943 1143 quid
959 1112 1088 1143 agerent,
1110 1115 1146 1134 ne
1155 1114 1201 1141 ap-

81 1155 213 1188 petenter.
234 1147 334 1176 alNec
345 1154 517 1185 appeterent.
541 1146 615 1175 conf.
628 1144 752 1175 Turneb.
768 1148 812 1172 26.
825 1153 867 1178 ³2-
889 1143 969 1181 Apul.
980 1153 1005 1180 7.
1019 1144 1089 1173 Met.
1102 1151 1198 1181 p.192.

83 1189 248 1224 Appetcnter
261 1185 374 1215 sumere.
415 1186 430 1220 [
447 1185 503 1222 Ap..
518 1184 576 1214 Cic.
597 1183 706 1221 legend.
729 1182 807 1211 Neve
822 1189 994 1219 appetenter.

43 1225 109 1257 Ari»
121 1234 133 1252 a
148 1233 161 1251 r
174 1233 186 1251 a
198 1234 216 1251 Ν
233 1233 246 1252 r
257 1234 264 1252 r
275 1234 293 1252 A
306 1245 313 1257 ,
351 1233 380 1252 ae.
405 1223 417 1258 [
434 1222 534 1257 ῧξεξιε]
554 1222 634 1252 Idem
644 1221 720 1258 quod
730 1220 892 1257 Appetitas:
914 1219 962 1248 sed
981 1220 1126 1257 Appetitus
1146 1217 1200 1246 fre-

80 1262 206 1299 quentius
218 1262 271 1290 est:
294 1262 320 1290 Sc
336 1261 364 1289 in
374 1260 541 1298 quibusdam
551 1260 680 1288 videntur
690 1258 792 1287 habere
806 1257 883 1286 usum
895 1257 1042 1286 diversum.
1064 1257 1135 1286 Nam
1146 1255 1201 1284 cibi

79 1301 274 1338 Appetentiam
283 1300 376 1336 potius
387 1299 488 1327 dixeris
499 1308 581 1334 quam
591 1299 631 1335 Ap
654 1297 759 1326 etitum.
784 1295 842 1324 Cic.
854 1307 880 1331 4.
893 1295 976 1324 Tusc.
988 1306 1011 1330 ς.
1048 1294 1084 1323 Ut
1095 1294 1203 1331 aegritu-

82 1339 117 1368 do
132 1338 202 1374 quafi
221 1337 342 1366 morsum
352 1336 472 1374 aliquem
484 1335 587 1365 doloris
598 1345 613 1364 e
645 1335 717 1364 ciat:
741 1341 831 1362 metus
852 1333 985 1362 receffnm
995 1333 1134 1370 quendam
1147 1331 1204 1359 ani-

80 1376 118 1420 mi
133 1378 157 1405 St
169 1376 279 1442 fffiiw
299 1374 395 1404 laetitia
414 1373 554 1413 profusam
564 1372 731 1403 hilaritatem
746 1394 754 1407 ,
780 1371 869 1401 libido
892 1371 1054 1400 effrenatam
1070 1376 1205 1408 appeten-

82 1421 149 1444 tiam
167 1424 182 1444 e
214 1420 260 1442 cit.

69 1453 186 1482 *Artium
198 1450 354 1480 liberalium
366 1450 538 1488 appetentia.
561 1448 629 1478 Plin.
642 1447 691 1477 h'b.
700 1456 745 1483 23.
756 1457 816 1485 cap.
829 1457 871 1483 19.

83 1490 213 1519 Ciborum
224 1489 388 1527 appetentia
401 1488 532 1517 invitatur
544 1487 620 1516 vino.
643 1486 711 1515 Plin.
723 1485 772 1514 lib.
784 1494 828 1521 23.
843 1494 903 1521 cap.
921 1494 943 1513 1.

81 1528 213 1558 Cibotum
224 1527 415 1565 appetentiam
427 1526 533 1563 praestat
543 1525 601 1554 haec
611 1523 705 1559 herba,
717 1523 761 1552 vel
772 1523 845 1552 facit.
868 1523 936 1551 Plin.
947 1521 1013 1551 l.20.
1025 1531 1098 1558 c.17.
1113 1519 1205 1555 Idem,

99 1565 159 1596 Cibi
170 1565 361 1604 appetentiam
373 1564 481 1593 faciunt
490 1563 613 1592 laftucae.
650 1561 771 1598 [Celsus
781 1561 838 1590 sere
851 1560 913 1589 Cibi
928 1560 1111 1597 cupiditatem
1122 1558 1200 1587 dicit.

0 1632 3 1637 .
47 1604 88 1636 A?
97 1614 110 1633 P
120 1614 134 1633 Ε
143 1613 162 1632 'r
173 1614 210 1632 ιτ
219 1614 228 1632 1
238 1613 255 1632 o
265 1625 272 1637 ,
295 1602 367 1632 onis.
400 1602 419 1631 f.
441 1603 456 1638 [
470 1602 565 1637 ὀξμηπς
584 1601 598 1635 ]
622 1600 745 1630 Conatus
755 1599 869 1636 quidam
879 1598 985 1635 aliquid
995 1597 1207 1635 apprehenden-

81 1642 119 1671 di.
142 1641 199 1670 Cic.
218 1652 239 1670 1.
253 1641 288 1670 de
301 1641 392 1670 Divin.
406 1644 451 1674 46.
474 1639 546 1668 Nam
556 1648 642 1675 quum
652 1637 804 1667 dormienti
817 1637 842 1666 ei
852 1636 941 1666 Solad
952 1636 1038 1673 pedes
1047 1634 1117 1664 visus
1129 1633 1206 1668 esset,

82 1686 123 1709 ter
137 1689 202 1708 eum
217 1679 311 1708 scribit
327 1678 421 1707 frustra
440 1676 601 1715 appetivilse
610 1674 738 1706 manibus
748 1697 756 1708 ‚
777 1684 863 1712 quum
873 1673 900 1703 se
912 1673 1083 1703 convolvens
1092 1671 1139 1702 Sol
1152 1672 1207 1701 ela-

81 1717 191 1748 beretur
203 1719 229 1748 S:
240 1717 335 1747 abiret.
357 1715 387 1745 Ei
396 1725 492 1753 magos
502 1714 608 1748 clixiffe,
616 1724 651 1743 ex
659 1713 763 1750 triplici
772 1713 945 1750 appetitione
954 1710 1026 1741 Solis
1039 1720 1106 1741 xxx.
1117 1719 1206 1739 annos

81 1756 183 1824 gylrum
193 1761 370 1793 regnaturum
380 1753 433 1783 esse
442 1752 584 1791 portendi.
604 1752 631 1782 h.
642 1761 666 1782 e.
687 1751 729 1781 Ex
739 1750 842 1789 triplici
861 1755 965 1780 conatu
974 1747 1207 1787 apprehendendi

101 1804 117 1823 o
130 1804 184 1823 em.

83 1832 223 1870 Appetitio
234 1854 241 1868 ,
263 1832 280 1868 [
295 1830 353 1865 ἱρμύ
366 1830 381 1866 ]
397 1839 447 1868 pro
459 1829 589 1866 Appetitu
598 1827 642 1856 vel
654 1826 832 1865 Appetentia.
853 1824 912 1855 Cic.
925 1835 951 1859 4.
969 1825 1053 1854 Acad.
1065 1834 1110 1859 24.
1134 1823 1207 1853 Nam

102 1870 180 1899 aliter
200 1870 334 1908 appetitio
349 1869 431 1904 (eam
445 1868 521 1896 enini
533 1865 586 1896 effe
594 1864 724 1894 volumus
735 1864 803 1899 ὁρμὴν
815 1865 826 1899 )
847 1873 900 1901 qua
915 1864 950 1892 ad
961 1863 1103 1901 agendum
1110 1861 1209 1899 impel-

84 1907 184 1975 Allimur
200 1930 208 1943 ,
229 1910 256 1938 δι
265 1907 294 1936 id
303 1906 462 1945 appetimus
476 1905 553 1942 quod
564 1903 602 1934 est
615 1902 703 1932 visum
715 1925 723 1939 ,
747 1902 852 1931 moveri
862 1911 920 1930 non
930 1901 1029 1939 potest.

119 1946 181 1975 ieni.
205 1946 263 1975 Cic.
300 1968 306 1974 .
323 1943 379 1974 Off.
393 1953 436 1979 30.
806 1946 809 1949 “

84 1984 185 2013 Animi.
209 1984 267 2013 Cic.
282 1955 313 2012 in
322 1982 426 2020 Topic.
436 1985 480 2010 62.
504 1980 592 2017 Atque
604 1979 688 2008 etiam
700 1978 739 2007 est
750 1976 890 2007 causarum
907 1975 1118 2006 dissimilitudo:
1132 1974 1209 2011 quod

103 2021 163 2051 aliae
174 2021 236 2051 sunt
248 2044 256 2056 ,
278 2028 308 2050 ut
319 2020 374 2049 fine
391 2019 447 2049 nlla
457 2018 631 2056 appetitione
642 2016 738 2051 animi,
760 2015 816 2045 fine
824 2015 981 2051 voluntate,
1002 2014 1060 2043 fine
1072 2014 1209 2052 opinione

104 2059 183 2088 suuni
200 2059 272 2096 quasi
290 2068 361 2097 opus
374 2057 503 2087 efficiant.

84 2097 217 2127 Cibotum
235 2097 379 2135 appetitio.
412 2095 484 2125 Gell.
502 2093 551 2123 lib.
567 2096 609 2122 16.
629 2102 690 2130 cap.
703 2101 727 2128 3.
760 2091 845 2128 Qiod
865 2098 951 2128 quum
966 2090 1084 2120 antehac
1102 2089 1210 2126 semper

103 2136 208 2165 edundi
223 2136 307 2165 fuerit
322 2140 457 2173 appetens
467 2155 475 2167 ‚
497 2141 574 2161 nunc
590 2131 651 2169 post
669 2131 833 2168 imperatam
848 2129 971 2158 inediam
990 2128 1076 2158 tridui
1090 2149 1098 2163 ,
1119 2127 1212 2156 omnis

103 2174 161 2210 ejus
177 2173 315 2212 appetitio
334 2172 447 2210 pristina
460 2170 623 2207 elanguerit.

85 2211 256 2249 Principatus
271 2211 415 2249 appetitio.
452 2209 510 2238 Cic.
528 2218 549 2237 1.
571 2207 628 2237 Off.
643 2216 685 2243 13.
725 2206 800 2236 Huic
811 2205 868 2235 veri
881 2204 998 2234 videndi
1008 2203 1157 2242 cupiditati
1166 2202 1213 2232 ad.-

103 2250 198 2286 juncta
212 2250 250 2279 est
260 2249 396 2287 appetitio
408 2247 535 2285 quaedam
547 2245 727 2284 principatus.

447 2285 504 2322 Qui
521 2284 635 2322 appetit.
659 2282 800 2320 Lamprid.
822 2280 897 2310 Alex.
918 2279 1008 2310 Sever.
1032 2279 1103 2309 Boni
1115 2278 1214 2308 lintea-

84 2326 169 2355 >minis
191 2326 332 2364 appetitor
349 2325 409 2354 fuit.
446 2323 583 2352 Ammian.
596 2330 640 2356 25.
657 2332 681 2356 ς.
702 2320 829 2350 Laudum
850 2320 1040 2356 intemperans
1061 2317 1211 2355 appetitor.

88 2363 155 2393 Item
165 2364 266 2393 Arnob.
281 2375 306 2399 4.
319 2373 347 2401 p.
364 2365 424 2399 136.
448 2363 475 2391 &
488 2359 594 2397 August.
605 2359 692 2389 Serm.
708 2368 732 2388 1.
744 2359 811 2388 feria
822 2368 848 2386 2.
861 2357 972 2386 Pentec.
996 2356 1031 2385 de
1042 2355 1212 2384 Christianis.

52 2402 113 2431 AB?
124 2411 166 2430 ετ
175 2412 184 2430 i
195 2412 215 2430 'r
226 2412 243 2430 u
253 2411 266 2431 s
276 2424 284 2437 ,
307 2411 323 2431 a
335 2423 343 2435 ,
364 2410 421 2429 um.
444 2398 627 2429 Desideratus.
649 2397 708 2426 Cic.
719 2398 748 2426 in
758 2396 846 2426 Pison.
860 2399 904 2429 68.
923 2404 982 2423 non
994 2394 1065 2431 fugit
1077 2394 1136 2429 ejus
1147 2393 1214 2422 ami-

87 2440 197 2474 citiam,
219 2449 284 2469 cum
293 2439 359 2469 esset
388 2437 516 2467 raesertim
525 2436 674 2474 appetitus.

86 2477 163 2508 Idem
175 2488 206 2508 ac
217 2477 335 2507 invasus.
357 2477 415 2506 cic.
429 2485 479 2513 pro
494 2475 641 2511 Quint.98.
652 2472 816 2511 ignominiis
827 2471 957 2501 omnibus
968 2470 1118 2508 appetitus.
1133 2467 1209 2498 conf.

105 2516 188 2545 eund.
200 2526 251 2554 pro
268 2515 347 2545 Rosc.
367 2515 458 2544 Amer.
470 2522 512 2549 30.
535 2512 620 2549 &prb
635 2511 728 2540 Domo
739 2510 785 2539 sua
803 2520 844 2546 1³·
883 2508 995 2546 Eutrop.
1010 2518 1035 2545 7.
1050 2518 1091 2537 12.
1115 2507 1150 2537 de
1171 2506 1228 2536 Vi..

106 2553 200 2584 tellio:
222 2554 347 2583 Stercore
357 2553 386 2582 in
396 2551 646 2588 vultum&pec‘tus
663 2549 697 2578 ab
714 2548 846 2578 omnibus
864 2547 952 2576 obviis
972 2547 1121 2584 appetitus.

22 2600 25 2607 ¹
54 2592 117 2623 Ar?
128 2602 142 2620 a
152 2602 171 2621 ’r
182 2603 191 2620 1
208 2601 249 2620 ru
259 2601 270 2620 s
280 2614 287 2627 ‚
319 2593 358 2620 sis.
380 2600 416 2619 m.
440 2590 478 2618 est
493 2587 632 2618 Immensa
647 2586 869 2617 &immoderata
882 2584 1031 2622 cupiditas.
1060 2584 1107 2613 Sic
1123 2581 1209 2614 Valla.

89 2629 146 2659 Cic.
167 2640 188 2659 1.
202 2629 258 2659 Off.
277 2639 336 2658 101.
359 2627 472 2665 Duplex
481 2626 518 2656 est
530 2627 687 2655 animorum
699 2625 739 2654 vis
756 2632 838 2661 atque
848 2632 959 2652 naturae.
987 2622 1046 2651 Una
1057 2631 1118 2660 pars
1129 2622 1158 2650 iri
1166 2631 1213 2659 ap-

90 2668 176 2706 petitu
187 2667 274 2706 polita
283 2667 330 2702 est,
341 2676 400 2704 quae
410 2666 448 2695 est
462 2666 519 2701 bem}
531 2664 626 2693 Graece
640 2673 646 2693 :
669 2672 729 2700 quae
740 2662 884 2691 hominem
894 2661 950 2690 huc
958 2667 1040 2697 atque
1053 2659 1120 2689 illuc
1130 2661 1210 2697 rapit.

90 2705 178 2735 Altera
192 2707 220 2734 in
233 2706 348 2739 ratione,
362 2714 422 2741 quie
432 2704 516 2732 docet
528 2701 695 2740 &explanat
708 2701 776 2738 quid
789 2699 960 2733 faciendum,
980 2698 1211 2735 fugiendumque.

89 2743 130 2774 Ita
143 2743 188 2780 fit,
200 2750 231 2773 ut
242 2744 309 2773 ratio
321 2741 410 2781 praesit
423 2751 429 2771 z
452 2741 592 2779 appetitus
602 2739 788 2777 obtemperet.
810 2737 845 2767 Et
852 2736 935 2775 paulo
945 2736 1014 2774 post,
1026 2736 1212 2765 Efficiendum

90 2788 181 2811 autem
193 2782 231 2810 est
244 2788 275 2810 ut
290 2781 431 2819 appetitus
449 2778 549 2808 rationi
564 2777 712 2807 obediant:
735 2785 852 2813 eamque
863 2784 954 2812 neque
964 2780 1132 2811 praecurrant
1149 2783 1213 2811 pro-

91 2826 152 2857 pter
164 2820 347 2848 temeritatem
358 2840 366 2854 ,
389 2827 442 2847 nec
453 2823 567 2855 propter
576 2815 715 2854 pigritiam
723 2821 771 2843 aut
781 2813 919 2851 ignaviam
930 2811 1055 2841 deserant
1067 2821 1074 2841 :
1105 2812 1212 2848 sintque

90 2857 249 2894 tranquilli,
270 2864 352 2893 atque
362 2856 440 2885 omni
452 2855 536 2883 animi
552 2853 762 2891 perturbatione
773 2857 893 2881 careant.
925 2850 956 2879 ln
971 2849 1099 2887 singulari
1115 2859 1213 2878 nume-

91 2906 122 2924 ro
132 2896 293 2933 Appetitum
305 2895 385 2927 dixit,
406 2903 456 2931 pro
465 2892 512 2922 illa
522 2899 599 2930 parte
609 2891 705 2926 animi,
718 2900 779 2928 quae
788 2889 900 2919 Rationi
911 2887 1037 2926 opposita
1048 2888 1096 2922 est,
1113 2889 1138 2918 ἃ
1153 2887 1213 2916 vul-

91 2943 125 2971 go
135 2933 298 2963 Sensualitas
314 2943 347 2970 ap
371 2931 477 2962 ellatur.
515 2930 547 2960 ln
556 2929 655 2968 plurali
663 2939 728 2958 vero
739 2927 885 2966 Appetitus
895 2932 1029 2955 vocantur
1040 2926 1133 2955 Animi
1145 2925 1212 2955 affe-

92 2972 150 3001 eius
161 2971 212 3000 sive
224 2972 308 3001 eriam
318 2981 333 3000 a
357 2970 495 2999 efflones:
518 2978 579 3006 quae
589 2977 647 2996 non
657 2966 719 2996 satis
733 2966 830 2995 Latine
840 2964 975 2994 Paffiones
988 2964 1128 2993 dicuntur.

91 3009 260 3039 Contrahere
271 3010 297 3038 ἃ
308 3008 402 3037 sedare
411 3007 561 3045 appetitus.
581 3005 641 3035 Cic.
657 3015 680 3034 1.
694 3003 752 3034 Off.
769 3013 828 3040 103.

92 3048 182 3076 Animi
202 3047 343 3085 appetitus
360 3053 492 3083 reguntur
502 3067 510 3080 ,
530 3045 710 3073 remittuntur
719 3065 728 3077 ,
749 3042 939 3072 continentur.
962 3039 1020 3068 Cic.
1037 3049 1063 3068 2.
1090 3039 1125 3069 de
1143 3039 1209 3069 Nat.

109 3084 191 3114 Deor.
211 3094 254 3121 33.
286 3085 402 3114 Addidit
415 3083 551 3113 rationem
562 3092 615 3119 qua
633 3087 794 3119 regerentur
807 3078 893 3109 animi
911 3078 1051 3115 appetitus
1061 3100 1070 3114 ,
1091 3078 1212 3115 quitum

28 3138 29 3145 .
70 3136 71 3139 ¹
107 3124 315 3152 remitterentur
328 3144 336 3157 ,
356 3128 418 3151 tum
430 3121 649 3150 continerentur.

27 3197 317 3234 {Arra'risrtis,
341 3209 365 3228 e.

0 3766 9 3785 '¹
34 3756 35 3763 ¹
61 3764 213 3801 AppiAs,
234 3773 391 3804 patronym.

93 3160 248 3200 Voluptatis
261 3161 409 3199 appetitus.
432 3159 488 3188 Cic.
508 3169 529 3187 1.
547 3157 604 3188 Off.
619 3168 680 3192 105.

397 3193 590 3234 [ἑπήυμηῗᾶς]
619 3194 834 3227 Desiderabilis.
856 3191 975 3230 Apul.2.
988 3191 1090 3229 Dogm.
1102 3190 1169 3220 Plat.
1180 3200 1208 3228 p.

96 3247 136 3272 19.
158 3236 374 3266 Solicitudinem
394 3235 554 3266 &laborem
570 3232 737 3272 appetibiles
755 3231 876 3263 ducebat
892 3230 954 3260 esse.
978 3229 1104 3259 Macrob.
1121 3239 1144 3259 1.
1166 3229 1212 3259 Sa-

93 3282 163 3304 turn.
178 3285 201 3304 1.
222 3274 369 3304 Venustate
379 3272 549 3312 appetibilis.

0 3316 2 3321 “
30 3304 31 3318 ³
58 3312 100 3341 iii>
110 3322 123 3341 Ρ
133 3322 192 3341 arr
203 3322 235 3341 ss
245 3322 262 3341 o
273 3334 282 3347 ,
304 3314 358 3342 ere.
378 3323 396 3340 i.
410 3322 432 3340 e.
456 3312 603 3348 Appetere.
626 3308 722 3339 Accius
731 3308 806 3346 apud
817 3307 944 3338 Nonium
959 3317 986 3343 4.
1001 3311 1026 3340 8.
1050 3305 1106 3335 Cur
1120 3312 1212 3335 vetera

92 3358 148 3379 tam
160 3360 195 3380 ex
211 3350 267 3379 alto
285 3349 425 3388 appetiffis
442 3348 572 3378 dissidia‘?

30 3375 32 3403 l
58 3387 101 3417 A?
110 3398 124 3416 P
134 3398 199 3418 ατο
210 3398 229 3417 N
242 3398 254 3417 a
263 3397 291 3423 s,
312 3388 345 3417 ab
368 3387 535 3425 Appetendo
559 3385 635 3415 dieti.
658 3384 789 3414 Laberius
801 3383 915 3421 Virgine
925 3404 933 3418 ,
953 3380 1082 3410 Alienum
1096 3386 1212 3419 appeto-

95 3425 173 3456 nibus
184 3426 234 3456 viae
246 3426 361 3464 perditae
372 3424 557 3455 diverticula&
578 3423 738 3461 Antiquam.
761 3422 881 3456 Nonius,
892 3430 917 3449 2.
931 3430 977 3456 40.

59 3463 81 3493 A
90 3473 126 3492 121²
136 3475 144 3492 1
154 3474 173 3493 A
193 3464 241 3493 Via
252 3486 260 3498 ,
285 3460 392 3500 [Α’ππέιι
416 3460 463 3490 ὁδῖς
476 3463 490 3497 ]
512 3462 549 3492 est
561 3472 576 3490 a
589 3462 676 3490 Roma
688 3462 717 3489 in
727 3459 909 3497 Campaniam
920 3480 929 3494 ,
951 3459 976 3486 &
986 3456 1020 3485 ad
1032 3465 1106 3485 mare
1122 3465 1212 3493 usque

94 3500 293 3540 Brundusium,
315 3511 396 3539 quam
413 3501 514 3538 Appius
531 3499 664 3529 Claudius
685 3497 780 3527 consul
793 3496 932 3535 lapidibus
952 3495 1053 3529 stravit,
1071 3502 1102 3523 ut
1112 3494 1211 3523 author

93 3538 132 3569 est
141 3539 197 3569 Cic.
208 3549 259 3578 pro
269 3539 369 3569 Milon.
390 3540 487 3606 Aplpia,
509 3548 559 3576 pro
572 3537 622 3566 Via
631 3537 712 3574 Appii
721 3536 765 3565 vel
775 3536 908 3577 Appiana.
929 3533 995 3562 Hor.
1011 3543 1034 3563 1.
1046 3532 1133 3561 Serm.
1147 3543 1171 3568 5.
1182 3535 1207 3562 6.

248 3592 286 3598 -
308 3578 424 3606 minuse
456 3576 542 3614 gravis
555 3575 745 3613 Appiatardis.
837 3573 871 3602 Et
882 3581 911 3600 in
923 3570 1012 3609 Epod.
1029 3582 1054 3606 4.
1073 3581 1116 3606 14.

173 3613 207 3644 Et
227 3616 342 3653 Appiam
363 3615 471 3645 mannis
486 3614 558 3643 terit.
600 3613 627 3642 V.
652 3613 708 3641 Liv.
722 3622 748 3648 9.
758 3621 803 3647 29.
1165 3620 1168 3623 ·

95 3651 157 3683 Fuit
176 3653 261 3682 etiam
273 3654 346 3690 Aqua
360 3653 457 3682 Rornae
470 3662 530 3689 quae
550 3650 740 3688 appellabatur
760 3649 864 3687 Appia,
885 3647 961 3685 quod
973 3646 1007 3676 ab
1018 3646 1120 3676 eodem
1137 3647 1208 3684 App.

115 3690 231 3721 Claudio
245 3691 274 3719 in
286 3691 390 3720 Urbem
402 3689 469 3719 esset
479 3690 644 3719 introducia.
666 3688 803 3718 Meminit
819 3687 877 3716 Cic.
889 3695 940 3723 pro
951 3684 1022 3714 Coel.
1039 3695 1081 3720 34.

97 3729 184 3767 Appia
199 3728 319 3766 Phrygiae
334 3750 344 3763 ,
365 3729 400 3757 de
433 3751 439 3757 .
455 3728 484 3757 V.
503 3729 532 3756 in
552 3738 570 3756 A
581 3737 615 3755 1²1²
627 3737 636 3755 1
647 3736 725 3755 ANi.

427 3789 432 3795 .
455 3766 547 3800 unde,
571 3764 709 3802 Appiades
721 3763 788 3792 deae.
811 3761 894 3791 Ovid.
910 3770 934 3798 3.
953 3760 990 3789 de
999 3759 1062 3789 Arte
1072 3759 1132 3789 Am.
1144 3768 1209 3796 452.

174 3804 229 3834 Has
246 3804 335 3833 Venus
353 3813 369 3833 e
387 3803 500 3841 templis
524 3803 612 3832 multo
633 3800 804 3831 radiantibus
823 3809 909 3832 auro.

98 3880 119 3909 A
215 3841 288 3871 Laeta
306 3843 382 3873 videt
398 3842 461 3870 lites
476 3864 484 3877 ,
505 3841 697 3879 Appiadesque
719 3839 787 3868 deae.
890 3837 924 3866 Et
941 3835 1047 3866 rursum
1071 3835 1106 3865 de
1128 3835 1210 3866 Rem.

121 3889 187 3909 mor.
207 3882 270 3909 660.

174 3917 268 3954 Turpe
281 3918 321 3947 vir
331 3919 357 3948 Sc
370 3917 471 3947 mulier
483 3939 491 3951 ,
511 3916 600 3952 juncti
618 3915 722 3949 modo,
741 3913 869 3952 protinus
887 3912 995 3942 hostes:

217 3956 281 3984 Non
296 3956 356 3985 istas
372 3955 433 3985 lites
451 3955 550 3992 Appias
569 3953 625 3992 ipsa
646 3953 753 3991 probat.
853 3950 992 3987 Appiades
1010 3950 1069 3979 deae
1079 3949 1143 3979 sunt
1159 3949 1214 3985 (ut

36 3994 37 4000 ¹
98 3991 272 4023 Grammatici
292 3995 414 4032 putant)
435 3992 520 4023 Pallas
533 4014 541 4029 ,
558 3992 633 4027 Pax,
654 3990 821 4026 Concordia,
845 3988 941 4025 Vesta,
963 3988 1076 4024 Venus,
1098 3996 1214 4025 quarum

1731 168 2002 203 APP
2336 182 2406 215 229

1290 244 1395 288 templa
1413 254 1500 289 prope
1518 245 1607 289 siu-um
1619 246 1729 276 Caesaris
1748 249 1837 277 erecta
1853 247 1924 277 sunt.
1961 249 2006 278 Sic
2017 250 2264 288 autemappellatae
2285 253 2318 282 ab
2337 263 2407 291 aqna

1292 284 1395 324 Appia,
1417 294 1475 319 quii·
1488 294 1513 326 in
1527 284 1601 312 idem
1611 284 1700 313 sorum
1712 285 1832 314 dedut‘ta
1844 285 1918 314 ell'ct.
1955 287 2162 317 Turnebovero
2180 299 2236 318 non
2255 290 2361 320 videtur
2370 291 2407 321 sa<

1292 325 1326 347 tis
1336 321 1388 348 esie
1399 321 1482 349 causa·
1495 332 1520 349 in
1536 321 1708 358 aquxeduclu,
1727 330 1758 351 tit
1767 330 1809 351 tot
1819 323 1974 352 vicinorum
1984 324 2151 361 templorum
2161 327 2275 355 nuinina
2284 328 2348 356 inde
2359 339 2408 357 no-

1292 366 1356 399 rnen
1370 366 1539 399 mutuentur.
1580 359 1633 388 Sed
1646 369 1696 388 nec
1707 360 1796 389 Venus
1807 360 1834 388 in
1846 361 2014 397 Appiadibus
2027 363 2197 391 numeranda
2205 363 2313 392 videtur
2322 375 2408 401 quum

1292 392 1326 421 ab
1340 394 1483 436 nsgdisertc
1495 406 1509 424 a
1521 403 1602 432 poeta
1619 396 1763 434 separetur.
1788 398 1860 426 Dein
1879 397 2026 434 subjungit.
2046 398 2215 436 Egoputem,
2235 410 2319 436 quum
2333 411 2367 430 eo
2379 404 2408 431 in

1293 429 1361 472 1000-
1369 431 1457 460 1aliret
1466 443 1534 468 aqua
1547 434 1641 470 Appia,
1654 444 1685 463 :ic
1696 434 1858 464 subveneris
1867 435 1972 473 templo
1983 436 2041 471 ejus
2051 436 2125 465 lacus
2136 447 2166 466 ac
2175 437 2270 466 saliens
2279 438 2353 473 ess‘et,
2364 439 2409 468 vel

1292 467 1487 510 llliilarum,vel
1501 470 1688 507 Nympharum
1701 473 1864 509 potius,qua:
1875 474 1901 501 in
1913 474 2119 510 aquaeduc‘iibus
2130 474 2218 502 solent
2233 477 2313 504 ore&
2324 486 2411 504 mani-

1292 514 1344 533 mis
1356 515 1452 548 aquam
1469 516 1596 536 evomere
1609 531 1616 542 ,
1638 508 1682 538 vel
1693 510 1807 538 aliarum
1828 517 1903 539 certe
1918 511 2032 539 dearum
2042 533 2049 543 ,
2072 521 2186 547 quarum
2198 513 2312 542 nomina
2324 513 2412 542 nesci.

1294 552 1364 583 nius,
1375 545 1463 585 limi-18,
1481 546 1674 579 aquaeducimn
1686 547 1743 576 illic
1758 554 1884 576 ornatum
1895 547 1981 577 fuilse.
2025 548 2120 583 Quum
2136 557 2228 577 autem
2241 550 2331 579 Venus
2342 560 2412 587 prae-

1292 580 1324 607 iit
1337 580 1487 609 foederibus
1498 591 1631 617 amorum,
1648 585 1785 621 Appiades
1796 592 1889 614 autem
1909 584 1961 614 illae
1972 586 2030 614 dete
2043 586 2090 615 sub
2100 586 2205 623 templo
2219 586 2331 616 Veneris
2342 588 2412 624 poli-

1292 622 1327 644 tae
1343 616 1439 649 essent,
1451 627 1495 645 eas
1507 621 1700 662 quoqueyelut
1711 622 1822 651 Veneris
1834 623 2048 652 contubernales
2059 625 2085 652 δ’(
2095 624 2221 659 ejusdem
2229 624 2327 662 templi
2341 635 2412 654 con.

1293 653 1387 687 sortes,
1396 664 1520 683 amorum
1533 656 1682 687 {ruderibus
1692 668 1742 688 ceu
1755 660 1865 689 feciales
1876 660 1984 697 przeesse
1995 660 2110 690 voluisse
2121 661 2265 696 Ovidium,
2281 671 2334 690 nec
2344 662 2411 692 talia

1292 690 1507 735 jurgia-litesque·
1519 693 1632 758 probare
1644 696 1749 725 dixilse.
1790 696 1861 726 Illud
1874 699 2014 728 autemita
2024 698 2050 728 se
2058 698 2158 728 habere
2169 705 2199 728 ut
2216 700 2284 735 dixi,
2297 706 2412 738 apparet

1293 737 1310 757 e
1324 728 1442 757 verlibus
1454 730 1536 758 Ovu.
1555 741 1574 759 1.
1600 732 1635 761 dc
1648 735 1709 762 Arte
1726 734 1782 762 Am.
1798 740 1842 768 82.

1374 765 1507 808 Subdita,
1530 777 1584 803 qua
1602 768 1713 810 Veperis
1731 771 1802 800 fatto
1822 772 1856 800 de
1875 783 2011 802 marmore
2031 773 2139 811 templo

1420 804 1519 846 Appias
1536 806 1665 848 exprellis
1685 810 1745 836 ae'ra
1763 808 1852 845 pulsat
1869 811 1955 847 aquis.
2037 811 2090 840 Hic
2103 811 2180 840 locus
2192 811 2276 841 fidem
2287 812 2352 842 facit
2362 812 2411 842 sub

1295 840 1403 878 templo
1417 840 1531 884 Veneris
1542 841 1619 871 fnisse
1638 854 1712 879 aquae
1727 846 1822 887 Appiae
1833 846 1992 877 salientem:
2014 848 2139 886 illudque
2152 850 2192 886 Ap
2216 850 2234 878 ii
2246 859 2413 880 monumen.

1294 884 1364 910 tum,
1382 884 1411 906 ut
1422 878 1555 907 credibile
1566 880 1619 922 est'
1641 881 1754 910 dearum
1772 883 1870 918 lignis,
1892 886 1918 913 (t
1937 886 1987 919 (ut
1998 887 2083 921 reor)
2104 886 2196 923 Nymp
2219 898 2295 916 arum
2333 898 2413 917 orna.

1295 922 1356 959 tpm
1367 923 1440 951 erat,
1456 926 1515 953 quae
1530 917 1666 960 Apptiades
1681 918 1738 947 dere
1750 919 1819 948 sunt.
1861 920 1926 950 Haec
1941 922 2098 952 Turnebus.
2128 924 2190 953 Huc
2210 924 2298 954 allusit
2308 911 2371 954 ³Cic.
2387 935 2413 962 3.

1295 953 1372 982 Pam.
1393 964 1415 996 1.
1438 964 1523 991 quum
1535 955 1620 990 dixit,
1643 955 1708 998 Non
1718 956 1806 998 solum
1821 957 1927 987 Pallada
1940 959 2081 990 sedetiam
2104 962 2230 999 Appiada
2250 963 2412 993 nominabo.

1297 990 1328 1019 V.
1349 991 1442 1020 Heins.
1463 992 1590 1021 &BurnL
1603 993 1638 1022 ad
1654 994 1880 1030 Ovidiipriorem
1892 995 1996 1025 locum.

1258 1028 1403 1058 Arma
1416 1039 1526 1073 usna,
1550 1040 1596 1059 um
1608 1052 1616 1065 ,
1652 1031 1710 1066 Adj.
1733 1031 1766 1060 ab
1786 1032 1889 1074 Appius
1907 1040 1937 1062 ut
1956 1035 2081 1072 Appiana
2103 1035 2184 1065 mala.
2215 1036 2284 1066 Plin.
2296 1037 2344 1067 lib.
2371 1049 2414 1075 ις.

1296 1075 1418 1133 {iiiia
1440 1066 2013 1142 ”Eziroz‘ffffffissffissbtzffi{aas
2026 1073 2139 1138 i¹²‘¹¹²³t·i³‚
2156 1073 2261 1104 ¹¹³¹³ef¹²
2277 1077 2415 1119 ‘'fig-“³³¹¹

1297 1141 1330 1170 ab
1343 1127 1434 1180 Appio⁷
1444 1152 1459 1171 e
1471 1142 1587 1186 Claudia
1600 1150 1698 1181 gente,
1720 1129 1845 1210 Appiana
1863 1144 1925 1188 sunt
1937 1110 2173 1180 cognr⁸in⁴ii(i}iltla.uS
2182 1119 2310 1179 ὃῗίΐτηὲίῖ
2319 1116 2417 1181 lsitsisqu

1296 1185 1445 1209 toneoruni
1455 1202 1462 1215 ,
1483 1182 1647 1223 magnitudo
1663 1192 1722 1219 quze
1737 1184 1757 1211 C
1771 1182 1912 1217 audianis,
1937 1184 2014 1212 color
2027 1185 2135 1214 rubeus.

1259 1217 1280 1246 A
1290 1226 1345 1284 iii‘bi
1355 1228 1374 1246 A
1383 1227 1402 1246 N
1412 1228 1430 1246 u
1441 1229 1460 1246 M
1470 1240 1477 1252 ,
1500 1228 1517 1246 1.
1540 1229 1568 1248 n.
1590 1220 1628 1248 est
1646 1219 1782 1257 pigmenti
1792 1242 1800 1255 ,
1821 1220 1874 1249 sive
1883 1219 1991 1250 Coloris
2002 1230 2097 1258 genus,
2113 1223 2191 1258 cujus
2207 1225 2334 1255 meminit
2346 1227 2414 1255 Plin.

1309 1264 1317 1283 1
1340 1265 1401 1292 .35.
1419 1265 1481 1293 cap.
1499 1265 1524 1292 7.

1259 1293 1326 1322 App
1337 1303 1345 1320 1
1356 1304 1373 1335 A
1388 1303 1426 1322 Ni
1441 1293 1565 1336 populi,
1594 1294 1628 1323 ab
1651 1296 1764 1338 ArpiA
1778 1317 1786 1330 ,
1808 1295 1932 1333 Phrygiae
1953 1296 2079 1334 oppido,
2102 1297 2130 1326 in
2152 1306 2293 1329 conventu
2314 1301 2420 1338 Synna«

1300 1331 1384 1360 denli.
1408 1331 1476 1360 Plin.
1491 1343 1514 1367 5.
1526 1342 1570 1366 29.
1593 1334 1619 1362 &
1631 1332 1690 1362 Cic.
1705 1342 1728 1369 3.
1751 1333 1826 1362 Fam.
1839 1343 1864 1371 7.
1876 1336 1902 1363 ἅ
1914 1344 1938 1368 9.
1972 1335 2088 1371 Appiani
2098 1334 2178 1372 legati
2192 1336 2258 1366 ibid.

1259 1369 1452 1412 APPiANiJs
1464 1391 1471 1404 ‚
1503 1371 1688 1413 [Α’πῖηοινὸς]
1716 1371 1828 1400 Nomen
1852 1371 1969 1401 celebris
1994 1372 2115 1401 historici
2143 1375 2342 1411 Alexandrini,
2372 1377 2421 1414 qui

1299 1414 1383 1436 xxiv.
1396 1406 1480 1437 libros
1494 1407 1611 1451 historiae
1625 1407 1757 1438 Romanae
1767 1408 1942 1447 composuit:
1966 1420 2081 1447 quorum
2093 1420 2192 1440 novem
2206 1419 2311 1442 tantum
2322 1414 2355 1442 ad
2368 1425 2421 1444 nos

1298 1454 1459 1511 perSvenere.
1480 1446 1550 1476 vixit
1559 1453 1654 1475 autem
1670 1447 1782 1476 Adriani
1796 1448 1932 1485 principis
1941 1448 2114 1485 temporibus
2126 1470 2134 1483 ,
2152 1458 2182 1478 ut
2198 1449 2255 1487 ipse
2275 1451 2373 1480 author
2384 1453 2422 1481 est

1300 1492 1330 1510 in
1361 1492 1462 1514 vriaca.
2063 1488 2069 1494 '

1262 1519 1283 1549 A
1295 1530 1308 1548 P
1318 1530 1347 1563 131
1358 1530 1377 1548 N
1389 1530 1407 1549 G
1417 1531 1434 1550 ο
1448 1543 1457 1564 3
1486 1521 1502 1558 [
1516 1521 1667 1564 πεοσκζάφω
1682 1521 1708 1565 ].
1719 1523 1774 1565 e‘re.
1803 1522 1859 1552 Cic.
1874 1533 1899 1552 2.
1919 1523 1972 1552 Att.
1986 1532 2012 1558 9.
2035 1522 2183 1561 Epistolam
2198 1524 2367 1562 superiorem
2382 1538 2423 1557 re.

1299 1558 1379 1625 gitute
1390 1558 1489 1589 nobis:
1510 1560 1536 1589 ἃ
1546 1568 1667 1597 appinge
1674 1560 1779 1597 ahquid
1791 1561 1865 1590 novi.
1887 1561 1914 1590 h.
1932 1570 1956 1590 e.
1978 1561 2067 1597 Adde,
2078 1561 2209 1592 adscribe.
2232 1564 2298 1593 Hor.
2313 1564 2348 1593 de
2359 1566 2423 1595 Arte

1319 1606 1354 1625 oe
1371 1620 1376 1625 .
1390 1607 1432 1631 30.

1265 1633 1284 1663 A
1294 1643 1308 1662 P
1318 1644 1350 1677 Ρ]
1360 1644 1423 1679 ⁰N.⁷
1446 1634 1492 1673 pel
1505 1636 1598 1672 potius
1612 1635 1637 1678 A
1647 1644 1679 1678 1²1
1690 1645 1706 1664 o
1716 1644 1737 1664 N
1758 1632 1868 1679 [Anien
1882 1637 1896 1671 ]
1918 1636 1971 1666 fuit
1981 1636 2183 1667 Grammaticus
2202 1638 2327 1674 celebris,
2340 1649 2422 1677 cogn.

1302 1672 1470 1714 Plistonices,
1492 1673 1630 1702 Posidonii
1641 1672 1724 1707 silius,
1748 1683 1792 1702 cui
1815 1675 2123 1705 nomen&lVlochthus
2135 1697 2143 1711 ,
2162 1686 2262 1713 genere
2280 1677 2425 1715 IEgyptius

1301 1710 1447 1754 Oalitanus
1459 1733 1467 1746 ,
1497 1720 1656 1754 quanquam
1681 1711 1882 1741 Alexandrinus
1902 1712 1999 1742 audire
2024 1713 2134 1748 mallet,
2170 1713 2216 1751 qui
2238 1714 2250 1750 (
2262 1722 2292 1744 ut
2320 1716 2426 1745 Seneca

1302 1747 1385 1792 Epist.
1400 1755 1444 1782 88.
1466 1748 1582 1784 scribit)
1603 1748 1652 1778 sub
1673 1749 1704 1778 C.
1720 1748 1823 1778 Caesare
1836 1756 1896 1779 tota
1913 1750 2060 1780 circulatus
2073 1750 2113 1779 est
2131 1751 2243 1781 Graecia.
2275 1753 2358 1782 Hunc
2377 1754 2426 1783 Ti.

1304 1786 1398 1830 benus¹
1415 1787 1502 1830 Ciesar
1512 1796 1561 1824 per
1578 1793 1773 1824 contemptum
1791 1787 1957 1824 Cymbalum
1971 1789 2070 1818 mundi
2089 1788 2249 1827 appellabat
2262 1812 2270 1825 ,
2292 1793 2426 1826 quoniam

1303 1824 1423 1868 publicae
1434 1826 1513 1854 lamae
1522 1831 1580 1862 tym
1603 1834 1688 1853 anum
1697 1826 1792 1862 potius
1802 1825 1890 1855 videri
1901 1825 1997 1863 poss‘et.
2037 1826 2248 1856 Immortalitate
2258 1838 2273 1857 a
2287 1828 2313 1857 se
2327 1829 2426 1859 donari

1303 1862 1425 1906 scripsit,
1445 1862 1480 1892 ad
1491 1871 1560 1905 qnos
1598 1863 1661 1900 iqua
1671 1863 1868 1905 componebat.
1907 1863 2043 1901 Josephus
2055 1863 2149 1893 scribit
2162 1887 2170 1899 ,
2195 1863 2273 1894 fuisse
2283 1866 2386 1897 malum
2398 1870 2426 1897 δε

1304 1901 1450 1944 ιηάοξὶυιῃ
1464 1923 1471 1936 ,
1501 1908 1642 1943 totiusque
1672 1906 1735 1929 vitae
1768 1901 1941 1939 temporibus
1975 1903 2169 1940 importunum
2196 1903 2428 1937 calumniatorem

1305 1948 1433 1968 omnium
1444 1960 1456 1981 ³.
1474 1948 1522 1968 cor
1537 1939 1602 1982 alini
1614 1937 1746 1967 habuiffe.
1796 1938 1901 1969 Floruit
1908 1940 2082 1977 temporibus
2094 1940 2218 1978 Dionylii
2232 1941 2428 1973 Halicarnaffei

1305 1978 1333 2006 &
1344 1976 1466 2014 Josephi.
1512 1976 1597 2005 Facili
1612 1982 1694 2013 atque
1709 1976 1792 2006 alacri
1802 1976 1933 2006 facundia
1942 1977 1996 2006 fuit
2009 2000 2017 2012 ,
2039 1984 2071 2007 ut
2089 1978 2127 2008 est
2140 1978 2240 2007 author
2250 1979 2320 2009 Gell.
2338 1980 2384 2010 lib.
2399 1985 2427 2010 6.

1305 2020 1415 2082 ἓίρᾘξὲὶ
1435 2013 1514 2081 ἓΓάΙε
1523 2013 1826 2090 {arigiipusgclklggffigri
1844 2015 2010 2045 Macedonis
2022 2025 2134 2056 quoque
2155 2015 2266 2055 scripsit.
2306 2017 2334 2047 V.
2354 2018 2428 2048 Vols.

1268 2091 1311 2120 Ar
1320 2101 1334 2119 Ρ
1342 2102 1351 2119 i
1362 2101 1380 2119 u
1389 2100 1412 2125 s,
1423 2090 1585 2133 Praenomen
1597 2089 1634 2119 est
1649 2090 1738 2127 gentis
1748 2090 1881 2126 Claudiae,
1890 2091 2080 2121 introduetum
2094 2091 2263 2128 abAoi0‚ve1
2276 2093 2337 2122 Atta
2350 2093 2430 2123 Clan-

1305 2128 1342 2158 so.
1365 2129 1438 2158 Nam
1450 2138 1535 2164 quum
1545 2138 1567 2157 is
1584 2127 1693 2165 Regillo
1713 2128 1879 2158 Sabinorum
1893 2129 2002 2167 oppido
2020 2128 2177 2159 aseditiosis
2196 2130 2358 2160 hominibus
2370 2131 2432 2169 pul-

1306 2167 1359 2201 sus,
1383 2167 1499 2195 Romam
1511 2175 1576 2195 cum
1587 2175 1686 2203 magna
1701 2165 1836 2195 clientum
1846 2177 1930 2196 manu
1939 2166 2078 2205 profestos
2088 2167 2164 2203 esset,
2181 2169 2283 2206 Appius
2296 2168 2432 2199 Claudius

1305 2205 1352 2248 est·
1363 2204 1527 2247 appellatus.
1559 2203 1634 2247 quod
1644 2213 1806 2242 prcenomen
1816 2205 1891 2243 apud
1901 2205 1960 2240 ejus
1974 2205 2097 2243 posteros
2109 2205 2243 2244 deinceps
2255 2207 2365 2236 mansit:
2392 2207 2429 2235 de

1308 2243 1408 2280 quibus
1422 2241 1487 2271 vide
1495 2252 1524 2270 in
1537 2241 1660 2271 dictione
1678 2251 1695 2271 c
1704 2253 1720 2270 L
1730 2252 1750 2271 A
1760 2252 1779 2271 υ
1789 2253 1806 2271 D
1818 2254 1827 2271 1
1837 2253 1865 2272 A.
1889 2242 1929 2272 De
1940 2244 2001 2272 Atta
2012 2242 2110 2272 Clauso
2120 2243 2164 2272 vel
2174 2243 2432 2280 Claudiosslaudia:

1592 2279 1621 2308 V.
1643 2279 1772 2319 Torrent.
1790 2281 1816 2310 &
1832 2280 1945 2310 Casaub.
1966 2281 2002 2310 ad
2011 2281 2087 2311 Suet.
2101 2281 2195 2311 Tiber.
2209 2291 2232 2312 c.
2246 2291 2269 2311 1.

1463 2333 1502 2338 -—
1518 2316 1676 2354 Censorque
1694 2325 1820 2348 moveret

1390 2356 1504 2394 Appius,
1516 2357 1637 2393 ingenuo
1655 2355 1672 2384 si
1688 2366 1747 2386 nori
1762 2355 1846 2385 essem
1864 2362 1941 2394 patre
1957 2361 2048 2386 natus.

1308 2393 1405 2424 Horat.
1429 2405 1452 2422 1.
1473 2393 1559 2423 Serm.
1575 2397 1600 2422 6.
1613 2403 1658 2423 21.

1269 2433 1410 2477 Apififfi’r
1422 2441 1477 2475 As,
1499 2432 1558 2475 atis.
1581 2430 1600 2460 f.
1619 2431 1681 2475 Cic.
1697 2441 1721 2469 3.
1744 2431 1819 2462 Fam.
1832 2441 1857 2467 7.
1899 2430 2057 2462 Illudidem
2069 2431 2198 2462 Pausania
2212 2432 2322 2463 dicebat
2340 2438 2368 2463 te
2389 2433 2430 2463 di-

1309 2470 1386 2505 xiffe,
1397 2470 1474 2507 Qud
1482 2470 1534 2512 pi‘?
1557 2470 1660 2507 Appius
1677 2469 1805 2503 Lentulo,
1818 2469 1951 2500 Lentulus
1962 2471 2050 2509 Appio
2060 2470 2191 2508 processit
2201 2470 2320 2506 obviam,
2333 2471 2431 2501 Cicero
2471 2481 2472 2484 ¹

1309 2509 1401 2547 Appio
1411 2507 1748 2551 noluit.Quaeso,etiamne
1758 2514 1789 2537 tu
1798 2508 1846 2538 has
1860 2509 1905 2537 ine
1928 2509 2076 2543 tias,homo
2088 2509 2164 2544 (mea
2171 2508 2318 2545 sententia)
2327 2508 2432 2539 summa

1310 2547 1470 2585 prudentia,
1490 2547 1541 2575 διο.
1568 2545 1658 2575 Ullam
1669 2547 1844 2584 Appietatem
1853 2552 1900 2575 aut
1908 2518 2106 2576 Lentulitatem
2116 2546 2208 2576 valere
2219 2547 2293 2585 apud
2305 2557 2349 2576 me
2359 2547 2431 2584 plus,

1311 2594 1395 2622 quam
1412 2590 1576 2613 ornamenta
1592 2583 1700 2613 virtutis
1712 2584 1873 2613 existimas?
1894 2583 1990 2620 Quum
2005 2583 2189 2621 consequutus
2207 2585 2335 2614 nondum
2347 2594 2432 2621 eram,

1312 2632 1372 2660 quae
1383 2622 1446 2651 sunt
1456 2621 1603 2651 hominnm
1614 2622 1797 2660 opinionibus
1807 2621 2077 2659 amplissima,tamen
2086 2622 2133 2651 ista
2142 2622 2227 2652 vestra
2235 2623 2349 2652 nomina
2361 2632 2432 2651 nuri.

1312 2670 1395 2698 quam
1403 2660 1461 2689 sum
1473 2659 1640 2694 admiratus:
1662 2660 1734 2703 viros
1746 2669 1803 2693 eos,
1817 2661 1906 2697 quiea
1917 2659 1996 2690 vobis
2006 2658 2185 2697 reliquiffent‚
2197 2670 2310 2698 magnos
2321 2660 2432 2690 arbitra.

1311 2698 1369 2727 bar.
1392 2697 1474 2740 Paulo
1491 2697 1561 2735 post.
1586 2697 1632 2727 Tu
1643 2696 1902 2733 sialiterexistirnas,
1921 2697 1992 2727 nihil
2009 2698 2122 2732 errabis,
2142 2698 2160 2727 si
2176 2698 2259 2736 paulo
2273 2698 2432 2736 diligentius

1313 2737 1366 2771 (ut
1375 2736 1442 2773 quid
1454 2738 1485 2764 lit
1495 2732 1609 2778 ot'y'vem,
1620 2735 1686 2773 quid
1699 2735 1730 2765 fit
1741 2735 1871 2765 nobilitas
1884 2735 2043 2773 intelligas)
2057 2735 2249 2773 Athenodorus
2257 2736 2391 2766 Sandonis
2401 2737 2431 2765 fi-

1312 2774 1367 2818 lius
1378 2774 1445 2818 quid
1457 2774 1492 2802 de
1505 2773 1548 2802 his
1556 2773 1638 2802 rebus
1647 2773 1894 2809 dicat,attenderis.
1908 2773 2022 2803 Videtur
2030 2773 2127 2803 Cicero
2137 2773 2179 2802 his
2188 2774 2259 2804 fit‘tis
2273 2774 2432 2803 nominibus

1314 2812 1470 2852 intellagere
1479 2811 1684 2841 velNominum
1693 2810 1943 2847 celebritatem,vel
1954 2812 2049 2850 potius
2059 2811 2236 2841 Familiarum
2248 2811 2433 2840 nobilitatem.

1274 2851 1341 2881 APP
1350 2861 1366 2878 1.
1377 2860 1397 2879 A
1407 2860 1425 2879 u
1436 2860 1454 2878 n
1463 2860 1479 2878 o
1491 2871 1499 2883 ,
1527 2849 1546 2878 si
1556 2871 1564 2885 ‚
1592 2848 1650 2878 sum
1662 2871 1670 2885 ,
1701 2848 1876 2887 [ἐπτκςοτέω]
1897 2850 1953 2879 Ere.
1987 2850 2026 2879 est
2044 2848 2180 2879 Mannum
2198 2848 2293 2887 plausu
2310 2849 2431 2879 favorem

1312 2888 1467 2917 ostendere.
1490 2887 1576 2916 Plaut.
1589 2886 1685 2917 Pseud.
1698 2899 1722 2925 5.
1735 2898 1760 2917 2.
1778 2897 1820 2924 32.
1843 2887 1871 2917 Si
1887 2887 1970 2917 vultis
1981 2887 2166 2925 applaudere,
2189 2895 2269 2924 atque
2279 2887 2431 2925 approbare

1312 2927 1389 2956 hunc
1401 2935 1511 2964 gregem
1522 2926 1547 2955 &
1555 2924 1676 2955 fabulam
1685 2948 1693 2961 ,
1715 2926 1745 2955 in
1754 2926 1901 2955 crastinum
1911 2935 1960 2954 vos
1970 2925 2085 2955 vocabo.

1311 2964 1487 3002 Applaudere
1497 2963 1591 2998 alicui,
1605 2963 1683 2993 [dem
1691 2973 1723 2993 ac
1737 2963 1880 2997 Plaudere,
1893 2962 1952 2992 Cic.
1967 2973 2018 3001 pro
2029 2964 2106 2993 Sext.
2121 2973 2131 2992 1
2140 2972 2150 2991 1
2158 2972 2181 2998 ς.

1306 2281 1396 2318 gentis
1406 2280 1534 2318 principe
1542 2301 1550 2314 ,

1595 3002 1600 3006 η
2205 2961 2280 2998 Quid
2291 2971 2341 2999 ego
2354 2971 2432 2992 nunc

1332 3003 1424 3032 dicam
1436 3024 1444 3036 ,
1465 3001 1564 3038 quibus
1575 3002 1640 3030 Viris
1650 3023 1658 3037 ,
1676 3008 1723 3031 aut
1733 3002 1778 3031 cui
1790 3001 1882 3039 generi
1894 3001 1997 3030 civium
2014 3003 2135 3030 maxime
2149 2999 2330 3037 applaudatur
2344 3000 2356 3027 ·?
2378 3000 2431 3029 Ini-

1331 3040 1401 3079 pers.
1414 3040 1460 3068 est.
1496 3040 1608 3076 Antiqui
1618 3040 1731 3077 peroin
1741 3039 1861 3069 secunda
1871 3038 2037 3075 scribebant,
2058 3037 2195 3076 ripplocm,
2213 3037 2279 3066 sicut
2289 3037 2314 3067 ἃ
2327 3037 2430 3074 Plodo,

1331 3078 1408 3116 quod
1422 3086 1498 3106 nunc
1516 3077 1621 3106 Plaudo
1640 3077 1792 3107 scribimus.
2052 3085 2065 3100 s

1274 3116 1342 3146 App
1352 3127 1367 3145 L
1378 3126 1396 3144 A
1407 3125 1472 3154 uso
1482 3125 1498 3143 R
1514 3137 1522 3150 ,
1544 3115 1608 3144 oris.
1629 3124 1667 3145 m.
1690 3117 1706 3152 [
1719 3111 1870 3150 ἐπτκρυτηπῖς
1886 3115 1901 3150 ]
1921 3113 1978 3151 Qui
1992 3112 2144 3151 applaudit.
2170 3111 2239 3141 Plin.
2260 3113 2289 3141 in
2300 3111 2429 3149 Panegyr.

1312 3164 1338 3222 Ξ
1351 3153 1552 3220 4⁶'i's1dem
1562 3163 1627 3191 ergo
1636 3152 1759 3192 populus
1772 3152 1819 3182 ille
1831 3152 1980 3190 aliquando
1993 3151 2095 3181 scenici
2108 3151 2280 3187 imperatoris
2296 3149 2431 3187 spectator

1354 3202 1368 3221 a
1421 3201 1455 3221 au
1468 3201 1507 3220 or.

1274 3233 1341 3298 ΑΡὸ)
1350 3202 1512 3297 cgipustffi,
1533 3239 1557 3259 a.
1577 3239 1635 3258 um.
1656 3227 1754 3258 Partic.
1773 3229 1789 3265 [
1808 3222 2056 3264 imnengomfifi&]
2077 3230 2123 3260 ut,
2145 3224 2312 3263 Applausum
2320 3235 2431 3263 corpus.

1342 3278 1369 3298 vi
1393 3290 1399 3296 .
1437 3291 1442 3296 .
1497 3273 1533 3296 et.
1585 3276 1611 3296 2.

1393 3279 1444 3335 nie
1469 3276 1646 3334 cavis³i5elox
1668 3302 1800 3341 applauso
1815 3311 1933 3339 corpore
1946 3300 2045 3337 palmis

1392 3343 1490 3373 Delilit
1500 3343 1528 3372 in
1542 3343 1649 3372 latices.
1674 3341 1701 3370 h.
1716 3350 1740 3370 e.
1762 3340 1896 3371 Percuffo.
1919 3339 1966 3368 Sil.
1978 3338 2026 3367 lib.
2042 3338 2085 3366 16.
2099 3336 2136 3365 de
2148 3337 2302 3376 Gamphaso
2319 3349 2390 3378 equo
2402 3361 2412 3375 ‚

1393 3380 1562 3419 Camphasus
1578 3380 1634 3418 ipse
1656 3379 1750 3416 asper,
1774 3388 1827 3408 nec
1843 3378 1889 3414 qui
1903 3377 2016 3406 cervicis
2036 3381 2139 3404 amaret

1393 3419 1536 3458 Applausce
1559 3418 1676 3447 blandos
1692 3416 1813 3451 sonitus,
1838 3417 1888 3444 &o

1273 3460 1512 3492 APPLAUSUS,
1534 3458 1574 3486 i'is.
1594 3466 1631 3484 m.
1654 3456 1669 3491 [
1684 3457 1827 3489 &maga-nim
1842 3453 1856 3487 ]
1878 3451 1935 3481 Cic.
1960 3460 1985 3480 2.
2006 3450 2041 3480 de
2058 3449 2155 3480 Divin.
2176 3460 2237 3486 104.
2259 3450 2365 3480 Ennius
2383 3452 2432 3489 qui

1274 3535 1296 3565 A
1312 3487 2378 3563 “2³3¹ssSppiiisssii‘iqssitfflii'ffiisffssffieitssfssssfflss'&Qsseglfifffiffwcssssi
2412 3528 2429 3562 ]

1305 3545 1320 3563 P
1355 3546 1371 3562 1.
1483 3544 1487 3548 ¹
1536 3546 1549 3562 t
1602 3553 1610 3565 ,
1826 3550 1834 3562 7
2025 3544 2032 3554 ν
2092 3537 2102 3547 ⁵
2130 3539 2141 3557 Ξ
2176 3552 2188 3562 ,
2381 3539 2398 3554 ο)

1311 3575 1364 3601 are.
1385 3571 1443 3600 Cic.
1453 3556 1483 3606 ⁷4
1501 3570 1583 3599 Acad.
1595 3572 1639 3603 65.
1669 3567 1710 3596 Ad
1721 3567 1792 3595 hanc
1808 3564 1978 3603 potissimum
1994 3538 2198 3601 philosophiam
2215 3548 2259 3593 ine
2278 3540 2427 3603 acgplicavi.

1310 3610 1344 3640 In
1354 3609 1437 3639 Bruto
1456 3612 1518 3643 316.
1558 3605 1702 3643 Mequead
1714 3603 1858 3634 Molonem
1874 3602 2020 3640 applicavi.
2041 3601 2091 3630 Pro
2104 3601 2213 3631 Cluent.
2225 3606 2270 3636 46·
2293 3603 2429 3640 Oppiani-

1312 3657 1361 3678 cus
1374 3646 1401 3676 se
1409 3647 1443 3675 ad
1456 3645 1559 3675 Staleni
1571 3642 1783 3673 familiaritatem
1796 3640 1953 3678 applicavit.
1976 3639 2054 3669 ldem
2065 3649 2090 3668 2.
2104 3639 2223 3677 Philipp.
2235 3644 2279 3669 26.
2298 3640 2325 3669 Si
2337 3641 2382 3669 ille
2392 3640 2428 3668 ad

1309 3695 1372 3715 eam
1386 3686 1474 3723 ripam
1493 3692 1575 3720 quam
1591 3680 1786 3714 constituerat,
1815 3687 1873 3707 non
1889 3678 1924 3707 ad
1941 3677 2108 3707 contrariam
2129 3677 2221 3707 navim
2243 3676 2426 3716 applicuiilet.

1361 3723 1397 3751 'd.
1429 3745 1434 3750 .
1450 3721 1515 3750 Fast.
1567 3729 1588 3747 1.

1312 3723 1367 3754 ow
1392 3726 1701 3794 &sculaqisigapplicuit
1722 3752 1810 3791 posito
1832 3751 1960 3790 suprema
1975 3752 2084 3782 feretro.

1311 3798 1355 3829 De
1367 3797 1542 3833 navigatione
1553 3794 1669 3826 dictum⁷
1685 3791 1760 3820 idem
1770 3791 1845 3828 quod
1855 3790 2000 3828 Appellere
2008 3789 2149 3828 significat.
2165 3788 2238 3827 Virg-
2252 3799 2274 3819 1.
2288 3789 2348 3820 AEn.
2361 3793 2425 3820 616.

1434 3850 1470 3854 —
1488 3842 1548 3869 quae
1557 3832 1597 3859 vis
1607 3829 1774 3858 immanibus
1785 3828 1984 3866 applicatoris‘!
2017 3828 2179 3858 subauditur
2190 3829 2241 3863 Te,
2248 3829 2426 3858 accusativus.

1333 3873 1386 3902 Ubi
1396 3871 1505 3901 Servius
1520 3869 1589 3897 dicit
1599 3875 1647 3897 aut
1654 3877 1702 3905 per
1709 3867 1737 3902 d,
1751 3874 1796 3895 aut
1804 3876 1852 3904 per
1862 3865 1966 3903 duplex
1978 3876 1996 3903 p
2009 3866 2200 3896 indifferenter
2209 3866 2289 3896 scribi
2302 3866 2387 3903 poffe.

1314 3910 1430 3941 Claffem
1446 3909 1475 3936 in
1493 3907 1585 3935 locum
1606 3905 1735 3942 aliquem.
1758 3903 1814 3933 Liv.
1827 3913 1852 3941 7.
1866 3903 1933 3933 Bell.
1945 3903 2057 3933 Maced.

1313 3949 1404 3979 Naves
1420 3944 1559 3983 applicare
1571 3943 1605 3972 ad
1615 3950 1722 3972 terram.
1753 3941 1818 3971 Caes.
1833 3952 1856 3980 3.
1870 3941 1937 3971 Bell.
1950 3941 2031 3971 Civil.
2045 3951 2105 3971 101.

1313 3986 1405 4017 Naves
1415 3991 1501 4013 terrae.
1522 3981 1580 4011 Liv.
1594 3986 1619 4017 8.
1633 3980 1700 4011 Bell.
1712 3980 1783 4017 Pon.

1738 4017 1742 4025 ‘
1935 4015 1956 4047 F
1977 4017 1993 4046 f
2018 4026 2031 4054 3
2340 4014 2433 4053 Appii.
