2604 4222
168 146 239 179 290
627 136 654 168 A
750 133 781 167 r
862 132 893 166 T

169 217 190 247 A
202 227 221 245 τ
231 227 251 247 τ
260 227 304 247 EN
313 228 331 247 D
342 226 398 247 ans
408 239 417 252 ‚
437 216 535 246 Partic.
554 211 714 250 [moin-⁴11]
735 213 784 243 Sil.
795 213 844 242 lib.
855 219 881 246 8.
895 223 956 249 590.

451 270 485 274 —
498 253 577 282 nullo
591 253 752 281 attendente
764 252 882 280 deorum

331 291 409 322 Votis
423 299 491 320 tunc
500 291 608 325 vestris,
631 290 722 319 casura
736 290 823 318 ruistis
843 289 871 317 in
883 297 965 316 arma.

172 330 194 361 Δ
204 339 223 358 T
232 339 251 358 T
262 338 275 358 r.
287 339 306 358 N
316 339 335 358 τ
346 340 362 358 u
372 340 383 359 s
395 352 403 364 ‚
427 330 520 358 l’artic.
544 323 778 364 [creampedlflcrr]
798 326 862 355 Ter.
874 325 944 355 And.
956 334 982 353 2.
995 333 1019 361 3.
1032 334 1058 360 4.
1081 322 1232 353 Utanimus
1244 323 1273 353 in
1284 323 1330 361 spe

209 375 292 404 atque
304 368 331 396 in
342 368 441 396 timore
453 367 537 403 usque
549 366 665 395 antehac
675 371 797 393 attentus
805 364 866 392 fuit.

209 406 323 435 Attento
343 406 437 434 animo
454 404 564 433 intueri.
606 403 664 432 Cic.
685 404 713 431 in
725 402 801 430 Orat.
818 410 877 438 197.
906 400 999 436 anue
1013 399 1082 428 dum
1100 399 1201 428 animis
1219 399 1332 429 attentis

229 443 396 472 admirantes
407 442 560 478 excipiunt.

209 481 401 511 Attentissimis
413 480 511 508 animis
523 479 625 507 audire.
648 477 707 506 Cic.
721 486 771 514 pro
783 475 856 504 Sext.
867 485 893 509 9.

210 518 371 549 Auditorem
394 516 561 546 benevolum
580 516 628 544 fibi
648 516 739 544 facere
757 515 783 543 ἃ
804 519 942 542 attentum
963 513 989 542 δι
1011 511 1143 542 docilem.
1167 512 1224 542 Cic.
1246 522 1270 541 2.
1296 512 1332 541 de

230 556 307 584 Orat.
321 563 364 587 82.

210 593 332 623 Praebere
343 593 368 622 se
380 598 516 621 attentum
527 590 693 619 auditorem.
733 588 791 618 Cic.
806 596 829 623 3.
843 587 878 616 de
891 587 953 616 Nat.
966 587 1048 617 Deor.
1064 598 1086 617 1.
1109 588 1240 618 Praebebo
1250 587 1332 624 igitur

229 641 275 661 me
286 631 338 660 tibi
351 629 467 659 viciffim
482 636 618 657 attentum
629 634 727 656 contra
736 627 844 656 Stoicos
855 626 1020 654 auditorem.

210 668 320 699 Tenere
333 668 488 697 auditorem
497 672 642 695 attentum.
684 665 764 694 Auth.
777 664 811 692 ad
824 663 924 692 Heren.
937 663 984 692 lih.
998 675 1023 698 4.
1042 673 1081 699 ¹7·
1107 663 1170 692 Non
1182 664 1272 701 potest
1283 663 1333 691 hu-

230 705 349 742 jusmodi
362 706 448 734 sermo
457 710 550 732 tenere
559 710 694 731 attentum
704 702 877 731 auditorem:
901 702 1082 730 diffluitenim
1094 707 1177 730 totns.

210 743 312 774 Facere
324 744 465 772 auditores
480 749 608 770 attentos.
649 740 728 769 Auth.
745 740 779 769 ad
794 740 895 769 Heren.
912 739 959 768 lib.
977 750 998 768 ι.
1014 747 1039 776 7.
1063 739 1175 768 Dociles
1192 738 1333 767 auditores

229 781 330 810 habere
341 781 492 818 poterimus
502 801 510 814 ‚
533 779 550 807 si
562 778 697 807 summam
711 777 798 807 causae
809 777 926 806 breviter
938 786 1112 815 exponemus
1123 800 1130 812 ,
1151 778 1177 807 ἃ
1187 777 1204 805 si
1214 783 1333 806 attentos

228 827 276 847 eos
286 818 428 847 faciemus.

211 856 288 885 Auris
300 863 414 884 attenta.
438 855 506 884 Hor.
518 864 543 883 2.
557 854 642 883 Serm.
661 864 683 882 ι.
699 864 741 888 19.

208 893 501 931 Diligeris&attentus
513 893 575 920 inre
587 891 686 928 aliqua.
720 891 778 920 Cic.
791 900 815 926 3.
827 890 901 919 Verr.
923 894 984 918 1²6.
1014 889 1071 926 Qui
1086 890 1116 918 in
1139 899 1168 919 re
1181 888 1334 918 adventitia

227 940 308 968 atque
320 931 493 960 ha‘reditaria
502 937 558 958 tam
570 929 688 966 diligens
699 952 706 964 ‚
727 936 784 958 tam
792 934 914 957 attentus
924 927 998 956 esset.

209 968 356 1004 Attentus,
378 979 429 1007 pro
445 968 483 997 Ad
496 977 553 996 rem
564 974 702 1001 attentus,
724 967 741 995 i.
756 976 780 996 e.
801 966 879 1003 Frugi
891 988 898 1000 ,
917 975 1024 1002 parcus.
1047 965 1114 994 Hor.
1132 974 1154 993 1.
1168 964 1330 1002 Epist.7.9r.

290 1007 380 1036 Durus
390 1008 443 1040 ait,
459 1005 549 1034 Vulrei
560 1028 567 1039 ,
588 1006 672 1034 nimis
684 1005 857 1041 attentusque
869 1004 978 1032 videris
1021 1003 1099 1032 idem
1111 1012 1135 1031 2.
1149 1003 1234 1032 Serm.
1246 1007 1271 1031 6.
1285 1009 1330 1036 82.

292 1045 371 1082 Asper
381 1046 406 1074 ἃ
418 1051 538 1073 attentus
550 1043 673 1078 quaelitis.
757 1042 820 1072 Ter.
833 1041 908 1070 Adel.
923 1052 947 1077 5.
963 1046 1040 1077 3-48.
1064 1039 1333 1070 attentioressumus

227 1082 262 1111 ad
273 1092 327 1111 rem
338 1092 435 1111 omnes
449 1092 529 1117 quani
542 1080 577 1109 Ιῖιῑ
587 1082 632 1109 cst.

208 1120 348 1149 Attentior
356 1122 429 1150 circa
442 1119 555 1155 aliquid.
578 1118 696 1154 Quintil.
710 1117 759 1147 lib.
774 1128 797 1153 5.
815 1128 873 1154 cap.
887 1127 913 1151 4.

209 1158 320 1187 Attenta
330 1159 393 1187 vit-a.
434 1157 546 1187 Curiosa
564 1158 588 1185 ἅ
602 1156 739 1193 diligens,
762 1165 842 1192 quam
859 1155 957 1191 vulgus
977 1153 1136 1189 Subiectam
1151 1153 1229 1183 dicit.
1270 1153 1328 1183 Cic.

227 1206 279 1233 pro
293 1195 371 1225 Rosc.
389 1196 477 1224 Amer.
491 1206 536 1230 44.
564 1194 709 1223 Tamenne
724 1194 782 1222 haec
796 1199 900 1222 attenta
912 1194 967 1221 vita
987 1194 1013 1221 St
1025 1192 1176 1227 rusticana,
1198 1191 1329 1229 relegatio

227 1241 310 1270 atque
320 1234 479 1262 amandatio
494 1232 699 1270 appell-abitur?

207 1271 336 1302 Attentos
349 1281 440 1301 rerum
458 1270 661 1308 patertaniilias.
701 1269 759 1298 Cic.
774 1278 823 1305 pro
834 1268 932 1304 Quint.
948 1277 989 1296 11.
1023 1266 1052 1296 C.
1071 1267 1208 1303 Quintius
1230 1267 1282 1296 fuit
1300 1267 1327 1296 Ρ.

228 1309 338 1346 Quintii
349 1310 430 1345 hujus
447 1309 547 1342 frater,
570 1307 631 1336 sane
644 1314 798 1335 ceterarum
812 1316 901 1334 rerum
912 1304 1107 1342 paterfamilias
1123 1306 1148 1334 Sc
1163 1305 1287 1343 prudens
1303 1307 1329 1335 &t

226 1354 349 1377 attentus
359 1370 366 1382 ,
386 1357 442 1376 una
450 1348 478 1375 in
486 1357 513 1375 re
524 1345 607 1383 paulo
616 1346 707 1374 minus
716 1344 911 1373 conlideratus.

169 1385 219 1415 AT
228 1394 270 1415 Tiz
280 1395 300 1414 N
311 1395 330 1414 T
340 1395 354 1414 iz
365 1407 372 1420 ,
394 1385 460 1414 Adv.
482 1383 663 1420 [actamnis
675 1383 688 1417 ]
701 1390 731 1411 ut
742 1405 750 1416 ,
768 1383 877 1411 Attente
888 1381 994 1410 audire.
1034 1379 1093 1409 Cic.
1107 1389 1157 1418 pro
1171 1379 1272 1417 Domo,
1283 1390 1327 1418 32.

207 1422 271 1453 Ter.
283 1423 382 1452 Heaut.
398 1433 419 1451 1.
435 1432 456 1452 ι.
473 1432 512 1457 14.
536 1421 576 1450 Ita
587 1427 692 1449 attente
703 1419 816 1450 illorum
833 1419 956 1448 officium
970 1418 1096 1455 fungere.

206 1462 319 1490 Attente
332 1461 432 1498 legere.
458 1459 516 1489 Cic.
531 1468 555 1495 7.
575 1458 648 1488 Fam.
661 1468 706 1487 20.

205 1499 344 1528 Attentius
355 1508 442 1536 agere.
464 1498 520 1528 Cic.
535 1500 576 1525 16.
596 1498 647 1525 Att.
662 1507 685 1530 5-

205 1536 344 1566 Attentius
355 1537 484 1574 cogitare.
510 1534 568 1563 Cic.
581 1545 604 1569 ς,
619 1535 653 1563 de
667 1534 726 1563 Fin.

205 1574 388 1605 Attentissime
396 1574 502 1603 audire.
542 1572 599 1601 Cic.
616 1582 637 1601 r.
650 1572 685 1601 de
698 1570 775 1600 Orat.
787 1579 851 1607 259·
873 1570 953 1600 Idem
967 1579 1010 1606 15.
1027 1569 1102 1599 Fam.
1115 1578 1143 1605 4.
1174 1567 1234 1599 Scis
1249 1569 1327 1600 enim

224 1622 307 1648 quam
319 1619 423 1641 attente
436 1620 464 1640 te
478 1611 574 1640 audire
583 1609 693 1639 soleam.

204 1649 334 1688 Spectare
345 1650 485 1679 attentius.
506 1649 574 1678 Hor.
587 1658 612 1677 2.
625 1647 708 1686 Epist.
724 1656 747 1676 1.
764 1656 824 1684 ¹97-

166 1687 188 1718 A
197 1696 217 1716 T
227 1698 246 1716 T
255 1698 269 1716 ιι
278 1698 297 1717 N
308 1697 327 1716 T
337 1699 345 1716 ι
357 1698 373 1716 o
383 1709 391 1723 ,
413 1688 481 1717 onis.
501 1687 518 1715 f.
542 1684 672 1722 [avesa-29&
681 1707 689 1720 ,
706 1683 846 1720 Φιληυὶοι]
866 1684 924 1714 Cic.
939 1692 965 1712 2.
982 1683 1017 1712 de
1028 1681 1104 1712 Orat.
1116 1692 1126 1711 1
1135 1691 1177 1717 ςο.
1207 1681 1327 1720 Reliqua

204 1724 305 1755 suntin
320 1736 384 1755 cura
396 1748 404 1760 ‚
425 1725 580 1754 attentione
589 1723 693 1757 animi,
714 1723 885 1760 cogitatione
898 1744 906 1758 ‚
927 1721 1067 1758 vigilantia
1079 1743 1086 1756 ‚
1099 1722 1150 1750 &tx

166 1764 188 1792 A
197 1773 216 1792 T
226 1773 246 1792 T
257 1773 269 1792 iz
279 1773 323 1792 NT
332 1774 349 1792 o
361 1786 368 1799 ‚
390 1761 565 1799 [medopam]
581 1765 635 1791 are.
653 1771 688 1790 ex
703 1762 759 1796 Ad,
778 1762 803 1791 &
814 1760 925 1796 Tento;
947 1760 1025 1789 ldeni
1038 1759 1112 1795 quod
1121 1758 1250 1787 Tentare.
1272 1758 1327 1787 Co.

202 1800 298 1830 lumel.
313 1801 360 1829 lib.
374 1811 397 1830 1.
411 1811 471 1838 cap.
482 1811 506 1835 4.
527 1799 615 1829 Simul
629 1799 794 1829 attentando
804 1798 934 1837 possessor
946 1797 1031 1827 efficit
1046 1803 1076 1827 ut
1088 1797 1116 1825 in
1126 1796 1156 1825 id
1171 1797 1304 1825 formetur
1314 1818 1323 1832 ‚

202 1839 278 1876 quod
288 1839 408 1868 maxime
424 1839 546 1877 praestare
561 1837 652 1875 possit.

201 1878 361 1908 Attentare:
384 1876 624 1910 Manuinvadere,
643 1875 687 1904 vel
696 1874 805 1904 lnlidiis
816 1874 927 1903 adoriri.
968 1872 1026 1902 Cic.
1041 1873 1075 1903 de
1086 1871 1179 1910 Arusp.
1190 1871 1321 1910 Resp.16.

221 1915 318 1951 Quum
335 1925 366 1944 ea
374 1920 544 1944 attententur
562 1914 621 1949 ejus
632 1913 726 1950 lingua
736 1935 745 1947 ‚
769 1913 848 1948 cujus
861 1920 942 1941 antea
953 1921 1037 1940 manu
1050 1910 1142 1941 eversa
1157 1919 1204 1939 vos
1216 1911 1284 1939 mihi
1296 1912 1323 1940 Sc

220 1952 313 1982 liberis
326 1953 395 1982 meis
407 1952 535 1981 manibus
546 1952 636 1981 vestris
651 1951 815 1980 reddidistis.
858 1949 997 1980 Columel.
1017 1948 1063 1978 lib.
1078 1959 1103 1985 7.
1117 1958 1176 1985 cap.
1195 1957 1236 1978 12.
1268 1948 1323 1977 Pri-

220 1999 298 2020 mum
309 1993 346 2019 elt
361 1991 436 2020 enim
449 2000 506 2018 non
517 1990 662 2019 attentari:
683 1989 836 2018 secundum
854 1989 892 2018 est
907 1987 1061 2018 lacessitum
1074 1987 1181 2016 fortiter
1193 1987 1219 2016 Sc
1234 1985 1324 2024 perse-

219 2036 345 2057 veranter
355 2028 499 2057 vindicari.
885 2052 892 2057 .

201 2067 348 2096 Annonam
368 2072 503 2095 attentare
514 2067 540 2096 Sc
553 2075 654 2094 vexare
669 2064 713 2094 vel
732 2063 892 2093 Dardanarii
906 2063 1028 2092 maxime
1041 2061 1139 2092 solent.
1179 2061 1243 2100 Ulp.
1255 2062 1285 2090 in
1299 2060 1317 2091 l.

219 2104 375 2134 Annonam.
400 2104 430 2133 D.
448 2104 483 2133 de
497 2103 635 2132 extraord.
647 2102 785 2132 criminib.

199 2142 333 2170 Attentari
344 2141 479 2171 sententia
491 2141 591 2170 dicitur
603 2163 610 2175 ,
632 2141 728 2177 Quum
747 2138 1024 2178 pei-appellationem
1042 2148 1075 2167 an
1089 2138 1157 2173 justa
1172 2137 1254 2166 suerit
1269 2136 1321 2166 dis-

218 2180 331 2209 cutitur.
371 2179 433 2216 Ulp.
453 2179 515 2208 inl.
538 2178 692 2216 Eleganter.
723 2179 743 2216 §.
758 2177 840 2207 Tunc
860 2178 944 2206 enim.
966 2177 998 2206 D.
1022 2176 1056 2205 de
1077 2176 1205 2205 Condi&
1222 2175 1316 2205 indeb.

218 2217 301 2248 Tunc
309 2218 384 2246 enim
395 2217 531 2254 rescriptis
546 2217 638 2246 locum
652 2216 705 2245 esse
723 2216 895 2245 credendum
914 2215 952 2243 est
962 2237 970 2249 ‚
991 2224 1076 2251 quum
1089 2214 1123 2243 de
1134 2213 1319 2243 sententiain-

219 2255 344 2284 dubitata
359 2277 367 2289 ,
390 2265 450 2291 quae
463 2254 540 2283 nullo
552 2255 675 2284 remedio
688 2254 817 2282 attentari
832 2253 919 2290 potest
931 2275 938 2287 ,
960 2251 1122 2289 transigitur.

198 2292 406 2323 Testamentum
417 2299 567 2327 attentare,
590 2293 608 2322 i.
625 2302 648 2321 e.
673 2292 772 2321 Conari
784 2290 942 2320 convellere
953 2313 961 2325 ‚
979 2290 1160 2325 labefactare,
1177 2298 1315 2327 rumpere.

216 2330 275 2360 Val.
298 2331 372 2360 Max.
391 2330 439 2359 lib.
451 2339 475 2367 7.
494 2340 553 2368 cap.
568 2336 593 2364 8.
623 2330 670 2359 ubi
684 2331 720 2359 de
732 2328 870 2363 Metello,
892 2329 953 2358 Nec
970 2328 1025 2357 hoc
1045 2329 1240 2357 testamentum
1258 2328 1317 2363 ejus

216 2368 357 2406 quisquam
368 2369 520 2398 attentavit.

197 2406 310 2436 Urbem.
351 2406 408 2435 Cic.
423 2416 473 2443 pro
484 2406 560 2435 Sext.
574 2416 599 2441 9.
620 2405 744 2443 Capuam
755 2410 869 2443 propter
879 2403 1010 2441 plurimas
1019 2402 1084 2432 belli
1092 2403 1317 2441 importunitates

215 2444 250 2474 ab
264 2444 312 2473 illa
320 2444 404 2482 impia
414 2447 439 2474 δι
449 2443 578 2473 scelerata
588 2454 671 2473 manu
682 2443 808 2472 attentari
820 2441 1012 2479 suspicabatur.

195 2482 293 2513 Fidem
303 2482 429 2518 alicujus.
469 2481 527 2511 Cic.
540 2483 567 2511 in
577 2482 654 2511 Orat.
667 2487 731 2512 208.
754 2481 824 2509 Nam
836 2490 921 2514 quum
933 2480 954 2508 is
965 2479 1003 2508 est
1014 2479 1123 2508 auditor
1141 2478 1187 2515 qui
1201 2488 1257 2507 non
1271 2488 1317 2507 ve-

214 2527 306 2549 reatur
316 2530 350 2548 ne
361 2519 517 2557 compositae
529 2520 661 2549 orationis
672 2519 776 2548 insidiis
788 2518 831 2546 sua
843 2518 911 2547 fides
930 2524 1079 2546 attentetur
1091 2539 1099 2550 ,
1119 2517 1231 2554 gratiam
1249 2527 1317 2554 quo-

213 2568 266 2594 que
279 2557 360 2587 habet
370 2558 472 2587 oratori
481 2557 617 2595 voluptati
630 2558 736 2587 aurium
751 2556 889 2585 servienti.

194 2595 335 2626 Inimicos.
377 2595 434 2625 Cic.
448 2607 473 2631 4.
487 2595 560 2624 Verr.
577 2604 636 2632 135.
659 2595 796 2625 Omnium
806 2594 936 2623 inimicos
947 2599 1052 2622 attente
1066 2591 1242 2630 cognoscere,
1259 2591 1317 2621 col-

213 2632 306 2670 loqui,
323 2639 465 2662 attentare.

194 2670 319 2709 Tempus
327 2670 495 2708 prosperum.
515 2670 606 2700 Tacit.
623 2680 664 2700 12.
682 2671 750 2699 Ann.
765 2673 809 2703 68.

193 2707 271 2738 Bello
279 2708 398 2745 aliquem
407 2730 414 2743 ,
436 2708 503 2738 Belli
514 2708 652 2737 fortunam
665 2708 693 2737 in
705 2707 798 2745 aliquo
810 2706 938 2744 experiri.
959 2705 1026 2735 Stat.
1038 2716 1066 2743 4.
1082 2705 1174 2735 Theb.
1185 2714 1230 2743 71.

193 2746 332 2779 Lacrvmis
340 2746 470 2784 aliquem.
492 2745 581 2775 Valer.
594 2757 620 2781 4.
638 2747 736 2783 Argon.
751 2755 761 2774 1
771 2755 793 2775 1.

193 2784 322 2814 Precibus
331 2783 459 2821 aliquem.
482 2783 570 2812 Valer.
585 2795 611 2818 4.
626 2784 724 2820 Argon.
738 2793 780 2812 11.

156 2823 204 2851 AT
213 2831 232 2850 T
242 2832 255 2851 ιι
266 2831 408 2851 ΝτΛτιο
418 2844 426 2857 ,
447 2822 515 2851 finis.
538 2821 557 2850 s.
579 2821 736 2859 Syinmach.
748 2826 773 2850 6.
791 2818 872 2857 Epist.
885 2829 910 2853 9.

154 2861 177 2890 A
185 2869 205 2889 T
213 2869 233 2889 T
243 2870 257 2889 a
267 2869 288 2888 N
299 2870 317 2888 u
327 2869 345 2888 o
354 2881 362 2894 ,
383 2855 536 2896 [λεπἹόνω]
558 2861 611 2888 ⁴Ere.
634 2869 669 2888 ex
681 2859 720 2888 Ad
729 2859 755 2888 δι
766 2858 868 2887 Tenuo
879 2856 1063 2894 compositum
1071 2878 1079 2891 ,
1101 2856 1310 2891 Comminuere,

191 2898 355 2933 detrahere,
383 2897 483 2927 exilius
503 2897 601 2926 facere.
650 2896 719 2926 Plin.
735 2896 783 2925 lib.
799 2905 840 2924 ιι.
859 2904 918 2931 cap.
935 2904 976 2931 37.
1011 2894 1116 2931 Lingua
1135 2894 1262 2923 leonibus
1277 2903 1310 2923 ac

190 2936 299 2973 pardis,
321 2935 507 2971 omnibusque
526 2935 633 2972 generis
654 2935 731 2969 ejus,
752 2934 836 2963 etiam
850 2932 966 2967 felibus,
987 2932 1139 2962 imbricatae
1158 2932 1310 2971 asperitatis

190 2983 223 3002 ac
234 2973 306 3002 limae
317 2972 411 3002 similis
422 2995 430 3008 ‚
451 2971 651 3009 attenuansque
661 2972 812 3002 lambendo
820 2978 914 3000 cutem
922 2970 1052 3000 hominis.

190 3011 339 3041 Attenuari.
362 3010 468 3040 Lucret.
479 3010 526 3039 lib.
539 3021 559 3039 ι.
576 3015 636 3046 318.

305 3054 412 3078 —tum
424 3054 516 3086 portas
528 3055 641 3086 propter
651 3047 740 3077 ahena

268 3086 352 3124 Signa
364 3107 373 3121 ,
393 3096 491 3116 manus
503 3086 612 3115 dextras
621 3085 770 3115 ostendunt
778 3084 915 3114 attenuari

268 3125 347 3162 Saepe
362 3123 527 3154 salutantum
545 3125 628 3153 tactu.

189 3162 366 3192 Attenuatum
386 3162 491 3191 bellum
510 3169 591 3198 atque
602 3161 792 3191 imminutum.
815 3157 873 3187 Cio.
893 3168 945 3195 pro
962 3158 1025 3196 lego
1041 3157 1140 3188 Manil.
1158 3167 1202 3195 30.

188 3201 340 3229 Attenuatae
352 3199 451 3238 praeliis
463 3199 594 3237 legiones.
623 3199 686 3228 Caes.
701 3207 725 3235 3.
742 3196 809 3227 Bell.
823 3196 904 3225 Civil.
918 3202 962 3232 89.

187 3238 365 3267 Attenuatum
376 3238 490 3267 dicendi
501 3247 597 3275 genus.
617 3237 675 3266 Cic.
689 3245 713 3273 3.
730 3236 766 3264 de
778 3234 856 3264 Orat.
872 3242 914 3277 ³!-

188 3274 271 3304 Curas
285 3281 427 3305 attenuare
466 3276 484 3304 i.
496 3285 518 3304 e.
542 3275 677 3305 Minuere.
702 3273 785 3304 Ovid.
803 3282 831 3308 4.
849 3271 930 3301 Trist.
946 3274 971 3300 6.
991 3276 1033 3305 18.

187 3311 317 3350 Corpora.
339 3313 424 3343 Ovid.
437 3297 463 3342 l.
480 3313 514 3342 de
523 3314 587 3343 Arte
601 3315 657 3342 Am.
671 3321 733 3349 735.

267 3352 560 3387 Attenuantjuvenum
574 3350 691 3389 vigilatae
706 3357 823 3387 corpora
834 3348 940 3376 nostes.

185 3385 295 3416 Luctus.
318 3388 401 3417 Ovid.
420 3389 454 3418 ad
470 3389 526 3418 Liv.
541 3399 602 3425 342.

184 3424 309 3491 lllll3anuls.h
323 3425 429 3456 Tibull.
454 3437 477 3456 1.
491 3438 518 3462 4.
533 3432 578 3462 48.
618 3424 771 3456 Nonnullae
793 3423 934 3453 editiones
954 3420 1059 3449 habent
1078 3419 1228 3450 Atteruisse.
1268 3420 1302 3450 V.

226 3472 290 3491 roei
312 3485 318 3492 .

182 3497 260 3536 Opes
272 3522 279 3534 ‚
303 3500 456 3530 Absumere.
485 3500 570 3530 Ovid.
582 3501 616 3530 ad
627 3501 696 3530 Met.
708 3506 772 3536 844.
783 3499 818 3528 de
830 3496 1028 3528 Erilichthone.

180 3536 313 3566 Umbram
324 3538 438 3567 arboris.
466 3538 566 3568 Catull.
583 3543 627 3568 62.
640 3549 685 3574 41.
703 3548 754 3576 pro
775 3535 931 3566 Frondibus
952 3543 1012 3570 quae
1030 3531 1154 3561 umbram
1169 3532 1302 3569 praebent.

180 3573 275 3640 Vsistus
286 3576 434 3618 Attenuans
446 3586 461 3605 a
474 3577 592 3606 medicis
607 3583 720 3606 vocatur
730 3598 738 3612 ‚
760 3575 826 3612 Quo
839 3582 940 3611 corpus
952 3571 1073 3600 nostrum
1084 3569 1255 3608 gracilescit,
1275 3572 1302 3600 Sc

220 3619 230 3641 t
244 3619 363 3642 tenuius.

143 3650 222 3717 Δῖγὶι
231 3659 245 3677 ιι
254 3659 274 3678 N
284 3660 301 3678 u
311 3654 326 3678 Τι
336 3661 355 3678 T
365 3661 381 3680 u
393 3661 405 3680 s
416 3673 425 3687 ,
452 3651 548 3681 Partic.
582 3652 743 3688 [am‘rurffiis
755 3650 771 3686 ]
799 3656 848 3686 ut,
869 3650 1032 3678 Attenuatus
1049 3654 1151 3674 amore.
1174 3643 1256 3673 Ovid.
1275 3654 1300 3681 3.

216 3694 251 3716 et.
264 3692 327 3721 489.

142 3726 192 3755 AT
201 3735 220 3753 T
231 3735 245 3753 iz
256 3734 274 3753 N
287 3734 305 3752 υ
318 3735 335 3753 Α
346 3734 366 3753 T
376 3734 390 3753 s
403 3746 412 3758 .,
442 3727 509 3755 Adv.
538 3728 551 3762 [
563 3725 777 3761 λελεπἼυο-μίυως]
799 3731 831 3754 ut
843 3746 852 3758 .,
874 3726 1020 3753 Attenuate
1039 3719 1181 3758 presseque
1199 3719 1301 3748 dicere.

179 3762 237 3791 Cic.
251 3762 286 3790 de
297 3761 367 3791 Clar.
381 3763 456 3791 Orat.
475 3774 536 3799 30¹·
559 3764 707 3793 Oratorurn
726 3763 862 3792 bonorum
874 3764 931 3791 duo
942 3760 1005 3789 sunt
1016 3768 1116 3796 genera
1126 3779 1134 3793 ‚
1156 3767 1242 3786 unum
1261 3764 1300 3785 at-

179 3806 292 3829 tenuate
303 3821 310 3833 ⁷
331 3799 473 3836 press'eque
484 3823 491 3834 ,
513 3801 628 3830 alterurn
639 3801 745 3830 sublate
756 3824 763 3835 .
785 3801 932 3838 ampleque
943 3797 1108 3826 dicentium.
1147 3795 1201 3825 Hic
1211 3804 1298 3832 oppo-

177 3838 232 3867 suit
242 3837 372 3866 adverbio
385 3844 525 3866 rittwuite
534 3860 542 3871 ,
563 3839 637 3867 aliud
649 3839 810 3867 adverbium
825 3837 929 3875 Ample.

140 3876 189 3905 AT
205 3886 217 3903 r
229 3886 241 3903 r.
251 3884 269 3903 N
280 3884 296 3903 u
307 3886 322 3902 Α
335 3884 354 3902 ·r
364 3886 370 3902 ι
382 3884 399 3902 0
412 3896 420 3907 ‚
442 3877 511 3903 oviis.
534 3877 551 3904 s.
575 3876 741 3911 [›s—.wa.;]
764 3875 820 3912 lpse
830 3873 993 3904 attenuandi
1003 3873 1088 3900 actus.

177 3913 337 3943 Attenuatio
354 3911 523 3949 suspicionis.
567 3914 645 3941 Autli.
667 3914 701 3941 ad
719 3913 840 3941 Herenn.
854 3913 900 3941 lib,
916 3923 939 3941 2.
958 3921 980 3945 3.
1004 3906 1162 3938 Defensoris
1176 3907 1296 3936 narratio

193 3950 348 4018 {Upplissffl
360 3953 385 3979 ἅ
396 3949 549 3979 dilucidam
560 3951 765 3989 expolitionem
784 3951 869 3980 debet
887 3950 987 3979 habere
999 3969 1007 3982 ,
1028 3956 1093 3976 cum
1104 3946 1296 3975 attenuatione

206 3999 222 4018 u
235 3997 363 4026 picioms.

1826 131 1854 165 A
1951 130 1981 165 T
2078 131 2108 166 T

1383 209 1403 239 A
1413 217 1432 238 T
1441 218 1461 237 ’r
1470 218 1484 237 s
1493 219 1508 238 r.
1520 218 1538 238 A
1548 219 1592 238 Nn
1602 219 1642 239 us
1653 230 1660 242 ,
1683 208 1743 245 Adj.
1762 215 1793 239 ut
1803 234 1810 246 ‚
1828 211 1956 241 Fulmina
1965 217 2103 241 atrei-anea
2115 235 2122 247 ,
2141 213 2211 249 Quae
2223 213 2252 242 in
2265 211 2359 242 incius
2383 212 2461 243 fiunt.
2481 214 2543 246 Seu.

1424 256 1449 275 2.
1464 247 1564 290 Quaest.
1578 247 1641 290 Nat.
1654 258 1697 282 49.
1721 249 1775 276 Sed
1785 250 1892 278 variant
1903 250 1985 278 codd.
2014 250 2041 278 V.
2061 251 2167 279 (Truteri
2182 259 2240 280 not.
2599 273 2601 283 r

1384 285 1433 314 AT
1443 294 1462 328 [1
1472 295 1487 314 ε
1497 295 1536 313 ao
1550 307 1557 318 .
1579 288 1642 313 ῑιῑνι
1653 307 1670 328 ‚¹
1681 288 1779 314 tritum
1790 308 1797 318 ,
1823 286 2025 322 [παρυφὶῗω]
2048 290 2101 317 διε.
2125 289 2163 318 est
2173 288 2242 317 Rern
2258 288 2376 324 aliquam
2398 298 2462 318 curn
2474 288 2523 319 alia
2534 310 2544 326 ,
2598 290 2602 320 l

1423 332 1451 365 vr¹
1470 323 1589 365 quadam
1607 331 1793 359 coniungere,
1815 326 1840 354 <St
1860 325 2069 362 quodammodo
2092 327 2254 354 confricare.
2284 333 2334 360 ut,
2359 329 2477 355 Atterere
2493 326 2546 364 gla-
2598 340 2599 366 [

1425 360 1501 388 dium
1515 368 1586 393 coti,
1609 360 1684 401 quod
1696 361 1803 390 barbari
1817 363 1943 392 Acutiare
1958 363 2063 392 dicunt.
2105 364 2175 393 Plin.
2190 363 2238 392 lib.
2251 374 2276 399 9.
2293 373 2354 401 cap.
2371 374 2414 400 5¹-
2437 365 2547 402 Anguil-

1424 397 1458 426 lae
1470 405 1590 426 atterunt
1602 397 1628 425 se
1642 398 1772 434 {copulis

1426 436 1524 464 Attrita
1542 437 1612 464 inter
1628 434 1652 463 se
1666 435 1746 472 ligna.
1772 436 1837 466 Plin.
1856 436 1904 466 lib.
1919 447 1944 466 2.
1965 448 2024 475 cap.
2045 447 2106 475 ¹07·

1425 473 1517 502 Asinus
1528 480 1647 502 atterens
1661 473 1686 502 se
1699 474 1819 511 spinetis.
1842 475 1911 504 Plin.
1924 475 1971 504 lib.
1988 486 2028 504 10.
2040 485 2100 513 cap.
2112 485 2157 512 74.
2180 475 2197 505 i.
2208 485 2232 505 e.
2257 475 2398 506 Affricans.

1425 511 1548 554 Atterere
1559 533 1566 545 ,
1596 511 1811 548 (comminuere,
1836 513 1961 551 frangere
1972 535 1979 548 ‚
2001 513 2172 544 consumere.
2194 512 2329 544 Columel.
2345 514 2393 544 lib.
2407 524 2431 551 5.
2444 523 2504 553 cap.
2518 518 2542 546 6.

1446 548 1516 586 Virg.
1531 560 1557 584 4.
1574 548 1672 585 Georg.
1689 559 1730 578 12.

1618 601 1656 606 —
1666 593 1713 615 aut
1722 596 1814 616 errans
1826 587 1926 616 bucula
1938 597 2038 625 campo

1458 660 1462 665 -
1542 622 1673 652 Decutiat
1684 634 1788 657 rorem,
1810 625 1986 663 &surgentes
1997 632 2095 655 atterat
2105 625 2214 656 herbas.
2293 626 2361 656 Cels.
2380 627 2410 656 in
2427 636 2541 665 prooem.
2592 635 2593 659 l

1445 660 1493 689 lib.
1510 669 1533 689 1.
1575 660 1608 689 Et
1619 661 1689 691 duce
1700 662 1746 691 alii
1756 662 1908 692 Erasistrato
1920 664 1997 692 atteri
2010 664 2103 693 cibum
2117 665 2145 692 in
2157 671 2252 694 ventre
2264 666 2446 694 contendunt.
2592 676 2593 681 ¹

1425 698 1691 763 Attlerercbalveum,
1713 710 1764 738 pro
1777 700 1896 737 Terere,
1919 701 1964 730 seu
1982 701 2102 731 Calcare.
2126 701 2194 731 Plin.
2212 702 2260 732 lib.
2279 709 2304 737 8.
2324 713 2383 741 cap.
2396 714 2420 738 ς.
2443 703 2478 733 de
2491 703 2545 734 ele-

1472 744 1539 764 iamtl
1565 746 1603 765 US.

1424 746 1555 839 liiibseslles
1574 774 1668 803 atterit
1682 773 1756 804 hasta
1776 785 1883 805 manus.

1444 821 1483 839 rui
1509 821 1532 839 e.

1423 849 1634 892 Atterereuaures
1645 849 1742 883 alicui,
1764 860 1815 888 per
1825 850 2044 881 translationem.
2085 852 2171 882 Plaut.
2183 851 2252 883 Pers.
2265 864 2292 889 4.
2304 863 2383 889 9..11.
2407 854 2542 892 Cuiquam
2588 858 2589 878 l

1424 916 1431 922 ,
1444 886 1553 915 mortali
1567 886 1654 915 libero
1667 897 1744 916 aures
1754 896 1867 917 atteram
1880 890 1893 917 ‘3

1423 925 1545 954 Atterere
1558 925 1625 953 item
1638 935 1688 962 per
1702 926 1928 956 translationem:
1950 933 1981 956 ut
1993 949 2001 963 ,
2017 927 2112 958 Attrita
2121 927 2201 958 bellis
2213 928 2363 967 AEthiopia.
2386 928 2540 962 Plin.lib.6.
2586 929 2588 966 i

1443 972 1504 1000 cap.
1519 972 1560 997 29-
2586 984 2587 994 ι

1423 1001 1544 1029 Atterere
1552 1001 1653 1029 famam
1664 1000 1790 1037 alicujus.
1830 1002 1935 1031 Sallust.
1948 1003 1976 1031 in
1988 1002 2068 1032 Catil.
2084 1007 2126 1033 16.
2148 1003 2209 1033 Post
2221 1004 2267 1034 ubi
2280 1013 2378 1034 eorum
2390 1004 2490 1034 famam
2505 1011 2543 1036 at.
2585 1007 2604 1038 ‘2

1443 1048 1497 1081 que
1508 1039 1645 1075 pudorem
1656 1039 1811 1073 attriverat,
1832 1041 1995 1074 majoraalia
2005 1041 2166 1079 imperabat.
2197 1043 2216 1073 i.
2229 1052 2253 1072 e.
2275 1043 2464 1080 Postquamad
2475 1043 2540 1074 insa.
2584 1034 2604 1078 72

1445 1086 1527 1104 mium
1542 1076 1780 1112 &impudicitiam
1792 1088 1840 1107 eos
1850 1079 1985 1115 adegerat.
2084 1107 2087 1109 ,
2584 1081 2585 1085 ’

1424 1115 1590 1143 Atti-iverant
1603 1113 1679 1142 alteri
1690 1113 1798 1145 alteros.
1821 1115 1925 1145 Sallust.
1939 1116 2004 1145 Bell.
2015 1116 2144 1155 Jugurth.
2157 1123 2202 1152 81.

1424 1151 1539 1181 Hostem
1549 1159 1673 1194 atterere.
1694 1152 1765 1182 Flor.
1780 1163 1802 1188 3.
1817 1163 1860 1183 22.
1872 1154 2002 1189 &Justim
2014 1165 2059 1190 41.
2073 1159 2118 1191 64.

1425 1190 1570 1219 Atteruisse
1578 1190 1704 1227 poetice,
1722 1201 1772 1228 pro
1783 1191 1926 1220 Attriviffe.
1948 1192 2054 1222 Tibull.
2070 1203 2093 1223 1.
2103 1203 2129 1229 4.
2143 1203 2188 1229 42.

1506 1228 1557 1256 Aut
1566 1228 1642 1265 operi
1654 1227 1770 1258 insuetas
1783 1229 1921 1259 atteruifse
1931 1240 2037 1259 manus.
2120 1230 2155 1260 al.
2180 1229 2336 1261 Attenuass‘e
2351 1241 2376 1268 q.
2387 1230 2420 1261 V.

1386 1265 1408 1295 A
1418 1275 1437 1294 T
1446 1268 1512 1294 TRI
1526 1273 1537 1293 r
1547 1276 1563 1294 u
1574 1275 1601 1300 s,
1626 1266 1720 1295 Partic.
1743 1264 1978 1303 [mede-emmau]
2001 1268 2070 1306 virg.
2091 1272 2116 1298 6.
2131 1268 2190 1298 Ecl.
2204 1279 2247 1307 17.

1486 1340 1491 1346 ι
1503 1302 1537 1332 Et
1555 1305 1642 1339 gravis
1656 1305 1746 1333 attrita
1762 1305 1904 1342 pendebat
1914 1306 2060 1335 cantharus
2072 1305 2143 1336 ansa.

1423 1342 1529 1384 Attrrtae
1538 1351 1605 1378 opes
1616 1363 1625 1376 ,
1644 1341 1742 1379 saepius
1752 1344 1827 1380 apud
1843 1343 1952 1373 Livium
1965 1366 1972 1380 ,
1993 1354 2044 1382 pro
2056 1344 2223 1374 Imminutae.

1422 1378 1630 1408 Patrimonium.
1653 1379 1727 1409 Suet.
1741 1381 1804 1417 Aug.
1816 1391 1861 1416 40.

1421 1416 1501 1454 Toga
1513 1418 1614 1446 attrita.
1636 1417 1756 1447 Martial.
1768 1418 1816 1447 lib.
1835 1430 1873 1454 ¹4=
1890 1428 1952 1454 ης.

1423 1453 1525 1483 Vomer
1534 1456 1650 1484 attritus.
1674 1456 1745 1494 Virg.
1758 1466 1779 1485 1.
1796 1456 1895 1494 Georg.
1908 1461 1955 1492 46.

1422 1493 1555 1522 Atteritus
1565 1503 1615 1531 pro
1626 1493 1738 1523 Attritus
1751 1494 1781 1523 in
1799 1496 1898 1524 codice
1910 1495 2043 1524 Vaticano
2055 1494 2146 1524 Taciti
2157 1494 2265 1532 legitur.
2591 1500 2597 1521 ι’

1423 1530 1553 1568 Compar.
1577 1530 1634 1560 Cic.
1648 1535 1673 1560 6.
1692 1531 1766 1560 Verr.
1778 1543 1822 1568 94.
1845 1532 1971 1562 Herculis
1983 1532 2118 1570 templum
2128 1533 2165 1562 est
2175 1533 2249 1571 apud
2262 1532 2465 1570 Agrigentinos,
2479 1542 2536 1564 non

1440 1567 1524 1606 longe
1534 1579 1549 1597 a
1559 1569 1620 1597 foro
1630 1591 1638 1602 ,
1658 1569 1721 1599 sane
1732 1569 1854 1600 sanctum
1866 1571 1941 1608 apud
1951 1570 2012 1600 illos
2022 1572 2048 1600 &
2058 1570 2224 1607 religiosum.
2246 1570 2286 1600 Ibi
2299 1571 2336 1600 est
2346 1580 2380 1600 ex
2395 1581 2446 1600 aere
2461 1570 2536 1601 simu·
2583 1584 2601 1604 rr

1440 1605 1547 1649 lacrum
1564 1607 1646 1644 ipsius
1659 1607 1803 1641 Herculis,
1824 1618 1880 1646 quo
1895 1619 1952 1637 non
1970 1608 2050 1638 facile
2073 1609 2222 1645 quicquam
2243 1609 2361 1638 dixerim
2380 1618 2424 1638 me
2443 1609 2535 1639 vidiss‘e
2582 1608 2595 1641 ἃ

1439 1644 1598 1688 pulchrius:
1620 1645 1724 1674 tametsi
1738 1656 1794 1674 non
1808 1652 1865 1676 tam
1876 1646 1993 1675 multum
2006 1647 2034 1675 in
2050 1647 2104 1675 istis
2113 1646 2328 1683 rebusintelligo
2339 1668 2346 1681 ,
2369 1656 2450 1684 quam
2468 1647 2535 1678 mul·
2580 1648 2598 1686 ξι

1439 1688 1467 1711 ta
1479 1682 1551 1726 vrdi:
1575 1682 1657 1726 usque
1666 1693 1700 1712 eo
1710 1683 1823 1719 Judices
1835 1707 1843 1719 ,
1864 1691 1896 1714 ut
1906 1685 1989 1714 rictus
2001 1685 2059 1719 ejus
2074 1694 2105 1713 ac
2116 1691 2241 1714 mentum
2260 1683 2344 1722 paulo
2361 1685 2391 1713 fit
2401 1685 2533 1722 attritius‚
2574 1695 2600 1723 ψ.»

1439 1721 1553 1757 quodni
1564 1721 1693 1758 precibus
1704 1723 1729 1751 ὁὶ
1740 1722 1970 1759 gratulationibus
1979 1732 2037 1752 non
2047 1722 2136 1752 solum
2150 1723 2181 1752 id
2193 1723 2315 1752 venerari
2327 1745 2334 1759 ‚
2355 1723 2535 1754 verumetiam
2572 1712 2599 1856 a?

1926 775 2049 814 Propert.
2070 774 2118 806 lib.
2136 787 2162 813 4.
2177 786 2201 814 3.
2213 787 2257 814 24.
2290 777 2365 807 conf.
2387 778 2457 808 infra
2472 779 2543 810 Atte-
2560 756 2563 766 ¹

1438 1758 1467 1786 id
1481 1758 1595 1787 osculari
1605 1758 1702 1788 solent.
2576 1781 2578 1786 .
2594 1782 2604 1792 ψ.

1382 1795 1403 1825 Α
1412 1804 1431 1823 T
1440 1798 1505 1825 *rai
1517 1806 1531 1824 r
1542 1805 1579 1839 U?
1589 1818 1596 1830 ,
1619 1797 1657 1825 iis.
1682 1807 1717 1826 m.
1739 1793 1948 1833 [σαρρέτξιψις]
1969 1796 2038 1827 Plin.
2054 1797 2103 1827 lib.
2115 1808 2141 1834 9.
2160 1808 2221 1836 cap.
2232 1808 2279 1835 45.
2319 1797 2470 1829 Contastos
2484 1797 2534 1837 piss
2571 1793 2593 1830 'l'i

1418 1842 1465 1862 ces
1477 1855 1484 1868 ‚
1505 1839 1654 1877 attrituque
1663 1841 1747 1873 petrae
1754 1835 1907 1873 scalpentes
1917 1836 2053 1874 pruritum
2061 1857 2070 1872 ,
2090 1836 2207 1867 invadit.
2570 1835 2579 1878 ,ζ

1418 1871 1459 1901 Ex
1468 1877 1561 1901 attritu
1572 1872 1651 1901 faeta.
1674 1872 1742 1901 Plin.
1761 1872 1808 1902 lib.
1819 1882 1860 1910 33.
1877 1883 1938 1912 cap.
1949 1877 1976 1903 6.
2570 1876 2571 1879 ¹
2593 1873 2596 1893 ¹

1419 1909 1536 1938 Attritus
1545 1909 1682 1940 arborum.
1705 1910 1772 1940 Plin.
1785 1911 1832 1940 lib¹
1846 1917 1872 1945 8.
1885 1921 1946 1949 cap.
1961 1921 2006 1949 3²·
2572 1905 2576 1931 ³

1419 1947 1532 1976 Attritus
1540 1947 1801 1978 calceamentorum.
1822 1949 1891 1978 Plin.
1902 1949 1949 1978 lib.
1961 1955 2005 1983 ²8.
2017 1959 2078 1988 cap.
2091 1952 2133 1979 16.
2150 1951 2176 1979 ἃ
2189 1958 2232 1986 30.
2247 1959 2273 1984 9.

1417 1985 1498 2014 Sedis
1507 1985 1573 2014 vitia
1584 1987 1609 2015 δι
1619 1987 1726 2015 attritus
1733 1986 1878 2016 celerrime
1891 1987 1965 2017 sanat
1975 1988 2116 2026 plantago.
2138 1987 2206 2018 Plin.
2223 1987 2271 2016 lib.
2281 1989 2326 2016 26.
2347 1995 2407 2024 cap.
2419 1991 2446 2021 8.
2572 2000 2574 2017 ι

1378 2022 1400 2051 Α
1409 2032 1429 2051 Τ
1439 2032 1481 2051 TR
1493 2033 1502 2051 ι
1512 2033 1530 2051 ἰ·
1541 2034 1549 2051 ι
1561 2033 1577 2052 0
1589 2045 1597 2058 ‚
1618 2024 1689 2054 onis.
1710 2024 1730 2054 f.
1755 2024 1838 2055 Mart.
1853 2025 1974 2064 Capella.

1381 2062 1518 2095 A'r'rizs,
1541 2060 1569 2090 V.
1593 2071 1724 2106 AT'rrs3
2591 2088 2592 2093 ,

1376 2099 1398 2128 Α
1408 2108 1427 2127 ¹r
1436 2108 1455 2127 T
1464 2108 1477 2126 ιε
1487 2108 1499 2127 s
1510 2108 1528 2127 T
1537 2108 1553 2127 0
1565 2109 1578 2127 a
1589 2121 1597 2134 ‚
1618 2101 1633 2134 [
1644 2101 1822 2137 μριςπρομαφ]
1842 2101 1890 2130 ari.
1928 2101 1967 2130 est
1995 2101 2047 2137 (ut
2061 2102 2100 2131 ait
2116 2100 2262 2135 Perottus)
2296 2099 2325 2130 [n
2344 2100 2528 2130 testimonium
2559 2115 2581 2135 ·‚.-

1414 2136 1563 2166 adducere.
1604 2137 1661 2166 Cic.
1673 2147 1724 2175 pro
1735 2138 1833 2168 Milon.
1847 2142 1890 2174 69.
1912 2138 1937 2169 Is
1951 2139 1997 2176 qui
2014 2140 2051 2169 ita
2063 2146 2143 2169 natus
2153 2139 2212 2175 est,
2233 2138 2309 2169 &ita
2323 2137 2480 2174 consuevit,
2501 2143 2529 2167 ω

1413 2173 1517 2212 Magne
1529 2182 1623 2204 tamen
1632 2176 1809 2206 attestaretur.
1829 2177 1894 2206 Hor.
1911 2187 1932 2205 ι.
1943 2177 2029 2207 Serm.
2043 2188 2068 2213 9.
2079 2181 2126 2215 76.

1573 2227 1611 2234 —⁴
1622 2212 1683 2242 casu
1695 2215 1771 2243 venit
1785 2214 1883 2244 obvius
1899 2214 1939 2243 illi
2561 2215 2563 2251 l
2603 2233 2604 2239 ι

1493 2250 1682 2280 Adversarius:
1706 2253 1748 2286 &,
1769 2252 1834 2288 Quo
1850 2259 1879 2281 tu
1891 2252 2067 2289 turpissime?
2090 2262 2191 2290 magna
2566 2260 2568 2265 ‘

1493 2287 1636 2317 Exclamat
1646 2299 1730 2318 voce:
1754 2291 1779 2319 St
1791 2290 1857 2319 licet
1870 2291 2009 2319 attestari?
2030 2300 2082 2327 ego
2093 2301 2158 2319 vero
2169 2312 2176 2324 ,

1492 2325 1617 2363 Oppono
1625 2327 1775 2356 auriculam
1785 2350 1794 2361 ..
1811 2328 1882 2366 rapit
1893 2329 1922 2357 in
1931 2329 1973 2364 jus
1983 2351 1991 2363 ‚
2010 2329 2060 2358 διε.
2139 2328 2232 2365 Quem
2243 2327 2379 2357 adlocum
2391 2326 2485 2356 Acron.
2496 2327 2522 2356 ἀ
2559 2320 2585 2357 ''Ji“

1412 2362 1505 2392 Schol.
1519 2365 1665 2407 Cruquian.
1689 2365 1719 2393 V.
1742 2365 1856 2404 &supra
1879 2376 1898 2395 A
1910 2376 1929 2395 N
1940 2376 2057 2395 Tssro
2068 2375 2092 2394 P..
2132 2366 2217 2395 Plaut.
2238 2366 2305 2394 Pers.
2318 2377 2344 2401 4.
2357 2376 2382 2399 9.
2402 2375 2441 2393 ιι.
2463 2363 2524 2393 leno
2558 2374 2559 2388 i

1411 2401 1446 2429 ad
1467 2401 1640 2444 Satyrionem
1653 2403 1815 2440 parasitum,
1844 2404 1947 2433 Nonne
1963 2403 2115 2433 attestaris?
2142 2405 2167 2434 &
2189 2403 2318 2441 paralitus
2328 2425 2337 2439 ,
2357 2403 2455 2433 Tuane
2474 2411 2522 2440 ego
2558 2409 2559 2434 ἶ
2582 2405 2583 2408 ’

1411 2438 1490 2467 causa
1502 2440 1624 2469 carnifex
1633 2441 1763 2477 cuiquam
1775 2441 1884 2470 mortali
1893 2441 1981 2471 libero
1990 2451 2068 2471 aures
2079 2448 2193 2471 atteram
2201 2444 2214 2470 ἳ
2557 2455 2564 2475 ¹.

1410 2477 1534 2506 Attestari
1545 2499 1552 2511 ‚
1574 2488 1624 2521 pro
1634 2478 1750 2521 simplici
1763 2479 1866 2508 Testari
1876 2480 2020 2517 accipitur.
2059 2478 2125 2509 Plin.
2140 2479 2251 2518 inpraef.
2263 2479 2310 2508 lib.
2328 2488 2352 2508 1.
2385 2478 2448 2508 Hoc
2459 2482 2524 2507 atte-
2555 2481 2564 2532 Γ

1429 2514 1548 2544 stabatur
1559 2515 1602 2545 vel
1615 2526 1729 2545 inimico
1739 2517 1828 2553 judici
1837 2517 1863 2546 se
1873 2518 1982 2555 probari
1992 2516 2077 2554 posse.
2555 2531 2564 2546 ι·

1373 2551 1394 2581 A
1403 2561 1423 2580 T
1432 2562 1452 2580 T
1461 2562 1473 2580 ε
1483 2562 1494 2581 s
1504 2563 1522 2581 T
1531 2563 1550 2582 A
1558 2563 1577 2581 N
1587 2563 1598 2582 s
1614 2575 1621 2588 ,
1645 2554 1737 2597 Partic.
1760 2552 1992 2591 [μφρπςόμὶυῶυ]
2013 2555 2069 2592 Qui
2078 2555 2267 2584 testimonium
2279 2554 2379 2583 reddit.
2407 2553 2464 2583 Cic.
2474 2562 2522 2590 pto
2553 2554 2587 2607 [τῇ
2595 2570 2604 2589 t

1410 2589 1475 2628 Syll.
1489 2597 1533 2623 82.
1556 2592 1611 2620 Sed
1631 2602 1694 2627 quia
1704 2592 1767 2622 sunt
1776 2593 1903 2631 descripti
1914 2593 2078 2622 Consulares
2089 2615 2097 2628 ,
2119 2593 2154 2622 de
2171 2592 2214 2622 his
2225 2599 2333 2621 tantum
2347 2591 2416 2621 mihi
2432 2591 2523 2620 dicen·
2554 2602 2567 2619 α
2595 2608 2602 2627 Γ

1410 2628 1477 2671 dum
1486 2630 1579 2666 putavi
1591 2651 1598 2663 ,
1609 2630 1696 2672 ‚quod
1705 2630 1768 2659 satis
1780 2631 1846 2660 effer
1857 2631 2001 2660 attestante
2009 2631 2145 2660 memoria
2155 2630 2281 2660 omnium
2289 2652 2297 2666 ,
2318 2630 2462 2659 neminem
2470 2627 2521 2658 effe
2551 2633 2564 2669 lt
2594 2636 2604 2666 12

1410 2675 1445 2695 ex
1456 2666 1504 2695 illo
1516 2667 1627 2696 honoris
1638 2668 1722 2704 gradu
1734 2690 1742 2703 ‚
1765 2670 1879 2706 quinon
1890 2691 1897 2703 ,
1913 2670 1965 2698 &a
2552 2687 2553 2690 ¹
2594 2675 2602 2703 {³³

1408 2704 1558 2733 Attestante
1573 2706 1753 2735 Artemidoro.
1780 2706 1846 2735 Plin.
1858 2706 1906 2736 lib.
1918 2717 1943 2736 2.
1957 2716 2017 2743 cap.
2032 2711 2092 2740 108·
2551 2727 2553 2731 ›
2566 2697 2579 2731 ἵ)
2593 2699 2602 2736 »ἶ

1369 2741 1448 2771 ATT
1459 2752 1522 2785 πει
1534 2752 1645 2777 ΑΤιο,
1667 2744 1739 2772 onis.
1761 2743 1779 2774 f.
1801 2744 1927 2774 Macrob.
1944 2745 2075 2774 2.Somn.
2088 2743 2163 2782 Scip.
2175 2754 2201 2779 9.
2222 2741 2347 2772 Describi
2366 2742 2420 2771 hoc
2433 2729 2518 2771 nostra
2549 2706 2602 2796 idi}

1408 2779 1581 2809 attestatione
1591 2790 1649 2809 non
1659 2781 1766 2810 debuit.
2550 2788 2571 2811 ,Γ
2580 2791 2583 2814 l
2592 2791 2603 2818 ,j

1370 2817 1391 2846 A
1401 2827 1420 2845 T
1430 2827 1448 2845 ἰ·
1458 2827 1470 2845 s
1479 2827 1491 2846 s
1506 2828 1520 2846 r
1529 2822 1545 2846 Ᾰ
1557 2828 1575 2846 T
1585 2828 1601 2847 o
1612 2829 1626 2846 a
1636 2840 1644 2852 ,
1666 2819 1729 2848 oris.
1751 2829 1789 2848 m.
1811 2819 1986 2855 [immigwa]
2012 2819 2079 2848 Plin.
2091 2821 2116 2848 6.
2130 2818 2211 2856 Epist.
2223 2828 2264 2854 17.
2287 2818 2453 2855 Quanquam
2461 2815 2518 2854 quir
2547 2815 2583 2885 Ἣ

1408 2865 1464 2884 uno
1478 2862 1505 2884 te
1513 2857 1680 2885 reverentior
1695 2857 1776 2892 hujus
1785 2859 1877 2894 operis
1886 2879 1893 2891 ‚
1915 2858 1976 2894 quis
1988 2857 2135 2894 benignior
2144 2856 2282 2886 attestator
2291 2857 2305 2884 ‘?
2558 2868 2573 2890 j-

1369 2893 1390 2922 A
1401 2902 1420 2921 T
1429 2902 1448 2936 T
1460 2903 1522 2936 its-'r
1535 2897 1552 2922 A
1562 2904 1581 2922 T
1591 2904 1606 2922 u
1619 2903 1630 2923 s
1642 2916 1650 2929 ,
1690 2893 1784 2923 Partic.
1817 2891 2086 2930 [ιιεκυιεπξκμᾙῶα]
2121 2893 2295 2923 Testimonio
2315 2892 2517 2930 comprobatus.
2546 2920 2549 2932 7

1406 2930 1474 2960 Plin.
1488 2930 1534 2960 lib.
1552 2941 1591 2959 ιο.
1611 2942 1670 2969 cap.
1685 2941 1730 2968 43.
1759 2932 1903 2962 Reddatur
1914 2934 1939 2961 Sc
1961 2933 2051 2962 corvis
2066 2932 2111 2963 sua
2123 2934 2207 2969 gratia
2218 2954 2226 2968 ‚
2247 2931 2439 2969 indignatione
2454 2938 2516 2966 quo·
2546 2940 2548 2945 ’
2593 2959 2604 2971 Η

1404 2978 1457 3005 que
1469 2969 1533 3006 Pop.
1546 2969 1664 2998 Romani
1681 2970 1804 2999 attestata
1815 2993 1823 3005 ‚
1843 2979 1900 2999 non
1911 2970 1998 2999 solum
2009 2970 2187 2999 conscientia.
2564 2977 2604 3009 ‘¹53

2556 2994 2592 3118 ᾖ.

2600 3108 2604 3123 ἰ

2595 2837 2604 2856 ,τι

2590 2902 2604 2933 Η,

1403 3007 1531 3036 Attestata
1543 3007 1707 3036 dicebantur
1719 3007 1824 3045 fulgura
1836 3030 1844 3042 ‚
1865 3008 1934 3044 Quae
1945 3010 2043 3037 iterato
2053 3007 2156 3037 fiebant
2167 3030 2174 3039 ,
2195 3007 2328 3036 videlicet
2347 3004 2514 3043 significatio-

1422 3054 1486 3073 nem
1500 3045 1622 3082 priorum
1641 3046 1801 3075 attestantia.
1825 3046 1923 3075 Festus.
1967 3046 2064 3075 Senec.
2082 3046 2144 3075 Nat.
2162 3045 2262 3082 Quaest.
2279 3055 2303 3074 2.
2316 3054 2361 3079 49.
2393 3041 2515 3072 Fulmina

1422 3082 1545 3111 attestata
1555 3083 1617 3112 sunt
1626 3093 1685 3120 quae
1698 3083 1834 3120 prioribus
1843 3082 2027 3112 consentiunt.
2543 3103 2545 3110 ,

1364 3120 1538 3155 A'r'raxo,
1571 3120 1622 3155 ui,
1650 3127 1726 3155 tum,
1757 3120 1959 3156 [mmmmm]
1981 3123 2035 3150 ere.
2058 3121 2179 3154 Addere,
2210 3120 2370 3155 adjungere.
2403 3117 2459 3147 Cic.
2480 3114 2513 3144 de

1403 3157 1524 3187 Univers.
1543 3162 1585 3194 36.
1614 3158 1670 3187 Vos
1687 3165 1778 3188 autem
1794 3159 1829 3187 ad
1845 3158 1874 3186 id
1886 3159 1960 3195 quod
1978 3159 2030 3188 erit
2048 3157 2219 3192 immortale,
2249 3164 2356 3195 partem
2373 3155 2513 3185 attexitote
2540 3159 2544 3181 ι’
2559 3155 2604 3197 W}

1401 3194 1556 3225 mortalem.
1579 3196 1653 3225 conf.
1668 3196 1750 3225 Varro
1767 3205 1792 3225 2.
1809 3196 1843 3225 de
1854 3196 1884 3224 R.
1899 3196 1929 3225 R.
1949 3207 1972 3230 5.
2540 3194 2575 3231 ‚³3
2589 3194 2604 3228 2..

1363 3233 1518 3262 ATTicn
1530 3256 1538 3268 ‚
1560 3232 1667 3270 [Ἀτθὶς
1679 3256 1687 3269 ,
1714 3233 1828 3269 madai]
1848 3233 1937 3270 Regio
1957 3235 2029 3263 inter
2045 3233 2210 3263 Achaiam&
2222 3231 2436 3263 Macedoniani,
2456 3236 2511 3267 quae
2554 3228 2603 3275 ¹le

1401 3271 1501 3308 quibus
1509 3271 1670 3300 nominibus
1678 3272 1829 3308 antiquitus
1841 3272 1914 3301 dicta
1926 3271 2010 3301 fuerit
2024 3272 2094 3300 infra
2104 3281 2127 3300 v.
2142 3281 2161 3299 A
2171 3281 2190 3300 T
2199 3280 2219 3299 T
2229 3280 2248 3299 n
2259 3282 2267 3299 1
2278 3280 2289 3299 s
2300 3270 2416 3299 dicetur.
2434 3264 2510 3298 Unde
2584 3269 2604 3314 rim

1363 3308 1441 3338 A'r'r
1454 3311 1465 3336 ῖ
1476 3318 1519 3337 (.υ
1531 3319 1543 3338 s
1554 3331 1561 3343 ,
1585 3309 1642 3352 Adj.
1666 3307 1811 3352 [smqvtssf]
2571 3306 2604 3349 [[,4

1398 3345 1530 3383 ΛΓρεεῆιιε
1542 3347 1661 3381 Atticus,
1684 3356 1736 3375 i.e.
1760 3346 1964 3384 Osimpudens.
2007 3346 2039 3376 V.
2060 3345 2161 3376 Erasm.
2181 3344 2253 3375 Chil.
2556 3347 2559 3353 ’

1398 3383 1539 3413 Dialectus
1554 3385 1638 3414 ›lttica
1653 3384 1727 3422 apud
1738 3384 1887 3413 Grammat.
2537 3375 2539 3403 !
2581 3371 2604 3429 'ris

1397 3419 1580 3458 Eloquentia,
1603 3422 1619 3451 i.
1635 3432 1657 3451 e.
1682 3422 1803 3451 Summa.
1842 3422 1873 3451 V.
1897 3421 2024 3453 Burman.
2036 3422 2071 3452 ad
2081 3420 2200 3459 Quintil.
2211 3429 2330 3459 prooem.
2347 3418 2395 3449 lib.
2409 3420 2435 3448 6.

1398 3458 1550 3496 Elegantia.
1572 3459 1636 3489 Ter.
1652 3459 1719 3489 Eun.
1736 3470 1758 3495 ς.
1774 3465 1798 3492 8.
1811 3463 1855 3495 63.
2535 3479 2538 3499 5

1397 3496 1478 3525 Fides
1491 3519 1500 3531 ,
1522 3498 1538 3525 i.
1555 3507 1579 3526 c.
1602 3498 1722 3526 Sincera.
1746 3497 1881 3530 Velleius,
1898 3506 1922 3526 2.
1938 3506 1982 3531 2³-
2534 3508 2537 3526 ι
2580 3508 2585 3519 ·’

1397 3533 1495 3570 Lepos.
1517 3535 1630 3564 Hieron.
1642 3535 1677 3563 de
1687 3535 1794 3573 optimo
1811 3544 1872 3571 gen.
1886 3534 1987 3572 interp.
2534 3546 2535 3551 ¹
2579 3528 2584 3536 ’ἵ

1395 3571 1492 3606 Musa;
1513 3573 1550 3611 ita
1562 3573 1720 3602 nominatus
1728 3573 1766 3601 est
1777 3572 1941 3610 Xenophon
1953 3594 1961 3607 ,
1979 3572 2016 3601 ob
2026 3570 2222 3609 eloquentiam-

1394 3609 1487 3638 Stilus.
1509 3611 1565 3639 Cic.
1583 3611 1617 3638 de
1633 3610 1703 3640 Clar.
1718 3611 1795 3639 Orat.
1809 3613 1869 3647 167.

1395 3647 1548 3676 Subtilitas.
1575 3648 1652 3676 ldem
1673 3652 1716 3683 67.
2532 3655 2534 3665 *
2585 3674 2588 3679 .

1394 3684 1500 3713 Atticus
1514 3685 1565 3714 suit
1578 3686 1739 3722 Cognomen
1757 3684 1814 3714 Titi
1832 3684 1996 3721 Pomponii,
2017 3683 2093 3722 quod
2115 3682 2202 3712 Attice
2221 3681 2328 3719 optime
2340 3679 2499 3716 loqueretur,
2532 3685 2533 3689 ’
2552 3678 2567 3704 'ff
2580 3684 2595 3719 ζ’,

1414 3722 1509 3760 Nepos
1522 3745 1529 3755 ‚
1552 3735 1577 3758 4.
1599 3734 1620 3751 ι.
1633 3723 1660 3751 in
1673 3724 1720 3752 vit.
1749 3723 1794 3751 Sic
1803 3722 1896 3751 Graece
1908 3722 2082 3759 loquebatur,
2094 3726 2124 3751 ut
2134 3720 2246 3750 Athenis
2259 3725 2338 3747 natus
2352 3718 2499 3747 videretur:
2531 3720 2533 3727 ’
2558 3725 2567 3745 ι,
2580 3710 2602 3756 Ψ

1413 3759 1457 3788 vel
1473 3761 1547 3796 quod
1560 3761 1672 3790 Athenis
1683 3761 1786 3789 diutius
1796 3768 1981 3789 commoratus
1994 3759 2053 3789 fuit.
2164 3774 2167 3779 ι
2467 3788 2472 3794 ,
2530 3763 2531 3769 ’
2563 3753 2602 3801 ,ff

1355 3796 1478 3825 ATTic
1491 3807 1522 3831 n,
1545 3798 1609 3827 Adv.
1633 3797 1786 3834 [Ἂπᾞηῶε]
1808 3804 1854 3830 ut,
1879 3798 1964 3827 Attice
1984 3798 2078 3834 loqui,
2098 3796 2125 3824 h.
2141 3805 2165 3824 e.
2188 3793 2292 3830 Lingua
2311 3793 2404 3822 Attica.
2430 3788 2497 3834 'Cle-
2529 3774 2559 3816 i
2578 3789 2599 3841 [Q

1393 3834 1429 3861 de
1441 3834 1510 3862 Clar.
1523 3835 1600 3864 Orat.
1615 3845 1678 3869 290.
1701 3836 1771 3867 Nam
1788 3834 1866 3871 siquis
1878 3845 1925 3863 eos
1943 3836 1989 3872 qui
2006 3845 2058 3863 nec
2077 3834 2172 3870 inepte
2189 3833 2303 3864 dicunt,
2325 3840 2377 3859 nec
2391 3825 2498 3860 odiose,
2527 3832 2530 3894 l
2556 3807 2600 3863 *ism*

1393 3881 1445 3900 nec
1457 3873 1554 3908 putide
1566 3894 1573 3906 ,
1596 3874 1683 3902 Attice
1694 3880 1772 3910 putat
1781 3872 1886 3901 dicere:
1910 3874 1931 3900 is
1941 3874 2012 3902 ret-”te
2024 3872 2071 3900 nisi
2083 3871 2205 3900 Atticum
2222 3869 2320 3906 probat
2335 3867 2487 3905 neminem..
2546 3866 2565 3893 '1
2577 3857 2602 3889 kil<

1355 3908 1404 3937 AT
1415 3918 1434 3936 T
1446 3919 1453 3936 ι
1465 3920 1481 3951 c
1493 3920 1500 3937 ι
1511 3919 1552 3938 sm
1563 3920 1601 3939 us
1613 3933 1620 3945 ‚
1642 3907 1839 3947 [Ἃῆικιιμρς]
1861 3909 1960 3939 Phrasis
1974 3911 2074 3943 Attica,
2096 3909 2139 3937 vel
2154 3908 2241 3936 Attica
2259 3905 2404 3942 loquutio,
2426 3903 2451 3932 ἅ
2462 3899 2499 3929 dl*
2526 3912 2529 3947 j
2550 3897 2604 3927 ,que

1392 3947 1475 3975 cendi
1488 3956 1574 3984 genus
1583 3949 1714 3978 Atticum.
1737 3948 1795 3977 Cic.
1808 3958 1833 3983 4.
1845 3949 1897 3977 Att.
1909 3957 1950 3983 17.
1973 3946 2092 3984 Quintil.
2103 3945 2150 3975 lib.
2161 3949 2187 3975 6.
2197 3954 2259 3982 cap.
2271 3953 2296 3980 3.
2396 3978 2498 4007 Arm·
2526 3960 2527 3967 ι
2561 3940 2604 3999 ul&
