2600 4177
19 2712 27 2734 'i

405 93 433 127 C
531 95 557 127 A
653 94 677 127 Ρ

93 172 178 205 saxis,
201 172 278 202 locus
294 173 349 210 ipse
366 173 538 210 promineat,
559 173 711 212 conspicuo
726 175 819 212 aliquo
836 186 906 214 opus
922 178 1040 208 habebat
1057 180 1142 217 signo.
1173 180 1212 210 Ex

97 209 182 238 Strab.
196 210 234 238 lib
260 210 356 248 Geogr.
374 219 396 253 ζ).

61 244 185 281 ΕᾸΡιε,
207 248 269 276 idis.
292 248 310 277 f.
332 249 455 283 [agii-ric]
475 249 569 278 Genus
588 249 682 286 peculi
699 259 713 278 a
732 250 876 286 Capiendo
888 251 1001 282 dietum.
1029 253 1130 283 Festus.
1153 254 1211 283 Liv.

100 294 142 313 10.
152 293 176 320 7.
199 284 270 313 Cum
283 285 382 322 capide
393 295 424 314 ac
435 286 505 315 lituo
515 308 523 320 ,
546 287 635 323 capite
645 287 734 316 velato
747 288 889 317 victimam
901 290 998 320 caedat.
1042 291 1070 319 V.
1093 292 1210 328 l’lin.37.

97 331 123 351 2.
161 323 186 350 ἃ,
205 321 295 351 Burni.
310 323 342 351 ad
355 323 462 352 Petron.
477 333 539 359 cap.
551 333 594 356 52-

96 357 220 391 mer'w,
244 359 291 388 ubi
304 367 379 388 extet
391 357 474 391 ιωῖπκ.
496 361 565 390 Vide
586 370 740 390 cAPuLA.
766 362 939 400 Lampridius
957 365 983 393 in
1003 365 1143 394 Antonino
1160 366 1214 395 He-

112 394 252 432 liogabalo
265 419 272 431 ,
294 397 322 426 in
338 397 416 427 Frob.
429 399 495 427 edit.
536 398 707 428 Exhibuit&
721 399 848 429 Palatinis
859 401 983 438 ingentes
996 404 1082 440 impes
1102 404 1172 431 extis
1184 404 1215 432 il-

115 433 204 462 lorum
214 434 335 463 refertas.
378 435 430 464 Ubi
443 435 503 471 lego
513 436 632 472 Capides
645 447 693 474 pro
711 437 799 472 Dapes
815 460 822 471 ,
843 449 892 476 pro
912 439 1025 469 llloruin
1046 447 1138 468 :iurem
1151 440 1214 477 lego

114 470 277 507 Mullorum,
292 472 362 501 utin
376 473 479 502 Francf.
495 482 572 511 puto,
586 476 611 502 ἃ
624 475 651 502 in
666 474 735 503 Aldi.
747 475 816 504 Vide
831 477 859 504 in
872 476 945 506 Varr.
964 488 1023 513 quzu
1035 478 1211 514 dixicap.i4.

115 507 192 537 H.St.
205 508 354 547 Lampridii
365 510 443 540 locus
457 511 494 540 cst
504 521 564 548 cap.
578 512 673 540 20.ubi
687 512 776 549 Ilapes
787 513 878 542 adhuc
890 515 896 542 i
907 525 918 542 i
931 516 1062 544 omnibus
1072 515 1148 543 libris
1156 516 1214 544 edi.

114 551 173 575 tum
185 546 222 575 est
232 568 240 581 ,
262 555 352 577 cetera
365 550 474 585 pridem
490 550 643 578 emendata.
685 549 786 578 Verum
798 560 860 579 cuin
874 552 992 589 Capides
1005 554 1032 581 in
1044 553 1152 589 poculis
1164 563 1215 582 nu-

113 589 336 614 merentveteres
349 607 356 621 ,
380 596 414 615 an
427 596 484 615 non
499 587 609 625 Apsidcs
625 587 718 624 potius
731 589 925 625 reponendum
937 590 967 619 lit
979 613 987 626 ,
1008 592 1113 620 cordati
1129 590 1214 620 lecto·

115 621 151 650 ris
163 622 298 656 judicium
310 624 375 652 esto.

60 659 83 689 C
94 668 190 688 Al’lss
202 669 214 687 a
224 669 244 688 N
254 671 277 688 Ε
297 661 359 690 Λῇες·
371 661 490 699 populi,
512 661 648 700 Capissam
662 662 759 691 urbem
771 662 875 692 habent
886 686 894 699 ,
915 674 998 701 quam
1019 666 1103 695 diruit
1117 666 1212 704 Cyrus.

96 697 162 726 Haec
177 697 245 727 Plin.
259 697 306 728 lib.
320 704 345 727 6.
362 709 478 737 cap.33.

59 733 109 764 CA
118 744 132 762 Ρ
142 743 197 763 rsT
208 745 245 764 aa
256 747 265 764 1
277 746 295 765 υ
305 747 323 764 Μ
333 759 340 771 ,
362 737 378 766 i.
404 734 609 773 [λικμητῆμον]
632 738 725 766 Genus
742 738 913 767 instrumenti
935 742 1123 778 expurgandis
1137 741 1215 770 semi-

94 772 177 801 nibus
189 773 255 810 apti.
297 774 435 805 Columel.
449 776 496 804 lib.
510 784 536 804 2.
552 785 612 813 cap.
625 785 651 810 9.
675 775 818 811 Quicquid
831 783 968 806 exteretur
979 800 986 812 ,
1009 780 1154 816 capisterio
1169 788 1216 808 ex-

92 811 268 847 purgandum
281 813 349 841 erit:
373 813 515 851 &semper
526 813 602 850 quod
621 821 734 850 propter
754 815 976 848 magnitudinem
997 826 1028 845 ac
1054 817 1165 854 pondus
1185 817 1213 845 in

92 848 150 877 imo
160 847 319 885 subsederit,
341 852 375 880 ad
389 851 481 880 semen
489 851 690 880 reservandum.
732 851 853 887 Quidam
866 853 993 883 hocloco
1007 854 1103 891 legunt
1113 855 1215 892 Caphi—

64 919 66 921 .
96 885 206 914 sterium
217 908 225 922 ,
247 887 293 916 alii
305 889 528 926 Scaphisterium.
569 888 601 917 V.
625 887 695 917 Voss.
709 888 773 917 Lex.
786 889 876 926 Etym.

59 923 251 953 camsriio
265 947 272 960 ,
295 925 536 956 CAPISTRUM.
576 926 608 956 In
629 935 763 956 CAPUT.

55 960 252 997 CANTAL,
275 963 502 994 CAP1TAL18.
543 964 574 994 In
594 974 729 993 CAPUT.

59 998 308 1030 CAPiTARiuii
330 1001 383 1031 AEs
398 1023 406 1037 ,
427 1002 513 1039 Quod
532 1002 594 1038 capi
615 1002 711 1039 potest.
741 1001 842 1032 Festus.
882 1004 1014 1040 [inscite.
1057 1006 1096 1034 An
1121 1005 1213 1043 legen-

70 1062 75 1066 .
94 1036 163 1104 gui}
174 1059 182 1072 ,
199 1037 290 1104 lQuod
299 1040 424 1077 capitum
437 1041 484 1076 est,
500 1039 644 1078 velCapiti
655 1040 813 1077 impolitum
825 1041 885 1070 est‘?
908 1042 926 1071 i.
939 1052 963 1071 e.
988 1043 1208 1081 Epicephalium.

119 1097 125 1103 .
166 1085 196 1104 ca
210 1086 245 1113 ig.

58 1110 330 1150 CArxrAnaus,
352 1115 578 1144 CAP1TATUS
594 1136 602 1151 ,
625 1114 887 1145 CAririzLLun.
921 1117 952 1146 ln
974 1128 1108 1148 CAPUT.

59 1148 109 1180 CA
119 1160 148 1179 Ρι
159 1160 206 1180 ΤΗ
218 1162 235 1181 A
247 1174 255 1187 ,
278 1151 414 1189 [som-1921]
436 1152 571 1183 Mensurae
586 1162 672 1190 genus
683 1154 737 1188 est,
760 1154 831 1182 duos
844 1155 992 1185 contineris
1007 1157 1150 1186 choenicas
1170 1158 1214 1186 At·

93 1188 173 1218 ticos.
195 1189 361 1228 Xenophon
373 1190 421 1220 lib.
440 1201 462 1220 i.
479 1191 613 1218 ἀνοιζοὲπως
623 1213 630 1226 ,
652 1191 755 1220 Farinae
765 1192 905 1229 capitham
915 1215 922 1227 ,
945 1194 1044 1230 inquit,
1058 1195 1128 1230 siglis
1138 1204 1214 1224 com-

113 1226 225 1257 arabant
243 1235 367 1264 quatuor.
411 1228 475 1258 Cael.
490 1228 539 1259 lib.
554 1239 596 1258 ιο.
622 1238 684 1267 cap.
698 1238 724 1259 2.
767 1229 797 1259 V.
817 1230 902 1260 Henr.
915 1231 1011 1269 Steph.
1026 1233 1152 1270 Append.
1177 1233 1213 1263 ad

118 1274 168 1294 arr.
207 1288 212 1294 .
271 1289 276 1295 .

59 1275 276 1339 ΟΛΡιτξυξής,
298 1304 455 1335 camo.
495 1303 527 1334 In
549 1314 686 1335 CAPUT.

18 1337 21 1383 f
57 1338 145 1369 CApi
155 1350 174 1369 T
184 1351 201 1370 o
212 1352 244 1370 ιι
254 1352 272 1371 υ
282 1353 303 1371 Μ
314 1364 322 1376 ,
344 1343 361 1372 i.
377 1353 403 1372 n.
424 1340 622 1379 [καεππιῗλιον]
644 1343 810 1380 Praegrandis
825 1354 871 1373 arx
884 1345 979 1375 Romae
994 1368 1001 1380 ,
1022 1346 1050 1375 in
1063 1351 1159 1375 monte
1170 1346 1216 1376 Sa·-

93 1379 186 1408 turnio
198 1401 206 1414 ,
228 1379 287 1409 foro
309 1380 387 1409 Urbis
407 1381 576 1416 imminens,
594 1390 628 1410 ex
639 1382 732 1419 praeda
749 1382 927 1419 Apiolarum,
948 1383 1108 1413 Latinorum
1119 1385 1214 1420 urbis,

94 1426 111 1446 a
122 1417 276 1454 Tarquinio
284 1418 409 1456 Superbo
420 1420 552 1448 extructa.
574 1419 751 1448 AuCtorPlin.
765 1420 813 1449 lib.
828 1430 852 1455 3.
865 1430 924 1458 cap.
938 1432 961 1456 ς.
976 1432 1010 1451 ex
1028 1422 1083 1451 Val.
1098 1423 1214 1452 Antiate.

94 1454 126 1485 V.
149 1456 234 1485 etiam
245 1455 302 1485 Liv.
317 1466 340 1485 1.
353 1463 396 1493 38.
410 1459 436 1486 Sc
453 1467 495 1492 55.
509 1456 634 1486 &Tacit
652 1466 676 1493 3.
695 1457 762 1487 Hist.
776 1467 819 1494 72.
834 1467 858 1493 3.
881 1459 945 1488 Earn
962 1460 1100 1497 copiosius
1117 1470 1149 1490 ac
1169 1470 1217 1497 pe-

93 1493 189 1523 culiari
210 1494 318 1530 &justo
336 1495 540 1524 commentario
560 1495 651 1530 Justus
671 1495 810 1532 Rycquius
824 1496 976 1534 descripsit,
992 1498 1036 1527 ed.
1055 1498 1139 1535 Lugd.
1154 1498 1212 1528 Bat.

95 1535 174 1567 16⁶9.
200 1531 282 1562 Varro
293 1533 328 1561 de
339 1533 368 1562 L.
382 1533 410 1562 L.
424 1543 450 1569 4.
472 1532 642 1570 Capitolium
655 1533 760 1562 dictum
774 1555 781 1568 ,
802 1535 876 1571 quod
887 1535 932 1564 hic
940 1546 1025 1573 quum
1034 1535 1216 1565 fundamenta

91 1569 255 1599 foderentur
264 1571 329 1600 aedis
339 1571 415 1607 Jovis
425 1593 433 1606 ,
455 1580 540 1608 caput
547 1571 669 1600 hominis
682 1571 828 1600 inventum
841 1573 951 1602 dicitur.
994 1574 1046 1603 Hic
1057 1583 1138 1603 mons
1150 1582 1215 1603 ante

93 1607 229 1645 Tarpeius
240 1609 330 1638 dictus
343 1619 359 1638 a
369 1609 475 1646 virgine
487 1608 584 1638 Vestali
596 1609 715 1646 Tarpeia
730 1631 738 1643 ,
760 1609 799 1638 ibi
812 1620 826 1639 a
837 1610 946 1640 Sabinis
959 1619 1057 1641 necata
1066 1612 1148 1641 armis
1159 1634 1167 1647 ,
1189 1614 1215 1642 ἃ

91 1644 207 1683 sepulta.
230 1647 289 1681 ejus
300 1647 422 1676 nominis
434 1647 640 1676 monimentum
655 1646 783 1676 relictum
793 1669 800 1682 ,
823 1649 898 1684 quod
910 1650 993 1678 etiam
1005 1659 1081 1679 nunc
1099 1650 1157 1686 ejus
1172 1660 1217 1679 ru—

115 1693 144 1713 es
152 1683 306 1721 Tarpeium
317 1684 472 1723 appellatur
482 1685 584 1714 saxum.
628 1685 711 1714 Hunc
720 1692 800 1714 antea
810 1694 934 1716 montem
948 1688 1106 1716 Saturnium
1121 1688 1216 1725 appel—

105 1729 180 1751 atum
192 1722 394 1759 prodiderunt,
417 1725 468 1753 ἃς.
510 1723 540 1752 V.
563 1723 621 1752 Liv.
636 1733 659 1752 1.
673 1734 715 1758 54.
740 1723 771 1752 In
781 1723 856 1753 Orat.
870 1725 978 1754 Camilli
991 1732 1058 1754 extr.
1089 1726 1130 1755 De
1139 1726 1218 1755 fabu-

92 1759 118 1790 la
132 1759 258 1797 Tarpeiae
268 1761 380 1798 virginis
395 1761 414 1791 s.
430 1761 447 1790 l.
489 1761 625 1790 Nonnulli
643 1760 813 1798 Capitolium
830 1762 864 1791 sic
883 1763 988 1792 dietum
1002 1763 1101 1792 volunt
1112 1785 1119 1798 ,
1141 1774 1156 1793 a
1174 1773 1218 1792 ca-

92 1799 154 1836 pite
166 1797 230 1827 Toli
244 1799 385 1833 cujusdam
398 1821 405 1833 ,
427 1799 532 1828 ibidem
550 1798 659 1837 sepulti.
700 1798 729 1828 V.
751 1799 852 1829 Arnob.
871 1804 896 1831 6.
914 1810 943 1839 p.
964 1811 1025 1837 194.
1045 1802 1070 1831 Sc
1089 1801 1216 1831 Elmenh.

93 1838 121 1866 &
136 1835 239 1865 Dukeri
250 1843 329 1866 notas
340 1837 374 1866 ad
389 1837 458 1866 Flor.
475 1847 497 1866 r.
512 1846 537 1874 7.
551 1843 577 1871 8.

91 1874 154 1904 Alta
164 1873 310 1912 Capitolia.
332 1875 403 1912 Virg.
416 1880 441 1904 6.
455 1874 516 1905 AEn.
531 1878 594 1911 83⁶·
615 1873 757 1904 Pluraliter
769 1874 859 1905 Poetae
869 1875 904 1906 de
914 1885 971 1905 uno
982 1876 1091 1907 dicunt.

93 1912 191 1942 Aurea.
214 1912 298 1942 Ovid.
308 1916 333 1942 6.
345 1913 413 1942 Fast.
423 1922 468 1949 73.

188 1950 274 1980 Aurea
287 1950 406 1988 possedit
417 1951 491 1981 socio
503 1949 642 1989 Capitolia
651 1950 769 1989 templo.

92 1984 180 2016 Celsa.
203 1988 275 2025 Virg.
290 1994 315 2022 8.
326 1989 388 2019 AEn.
402 1993 465 2025 653.

91 2020 221 2063 Fulgens.
244 2026 313 2056 Hor.
325 2036 348 2063 3.
363 2027 453 2056 Carm.
469 2035 491 2062 3.
506 2035 551 2063 43.

91 2062 304 2102 Pompeianum.
345 2064 450 2095 Vitruv.
464 2064 513 2094 lib.
525 2074 550 2101 3.
563 2074 623 2102 cap.
637 2071 663 2094 2.
686 2064 765 2101 Quid
776 2071 869 2095 autem
881 2065 921 2101 sit,
942 2065 1090 2095 Turnebus
1104 2065 1214 2096 Advers.

114 2111 157 2131 11.
169 2111 195 2131 2.
218 2101 255 2131 fic
274 2101 397 2139 explicat
407 2125 415 2138 ,
437 2103 548 2141 Opinor
562 2102 656 2138 fuisse,
677 2103 786 2140 inquit,
807 2103 877 2133 illud
888 2104 962 2141 quod
973 2110 1030 2133 erat
1040 2104 1215 2142 Pompeiisin

110 2139 273 2178 Campania.
313 2141 379 2170 Non
397 2142 474 2171 enirn
491 2148 601 2170 tantum
618 2141 730 2176 Romae,
751 2141 798 2170 sed
815 2143 898 2171 etiam
921 2142 1022 2179 Capuae
1034 2164 1042 2176 ,
1064 2142 1216 2178 Narbone,

111 2177 253 2216 Pompeiis
264 2178 427 2216 capitolium
440 2185 516 2213 erat,
538 2180 564 2209 ἃ
574 2179 602 2207 in
613 2178 707 2207 multis
723 2180 883 2217 municipiis
896 2182 920 2209 Sc
935 2179 1062 2215 coloniis,
1083 2181 1218 2210 imitatio-

110 2224 147 2245 ne
156 2216 357 2246 Romanorum.
397 2217 439 2246 De
450 2217 622 2246 Narbonensi
640 2217 787 2253 Sidonius,
811 2218 901 2247 Carm.
918 2227 963 2253 23.
999 2218 1143 2251 Delubris.
1166 2218 1217 2247 Ca-

109 2253 231 2291 pitoliis,
253 2255 384 2285 monetis.
417 2255 550 2285 &invita
562 2254 645 2284 santii
661 2255 825 2293 Apollinaris
839 2278 846 2290 ,
868 2256 969 2285 Statuit
987 2262 1052 2284 ante
1069 2256 1217 2293 pontifices

111 2291 241 2330 Capitolii
256 2292 433 2322 Ravennatis.
475 2292 573 2323 Fuit&
584 2293 694 2322 Tolosae
705 2315 713 2327 ,
735 2293 868 2323 Sidonius
887 2294 922 2322 de
935 2293 1026 2323 saneto
1045 2293 1194 2323 Saturnino
1208 2316 1216 2329 ,

111 2329 204 2360 Gradu
216 2330 322 2360 summo
334 2331 538 2369 Capitoliorum
548 2331 763 2369 przecipitatum.
786 2332 862 2361 unde
881 2331 1022 2369 hodieque
1037 2332 1150 2368 quidam
1161 2342 1217 2361 ma-

111 2368 235 2435 Igiistmulls
246 2368 305 2398 illic
316 2369 622 2408 Capitolinivocantur.
664 2369 694 2399 V.
718 2369 858 2398 Drakenb.
872 2370 906 2398 ad
918 2369 965 2399 Sil.
984 2379 994 2398 1
1004 2380 1026 2398 i.
1039 2375 1104 2405 267.
1138 2370 1215 2400 conf.

155 2415 170 2435 c
192 2429 197 2434 .
222 2416 262 2436 .c.
280 2416 310 2436 ca
334 2414 421 2436 .extr.

93 2416 263 2481 Gagitldlium
276 2417 383 2474 oriiere.
406 2444 481 2483 apud
493 2444 568 2474 Suet.
584 2444 650 2474 Caes.
667 2454 708 2474 το.
734 2445 800 2482 quid
821 2445 870 2480 sit,
893 2445 975 2474 docet
984 2444 1098 2475 Casaub.
1112 2445 1147 2474 ad
1160 2445 1214 2476 loc.

90 2480 124 2512 In
135 2481 304 2520 Capitolium
315 2483 468 2521 perfugere.
509 2482 600 2512 Tacit.
619 2492 643 2518 3.
663 2484 732 2511 Ann.
750 2488 793 2518 36.
828 2483 847 2512 i.
866 2493 890 2512 e.
913 2483 1070 2520 Perfugium
1089 2484 1128 2512 ibi
1145 2494 1217 2519 quae-

109 2529 178 2587 terp).
195 2557 206 2587 Ι
220 2520 393 2558 Capitolium
405 2522 482 2550 enim
492 2521 544 2550 fuit
559 2520 751 2550 seditiosorum
759 2521 926 2559 perfugium.
949 2521 980 2551 V.
1002 2521 1072 2551 Flor.
1092 2531 1115 2558 3.
1132 2526 1175 2551 16.
1188 2534 1211 2558 5.

109 2559 155 2588 &i
177 2558 184 2586 i
209 2564 269 2587 nter
292 2569 311 2588 r.
826 2576 831 2582 .

95 2594 221 2634 Tangere
231 2568 411 2634 Cagitolium.
435 2596 521 2626 Ovid.
531 2607 558 2632 4.
575 2596 610 2625 de
623 2596 700 2626 Pont.
715 2607 740 2631 9.
757 2607 782 2631 ς.

186 2634 222 2663 Ut
232 2657 240 2669 ,
272 2635 404 2671 quoniam
416 2634 471 2663 sine
480 2644 524 2663 me
536 2642 633 2672 tanges
645 2634 784 2672 Capitolia
798 2632 911 2664 Consul.

110 2671 286 2710 processione
297 2672 342 2702 die
353 2672 414 2702 Kal.
427 2673 489 2707 Jan.
501 2682 554 2710 qua
563 2673 699 2702 honorem
714 2672 778 2701 coil'.
793 2672 910 2702 inibant.

56 2709 174 2741 ΒΛΡιΤ
184 2714 273 2739 οιῑΝ
283 2721 320 2740 us
331 2733 338 2746 ,
360 2720 375 2739 a
385 2732 393 2745 ,
415 2721 472 2740 um.
495 2711 555 2746 Adi.
584 2711 812 2746 [Κακπωλῑνῶ]
834 2717 881 2745 ut,
902 2710 1012 2748 Jupiter
1029 2710 1214 2748 Capitolinus.

92 2748 148 2778 Cic.
162 2758 212 2786 pro
225 2748 316 2777 Domo
330 2758 391 2783 144.
423 2748 542 2784 Quintil.
562 2748 611 2777 lib.
629 2757 653 2784 3.
669 2758 730 2785 cap.
746 2756 770 2783 7.
794 2749 871 2783 ‚jovis
886 2748 1037 2789 Capitolini
1056 2748 1154 2778 laudes
1172 2750 1217 2779 vel

89 2793 224 2826 perpetua
235 2785 300 2816 sacri
309 2787 468 2816 certaminis
482 2787 597 2816 materia
612 2785 656 2816 vel
665 2786 756 2815 dubiae
767 2786 837 2822 sunt,
859 2786 903 2816 vel
912 2796 969 2815 non
981 2789 1103 2816 oratorio
1114 2797 1216 2824 genere

89 2826 238 2855 tractantur
248 2825 261 2853 ἱ)

91 2862 238 2893 Certamen
246 2862 445 2901 Capitolinum.
485 2861 560 2891 Suet.
576 2861 680 2891 Domit.
693 2871 752 2899 cap.
768 2870 809 2896 η.
833 2861 887 2891 Sed
905 2863 931 2891 Sc
951 2861 1112 2899 Capitolino
1128 2868 1215 2893 certa-

109 2901 186 2931 mine
197 2902 313 2930 cunctos
327 2901 434 2930 inuenti
447 2899 580 2929 consensu
592 2906 737 2937 precantes
748 2922 756 2935 ,
777 2906 808 2928 ut
819 2899 969 2928 Palfurium
982 2901 1077 2929 Suram
1092 2901 1215 2930 restitue-

108 2945 164 3007 ‘seiz
170 2938 281 3006 ¹³1¹¹¹i⁰¹i
293 2923 1006 3005 ⁰il³TbSiniiffficiigssiiilssffs‘ffiffiiib”5251‘2‘3'12³22¹?ss
1019 2938 1210 3014 ἓξηυὺὶςῖξῖ

167 2987 183 3006 o
197 3000 203 3006 .
233 2986 258 3005 ic
276 2987 302 3006 ia
325 2987 338 3005 e
363 2986 370 3006 ε
406 2987 423 3005 n
449 2987 455 3004 i
490 2985 498 3004 ε
1005 2986 1017 3005 a
1096 2998 1104 3010 ,
1201 2995 1213 3000 -

109 2987 198 3044 toclino
218 3014 281 3050 Jovi
302 3014 422 3053 triplex,
443 3013 603 3048 Musicum,
631 2986 995 3051 Equeifquymnicum
1026 3014 1159 3043 Oratores
1173 3015 1212 3044 ibi

108 3051 221 3083 certaffe
248 3059 325 3090 patet
359 3061 395 3082 ex
430 3051 494 3082 loco
528 3051 656 3081 Suetonii
694 3051 780 3080 modo
821 3053 906 3080 citato
919 3072 927 3085 ,
942 3087 947 3094 ²
966 3051 1001 3079 de
1042 3051 1212 3082 Citharoedis

110 3091 235 3121 &Poetis
246 3091 354 3120 dicetur
362 3089 446 3128 paulo
459 3089 537 3119 infra.
560 3089 620 3118 Vet.
643 3088 767 3126 inscript.
782 3089 903 3118 ostendit
914 3088 1067 3118 Histriones
1077 3090 1189 3119 certasse
1201 3111 1210 3126 ,

107 3128 138 3159 L.
159 3129 315 3159 SVRREDI
344 3129 374 3158 L.
404 3128 431 3157 F.
456 3127 534 3157 CLV.
564 3127 701 3157 FELlClS
724 3126 985 3156 PROCVRATORI
1008 3127 1058 3156 AB.
1081 3127 1206 3158 SCAEN.

107 3166 241 3197 THEAT.
280 3166 354 3196 IMP.
393 3165 537 3195 CAESAR.
578 3164 780 3195 DOMITIAN.
811 3164 967 3194 PRINCIPl
999 3164 1210 3196 CORONATO

106 3204 259 3235 CONTRA
279 3204 409 3234 OMNES
429 3203 638 3234 SCAENICOS.

89 3242 190 3273 Clivus.
213 3243 271 3272 Cic.
284 3252 335 3280 pro
345 3242 437 3280 Rabir.
451 3250 496 3278 31.

89 3280 183 3310 Collis.
204 3280 324 3311 Martial.
337 3280 386 3309 lib.
399 3289 440 3310 12.
451 3289 497 3310 21.

68 3348 71 3352 ,
166 3319 226 3349 Nec
235 3318 386 3357 Capitolini
397 3317 476 3348 collis
487 3316 602 3348 alumna
615 3315 678 3347 tibi.
922 3356 928 3359 .

89 3354 254 3395 Capitolinae
265 3378 273 3391 ‚
293 3356 515 3394 pontificumque
527 3357 623 3394 dapes.
645 3353 831 3398 Martiahlib.
847 3362 889 3383 12.
900 3358 947 3390 48.
1058 3362 1066 3368 ·
1090 3393 1096 3399 ,

88 3393 327 3433 LudiCapitolini.
366 3394 424 3424 Liv.
441 3404 465 3431 5.
479 3404 521 3430 50.
543 3393 615 3423 Ludi
626 3393 778 3430 Capitolini
798 3394 912 3436 nerent,
934 3392 1010 3436 quod
1032 3388 1141 3430 Jupiter
1150 3398 1209 3431 opt.

107 3441 179 3462 max.
191 3433 267 3462 suam
275 3432 370 3462 sedem
380 3438 463 3469 atque
472 3441 565 3461 arcem
578 3431 677 3469 populi
688 3431 805 3460 Romani
819 3440 847 3458 in
869 3440 897 3459 re
916 3431 1026 3466 trepida
1047 3437 1153 3461 tutatus
1174 3431 1212 3460 es-

106 3469 161 3500 set:
182 3470 394 3508 Collegiumque
402 3470 437 3500 ad
446 3480 506 3499 eam
517 3480 574 3499 rem
583 3468 624 3499 M.
640 3470 737 3499 Furius
749 3469 873 3498 Dictator
884 3468 1071 3498 constitueret.

90 3507 214 3546 Quercus
225 3508 393 3546 Capitolina.
416 3508 517 3543 Juven.
530 3511 556 3538 6.
575 3508 630 3537 Sat.
647 3511 708 3543 386.

179 3547 221 3575 An
230 3546 417 3584 Capitolinam
430 3545 547 3575 deberet
558 3545 643 3575 Pollio
661 3554 793 3583 quercum
1192 3582 1199 3589 ·

179 3585 295 3622 Sperare
306 3606 314 3619 ,
335 3586 361 3614 ἀ
376 3584 479 3613 fidibus
493 3585 665 3622 promittere.
714 3583 767 3612 Ubi
784 3582 901 3625 interpr.
916 3586 969 3610 vet.
981 3580 1013 3610 iri
1026 3590 1116 3619 agone
1129 3581 1212 3621 Capi-

105 3616 195 3652 tolino
207 3623 376 3652 citharoedos
388 3623 504 3652 victores
516 3631 648 3652 coronam
658 3631 673 3650 e
683 3630 786 3658 quercu
799 3618 933 3657 accepisse
944 3620 1036 3664 docet.
1061 3620 1103 3650 De
1115 3620 1209 3657 Poeta,

180 3660 206 3690 O
216 3661 261 3690 cui
275 3660 409 3698 Tarpeias
419 3660 499 3689 licuit
514 3661 676 3697 contingere
691 3668 817 3697 quercus.
824 3683 839 3707 Ι.
937 3657 1058 3688 martial.
1077 3669 1105 3695 4.
1121 3669 1166 3695 54.
1184 3669 1208 3689 ι.

107 3697 140 3727 V.
161 3698 200 3727 ibi
213 3698 329 3736 interpr.
351 3698 462 3728 &confi
476 3695 565 3728 Pitisc.
580 3698 645 3727 Lex.

90 3735 173 3766 Sedes
184 3736 357 3774 Capitolinae.
379 3736 446 3766 Stat.
459 3736 558 3772 5.Silv.
574 3746 597 3766 1.
615 3742 676 3770 189.
781 3772 786 3778 ¹
904 3771 910 3777 .
1019 3771 1024 3778 Ι
1049 3770 1055 3778 .
1080 3771 1086 3778 ⁸
1112 3772 1118 3779 .

90 3772 181 3804 Venus
191 3774 357 3812 Capitolina.
387 3774 462 3803 Suet.
472 3771 557 3811 Calig.
569 3783 596 3811 7.
617 3774 703 3809 Cujus
715 3772 835 3809 effigiem
846 3770 942 3801 habitu
954 3770 1101 3809 Cupidinis
1110 3781 1140 3802 m
1151 3772 1211 3802 aede

109 3811 274 3850 Capitolinae
290 3812 405 3842 Veneris
415 3812 491 3841 Livia
500 3812 650 3841 dedicavit.
674 3811 705 3840 V.
727 3811 811 3840 etiam
824 3809 904 3838 Galb.
918 3819 979 3847 cap.
995 3815 1038 3844 18.

90 3848 240 3888 Capitolini
251 3871 258 3884 ,
280 3850 318 3888 pl.
339 3850 463 3887 Collegia
479 3850 704 3888 Capitolinorum
716 3871 724 3884 ,
746 3847 872 3886 quaedam
884 3847 981 3877 Romae
992 3870 1000 3883 ,
1022 3853 1053 3877 ut
1064 3848 1212 3892 eit-episto-

108 3887 141 3918 lis
149 3888 293 3918 Ciceronis
301 3888 336 3918 ad
354 3888 392 3926 Q.
411 3888 472 3918 frat.
488 3898 515 3919 2.
530 3896 554 3924 ς.
573 3887 777 3926 cognoscimus.
818 3885 903 3915 Erant
924 3891 1017 3915 autem
1037 3885 1210 3924 Capitolini,

1012 2633 1054 2665 De
1072 2634 1217 2665 Consulari

688 3202 720 3232 V.
740 3202 840 3240 Scalig.
854 3202 952 3232 Auson.
965 3201 1028 3232 leet.
1041 3212 1102 3241 cap.
1119 3213 1162 3234 xo.

1647 106 1673 136 (J
1773 107 1801 139 A
1900 106 1923 139 P
2356 125 2428 159 429

1306 179 1455 222 collegium
1467 181 1612 212 hominurn
1622 184 1658 212 Cr.
1670 184 1790 213 zitolium
1806 186 1832 214 Sc
1845 195 1935 214 arcem
1951 187 2135 216 incolentium
2149 210 2156 222 ,
2180 189 2313 226 ludosque
2324 194 2430 230 capito-

1327 216 1397 245 linos-
1408 218 1617 248 celebrantium.
1663 195 1691 250 li.
1721 222 1776 251 Liv.
1791 233 1814 256 ς.
1831 233 1872 257 ςο.
1890 233 1930 260 pr.
1944 223 2101 253 &Turncb
2125 226 2189 254 Adv.
2205 237 2227 255 ε.
2241 234 2283 260 28-

1307 254 1482 290 Capitolinus
1495 279 1503 291 ,
1524 258 1575 286 fuit
1586 258 1749 294 cognomen
1765 261 1878 297 ejusqui
1891 262 2091 298 caputinvcnit
2108 272 2191 299 quum
2207 265 2375 302 Capitolium
2386 277 2432 296 ex-

1328 299 1472 322 trueretur.
1513 295 1602 330 [Quo
1615 298 1746 326 auctore?

1307 329 1481 369 Capitolinus
1492 353 1499 362 ,
1523 332 1608 361 Marci
1625 335 1720 363 :ilar-ilii
1736 335 1787 363 fuit
1798 344 1955 369 cognomen
1971 357 1979 369 ,
2002 337 2047 370 qui
2063 335 2130 365 urbe
2142 347 2155 365 a
2169 337 2252 366 Gallis
2270 346 2349 373 capta
2361 363 2368 374 ,
2391 341 2427 370 as-

1326 367 1526 403 luuiptismille
1538 370 1686 403 juvenibus
1698 382 1789 401 arcem
1801 373 1987 408 Capitolinam
2002 374 2036 402 ab
2050 374 2168 402 hostium
2182 376 2280 409 injuria
2292 378 2429 413 delendit,

1327 404 1402 431 unde
1415 407 1439 433 ok
1451 415 1553 434 nomen
1563 408 1677 437 invenit.
1720 410 1772 438 Hi:
1786 419 1869 446 quum
1882 411 2009 447 posteain
2024 411 2208 448 suspicionem
2222 412 2342 442 allectat}
2355 417 2431 450 regni

1326 442 1440 483 vexilli-et
1451 464 1457 476 ,
1479 443 1513 471 ab
1525 454 1556 472 ca
1566 445 1621 481 ipsa
1634 456 1700 483 rupe
1712 447 1880 485 Capitolina,
1902 458 1984 485 quam
1995 448 2146 478 servaverat
2157 471 2164 484 ,
2187 451 2373 488 praecipitatus
2382 453 2429 482 est.

1326 477 1382 506 Liv.
1397 478 1442 508 lib.
1459 490 1481 513 ς.
1494 483 1571 513 31.&
1583 487 1608 511 6.
1625 489 1664 515 18.
1680 484 1733 521 seq.
1774 485 1933 520 [incertum
1947 490 2050 521 tamen,
2063 493 2152 515 utrum
2167 488 2201 516 ab
2212 497 2274 516 arce
2287 488 2388 518 servata
2400 490 2430 518 id

1310 524 1482 557 reo-*unomen
1498 518 1653 555 invenerit,
1676 531 1709 550 an
1719 523 1793 558 quod
1807 523 1833 550 iu
1850 524 1948 551 eadem
1960 524 2107 558 habitavit,
2131 531 2162 553 ut
2180 534 2214 554 ex
2235 525 2290 554 Liv.
2312 527 2425 556 constat.

1306 551 1395 595 Julius
1408 554 1581 590 Capitolinus
1597 558 1668 587 inter
1686 559 1730 587 sei:
1749 560 1871 588 Historiae
1896 562 2017 597 Augustae
2035 561 2181 599 scriptores
2197 564 2332 596 occurrit,
2355 565 2431 593 haud

1326 589 1410 618 dubie
1423 592 1611 629 :evisequioris
1624 617 1631 628 ,
1654 597 1698 624 sed
1714 597 1748 625 de
1761 607 1815 633 quo
1830 598 1932 635 alioqui
1948 600 2042 628 omnia
2064 600 2170 630 incerta
2189 600 2260 629 sunt.
2301 601 2333 631 V.
2356 601 2429 632 Voss'.

1326 629 1350 656 ok
1365 628 1452 657 lizinii.
1471 629 1505 658 de
1523 630 1648 661 Historic.
1665 633 1744 663 ltom.

1268 663 1509 702 CAPi‘rosus,
1545 670 1689 699 Caria-c
1703 682 1842 707 naam,
1874 672 2181 711 CmurunATum,
2211 674 2433 706 CAPi‘rur.A-

1306 712 1395 736 Tisi,
1418 702 1581 733 CAi‘i’rui
1601 717 1656 735 CM.
1693 709 1722 737 V.
1746 719 1881 739 CAPUT.

1268 739 1371 785 CAPN
1382 750 1389 767 1
1402 751 1418 768 A
1429 750 1441 769 s
1454 762 1461 775 ,
1482 742 1548 771 adis.
1573 744 1590 771 s.
1608 746 1763 784 [symae]
1789 747 1855 775 Vitis
1868 758 1881 775 a
1892 748 2153 779 suinicoloredicta.
2176 749 2244 779 Plin.
2260 760 2299 786 ¹4·
2316 761 2340 786 3.

1268 777 1316 805 LA
1329 787 1342 804 Ρ
1354 786 1418 805 κω.
1430 787 1457 812 s,
1480 789 1509 821 az.
1533 789 1568 809 ni.
1599 782 1740 817 [maium]
1762 785 1877 813 Gemina
1892 786 1929 814 est
1951 796 1983 815 cx·
2003 787 2145 824 jaspidum
2170 788 2317 823 generibus
2332 811 2339 824 ,
2363 799 2431 826 quo-

1305 815 1367 843 dam
1379 816 1465 844 veluti
1476 817 1553 845 lumo
1565 818 1664 847 inferta
1676 841 1683 851 ,
1705 821 1779 849 unde
1794 823 1818 851 ἃ
1831 832 1931 852 nomen
1944 825 2061 862 accepit.
2086 825 2153 854 l'lin.
2168 827 2214 854 lib.
2229 834 2271 862 37.
2293 836 2351 864 cap.
2365 837 2391 862 9.

1267 851 1288 880 C
1302 862 1371 880 APN
1382 863 1389 880 ι
1400 862 1462 888 οΝ,
1485 855 1502 882 i.
1522 864 1548 883 n.
1573 855 1663 885 Herba
1674 858 1771 886 eidem
1783 881 1790 892 ,
1813 869 1874 895 qutc
1885 862 2004 897 Capnus.
2033 862 2099 891 l’lin.
2113 873 2156 897 τις.
2177 872 2216 898 13.

1266 889 1288 918 C
1300 900 1316 932 A
1328 899 1341 917 Ρ
1351 894 1389 918 sii
1399 900 1417 918 >r
1427 900 1440 918 a
1450 901 1461 919 s
1471 913 1478 926 ,
1501 901 1531 934 ²³?-
1553 902 1589 921 m.
1613 894 1730 923 (ieiunia
1745 896 1781 924 est
1797 896 1921 933 plurimis
1934 899 2009 936 spiris
2024 899 2129 929 fumida
2140 923 2146 935 ,
2169 902 2196 929 in
2214 900 2391 938 Cappadocia
2403 903 2430 932 δε

1304 938 1332 955 in
1346 927 1458 965 Phrygia
1469 930 1595 963 nascens.
1618 931 1694 960 ebori
1707 933 1798 962 similis
1810 956 1817 967 .
1839 935 1916 968 cuius
1927 937 2054 965 meminit
2073 937 2138 966 Plin.
2152 939 2196 967 lib.
2210 948 2252 974 37.
2265 948 2279 967 c
2290 949 2324 975 ep.
2345 950 2386 968 10.

1266 964 1289 994 C
1300 975 1316 993 A
1329 975 1341 993 Ρ
1351 970 1391 994 Ni
1405 977 1435 994 ri
1445 976 1457 996 s
1470 989 1477 1002 ,
1498 968 1561 997 idis.
1584 969 1602 997 f.
1624 969 1783 1006 [rtmm't‘vnr]
1805 970 1895 1002 Herba
1906 974 1943 1001 cst
1954 974 2053 1004 eadem
2067 985 2131 1005 cuni
2142 977 2239 1013 Capno
2253 999 2261 1010 ,
2282 977 2326 1006 ssu
2340 977 2427 1006 Fumo

1303 1009 1390 1032 terrie.

1303 1041 1347 1070 Est
1359 1041 1424 1070 item
1438 1042 1581 1080 CapnitiS,
1605 1043 1726 1073 Cadmiae
1739 1044 1843 1083 species
1854 1048 2009 1078 tenuissima
2026 1059 2085 1086 quie
2103 1059 2118 1079 e
2138 1050 2294 1080 fornacibus
2318 1052 2430 1081 flamma

1321 1086 1403 1116 atque
1415 1081 1480 1109 flatu
1497 1081 1605 1117 egesta,
1628 1083 1743 1111 cameris
1761 1083 1943 1122 lateribusque
1966 1086 2109 1116 fornacum
2131 1088 2260 1118 adhaeret.
2304 1090 2333 1118 V.
2358 1090 2427 1120 Plin.

1303 1116 1351 1145 lib.
1368 1128 1409 1153 34.
1421 1127 1482 1156 cap.
1501 1128 1542 1147 10.
1559 1120 1585 1148 ὁὶ
1605 1129 1706 1148 cnosi
1718 1131 1726 1149 ι
1738 1131 1756 1149 A
1772 1121 1790 1150 s.
1805 1122 1821 1151 l.

1265 1154 1288 1183 C
1297 1164 1314 1183 A
1325 1164 1338 1183 Ρ
1350 1165 1369 1183 N
1379 1165 1395 1184 o
1406 1166 1420 1183 Β
1430 1159 1445 1184 A
1457 1166 1475 1184 'r
1485 1167 1508 1184 ΑΕ
1519 1179 1526 1188 ,
1548 1158 1749 1193 [Kcevme'cim]
1774 1160 1887 1197 Populi,
1910 1161 1956 1198 qui
1976 1161 2043 1198 Mysi
2060 1162 2199 1192 dicuntur.
2235 1164 2321 1193 Strab.
2337 1164 2375 1193 lib
2401 1175 2428 1202 7.

1303 1193 1406 1222 Scribit
1415 1200 1509 1223 autem
1522 1194 1684 1224 Polidonius
1706 1195 1796 1233 Mysos
1816 1198 1945 1235 religioni
1966 1199 2143 1237 indulgentes
2157 1224 2163 1231 .
2186 1201 2219 1230 ab
2242 1203 2430 1233 animantibus

1303 1231 1440 1260 abitinere
1454 1254 1462 1266 ,
1483 1233 1508 1261 ἃ
1520 1241 1580 1261 eam
1600 1233 1636 1261 ob
1651 1233 1758 1262 causam
1778 1245 1864 1272 pecus
1882 1246 1967 1265 omne
1985 1237 2071 1265 vitare
2083 1260 2090 1272 ,
2113 1238 2195 1267 melle
2208 1249 2271 1268 vero
2283 1242 2307 1268 ok
2322 1240 2389 1269 lact:
2403 1243 2430 1270 Sc

1303 1268 1382 1297 caseo
1399 1269 1478 1298 vesci.
1526 1271 1677 1308 Quumque
1697 1272 1873 1308 tranquillam
1891 1275 2003 1311 exigant
2021 1276 2105 1304 vitam
2118 1297 2125 1309 ,
2155 1277 2191 1304 ob
2209 1277 2324 1306 deorum
2341 1280 2432 1307 cultu-

1303 1316 1360 1335 ram
1377 1329 1384 1340 ,
1407 1306 1521 1336 deicolae
1533 1309 1558 1337 Sc
1579 1309 1747 1346 Capnobatae
1764 1332 1770 1342 ,
1793 1312 1844 1345 (id
1863 1312 1979 1341 elisumi
1997 1313 2214 1348 conscensores)
2236 1316 2428 1345 nominantur.

1304 1344 1419 1374 Causam
1428 1346 1623 1383 appellationis
1637 1347 1712 1376 istius
1722 1348 1841 1386 OEdipo
1852 1350 1934 1378 alicui
1948 1350 2141 1379 declarandam
2155 1351 2347 1389 relinquimus.

1266 1380 1289 1410 C
1302 1392 1319 1410 A
1331 1392 1371 1411 ΡΝ
1382 1393 1427 1411 om
1441 1394 1457 1411 A
1470 1393 1489 1412 N
1499 1388 1564 1412 TTA
1575 1407 1582 1418 ,
1605 1394 1635 1413 ae.
1658 1385 1676 1413 s.
1699 1387 1713 1420 [
1728 1388 1933 1422 marmandae]
1958 1388 2143 1418 Divinationis
2162 1399 2249 1426 genus
2260 1413 2267 1426 ,
2290 1391 2365 1426 quod
2384 1391 2431 1420 fie-

1303 1420 1392 1449 barex
1403 1421 1471 1450 fumi
1484 1421 1645 1451 diiset‘tione
1656 1444 1664 1456 ,
1686 1424 1760 1460 quie
1771 1424 1852 1453 thure
1866 1426 1893 1453 in
1904 1436 1947 1454 ara
1962 1427 2077 1456 accenso
2091 1427 2244 1456 emanabat.
2287 1428 2342 1464 Qui
2365 1439 2430 1457 vero

1304 1458 1359 1487 hoc
1377 1460 1482 1496 augurii
1503 1470 1604 1496 genere
1624 1461 1790 1497 utebantur,
1819 1462 2027 1501 Capnomantes
2049 1465 2119 1494 dieti
2137 1463 2208 1494 sunt.
2248 1465 2276 1495 V.
2299 1465 2376 1495 Alex.
2395 1466 2428 1496 ab

1305 1497 1382 1525 Alex.
1398 1498 1445 1526 lib.
1462 1509 1488 1533 4.
1502 1508 1563 1536 cap.
1581 1508 1622 1535 17.

1267 1532 1413 1564 Carnos
1425 1557 1432 1569 ‚
1455 1536 1472 1564 i.
1495 1535 1606 1571 Herba,
1624 1536 1703 1572 quus
1715 1538 1844 1567 meminit
1854 1538 1922 1568 Plin.
1935 1539 1981 1568 lib.
1996 1549 2040 1576 23.
2055 1550 2114 1578 cap.
2131 1549 2174 1577 13.
2189 1540 2320 1571 &lib.r6.
2336 1551 2427 1580 cap.7.

1305 1572 1422 1610 Capnon
1437 1573 1551 1603 herbam
1565 1575 1611 1611 qui
1622 1575 1705 1603 edere
1716 1597 1724 1609 ,
1745 1575 1830 1604 bilem
1841 1587 1889 1614 per
1898 1578 2005 1607 urinam
2014 1579 2144 1607 reddunt.
2168 1578 2257 1608 Ruell.
2271 1580 2318 1608 lib.
2331 1589 2354 1613 3.
2368 1590 2428 1618 cap.

1310 1620 1371 1644 124.
1395 1611 1507 1649 Capnos
1518 1634 1526 1646 ,
1548 1612 1682 1641 Romanis
1694 1612 1810 1642 fumaria
1821 1636 1828 1648 ,
1854 1615 1939 1644 herba
1952 1615 1990 1644 est
2008 1615 2096 1645 Plinio
2112 1616 2241 1646 fruticosa
2253 1640 2260 1651 ,
2282 1619 2428 1647 coriandro

1305 1647 1399 1677 fimilis
1409 1671 1416 1683 ,
1438 1655 1590 1687 prsetenera
1600 1672 1608 1685 ,
1630 1650 1698 1679 folio
1709 1650 1825 1686 albiore,
1844 1653 1980 1682 cineracei
1995 1654 2107 1688 coloris,
2129 1654 2253 1692 undique
2266 1655 2409 1685 numeroso
2419 1678 2428 1692 ‚

1304 1686 1372 1715 tiore
1386 1697 1536 1725 purpureo.
1577 1688 1682 1717 Succus
1697 1688 1850 1719 claritatem
1867 1690 1932 1720 facit
1945 1692 2068 1721 inunctis
2089 1692 2196 1726 oculis,
2219 1693 2429 1730 delacrymatio-

1305 1733 1426 1761 nemque
1436 1735 1486 1754 ceu
1497 1726 1606 1761 fumus,
1631 1727 1697 1754 inde
1712 1736 1815 1756 nomen
1827 1730 1942 1766 accepit.
1987 1729 2073 1759 Gallis
2092 1730 2152 1759 hec
2164 1731 2252 1766 fumus
2265 1739 2332 1757 terra
2351 1741 2430 1762 voca-

1306 1769 1360 1790 tur.
1403 1763 1445 1792 Est
1458 1764 1483 1793 St
1492 1763 1545 1792 alia
1555 1763 1668 1801 Capnos
1679 1764 1767 1793 Plinio
1777 1787 1785 1800 ,
1807 1776 1888 1802 quam
1903 1767 1987 1796 Pedes
1999 1767 2167 1803 gallinaceos
2177 1776 2277 1797 vocant
2288 1791 2294 1802 ,
2317 1770 2430 1799 nascens

1304 1800 1333 1828 in
1345 1800 1487 1837 parietinis
1500 1804 1525 1831 δι
1536 1801 1646 1839 sepibus
1661 1824 1668 1836 ,
1691 1804 1773 1831 ramis
1788 1804 1953 1834 tenuill'iinis
1964 1827 1972 1838 ,
1994 1805 2139 1843 sparsisque
2151 1828 2158 1841 ,
2180 1806 2247 1835 flore
2269 1817 2408 1844 purpureo
2421 1830 2429 1843 ,

1306 1838 1401 1868 viridis
1412 1861 1420 1875 ,
1443 1839 1526 1868 succo
1538 1839 1685 1877 caliginem
1697 1840 1827 1871 discutit:
1851 1843 1944 1880 itaque
1955 1844 1983 1872 in
1998 1844 2204 1873 medicamenta
2224 1844 2370 1874 oculorum
2383 1845 2430 1874 ad-

1307 1876 1389 1905 ditur.
1432 1877 1535 1906 Similis
1545 1879 1571 1907 Sc
1581 1880 1695 1907 nominc
1706 1880 1731 1907 St
1740 1878 1841 1909 ea'eeiu
1852 1881 1904 1910 alia
1917 1891 1999 1918 quani
2012 1881 2094 1919 paulo
2106 1890 2170 1911 ante
2191 1882 2320 1911 diximus.

1268 1913 1292 1942 C
1301 1924 1319 1942 A
1330 1923 1343 1942 P
1352 1924 1372 1942 N
1384 1924 1401 1942 υ
1412 1926 1431 1943 Μ
1444 1926 1461 1944 A
1471 1925 1485 1943 a
1496 1925 1575 1950 σος,
1600 1917 1617 1945 i.
1638 1926 1674 1944 in.
1701 1917 1803 1954 Argilla
1814 1918 1852 1946 est
1862 1919 1920 1947 rusa
1933 1941 1941 1953 ,
1964 1920 2116 1948 intermisto
2128 1919 2221 1956 lapide
2230 1929 2306 1949 tertre
2320 1921 2433 1950 ininutae

1305 1951 1424 1981 arenosae
1437 1975 1445 1987 ,
1467 1963 1521 1990 qua
1533 1954 1610 1983 velut
1621 1954 1703 1992 adipe
1716 1961 1810 1991 terrae,
1831 1966 1892 1985 arva
1905 1957 2090 1994 pinguescunt
2100 1959 2128 1986 in
2144 1958 2231 1987 Gallia
2242 1960 2267 1987 ἃ
2282 1958 2437 1988 Britannia.

1304 1989 1572 2027 inspergiiiiraurem
1585 2002 1643 2021 rara
1653 2015 1659 2027 ‚
1681 1992 1790 2029 fideque
1802 2003 1862 2023 eam
1876 1994 1982 2023 misceri
1995 2003 2101 2032 putant.
2143 1996 2234 2025 Semel
2246 2005 2310 2024 vero
2327 1997 2431 2029 iniecta

1304 2028 1334 2056 in
1349 2029 1547 2065 quinquaginta
1557 2040 1645 2059 annos
1657 2029 1729 2058 valet
1739 2032 1765 2059 &a
1775 2030 1884 2068 frugum
1895 2054 1902 2067 ,
1925 2034 1950 2062 ἃ
1964 2033 2058 2070 pabuli
2070 2034 2204 2063 ubertate.
2247 2035 2347 2063 Aut-“tor
2358 2034 2428 2064 Plin.

1304 2065 1352 2095 lib.
1370 2075 1410 2102 17.
1429 2077 1488 2105 cap.
1501 2078 1526 2103 7.
1562 2068 1644 2097 Hasd.
1660 2068 1727 2104 legit
1740 2077 1774 2097 ex
1788 2069 1847 2098 Mis.
1867 2072 2084 2109 Acaunuinarga.
2109 2081 2134 2108 q.
2154 2072 2183 2099 V.

1268 2102 1290 2132 C
1302 2114 1319 2132 A
1330 2114 1343 2131 Ρ
1353 2114 1369 2132 o
1380 2115 1398 2132 vr
1409 2114 1441 2134 ss
1452 2127 1459 2140 ,
1483 2105 1546 2134 Aiiae
1559 2115 1638 2135 mons
1651 2106 1688 2135 est
1702 2128 1709 2142 ,
1732 2115 1767 2135 ex
1790 2117 1845 2144 quo
1864 2108 1950 2146 aliqui
1967 2109 2138 2147 Euphratem
2158 2109 2223 2138 oriri
2243 2109 2430 2140 crediderunt.

1308 2141 1376 2170 Plin.
1390 2142 1438 2172 lib.
1456 2154 1479 2178 5.
1493 2153 1553 2181 cap.
1570 2154 1614 2180 ²4.

1268 2178 1319 2208 CA
1332 2189 1395 2208 PPA
1407 2202 1414 2216 ,
1436 2191 1463 2209 n.
1487 2181 1587 2211 indecl.
1611 2179 1738 2218 [miri-m]
1759 2182 1871 2212 Nomen
1884 2183 1970 2213 litera?
1985 2184 2103 2214 Graecae:
2125 2195 2175 2222 pro
2186 2195 2238 2222 qua
2250 2185 2339 2214 Latini
2354 2193 2435 2215 utun-

1307 2225 1352 2247 tur
1377 2228 1403 2247 C.
1444 2219 1509 2255 Quo
1521 2220 1635 2249 nomine
1646 2220 1733 2249 Graeci
1755 2222 1806 2256 (ut
1820 2221 1916 2251 Surdas
1929 2223 2037 2257 docet)
2060 2232 2147 2259 quum
2165 2224 2311 2253 hominem
2326 2224 2430 2253 malurn

1306 2255 1406 2285 volunt
1419 2258 1566 2294 proverbio
1591 2258 1712 2295 signare,
1735 2268 1823 2287 unum
1842 2268 1950 2297 cappa:
1974 2270 2059 2297 quum
2084 2261 2228 2298 pejorem,
2251 2262 2307 2290 duo
2328 2272 2433 2299 cappa:

1308 2303 1394 2330 quum
1405 2295 1553 2331 pessimum
1563 2317 1571 2330 ,
1594 2297 1643 2325 tria
1655 2295 1757 2325 habere
1767 2306 1854 2334 cappa
1864 2298 2012 2328 dixerunt:
2036 2298 2162 2327 volentes
2174 2309 2237 2328 eum
2249 2299 2365 2336 intelligi
2380 2299 2434 2329 esse

1307 2332 1467 2362 Cretensem
1480 2355 1488 2368 ,
1513 2333 1619 2367 Cilica,
1641 2334 1828 2372 Cappadoca:
1852 2336 1898 2372 qui
1918 2336 2058 2373 singularis
2077 2336 2154 2366 fuisse
2168 2338 2355 2375 improbitatis
2377 2338 2435 2367 exi-

1307 2370 1461 2400 stimantur.
1500 2371 1533 2400 V.
1557 2371 1817 2402 ErasiniChiliadas.

1271 2407 1399 2436 CAPPA
1411 2431 1418 2443 ,
1441 2419 1470 2438 ae.
1492 2409 1510 2439 f.
1536 2409 1603 2439 Pilei
1615 2420 1716 2447 genus3
1739 2410 1783 2439 vel
1801 2411 1876 2448 quod
1898 2411 1968 2441 duos
1985 2413 2079 2450 apices
2092 2435 2099 2447 ,
2121 2418 2152 2441 ut
2170 2412 2265 2450 Cappa
2278 2412 2367 2442 littera
2388 2413 2436 2443 ha-

1310 2445 1390 2481 beat,
1404 2446 1448 2476 vel
1458 2448 1522 2483 quia
1531 2448 1629 2485 capitis
1640 2454 1836 2477 ornamentum
1848 2449 1893 2478 est.
1910 2449 2002 2479 isidor.
2017 2461 2057 2485 ¹9-
2070 2460 2112 2483 31.
2128 2450 2188 2480 Vox
2199 2451 2306 2480 Celtica
2315 2451 2434 2481 videtur.

1309 2483 1422 2522 Cappa,
1445 2485 1570 2514 Marinus
1582 2496 1668 2522 equus
1681 2508 1687 2519 ,
1710 2486 1807 2521 Festo,
1831 2486 1877 2516 sed
1896 2487 1939 2516 alii
1958 2487 2055 2525 iegunt
2067 2488 2179 2526 Campa.
2202 2499 2227 2526 q.
2244 2489 2274 2517 V.

1270 2521 1342 2550 CAP
1352 2532 1366 2550 Ρ
1378 2533 1396 2551 A
1408 2533 1425 2551 D
1440 2532 1456 2551 o
1466 2533 1483 2552 c
1493 2534 1500 2551 i
1512 2533 1545 2558 A,
1568 2533 1598 2552 a.
1620 2524 1635 2552 f.
1661 2522 1880 2560 [καππαδῖκίκ]
1903 2525 1990 2561 Regio
2009 2527 2047 2555 est
2060 2526 2121 2555 Afiae
2132 2549 2139 2561 ,
2165 2526 2303 2556 Euxinum
2323 2527 2413 2556 versus
2425 2549 2434 2562 ,

1307 2569 1388 2596 quam
1404 2561 1575 2590 Macedones
1587 2563 1615 2590 in
1629 2562 1696 2590 duas
1716 2563 1853 2600 Satrapias
1873 2573 1888 2591 a
1900 2562 1981 2593 Persis
1998 2564 2112 2593 divisam
2130 2565 2317 2602 accipientes,
2340 2574 2375 2594 ex
2390 2565 2439 2594 Sa-

1307 2599 1402 2635 ttapiis
1416 2599 1445 2626 in
1457 2609 1541 2636 regna
1554 2600 1739 2637 redegerunt,
1759 2607 1841 2637 atque
1859 2601 1992 2636 majorem
2018 2602 2227 2640 Cappadociam
2239 2625 2246 2635 ,
2277 2613 2336 2639 quae
2359 2602 2434 2632 Tau-

1306 2645 1367 2665 rum
1376 2636 1468 2665 versus
1483 2637 1521 2666 est
1533 2659 1540 2671 ,
1563 2638 1673 2675 proprie
1685 2639 1892 2675 Cappadociam
1904 2649 2056 2669 vocavere:
2079 2639 2195 2670 alteram
2210 2641 2335 2669 Pontum.
2368 2641 2434 2673 Eius

1307 2681 1401 2703 autem
1416 2673 1534 2703 latitudo
1545 2676 1583 2704 est
1595 2686 1609 2704 a
1626 2676 1713 2705 Ponto
1729 2677 1852 2705 Taurum
1866 2677 1973 2712 versas,
1994 2677 2070 2707 mille
2091 2678 2147 2707 fere
2163 2680 2188 2708 ἃ
2208 2679 2432 2713 ocliugentorum

1307 2712 1469 2741 stadiorum:
1489 2712 1635 2750 longitudo
1645 2724 1710 2743 vero
1720 2724 1735 2743 a
1748 2714 1883 2751 Lycaonia
1895 2721 1975 2750 atque
1988 2715 2101 2753 Phrygia
2113 2716 2240 2752 usquead
2254 2716 2429 2753 Euphratem,

1307 2750 1342 2778 ad
1359 2751 1490 2780 Auroram
1507 2752 1697 2781 &Armeniam
1713 2752 1748 2780 ad
1763 2753 1815 2782 tria
1825 2752 1912 2782 millia
1929 2753 2087 2783 stadiorum.
2111 2754 2177 2783 Hrec
2189 2754 2321 2791 pluraque
2342 2754 2429 2783 Strab.

1305 2787 1353 2816 lib.
1371 2787 1470 2824 Geogr.
1487 2798 1526 2817 12.
1542 2799 1582 2826 pr.
1607 2789 1815 2827 Cappadociam
1830 2790 1995 2820 Ptolemasus
2005 2791 2099 2820 tabula
2110 2793 2173 2821 Asiae
2184 2793 2272 2829 prima
2292 2792 2429 2820 describit.

1305 2826 1332 2855 ἃ*
1346 2825 1413 2855 ΡΙίη.
1426 2826 1474 2855 lib.
1488 2830 1512 2856 6.
1532 2836 1594 2865 cap.
1606 2837 1632 2856 2.
1648 2829 1672 2857 Sc
1686 2836 1710 2862 3·
1733 2829 1844 2858 Nomen
1856 2829 1941 2858 habet
1955 2839 1969 2858 a
1982 2829 2150 2867 Cappadoce
2168 2839 2264 2858 amne:
2286 2838 2349 2858 ante
2364 2829 2432 2859 Leu-

1304 2863 1408 2900 cosyria
1427 2864 1585 2902 appellata,
1610 2871 1641 2895 ut
1661 2865 1728 2895 Plin.
1750 2866 1835 2900 dicit,
1859 2867 1956 2905 Nepos
1976 2878 2017 2901 ¹4-
2043 2878 2065 2897 i.
2083 2877 2106 2903 3.
2137 2867 2241 2897 Habuit
2258 2868 2430 2904 provinciam

1304 2901 1409 2930 Ciliciae
1426 2903 1503 2937 juxta
1515 2903 1724 2941 Cappadociam
1734 2926 1742 2940 ,
1764 2914 1846 2941 quarn
1858 2905 1987 2934 incolunt
1999 2905 2154 2942 Leucosyri.

1305 2939 1492 2977 Cappadociae
1504 2941 1589 2976 regio.
1640 2942 1699 2971 Cic.
1717 2952 1759 2978 ¹5·
1774 2942 1848 2972 Fam.
1863 2954 1888 2979 4.
1912 2943 2007 2980 ltaque
2020 2944 2175 2973 exercitum
2187 2942 2255 2971 mihi
2268 2942 2430 2972 ducendum

1322 2987 1372 3014 per
1386 2978 1572 3016 Cappadociae
1582 2980 1728 3016 regionem
1740 2981 1847 3018 putavi.

1265 3014 1287 3044 C
1299 3022 1315 3042 A
1331 3025 1345 3043 Ρ
1356 3025 1368 3043 Ρ
1378 3019 1393 3044 A
1405 3026 1421 3044 n
1432 3026 1448 3044 o
1459 3025 1476 3044 x
1487 3038 1494 3051 ,
1516 3017 1585 3046 ocis.
1608 3027 1645 3047 m.
1669 3015 1835 3053 [iram-nih}
1845 3040 1852 3053 ‚
1869 3015 2061 3053 Καππειδῖκης]
2083 3017 2139 3054 Qui
2149 3017 2187 3046 est
2194 3026 2227 3046 ei:
2240 3017 2426 3054 Cappadocia.

1303 3052 1359 3082 Cic.
1377 3053 1434 3082 Post
1445 3054 1542 3084 red.in
1555 3055 1649 3086 Senat.
1662 3065 1705 3093 13-
1728 3056 1927 3094 Cappadocem
1939 3056 2024 3086 modo
2041 3056 2187 3093 abreptum
2201 3056 2236 3084 de
2254 3064 2335 3092 grege
2349 3065 2430 3085 vena-

1303 3090 1372 3119 lium
1384 3092 1503 3121 diceres.

1301 3128 1410 3158 Cohors
1419 3137 1552 3160 montana
1561 3130 1776 3169 Cappadocum.
1801 3132 1904 3162 Lucan.
1920 3131 1968 3160 lib.
1982 3140 2007 3168 7.
2022 3141 2085 3168 215.

1300 3166 1442 3197 Nobilitas
1451 3168 1660 3206 Cappadocum.
1683 3170 1774 3199 Tacit.
1791 3180 1832 3206 ¹4.
1847 3171 1913 3198 Ann.
1929 3173 1973 3198 26.

1301 3203 1363 3233 Rex
1375 3205 1575 3244 Cappadocum
1587 3208 1733 3245 mancipiis
1743 3208 1870 3246 locuples
1882 3230 1889 3243 ,
1912 3213 1976 3244 eget
1991 3206 2059 3235 aeris.
2080 3206 2146 3236 Hor.
2163 3215 2185 3235 1.
2200 3205 2282 3244 Epist.
2295 3209 2320 3236 6.
2333 3215 2378 3243 39.

1302 3242 1429 3273 Feroces.
1454 3244 1553 3274 Lucan.
1566 3244 1614 3274 lib.
1630 3254 1653 3281 3.
1668 3256 1732 3282 244.
2205 3281 2210 3287 ¹
2263 3281 2269 3287 ¹
2286 3282 2291 3287 ,
2314 3282 2320 3287 ‚
2417 3282 2424 3288 ,

1300 3279 1419 3318 Pingues
1432 3281 1614 3320 Cappadocas
1627 3284 1745 3321 pascere.
1768 3282 1836 3312 Pers.
1851 3285 1876 3311 6.
1894 3282 1948 3311 Sat.
1965 3290 2010 3319 77.
2048 3280 2092 3311 De
2108 3280 2191 3310 servis
2203 3281 2352 3319 inteiligit,
2378 3292 2426 3319 qui

1320 3329 1355 3347 ex
1367 3319 1544 3358 Cappadocia
1556 3321 1637 3350 multi
1649 3321 1863 3350 advehebantur.

1265 3355 1288 3385 C
1298 3366 1340 3385 Ap
1350 3366 1364 3385 Ρ
1375 3360 1390 3386 Ᾰ
1402 3368 1419 3386 D
1430 3360 1447 3387 ὁ
1457 3368 1473 3387 C
1485 3369 1523 3388 ug
1534 3381 1542 3393 Ἴ
1563 3369 1578 3387 a
1588 3381 1595 3394 a
1618 3369 1674 3389 um,
1697 3355 1923 3395 [Καππάδῖκῶυ]
1944 3357 2005 3393 Adj.
2035 3362 2084 3393 ut,
2107 3356 2220 3386 Catastae
2237 3356 2421 3396 Cappadocae.

1300 3394 1421 3424 Martial.
1435 3396 1481 3425 lib.
1499 3407 1540 3426 ιο.
1556 3401 1599 3433 7⁶·
1618 3405 1639 3430 3.

1395 3434 1455 3463 Nec
1465 3435 1499 3463 de
1509 3434 1686 3472 Cappadocis
1698 3442 1782 3469 eques
1792 3432 1908 3462 catastis.

1302 3469 1421 3500 Lacluca
1437 3471 1613 3510 Cappadoca.
1638 3472 1708 3501 Plin.
1726 3480 1766 3505 19.
1780 3475 1806 3504 8.

1263 3507 1285 3537 C
1294 3519 1314 3537 Α
1324 3518 1338 3537 p
1349 3518 1362 3536 ρ
1371 3520 1389 3538 Α
1400 3520 1418 3538 D
1429 3520 1446 3538 0
1457 3520 1474 3539 ρ
1483 3522 1491 3538 1
1502 3520 1519 3539 U
1529 3520 1541 3540 3
1551 3532 1559 3546 ‚
1581 3520 1595 3539 a
1606 3531 1613 3545 ⁷
1636 3519 1691 3538 um,
1715 3504 1954 3544 [xoewnublm&]
1975 3507 2054 3537 Idem
2066 3528 2075 3543 ,
2096 3512 2144 3544 ut,
2174 3506 2291 3538 Gemma
2318 3509 2426 3547 Cappa-

1302 3547 1393 3576 docia.
1417 3547 1484 3576 Plin.
1502 3557 1544 3583 37.
1561 3558 1602 3576 10.

1299 3585 1418 3623 Zizipha
1429 3585 1615 3623 Cappadocia.
1637 3583 1707 3613 Plin.
1720 3592 1764 3611 21.
1777 3592 1803 3618 9.
2203 3621 2208 3627 ¹

1264 3622 1286 3652 C
1298 3633 1317 3651 A
1327 3633 1342 3650 Ρ
1351 3633 1364 3651 Ρ
1374 3634 1391 3651 A
1401 3633 1418 3651 o
1430 3632 1447 3652 ο
1457 3634 1473 3652 c
1485 3634 1505 3651 A
1515 3633 1530 3651 R
1541 3633 1557 3652 c
1567 3633 1585 3651 H
1597 3634 1605 3650 1
1619 3632 1637 3650 A
1649 3643 1656 3656 ,
1679 3631 1708 3650 ae.
1731 3621 1749 3650 f.
1772 3615 2038 3657 [Kmme'bzusszsz]
2065 3619 2259 3650 Sacerdotium
2277 3621 2423 3660 Cappado-

1300 3661 1516 3698 cifeprovinciae.
1556 3660 1731 3689 Modestinus
1743 3658 1760 3687 l.
1774 3657 1910 3687 Diximus.
1935 3657 1966 3687 D.
1984 3658 2023 3687 De
2035 3658 2153 3688 excusat.
2169 3665 2253 3689 tutor.
2271 3659 2422 3690 Provinciae

1302 3698 1486 3728 sacerdotium
1501 3721 1508 3733 ,
1531 3704 1562 3726 ut
1580 3697 1731 3731 Afiarchia,
1754 3695 1985 3733 Bytliyniarchia,
2006 3696 2272 3733 Cappadocarchia,
2295 3698 2422 3735 praebeta

1302 3737 1397 3766 tutelis
1411 3736 1616 3765 immunitatem
1631 3757 1638 3770 ,
1661 3735 1729 3763 dum
1750 3735 1776 3763 ei
1796 3734 1904 3762 muneri
1924 3734 1985 3771 quis
2003 3734 2107 3772 praeest.
2148 3734 2179 3764 V.
2202 3735 2263 3764 Ant.
2286 3738 2352 3773 Aug.
2371 3735 2419 3765 lib.

1303 3774 1369 3811 sing.
1382 3774 1417 3803 ad
1432 3773 1549 3803 Modest.
1847 3809 1852 3814 “
1925 3809 1930 3814 ,
2167 3810 2172 3816 ·
2263 3811 2268 3816 ¹
2383 3810 2389 3815 ⁶

1265 3812 1287 3842 C
1296 3823 1314 3841 A
1325 3822 1339 3840 Ρ
1349 3822 1362 3840 Ρ
1372 3821 1392 3840 A
1401 3821 1418 3839 c
1431 3821 1448 3839 υ
1458 3822 1478 3839 ,w
1490 3831 1498 3846 ,
1520 3811 1535 3840 i.
1551 3819 1579 3840 n.
1602 3809 1796 3846 [wlff-ww]
1817 3808 1955 3846 Hispaniae
1966 3809 2104 3848 oppidum
2117 3810 2193 3840 estin
2203 3809 2303 3840 Baetica
2312 3820 2422 3848 provin-

1304 3851 1347 3879 cia
1362 3871 1370 3884 ,
1392 3849 1520 3878 Gaditani
1531 3854 1695 3878 conventus.
1717 3847 1786 3876 Plin.
1803 3846 1851 3875 lib.
1865 3856 1888 3881 3.
1901 3856 1962 3884 cap.
1983 3857 2006 3877 1.
2413 3885 2419 3891 .

1264 3886 1411 3917 CAvrizn
1422 3896 1453 3916 rs
1464 3908 1472 3923 ,
1493 3887 1525 3916 is.
1548 3886 1567 3915 f.
1592 3883 1777 3921 [sein-mayr]
1799 3884 1914 3952 Egiliqcis
1926 3895 2021 3922 genus.
2042 3884 2111 3915 Plin.
2126 3885 2173 3916 lib.
2195 3893 2236 3922 13.
2247 3895 2306 3924 cap.
2319 3893 2363 3952 ἒ.
2378 3885 2419 3914 Ibi

1847 3932 1858 3951 ἱ
1873 3933 1884 3951 1
1912 3933 1922 3958 3
2342 3933 2348 3939 ’
2359 3932 2420 3960 cap.
