2641 4187
638 170 1226 227 PRAEFATIO

78 282 163 309 nare
198 276 264 310 erit
292 272 542 321 exspectationi
573 273 739 310 omnium
772 285 969 312 occurrere.
1019 277 1145 325 Neque
1170 279 1238 315 hos

81 320 178 357 solos
199 324 377 364 nomino,
409 322 502 370 quasi
520 321 675 358 totidem
698 333 772 358 non
792 323 919 365 essent,
939 323 964 361 fi
981 336 1034 362 res
1057 327 1103 362 ita
1123 327 1237 367 ferret,

82 370 296 407 nominandi
324 370 423 408 ultra.
474 370 565 408 Non
598 371 694 406 enim
735 369 994 410 Bibliothecam
1026 374 1243 420 Lexicoqra-

83 419 242 466 phorum
269 418 502 461 adornamus,
539 419 596 456 sed
617 422 816 467 praecipuos
846 423 1121 469 perstringimus.
1165 415 1244 460 ¹*Sed
1299 427 1323 441 “

83 466 130 504 de
152 467 284 504 horum
308 480 453 517 quoque
473 467 655 505 nonnullis
677 468 852 504 nonnulla
875 470 957 506 licet
978 471 1186 518 paucissima.

156 515 198 553 In
213 512 384 565 Etymolo
415 519 476 554 icis
489 523 586 554 totus
607 516 751 553 desudat
766 516 850 565 JOA
862 530 947 556 NNE
959 532 973 555 s
1000 517 1090 558 FUN
1102 533 1154 557 GE
1166 531 1244 556 Rus

84 559 294 607 Fmsrus,
320 531 696 607 Mffuiimmius,
731 565 776 602 de
806 576 879 614 quo
911 568 1000 605 nihil
1023 568 1084 605 nisi
1104 569 1246 616 praecla-

82 612 255 652 riffimum
271 616 401 660 jubeo,
427 615 458 664 J.
479 615 753 652 Nonwzous
772 614 953 659 Hessos,
982 618 1017 655 ἃ
1035 617 1246 666 JOANNes

86 660 337 700 GERARDus
361 664 572 702 Vossius.

162 710 369 750 Desiderata
399 719 608 751 caeterorum
633 713 776 762 egregie
793 712 968 760 supplevit
998 714 1028 752 R
1039 727 1062 752 o
1075 728 1104 752 B.
1133 715 1164 754 C
1173 728 1196 753 o
1208 727 1250 752 Ν·
1305 718 1329 732 “

74 768 105 795 ,ε
115 771 139 796 Τ
148 772 170 797 Α
178 772 205 797 N
215 773 239 798 T
250 773 262 798 1
272 773 298 798 N
309 773 332 798 u
342 774 357 798 s
369 790 379 804 ‚
405 763 581 810 vocesque
598 760 777 807 abstrufiores
791 762 829 798 in
843 761 962 800 lucem
977 767 1154 812 protraxit
1164 776 1250 812 ope-
1306 767 1328 781 “

639 809 796 857 Qualem
821 822 969 858 operam
998 824 1145 861 quoque
1167 824 1251 860 prae-
1308 815 1330 830 ‘⁶

87 857 174 895 stitit
196 857 334 908 JosEP
346 873 405 898 nu
417 873 432 897 s
454 859 640 899 Lixum-:N
652 870 760 897 Tlus
784 859 947 896 Lucensis
973 863 1011 898 in
1030 862 1253 906 Amaltheasua
1309 864 1333 878 “

87 819 127 844 re
147 810 184 847 δε
204 808 329 847 labore
349 811 588 860 praedicando.

90 909 287 952 Onomastica,
320 908 425 947 Lucae
452 917 555 956 1640u
583 916 658 956 4to.
691 909 727 945 &
750 907 866 956 Lugd.
896 916 999 957 1664.
1022 910 1084 947 fol.
1120 913 1157 948 in
1184 922 1253 958 qua

90 948 212 993 Voces
234 959 401 996 universae
417 958 614 1004 abstrufiores,
638 957 771 999 Sacrae,
788 956 957 1000 Prosanae,
984 959 1158 1008 Antiquae,
1181 959 1254 998 An-
1309 962 1331 977 “

90 1007 235 1053 tiquatae
250 1034 260 1048 ‚
288 1006 488 1056 Usurpatae,
515 1005 730 1056 Usurpandae
745 1014 940 1044 occurrunt
961 1019 1043 1045 cum
1059 1008 1178 1047 Italica
1194 1008 1254 1047 In«

90 1057 356 1102 terpretatione.

143 1103 189 1141 G.
213 1104 468 1142 Munius
495 1101 762 1143 Koi-:Nmius
797 1105 909 1142 multa
935 1107 972 1142 in
993 1106 1053 1143 suo
1075 1105 1256 1154 Gazophyla.

90 1155 134 1188 cio
156 1154 324 1189 Latinitatis
349 1153 539 1202 congessst,
574 1166 652 1203 quae
681 1154 801 1191 frustra
832 1156 872 1192 in
903 1154 1149 1204 operosissimis
1180 1155 1255 1193 aliis

91 1197 235 1241 Lexicis
257 1210 473 1252 quaeruntur.

162 1251 205 1289 Ii1
226 1252 410 1300 vulgarem
438 1253 474 1289 &
498 1251 746 1301 quotidianam
770 1252 908 1290 usuram
935 1250 1012 1291 sunt
1032 1253 1199 1303 expedita
1221 1253 1258 1290 δε

93 1299 140 1337 ad
160 1299 431 1348 Discipulorum
453 1301 647 1340 Cathedras
670 1309 709 1339 ut
725 1301 920 1349 plurimum
941 1303 1077 1340 idcirco
1094 1304 1259 1351 relegata,

93 1360 174 1398 quae
190 1349 257 1386 suis
277 1351 431 1385 Germanis
447 1349 579 1398 scripsit
596 1349 713 1388 Perii
724 1361 745 1386 u
756 1362 772 1386 s
796 1349 833 1389 D
844 1363 887 1387 As
897 1362 919 1387 Y
930 1362 948 1386 P
959 1364 982 1388 o
991 1364 1015 1388 n
1028 1362 1038 1385 1
1049 1364 1094 1388 us
1133 1352 1261 1387 Conradi

94 1400 136 1430 τί
156 1397 232 1431 πάνυ
249 1396 374 1442 Pater,
403 1411 480 1448 quae
505 1401 594 1434 Gallis
624 1399 899 1443 MORELLUS‚
939 1401 1193 1439 GAU131NUS
1224 1401 1260 1438 &

94 1446 341 1486 Daui-:Tuis
376 1447 442 1496 [a]‚·
488 1449 524 1486 &
559 1460 637 1498 quae
673 1449 856 1495 Nostratibus
906 1449 1262 1492 GourniviANus,

96 1496 394 1540 THoMAsius,
418 1498 758 1537 LITTLETONUS
781 1500 966 1548 caeterique
983 1513 1090 1549 quam
1105 1500 1261 1548 plurimi.

166 1545 209 1584 In
234 1545 564 1585 Nomenclatorum
591 1547 731 1585 classem
751 1548 938 1596 redigendi
959 1549 1037 1587 sunt
1058 1550 1266 1588 HADRIA-

95 1597 178 1631 'N'us
212 1593 402 1643 Jumus,
440 1595 543 1646 Jou.
575 1595 740 1646 Joacn.
765 1596 1034 1635 Beccnrims
1050 1628 1059 1641 ‚
1100 1600 1136 1636 δε
1165 1597 1197 1649 J.
1222 1598 1264 1637 A.

96 1643 350 1682 Comssmus
369 1647 407 1682 in
428 1649 533 1681 Lexico
552 1647 687 1689 Atriali,
716 1647 752 1683 &
773 1650 875 1691 Janua
893 1650 1087 1694 Linguarum.

100 1735 102 1738 y
171 1692 244 1731 Has
270 1693 387 1732 literas
422 1696 559 1743 primus
591 1695 687 1744 apud
707 1707 775 1732 nos
801 1696 970 1744 professus
998 1698 1045 1734 est
1065 1696 1266 1736 Tuoms

98 1739 312 1781 Etmo‘rA
339 1752 479 1782 armatae
501 1745 636 1782 militiae
655 1752 792 1782 auratus
819 1744 957 1795 EqueS‚
984 1748 1022 1783 in
1039 1747 1267 1786 Sudovolciae

99 1790 286 1830 Comitatu
304 1792 545 1831 honestissimo
560 1793 647 1831 loco
666 1802 778 1832 natus.
824 1794 885 1833 De
906 1807 979 1844 quo
1003 1795 1084 1833 vide
1094 1797 1268 1832 Lelandum

100 1841 140 1877 in
164 1839 368 1886 Encomiis‚
395 1844 547 1880 Balaam,
571 1844 738 1878 Antonium
760 1844 881 1886 Wood,
907 1845 1072 1893 aliosque.
1130 1845 1269 1884 Claruit

100 1885 142 1928 Α.
171 1902 274 1938 ¹540·
298 1892 376 1941 regi
399 1891 617 1930 Hemico
645 1905 665 1930 a
687 1892 920 1931 familiaritate
942 1896 978 1931 δε
998 1895 1189 1942 splendidis
1203 1898 1270 1933 mi-

100 1939 261 1978 nisteriis,
312 1941 452 1980 Prodiit
473 1943 546 1990 ejus
576 1941 842 1980 Ditlionarium
866 1942 1117 1993 Latino-Angl.
1147 1944 1266 1983 Lond.

105 1999 212 2036 1541.
230 1989 292 2029 sol.
319 2003 409 2029 mox
430 1999 550 2028 tamen
565 1991 608 2029 sc.
622 1991 662 2029 A.
685 2004 790 2038 1552.
817 1994 939 2030 iterata
955 1995 1034 2030 vice
1053 2006 1072 2031 a
1095 1994 1161 2031 ΤΗ
1174 2003 1269 2032 oMA

102 2037 328 2077 Coopnizo
357 2039 579 2083 Oxonienfi,
606 2048 713 2091 atque
731 2041 872 2079 Scholae
893 2042 1177 2092 Magdalenenfis
1205 2044 1271 2081 ibi-

102 2086 189 2124 dem
207 2087 447 2127 Informatore
461 2117 472 2133 ,
502 2101 621 2135 33000
640 2092 781 2128 circiter
799 2092 947 2128 vocibus
962 2093 1158 2130 adauiftum.
1201 2093 1272 2130 Sed

103 2136 223 2174 adhuc
244 2149 313 2186 pro
339 2139 466 2177 Saeculi
486 2140 691 2177 infelicitate
713 2140 833 2177 multis
857 2143 998 2189 ineptiis
1022 2143 1057 2178 ὃς
1076 2142 1271 2179 foedissimis

103 2187 271 2224 monstriS
286 2188 438 2226 scatebat
451 2200 560 2237 opus,
587 2197 627 2226 ut
647 2189 844 2237 exspeecare
866 2202 928 2237 par
943 2198 1023 2227 erat.
1051 2191 1153 2229 Idem
1173 2192 1274 2229 dein-

106 2236 152 2273 de
170 2235 438 2282 Commius,
474 2245 624 2287 propter
649 2239 789 2276 labores
819 2239 968 2276 feliciter
997 2241 1196 2278 exantlatos
1230 2242 1272 2278 ab

105 2287 246 2333 optima
277 2287 415 2335 Regma
450 2286 824 2326 ELIZABETHA
857 2289 1035 2326 bonarum
1056 2292 1185 2328 artium
1206 2303 1276 2327 nu-

107 2337 196 2372 trice
218 2335 262 2372 ad
280 2335 535 2386 Episcopatum
556 2335 856 2375 Wintoniensem
883 2339 1040 2380 evetius.
1079 2339 1145 2382 (In
1173 2347 1275 2378 tanto

106 2386 206 2421 enim
226 2385 377 2423 homine
395 2387 659 2424 remunerando
685 2399 839 2436 eumque
866 2388 971 2424 bonis
1001 2387 1128 2426 officiis
1152 2401 1277 2426 cumu-

107 2433 218 2471 {ando
239 2434 303 2472 sibi
330 2435 394 2484 ipsi
425 2436 458 2473 se
484 2448 669 2485 nunquam
689 2436 882 2473 satisfecisse
915 2437 1032 2485 palam
1072 2439 1278 2487 praedicavit

109 2482 247 2532 Regina
264 2484 609 2531 munificentissima>
632 2488 784 2534 proprio
809 2485 955 2522 tandem
983 2487 1102 2525 Marte
1124 2486 1279 2526 Thesau-

108 2544 190 2570 rum
217 2534 376 2571 molitur.
424 2533 562 2572 Prodiit
582 2533 741 2571 Londini
769 2541 873 2582 1584.
893 2535 955 2572 fol.
985 2536 1027 2573 sc..
1080 2538 1101 2555 “
1122 2535 1278 2575 Thesau-

109 2582 132 2600 “
155 2594 215 2620 rus
236 2582 385 2632 Linguae
407 2583 583 2622 Rom-anae
605 2585 641 2621 ὃς
665 2584 874 2622 Britannicae
897 2591 969 2621 tam
998 2593 1159 2624 accurate
1190 2599 1279 2625 con-

111 2631 133 2649 “
156 2633 270 2680 gestus
292 2640 333 2670 ut
358 2631 449 2670 nihil
470 2643 564 2682 pene
588 2634 625 2670 in
647 2645 693 2671 eo
725 2633 911 2671 desiderari
934 2634 1059 2683 pOffit‚
1094 2636 1197 2684 quod
1220 2635 1278 2673 vel

111 2681 134 2699 “
157 2682 282 2720 Latine
300 2682 560 2731 complectatur
576 2679 806 2731 amplissimus
828 2683 850 2720 S
862 2692 915 2717 Tr
927 2693 945 2718 P
957 2695 980 2718 ii
992 2695 1069 2720 aur
1096 2686 1253 2730 Thesaurus
1266 2711 1278 2727 ,

112 2730 135 2748 “
158 2731 216 2768 vel
238 2731 386 2782 Anglice
412 2734 518 2770 toties
539 2731 636 2769 aucta
659 2733 762 2767 Effiotae
782 2731 1005 2770 Bibliotheca
1018 2761 1027 2776 ‚
1056 2743 1164 2782 opera
1179 2736 1278 2771 &in-

113 2779 137 2798 “
163 2780 289 2819 dustria
319 2781 497 2820 Tuomffl
533 2781 631 2820 Coo
643 2790 743 2818 PERI
756 2808 768 2825 ‚
799 2781 1094 2830 Magdalenenfis.
1107 2786 1125 2801 ’²
1176 2782 1279 2830 Quid

114 2829 387 2877 exspectandum
403 2830 444 2868 sit
462 2833 504 2869 ab
531 2831 603 2869 hoc
611 2831 794 2869 Thesauro
807 2860 817 2874 ‚
842 2831 950 2868 discet
965 2833 1076 2870 lector
1095 2845 1140 2870 ex
1160 2834 1278 2870 verbis

114 2878 296 2917 nuderis:
349 2881 369 2898 “
390 2879 462 2918 Hic
479 2892 557 2918 non
584 2880 701 2918 solum
729 2881 896 2931 cujusque
918 2882 1085 2919 vocabuli
1110 2894 1280 2919 vernacu-

114 2927 138 2945 “
163 2928 234 2965 lam
262 2929 593 2978 interpretationem
625 2932 756 2967 variam
782 2932 827 2968 ὃς
856 2932 1039 2979 copiosam
1078 2933 1279 2979 reperient,

115 2977 139 2994 “
163 2977 221 3015 sed
255 2979 292 3016 ὃς
323 2981 431 3016 etiam
464 2992 509 3017 ex
548 2979 762 3028 ampliffimo
794 2980 1007 3020 Ronmzrr
1040 2979 1281 3019 STEPHAM

114 3027 139 3043 ‘⁴
167 3027 311 3071 Thesauro
331 3028 619 3066 commodissime
637 3030 821 3078 congestas
850 3030 1078 3067 locutionum
1096 3030 1279 3071 formulas,

112 3079 143 3108 s“
167 3078 296 3125 quibus
326 3078 480 3125 ejusdem
513 3079 607 3126 apud
643 3081 817 3127 probatos
843 3080 1008 3117 authores
1035 3079 1131 3122 usuS‚
1171 3091 1283 3128 quan-

113 3128 140 3170 ,“
167 3128 300 3164 tumvis
315 3127 528 3177 multiplex,
551 3128 737 3168 indicatur.
787 3128 842 3168 Ex
862 3128 986 3166 iisdem
1012 3130 1119 3166 etiam
1140 3128 1283 3166 subscri-

153 3318 173 3355 [
181 3317 221 3355 a]
241 3316 260 3349 P
268 3327 283 3349 s
290 3328 311 3349 τ
320 3327 338 3349 ι
347 3327 368 3349 u
376 3328 389 3349 s
419 3318 445 3349 D
454 3328 473 3348 A
483 3326 505 3348 N
512 3327 556 3349 ιτ
564 3328 576 3348 1
584 3327 626 3349 us
654 3319 745 3350 Abbas
766 3318 793 3350 S.
807 3319 906 3349 Nicolai
927 3318 1107 3350 virdunenfis
1117 3339 1126 3354 .
1157 3317 1284 3346 Ludovico

119 3355 151 3387 X
162 3357 171 3387 1
181 3357 211 3388 V.
233 3356 299 3387 Viro
312 3356 483 3392 immortali,
500 3357 587 3388 bonas
598 3363 671 3387 artes
683 3365 831 3388 revocante
842 3381 850 3395 ‚
872 3363 995 3396 Magnum
1007 3357 1086 3387 suum
1099 3358 1283 3384 Diflianarium

119 3395 155 3422 ad
163 3395 235 3432 usum
249 3395 394 3431 Serenifflmi
406 3396 523 3432 Delphini
534 3396 628 3432 collegit
641 3404 719 3433 atque
730 3397 821 3424 Gallico
839 3399 957 3424 Idiomate
969 3396 1087 3423 reddidit.
1106 3394 1184 3424 Paris.
1201 3397 1282 3428 1691.

120 3439 179 3468 ato.
192 3434 219 3463 &
232 3433 342 3472 saepius.
381 3433 489 3464 Placuit
506 3433 640 3463 nimirum
657 3434 830 3464 omatiffimo
851 3432 1041 3470 Montaufim,
1058 3433 1139 3469 cujus
1156 3431 1287 3476 auspiciis

119 3468 207 3508 Regia
218 3470 356 3508 ,Iuventus
368 3471 564 3501 instituebatur
575 3492 585 3506 ‚
604 3478 636 3501 ut
652 3471 757 3501 Latinae
774 3470 887 3510 Linguae
898 3472 1056 3510 Scriptores
1076 3479 1145 3508 quos
1163 3469 1284 3507 expoliri

121 3514 205 3546 atque
221 3510 268 3539 edi
289 3510 396 3539 curavit
410 3509 445 3539 ad
466 3509 552 3539 studia
575 3508 709 3548 Principis
729 3510 942 3547 promovenda,
962 3510 1021 3548 pari
1041 3509 1126 3538 etiam
1146 3508 1223 3551 passu
1245 3507 1286 3537 se-

119 3554 252 3583 queretur
262 3549 355 3575 Latina
367 3549 462 3583 Lingua
478 3548 670 3576 Diflivnariusn.
709 3548 791 3577 Haud
810 3548 951 3578 immerito
974 3548 1003 3576 in
1027 3546 1079 3576 hac
1098 3552 1175 3584 parte
1194 3546 1286 3575 litera»

121 3593 182 3613 rum
209 3585 233 3614 D
242 3595 262 3615 A
271 3594 316 3614 uu
325 3595 345 3614 T
354 3596 364 3614 1
374 3595 393 3614 u
403 3596 423 3614 M
437 3585 545 3615 caeteris
558 3585 616 3615 fere
630 3585 763 3615 omnibus
776 3587 927 3624 praeferunt
946 3584 1054 3615 Eruditi
1066 3594 1073 3614 ς
1094 3585 1135 3614 uti
1149 3583 1285 3627 lexicon,

121 3622 199 3658 quod
223 3624 340 3653 Auctore
355 3623 534 3652 innominato
548 3628 663 3653 vocatur
682 3623 709 3653 O
721 3634 735 3653 ιτ
745 3634 758 3653 r
768 3635 776 3652 ι
788 3633 880 3653 cmix
902 3623 1044 3653 Lirim
1054 3631 1074 3650 T
1086 3629 1171 3652 Aris
1185 3643 1193 3656 ,
1214 3620 1285 3651 Lati-

123 3668 180 3688 no·
192 3660 351 3696 Gallicum,
371 3660 491 3690 viciffim
505 3660 543 3690 ad
560 3660 660 3691 ultima
676 3662 841 3691 detrudunt.
882 3661 952 3692 Vide
964 3661 994 3691 in
1015 3660 1070 3690 hnc
1079 3669 1152 3699 opus
1170 3660 1287 3691 Stridtu-

119 3706 163 3727 ras
181 3699 325 3735 cujusdam
343 3697 491 3737 praemissas
509 3698 562 3728 DA
573 3708 643 3728 nn·
653 3709 663 3728 ι
674 3709 684 3728 1
702 3696 725 3729 L
735 3708 855 3730 sxrco.

161 3735 203 3772 [b]
223 3739 352 3764 Antonius
363 3737 477 3765 modin
489 3736 609 3766 Historia
619 3737 714 3767 Oxon.

159 3774 204 3810 [c]
229 3774 315 3811 Quod
334 3774 438 3812 scripsit
457 3772 616 3804 Fusius
634 3774 808 3806 Teutonice.
829 3774 946 3812 Anglice
963 3776 1071 3804 tantum
1092 3774 1289 3810 interpretatus

122 3811 164 3886 3}
196 3811 405 3842 Coornus.
459 3812 501 3842 Ita
538 3813 597 3842 fere
633 3813 829 3851 pronuntiavit
873 3813 911 3842 de
943 3820 978 3843 eo
1015 3809 1052 3842 T.
1078 3820 1122 3841 οι
1161 3812 1288 3841 8ΛοιΑ

160 3859 288 3878 unco.

162 3887 209 3923 [d]
229 3887 254 3917 T
265 3897 311 3917 iro
320 3898 343 3916 M
352 3898 373 3917 A
381 3896 396 3918 s
414 3887 470 3918 Tu
481 3897 498 3917 ο
508 3898 530 3917 κ
542 3897 561 3917 Α
570 3897 584 3917 s
594 3897 605 3916 t
613 3896 651 3917 us
677 3887 789 3926 inclytae
813 3886 970 3918 Academiae
986 3886 1219 3923 cantabrigiensis
1232 3885 1290 3922 Ty-

62 3955 67 3958 *
123 3924 286 3963 pographus
300 3926 327 3955 δι
339 3927 428 3962 Legati
439 3926 468 3955 in
481 3935 515 3955 eo
535 3934 651 3955 munere
665 3924 803 3955 Deceffor.
821 3924 891 3955 coll.
916 3923 1026 3962 Regalis
1044 3924 1152 3954 ibidem
1172 3924 1241 3952 olim
1256 3925 1290 3952 A·

126 3962 250 3993 iumnus.
288 3962 330 3993 Ex
342 3962 559 3993 Hatchern'Catal.
578 3963 638 3992 MS.
656 3963 766 3993 Electus
785 3973 856 3994 unus
869 3972 904 3992 ex
925 3964 1012 3993 tribus
1025 3963 1159 3992 librorum
1172 3961 1289 3998 impres-

124 3998 250 4036 roribus.
273 4010 316 4032 ιι.
332 4000 400 4032 Feb.
416 4006 498 4038 1585.
516 4000 630 4039 Registt·
640 4002 725 4032 Acad.
747 4001 829 4033 Cant.
843 4001 926 4033 Obiit
940 4000 1097 4037 Uxoratus,
1113 4001 1141 4030 δε
1158 3999 1290 4030 humatus

1297 176 1420 230 Edit.
1453 178 1647 232 Londin.
1683 195 1707 235 1
1720 194 1755 248 7
1770 195 1796 248 3
1812 197 1854 250 5.
2378 205 2442 248 17

1295 283 1318 298 “
1343 281 1410 327 ptis
1428 282 1655 320 locutionum
1675 284 1848 332 exemplis
1874 285 2093 334 intelligent,
2123 289 2317 336 cujusmodi
2350 293 2383 327 iii
2409 294 2450 329 i'l-

1297 330 1321 346 “
1353 330 1510 367 lustribus
1533 334 1758 379 scriptoribus
1783 334 1940 378 adjuncta
1958 335 2023 371 sint
2046 340 2250 374 nominibus
2275 339 2447 386 Epitheta‚

1299 380 1323 393 ‘⁹
1350 389 1426 424 quae
1457 381 1570 416 verbis
1603 382 1782 428 eleganter
1807 383 1970 420 adverbia
2001 388 2272 428 connectantur,
2301 400 2376 435 qua:
2398 392 2452 425 in·-

1352 426 1489 462 terdum
1513 429 1689 466 Antitetha
1711 431 1745 467 &
1762 434 1954 474 contraria,
1982 444 2057 481 quae
2077 437 2223 471 nomina
2239 438 2365 483 quibus
2376 450 2451 473 ver-

1300 474 1323 490 “
1349 474 1421 515 bis,
1450 486 1525 521 quse
1554 479 1638 513 item
1657 481 1761 516 verba
1776 481 1901 528 quibus
1917 483 2122 518 nominibus
2141 491 2220 530 apte
2242 485 2448 522 cohaereant.

1301 524 1323 538 “
1347 521 1487 558 Genera
1511 526 1701 563 verborum
1727 529 1762 564 &
1791 531 2001 571 nominum,
2039 530 2289 573 inflexionem,
2329 546 2452 570 accen-

1303 572 1326 587 “
1352 577 1447 612 tuni,
1475 572 1730 611 derivationem
1756 578 1922 626 nusquam
1947 591 2038 625 pene
2065 580 2283 626 praetermiii,
2312 590 2348 618 ut
2374 583 2454 619 ilio-

1302 621 1324 636 “
1352 631 1429 655 rum
1469 622 1572 656 etiam
1606 624 1822 661 consulerem
1858 626 2051 668 industriae,
2089 629 2213 676 quibus
2245 629 2337 666 deest
2368 634 2454 667 vivae

1305 669 1328 684 “
1354 669 1452 703 vocis
1475 669 1655 712 institutio,
1706 672 1883 723 Adscripta
1905 676 1981 712 sunt
2008 677 2138 724 ubique
2164 678 2363 715 Authorum
2391 692 2456 716 no-

1354 718 1469 757 mina,
1499 725 1623 754 utnon
1642 720 1827 757 obscurum
1847 724 1910 759 effe
1928 724 2031 771 poffit
2045 752 2054 767 ‚
2083 726 2168 773 quid
2185 729 2311 774 cuique
2332 729 2457 764 debea-

1355 771 1419 800 tur.
1472 764 1567 801 Hinc
1598 769 1703 802 etiam
1730 769 1781 804 vel
1817 774 1947 817 exiguo
1976 776 2123 821 negotio
2156 774 2368 822 depromant
2396 778 2457 813 libi

1357 824 1431 850 non
1455 816 1761 851 contemnendum
1782 828 1983 864 apparatum
2017 825 2206 860 verborum
2239 826 2273 860 &
2306 824 2460 861 locutio-

1359 874 1446 898 num
1460 890 1469 904 ,
1499 862 1567 899 five
1584 863 1627 899 dc
1645 876 1681 899 re
1705 864 1818 912 aliqua
1839 867 2026 905 dicendum
2048 870 2106 913 iit,
2132 872 2199 908 sive
2225 873 2458 911 scribendum.

1357 911 1543 948 Accedunt
1562 912 1597 948 Sc
1620 912 1677 948 ista
1697 925 1770 949 non
1796 917 1921 962 exigua
1944 921 2157 961 commoda,
2193 922 2291 969 quod
2319 923 2377 958 hic
2400 925 2460 958 La-

1358 961 1423 996 tini
1449 961 1631 1011 Sermonis
1652 961 1862 1009 elegantiam
1891 966 1926 1000 &
1951 970 2225 1005 concinnitatem
2255 971 2459 1012 observent,

1309 1011 1333 1026 ‘⁶
1359 1009 1457 1056 quod
1477 1009 1629 1056 ejusdem
1647 1021 1728 1046 cum
1750 1012 1869 1049 nostro
1891 1013 2060 1050 idiomate
2076 1018 2337 1055 consensionem
2359 1020 2461 1056 intel-

1311 1060 1336 1075 “
1360 1058 1491 1105 ligant,
1521 1058 1619 1106 quod
1639 1060 1674 1095 in
1696 1059 1759 1095 suis
1787 1061 1920 1108 scriptis
1949 1062 1991 1098 ad
2025 1066 2244 1110 optimorum
2273 1069 2463 1105 authorum

1311 1110 1335 1125 “
1362 1107 1601 1144 imitationem
1622 1107 1653 1144 se
1677 1108 1810 1146 facilius
1838 1120 2070 1157 componant.
2083 1115 2100 1130 ’‘
2148 1112 2364 1152 Utilissimum
2386 1118 2464 1153 sane

1311 1166 1459 1204 operam
1488 1158 1610 1204 utique
1632 1158 1787 1204 praestitit
1807 1154 1930 1196 Praesul
1955 1159 2185 1204 doetiffimus,
2210 1163 2273 1199 Vir
2297 1166 2466 1202 eruditio-

1312 1216 1379 1246 ne,
1406 1205 1585 1247 moribus,
1613 1208 1715 1243 omni
1742 1207 1844 1244 laude
1863 1210 1984 1256 maJ’or.
2037 1208 2210 1246 Nondum
2235 1215 2328 1249 enim
2347 1215 2467 1251 delivit

1314 1253 1381 1290 effe
1401 1253 1457 1290 vel
1478 1255 1514 1290 in
1535 1255 1651 1302 pretio
1681 1255 1737 1291 vel
1760 1258 1796 1293 in
1821 1256 1890 1294 usu.
1939 1257 2102 1294 Attamen
2130 1266 2253 1305 praeter
2280 1262 2376 1309 quod
2401 1264 2468 1300 Au-

1314 1302 1427 1339 &ores
1451 1305 1579 1350 raptim
1601 1306 1775 1347 citentur,
1803 1306 1905 1342 nullo
1926 1306 2083 1343 indicato
2108 1307 2193 1344 loco
2221 1320 2325 1356 quem
2347 1313 2470 1348 consu-

1314 1352 1447 1394 lamus,
1474 1352 1599 1389 eadem
1620 1353 1761 1400 inopia,
1784 1366 1861 1402 quae
1876 1362 2021 1392 caeteros
2045 1357 2115 1402 ejus
2134 1360 2241 1394 aetatis
2258 1357 2470 1408 Lexicogra-

1315 1400 1428 1449 phos,
1457 1403 1588 1449 premit
1609 1412 1754 1451 quoque
1774 1405 1943 1441 nostrum.
1993 1403 2168 1441 Nondum
2190 1406 2394 1453 prodierant
2413 1409 2472 1444 ali-

1318 1457 1409 1499 quot
1438 1449 1608 1488 Audtores
1639 1453 1786 1498 optimae
1822 1460 1936 1495 notae,
1978 1452 2229 1502 scriptoresque
2259 1455 2474 1505 philologici

1318 1501 1380 1548 qui
1401 1500 1596 1548 plurimum
1615 1500 1658 1536 ad
1681 1500 1756 1537 haec
1782 1501 1890 1538 studia
1913 1503 2073 1539 conferre
2099 1511 2274 1550 poterant.
2325 1504 2476 1542 Plurima

1318 1550 1404 1586 item
1428 1549 1572 1586 barbara
1592 1549 1779 1597 irrepsere,
1807 1550 1883 1593 sed,
1927 1563 1972 1588 ne
2002 1551 2108 1588 ullam
2137 1552 2278 1589 laudem
2304 1556 2389 1590 tanti
2414 1557 2478 1591 viri

1320 1600 1545 1640 omittamus,
1573 1598 1617 1634 de
1636 1600 1678 1634 iis
1700 1610 1822 1636 cavere
1840 1600 1946 1636 debet
1962 1598 2089 1637 Lector
2101 1603 2138 1637 in
2156 1600 2281 1638 limine
2298 1605 2414 1650 operis
2424 1604 2477 1639 his

1321 1649 1438 1684 verbis
1464 1647 1687 1684 admonitusi
1741 1652 1763 1666 “
1789 1647 1922 1687 Omnis
1954 1649 2060 1685 didio
2090 1661 2165 1698 quae
2191 1662 2235 1687 ex
2261 1650 2413 1688 Classicis
2443 1653 2478 1689 &z

1322 1700 1345 1715 ‘⁶
1369 1697 1529 1745 probatis
1547 1696 1754 1734 authoribus
1774 1698 2017 1746 depromitur,
2045 1698 2150 1735 habet
2168 1701 2324 1736 authoris
2344 1713 2479 1738 nomen

1320 1750 1346 1765 “
1371 1746 1570 1794 ascriptum.
1621 1745 1736 1792 Quod
1768 1746 1863 1795 siqua
1889 1759 1964 1784 non
2005 1747 2183 1789 habuerit,
2213 1761 2288 1785 eam
2313 1750 2398 1786 scito
2425 1750 2481 1786 vel

1324 1799 1346 1814 “
1372 1794 1533 1832 Graecam
1561 1794 1648 1837 effe,
1675 1796 1832 1832 necdum
1859 1797 1897 1832 in
1922 1795 1997 1832 satis
2020 1798 2210 1844 probatum
2244 1799 2342 1834 usum
2367 1799 2481 1835 Latini

1324 1848 1347 1863 “
1371 1844 1554 1882 Sermonis
1573 1845 1800 1892 pertraclam,
1826 1845 1883 1881 vel
1903 1845 2072 1892 ejusmodi
2093 1845 2254 1883 Latinam
2276 1850 2395 1896 quaein
2414 1848 2483 1883 lau-

1326 1898 1351 1912 “
1376 1894 1464 1930 datis
1494 1894 1734 1942 Scriptoribus
1759 1906 1834 1930 non
1861 1897 2062 1942 reperiatur.
2074 1898 2091 1911 ''
2141 1895 2209 1932 Pro
2239 1899 2286 1932 ria
2318 1897 2484 1933 locorum

1325 1944 1361 1981 δε
1381 1943 1610 1991 personarum
1631 1943 1804 1980 vocabula
1825 1943 1969 1991 separari
1984 1956 2002 1979 a
2016 1946 2146 1980 caeteri's
2165 1946 2198 1991 ju
2228 1954 2273 1986 it,
2299 1947 2355 1981 ubi
2377 1959 2485 1993 quan-

1324 1993 1446 2042 doque
1466 1991 1662 2040 graviffime
1680 1992 1918 2029 hallucinatur.
1970 1991 2030 2029 De
2051 2005 2096 2030 eo
2123 1993 2282 2041 Scriptor
2302 1995 2485 2031 celeberri-

1325 2054 1404 2079 mus
1434 2040 1499 2088 [b]‚
1527 2041 1648 2078 alienae
1671 2042 1783 2078 laudis
1800 2053 1876 2078 non
1897 2043 2049 2078 nimium
2069 2042 2267 2080 Studioius:
2320 2047 2342 2060 ‘⁶
2370 2044 2486 2081 Multa

1327 2095 1350 2110 “
1374 2091 1418 2128 de
1443 2090 1508 2127 illo
1529 2092 1607 2127 viro
1632 2090 1747 2127 habeo
1762 2119 1772 2133 ,
1811 2103 1888 2138 quae
1910 2102 1984 2127 non
2010 2090 2080 2127 sine
2107 2093 2230 2138 injuria
2251 2093 2412 2128 videntur
2435 2105 2487 2129 re·-

1327 2144 1349 2159 “
1375 2142 1475 2177 ticeri
1492 2138 1610 2187 poffe,
1643 2152 1726 2176 nam
1750 2139 1909 2187 prosec‘to
1931 2140 1995 2176 suit
2021 2141 2054 2176 ὃς
2077 2144 2233 2177 muneris
2251 2142 2297 2180 sui
2320 2143 2355 2178 ἃ·
2374 2143 2487 2178 crudi-

1327 2194 1351 2209 “
1377 2190 1486 2226 tionis
1507 2190 1582 2235 jure
1609 2189 1842 2226 reverendus:
1869 2189 2044 2225 industriae
2068 2191 2246 2237 specimen
2274 2191 2414 2239 reliquit
2437 2193 2489 2227 in-

1327 2243 1351 2258 “
1378 2250 1465 2288 gens
1498 2237 1587 2274 illud
1617 2237 1904 2279 Dittionarium,
1941 2239 1999 2275 cui
2030 2241 2132 2286 operi
2161 2242 2211 2276 uti
2241 2241 2367 2276 faniam
2396 2240 2489 2277 suam

1329 2292 1354 2307 ‘⁶
1380 2287 1475 2336 apud
1504 2288 1683 2335 posteros,
1718 2289 1766 2323 ita
1792 2287 1840 2323 sui
1872 2287 1983 2323 saecuii
2010 2286 2130 2324 laudes
2157 2288 2258 2325 simul
2284 2291 2318 2325 &
2343 2301 2491 2337 pronio-

1330 2341 1355 2358 “
1382 2340 1521 2374 tionem
1540 2337 1633 2373 suam
1654 2338 1830 2384 praecipue
1848 2335 1962 2373 debet.
1990 2334 2274 2375 Fundamentum
2292 2339 2384 2374 istius
2404 2350 2491 2386 ope-

1331 2391 1354 2406 ‘⁶
1377 2389 1424 2423 ris
1447 2399 1466 2423 e
1482 2385 1636 2422 Thomae
1664 2385 1787 2423 Ellioti
1811 2385 1938 2422 Militis
1969 2384 2213 2430 Dictionarim
2249 2386 2335 2424 ficut
2362 2388 2396 2423 δε
2423 2387 2492 2433 ipsa

1331 2441 1354 2456 ‘⁶
1381 2436 1526 2473 materia
1552 2436 1588 2471 ἃ
1617 2437 1809 2471 verborum
1833 2435 1869 2470 &
1887 2434 2059 2481 phraset'm
2080 2437 2183 2483 copia
2213 2448 2232 2472 e
2258 2436 2299 2473 R.
2323 2436 2491 2483 Stephani

1334 2490 1357 2505 ‘⁶
1382 2484 1564 2522 Thesauro
1594 2484 1630 2520 ’δε
1648 2483 1825 2532 johannis
1851 2482 1946 2520 Frisii
1977 2482 2113 2520 Lexico
2140 2484 2492 2522 Latino-Teutonico

1334 2539 1357 2554 “
1380 2535 1565 2580 desumpta
1591 2533 1708 2570 sunt.’'
1755 2532 1812 2570 De
1840 2532 1895 2568 liis
1926 2531 2206 2581 Lexicographis
2235 2533 2363 2571 dicitur
2395 2533 2492 2582 quod

1334 2584 1470 2629 Calepino
1489 2581 1600 2620 ELLI
1613 2594 1635 2619 o
1648 2594 1719 2623 TA,
1748 2588 1835 2618 tunc
1852 2583 2027 2629 temporis
2045 2582 2301 2625 inclarescenti,
2329 2582 2453 2620 FRiSi
2469 2595 2494 2619 ο

1335 2633 1416 2680 [c]‚
1450 2632 1527 2674 vel,
1558 2631 1657 2680 quod
1677 2631 1824 2678 perinde
1855 2631 1925 2672 est,
1958 2630 2206 2672 STEPHANJO
2227 2640 2343 2668 totum
2370 2632 2495 2668 debeat

1336 2683 1600 2722 eoois-fliius.
1651 2680 1730 2718 Hos
1752 2680 1904 2728 sequitur
1917 2679 2052 2716 infinita
2069 2680 2190 2717 Turba
2204 2680 2415 2718 Lexicorum
2429 2679 2494 2717 La-

1337 2730 1679 2778 tino-Anglicorum.
1730 2727 1992 2767 Distionarium
2028 2727 2210 2766 Tuomae
2252 2727 2492 2767 THOMASH

1338 2781 1427 2828 [d],
1454 2779 1554 2829 quod
1574 2779 1617 2816 ad
1640 2778 1812 2816 summam
1829 2779 1901 2815 fere
1924 2780 2157 2815 maturitatem
2182 2779 2384 2826 perduCluni
2415 2780 2460 2814 est
2475 2790 2495 2814 a.

1338 2831 1501 2865 Philemone
1518 2828 1657 2863 Helland.
1708 2827 1917 2877 JoANNEs
1942 2826 2148 2865 Rmmus
2175 2827 2294 2865 Praesui
2317 2827 2407 2875 apud
2431 2827 2494 2863 lli-

1338 2881 1471 2916 bernos
1494 2890 1570 2914 non
1589 2879 1711 2926 utique
1731 2876 1985 2925 negligendus,
2016 2876 2151 2932 quisibi
2171 2877 2206 2913 id
2230 2879 2363 2925 negotii
2386 2875 2494 2918 dedit,

1339 2936 1379 2966 ut
1400 2927 1680 2976 praestantiorum
1701 2927 1839 2963 labores
1861 2928 1897 2962 in
1915 2926 2172 2973 compendium
2193 2925 2283 2974 quasi
2310 2925 2493 2971 redigeret.

1339 2977 1534 3015 THoMAs
1567 2975 1824 3013 HOLYOAKE
1853 2974 1921 3011 five
1955 2985 2007 3009 ni:
2037 2974 2177 3011 Sirena
2218 2975 2427 3020 QueizCU.
2454 2981 2494 3010 ut

1340 3027 1465 3065 Latine
1492 3024 1593 3062 reddi
1614 3026 1731 3072 potest
1755 3032 1859 3072 atque
1888 3025 1929 3060 ab
1958 3023 2032 3071 ipso
2060 3024 2226 3060 redditur.
2283 3023 2494 3059 l-‘nAiems-

1341 3086 1416 3111 cus
1441 3074 1760 3111 GOULDMANus
1780 3072 1839 3120 [e]
1866 3075 1925 3121 qui
1943 3072 2126 3120 profitetur
2146 3074 2177 3108 se
2195 3072 2495 3108 ΤΗοΜΑειυΜ,

1342 3124 1586 3166 Rimmon,
1634 3123 1670 3160 &
1712 3121 2016 3161 HOLYOAKUM
2049 3121 2246 3169 complesti.
2308 3120 2495 3159 Animus

1932 3183 1952 3208 e
2357 3169 2497 3207 Lim-

1308 912 1331 928 ‘C

1342 3316 1381 3347 est
1400 3316 1430 3346 in
1448 3314 1569 3346 Ecclesia
1585 3314 1612 3345 S.
1630 3315 1714 3341 Maria
1726 3313 1839 3349 majoris
1857 3309 1972 3342 cantab.
1999 3310 2062 3347 Aug.
2075 3319 2100 3344 9.
2118 3313 2199 3344 ¹585·-
2222 3309 2331 3353 Harfher
2351 3308 2499 3353 utsupra,

1341 3357 1369 3386 ἀ
1385 3355 1497 3390 Registr.
1525 3355 1552 3383 S.
1581 3354 1673 3380 Maria.
1699 3351 1821 3381 Lexicon
1849 3350 1902 3379 hoc
1922 3351 1993 3378 intra
2012 3353 2036 3381 S.
2061 3356 2196 3376 annorum
2212 3345 2498 3390 spatium'quinquies

1342 3394 1448 3431 prodiit
1460 3414 1467 3425 .
1483 3392 1517 3420 ad
1531 3392 1621 3420 vicem
1636 3397 1728 3424 ¹4tam
1747 3389 1850 3419 deinde
1863 3386 2003 3425 pervenit,
2028 3384 2099 3413 adeo
2115 3393 2146 3414 ut
2158 3395 2172 3413 a
2183 3385 2242 3413 viro
2262 3385 2291 3413 in
2315 3384 2392 3427 hisce
2413 3385 2497 3414 literis

1341 3429 1546 3470 ¹praeclarissimo
1566 3428 1634 3457 olim
1653 3427 1831 3463 judicabatur
1849 3425 1918 3454 nulli
1934 3424 2054 3453 Lei-ico,
2074 3423 2118 3451 vel
2133 3430 2250 3451 nurnero
2270 3429 2435 3457 vernorum,
2455 3431 2498 3452 ac.

1343 3476 1437 3500 curata
1456 3466 1689 3505 interpretatione
1701 3487 1708 3499 ‚
1730 3464 1920 3501 phrasiurnque
1932 3461 2042 3490 deletui
2059 3459 2258 3503 cederepoffe.

1381 3507 1426 3543 [e]
1446 3504 1465 3535 f
1477 3515 1519 3534 ΒΑ
1532 3515 1551 3533 N
1563 3511 1694 3534 eiscus
1724 3503 1774 3531 Go
1787 3512 1828 3530 ur„
1840 3511 1886 3529 DM
1898 3510 1917 3528 A
1929 3509 1948 3528 N
1971 3498 2090 3535 Coliegii
2108 3498 2208 3526 Christi
2228 3497 2304 3535 apud
2325 3496 2442 3527 cantab.
2466 3498 2499 3526 A.

1342 3544 1466 3575 l'umnus.
1488 3542 1569 3573 Obiit
1589 3543 1666 3570 Anno
1686 3544 1765 3574 1689.
1789 3538 1891 3568 Redor
1909 3537 1943 3566 de
1960 3537 2034 3562 Sourh
2050 3537 2165 3562 Okcndon
2173 3536 2254 3564 Com.
2267 3533 2337 3570 Effex
2350 3554 2357 3566 ,
2376 3536 2419 3564 cui
2432 3544 2499 3572 prae-

1342 3584 1397 3613 fui:
1425 3582 1461 3610 ab
1497 3582 1576 3609 Anno
1606 3583 1686 3614 1634.
1747 3579 1842 3606 Praeter
1866 3580 1980 3603 caeteros
2020 3572 2131 3601 labores
2163 3582 2232 3609 quos
2263 3571 2404 3614 insumpsit
2440 3582 2498 3602 non

1344 3620 1518 3653 mediocres,
1553 3618 1659 3644 criticos
1680 3619 1761 3641 sacros
1787 3624 1811 3648 9.
1837 3612 1896 3640 Vol.
1921 3611 1973 3640 fol.
2007 3620 2062 3639 una
2088 3619 2152 3639 cum
2177 3611 2237 3653 βοὴ.
2261 3611 2288 3638 Sc
2317 3613 2368 3638 ch.
2388 3610 2499 3652 ‘Pearfim

1346 3660 1373 3688 &
1399 3658 1510 3685 Antonio
1530 3654 1685 3689 scatrergoad
1708 3652 1753 3680 edi
1775 3651 1879 3680 curavit
1898 3650 1927 3678 in
1951 3648 2115 3683 Theologiae
2139 3647 2248 3676 Criticae
2264 3649 2290 3676 &
2310 3646 2428 3689 Eruditze
2443 3655 2500 3676 ma-

1345 3705 1431 3734 gnum
1466 3695 1679 3723 incrementum.
1737 3689 1769 3718 ln
1804 3687 1904 3717 Lexico
1938 3687 2090 3716 condendo
2115 3685 2215 3714 debuit
2249 3684 2376 3726 nonnihil
2409 3684 2499 3725 Tloma

1345 3734 1448 3771 Persam
1477 3730 1533 3760 Aul.
1565 3727 1787 3759 Pembroehianae
1810 3725 1904 3754 Socio.
1960 3724 2064 3754 Prodiit
2098 3723 2194 3760 saepius
2216 3722 2320 3764 ingenti
2336 3722 2499 3764 ‘accellone

1346 3770 1555 3808 locupletatum
1580 3775 1645 3796 cura
1671 3769 1701 3792 G.
1724 3764 1856 3799 Roberrfim
1889 3762 1960 3798 (viri
1980 3762 2009 3790 in
2034 3760 2178 3790 Hebraicis
2206 3759 2362 3788 clarislimi‘i
2385 3761 2409 3787 St
2433 3758 2502 3793 ejus-

1348 3810 1414 3838 dem
1441 3812 1474 3835 A.
1500 3804 1660 3840 statur-good.
1712 3802 1779 3829 Vide
1808 3801 1988 3836 Warthi'ngtom'
2013 3799 2094 3836 Epist.
2121 3806 2164 3827 ²2.
2201 3834 2206 3841 Ι
2231 3798 2249 3811 ¹‘
2272 3797 2304 3826 D.
2326 3796 2500 3825 Gouldmano

1347 3849 1370 3862 “
1390 3845 1436 3883 qui
1462 3843 1530 3873 mihi
1558 3841 1687 3879 proxime
1711 3839 1818 3876 praeivit
1850 3837 1959 3874 (siquid
1974 3845 2026 3871 ego
2045 3835 2110 3864 novi
2131 3835 2292 3868 hominem,
2313 3834 2428 3877 dubium
2446 3842 2502 3861 ma-

1347 3885 1369 3900 “
1390 3882 1467 3920 gisne
1492 3879 1609 3918 probum
1629 3888 1664 3908 an
1681 3877 1823 3906 eruditum
1845 3875 1956 3909 senem,
1986 3874 2098 3910 antiqua
2111 3872 2179 3916 ‘fide
2205 3874 2230 3901 δι
2250 3872 2373 3915 mpribus
2386 3893 2394 3905 ,
2421 3878 2503 3913 atque

1348 3923 1369 3937 “
1389 3930 1448 3950 tum
1475 3917 1608 3954 temporis
1625 3938 1633 3950 ,
1674 3925 1738 3944 cuni
1765 3916 1793 3943 id
1819 3913 1924 3950 negotii
1951 3913 1979 3941 in
2008 3911 2035 3940 se
2063 3917 2199 3948 reciperet
2217 3909 2362 3946 Regiarum
2384 3916 2504 3945 partium

1349 3961 1370 3976 “
1390 3957 1490 3993 reum)
1511 3954 1592 3986 &c.''
1628 3955 1660 3984 A.
1682 3954 1920 3983 kri-Traron.
1941 3949 2074 3988 praefatio.
