2641 4187
417 120 454 159 JE
552 123 604 165 Q
683 120 717 157 U

104 203 202 238 JEvum
218 205 328 241 aequale.
350 205 423 241 Virg.
445 209 468 239 3.
491 202 551 233 ffin.
573 213 637 239 491.

185 242 218 272 Et
236 252 310 272 nunc
327 241 422 279 aequali
443 249 536 270 tecum
558 239 720 278 pubesceret
740 249 806 270 nevo.

105 280 233 317 AEquales
253 281 310 309 aevi.
334 280 360 308 h.
383 290 407 308 e.
429 278 519 308 IEtate
537 288 622 314 pares.
644 278 691 306 Sil.
706 278 765 306 ltal.
782 278 829 308 lib.
847 286 870 314 3.

104 317 226 354 AEqualis
240 317 273 346 ab
288 317 364 345 omni
381 322 466 353 parte.
490 315 573 344 Ovid.
599 326 620 344 1.
641 315 710 345 Met.
732 324 774 351 34.

107 353 229 392 IEqualis
244 355 343 383 animis
362 353 388 384 ἃ
403 354 490 382 annis.
521 351 603 382 Ovid.
626 363 647 381 1.
672 352 739 381 Met.
753 360 815 389 750.

263 408 301 413 —-
322 391 383 420 Fuit
398 391 464 420 huic
483 391 584 419 animiS
602 390 712 428 aequalis
730 392 756 419 Sc
774 390 853 419 annis

187 428 250 458 Sole
270 428 342 458 satus
356 429 486 458 Phaeton.

106 464 228 503 AEqualis
243 467 366 503 &impar
378 488 385 500 ,
407 465 552 495 contraria.
575 463 634 493 Cic.
647 465 674 493 in
691 464 768 494 Orat.
782 474 845 498 205.
867 463 953 502 ldque
964 464 1086 502 quando,
1101 469 1205 493 auteur
1219 471 1226 493 t

129 504 282 542 quibusque
294 503 433 541 partibus,
455 501 616 540 pluribusne
627 512 661 531 an
671 502 791 538 lingulis,
802 501 952 539 imparibus
964 513 998 531 an
1009 501 1173 539 aequalibus.>

110 539 230 579 AEqualis
240 542 265 570 ἃ
280 546 346 570 nota
356 541 499 570 memoria.
542 539 600 569 Cic.
613 541 641 568 in
653 540 736 569 Bruto
747 550 811 574 244.
850 539 913 568 Non
931 550 998 577 puto
1010 541 1162 569 existimare
1172 561 1180 573 ,
1202 545 1229 567 te

127 579 279 608 ambitione
288 588 332 607 me
342 578 395 607 labi
411 601 418 613 ,
439 579 485 615 qui
509 588 544 615 pe
557 578 591 606 de
609 578 741 611 mortuis,
763 575 808 606 sed
821 577 948 606 ordinem
967 578 1083 615 sequens
1095 599 1103 611 ,
1125 577 1154 605 in
1174 586 1231 605 me-

128 617 246 645 moriam
259 624 353 645 notam
371 617 397 646 <Sc
411 624 486 652 aequa
500 625 544 644 em
559 614 707 644 necessario
726 615 844 644 incurro.

108 653 254 690 AEqualem
273 654 359 682 aetatis
374 654 426 682 sua:
444 654 605 682 memoriam
620 652 753 690 deposcit.
790 652 849 681 Cic.
864 661 886 680 r.
897 652 932 682 de
947 652 1040 690 Legib.
1053 658 1078 685 8.
1111 651 1170 689 Ipse
1185 661 1232 679 au-

131 698 187 721 tem
210 688 343 728 aequalem
366 692 452 720 aetatis
479 690 532 721 suat
557 690 719 720 memoriam
745 690 888 728 deposcit,
917 697 948 719 ut
970 700 1002 719 ea
1029 689 1231 728 complectatur

133 729 233 766 quibus
255 727 313 765 ipse
335 728 469 758 interfuit.

113 767 227 797 Peccata
238 767 291 796 effe
310 767 424 804 aequalia
442 767 619 796 contendunt
636 765 731 795 Stoici.
770 764 829 794 Cic.
846 764 875 792 in
888 763 978 794 l‘amd.
997 774 1021 800 3.

112 804 195 834 Par&
210 802 329 842 aequalis.
348 804 406 834 Cic.
423 804 451 833 in
461 804 537 833 Orat.
555 814 615 839 123.
629 804 682 833 Sed
691 804 744 832 erit
754 802 834 831 rebus
844 801 906 839 ipsis
916 812 963 839 par
978 804 1004 834 ἃ
1014 802 1125 841 aequalis
1133 802 1230 832 oratio.

113 842 191 872 Pares
203 844 228 872 ἃ
241 842 358 880 aequales
369 844 440 871 inter
455 843 480 871 se
498 841 621 871 virtutes.
643 842 701 870 cic,
715 851 737 869 1.
760 841 795 869 de
817 839 894 868 Orat.
911 846 954 875 83.

113 880 208 910 Parem
219 880 387 917 &aequalem
404 880 494 910 verbis
513 880 598 908 vitam
614 888 700 916 agere.
725 878 784 907 Cic.
795 878 823 906 in
838 877 942 906 Sallust.
960 888 982 907 ι.

114 917 236 955 AEqualis
251 920 409 956 temperies.
432 918 500 947 Plin.
520 917 566 945 lib.
580 926 621 952 34.
635 926 694 953 cap.
707 925 732 945 2.
745 916 780 944 de
792 925 844 944 aere
854 915 1010 945 Corinthio.
1059 915 1185 945 Tertium
1203 916 1233 945 in

136 965 190 992 quo
204 954 315 993 aequaiis
326 957 452 985 omnium
464 953 610 993 temperies
629 954 690 983 fuit.
714 954 731 982 i.
751 963 774 983 e.
798 952 912 982 Metalla
923 953 981 990 pari
998 954 1127 991 portione
1137 954 1231 983 mixta.

77 992 337 1029 AEQUALITAS,
363 995 423 1024 atis.
448 993 467 1022 f.
489 988 611 1028 [iow'm]
645 992 757 1020 denom.
786 990 966 1026 Similitudo,
995 992 1104 1029 paritas.
1129 991 1187 1020 Cic.
1205 992 1235 1019 in

116 1030 219 1069 Topic.
250 1031 341 1061 Multa
349 1038 441 1061 autem
452 1030 514 1059 sunt
523 1039 582 1067 quae
599 1028 752 1066 aequalitate
769 1028 825 1066 ipsa
843 1036 1047 1067 comparantur.

115 1069 159 1098 Ad
178 1069 361 1106 aequalitatem
378 1069 518 1106 redigere,
538 1077 589 1105 pro
608 1067 734 1104 ffiquare.
766 1066 836 1095 Plin.
849 1066 896 1096 lib.
910 1077 952 1103 30.
971 1077 1030 1104 cap.
1046 1076 1087 1104 13.
1121 1066 1237 1096 Carnes-

133 1116 191 1144 ·que
207 1107 411 1143 excrescentes,
429 1107 464 1136 ad
484 1104 668 1143 aequalitatem
681 1104 799 1142 redigit:
821 1104 916 1142 explet
923 1114 1033 1142 quoque
1045 1126 1053 1140 ,
1070 1106 1097 1134 &
1112 1105 1147 1134 ad
1164 1104 1237 1133 cica-

135 1144 235 1174 tricem
250 1145 387 1183 perducit.

117 1182 225 1213 Exuere
235 1182 427 1220 aequalitatem.
446 1181 535 1211 Tacit.
547 1189 572 1217 3.
595 1181 663 1210 Arm.
681 1189 727 1218 74.
750 1180 783 1209 At
792 1179 937 1217 postquam
949 1180 1014 1209 exui
1030 1178 1169 1216 aequalitas
1180 1201 1188 1215 ,
1209 1180 1236 1208 &

133 1230 187 1258 pro
204 1220 337 1250 modestia
349 1230 381 1249 ac
397 1219 506 1258 pudore
517 1219 632 1248 ambitio
648 1221 675 1249 &
689 1219 731 1248 vis
748 1218 891 1248 incidebat
901 1240 909 1253 ‚
936 1227 1089 1256 provenere
1111 1217 1238 1248 domina-

135 1259 235 1287 tiones.

116 1295 245 1326 Fraterna
262 1294 410 1334 aequalitas.
444 1294 503 1324 Cic.
527 1303 577 1332 pro
599 1293 740 1331 Ligar.35.
783 1293 856 1330 Quis
876 1293 915 1322 est
932 1294 979 1331 qui
1001 1293 1101 1323 horum
1124 1292 1239 1323 consen-

135 1333 195 1362 sum
210 1331 413 1371 conspirantem
427 1333 453 1362 &
466 1341 539 1370 pene
553 1332 722 1368 conflatum,
743 1332 773 1361 in
786 1331 838 1361 hac
853 1341 941 1370 prope
956 1331 1111 1369 aequalitate
1121 1331 1239 1361 fraterna

137 1380 196 1400 non
215 1372 331 1400 noverit.

116 1408 280 1440 Similitudo
293 1407 487 1446 aequalitasque
500 1406 658 1437 verborum.
680 1407 740 1437 Cic.
753 1406 784 1436 in
800 1406 892 1436 Partit.
912 1416 957 1436 21.
973 1407 1135 1445 Habeatque
1147 1405 1241 1436 fimili-

138 1446 266 1476 tudinem
283 1445 523 1484 aequalitatemque
546 1445 702 1475 verborum.

118 1484 269 1521 AEqualitas
280 1484 365 1514 vestra
376 1506 384 1520 ‚
406 1485 433 1514 δε
448 1493 527 1522 pares
537 1483 676 1512 honorum
687 1483 797 1521 gradus.
835 1482 894 1512 Cic.
908 1483 938 1512 in
952 1482 1028 1513 Brut.
1051 1486 1111 1519 15⁶·
1151 1482 1241 1513 Simul

137 1522 209 1552 illud
220 1522 328 1560 gaudeo
339 1544 347 1556 ,
367 1521 443 1559 quod
460 1523 486 1552 Sc
502 1520 640 1560 aequalitas
655 1522 741 1550 vestra
752 1543 760 1556 ,
782 1521 808 1550 ἃ
819 1530 898 1558 pares
917 1520 1055 1550 honorum
1092 1520 1172 1551 radus
1183 1543 1192 1555 ,
1214 1523 1241 1551 δε

137 1561 238 1590 artium
255 1560 463 1597 studiorumque
477 1559 549 1597 quali
565 1559 684 1589 finitima
693 1559 822 1588 vicinitas
832 1581 840 1593 ,
861 1566 970 1588 tantum
979 1559 1052 1588 abest
1063 1569 1078 1588 a
1107 1558 1242 1589 obtrecta-

83 1620 89 1625 .
138 1598 217 1628 tione
226 1598 352 1632 invidiae,
373 1607 433 1635 quae
445 1597 513 1627 solet
526 1596 645 1626 lacerare
656 1596 803 1635 plerosque
812 1618 820 1631 ‚
842 1597 883 1626 uti
892 1606 924 1625 ea
933 1605 990 1625 non
1001 1597 1087 1625 modo
1097 1606 1154 1625 non
1164 1596 1243 1626 exul-

140 1645 232 1667 cerare
244 1636 358 1666 vestram
368 1636 481 1673 gratiam
493 1657 502 1670 ,
522 1634 570 1664 sed
589 1635 673 1665 etiam
687 1635 838 1664 conciliare
857 1635 992 1664 videatur.
1034 1634 1185 1672 AEqualitas
1196 1644 1242 1665 ve-

141 1675 212 1709 stra,
234 1674 252 1703 i.
273 1684 297 1703 e.
318 1674 470 1703 Vestrarum
484 1680 605 1702 aetatum.

72 1713 118 1746 ,AE
126 1723 170 1750 qu
181 1722 199 1741 A
207 1723 224 1740 r.
233 1723 243 1740 r
251 1721 271 1740 T
280 1721 294 1740 a
303 1721 320 1740 R
330 1733 338 1747 ,
359 1713 397 1755 [ῥ’
403 1708 488 1746 m'cne]
508 1711 576 1740 Adv.
595 1711 749 1748 qualitatis,
770 1710 824 1740 five
841 1711 895 1746 (ut
911 1709 956 1739 alii
968 1709 1086 1745 volunt)
1106 1711 1242 1747 quantita-

121 1751 165 1781 tis.
187 1749 246 1779 Liv.
258 1759 283 1779 2.
305 1749 453 1788 Captivum
464 1758 559 1787 agrum
568 1748 644 1787 plebi
653 1758 735 1787 quam
749 1749 869 1778 maxime
877 1747 1016 1786 aequaliter
1027 1748 1133 1779 darent.
1155 1748 1239 1778 Ovid.

123 1799 149 1826 ς·
166 1788 447 1856 Pagraltsasl'ieridum
469 1825 551 1855 nobis
570 1824 709 1862 aequaliter
725 1823 801 1854 adfit.

119 1863 409 1901 AEqualiterabrogare
423 1863 521 1899 fidem,
541 1863 559 1892 i.
577 1873 601 1892 e.
623 1862 694 1892 Tam
702 1863 752 1892 uni
766 1872 849 1900 quam
861 1861 947 1892 alteri.
982 1861 1040 1892 Cic.
1050 1872 1079 1899 4.
1097 1862 1181 1891 Acad.
1197 1863 1240 1898 36.

140 1901 291 1940 ffiqualiter
308 1901 438 1931 omnibus
448 1901 592 1939 abrogatur
606 1900 683 1930 fides.

123 1940 275 1977 IEqualiter
285 1940 395 1969 irruere.
418 1939 476 1968 Cic.
488 1948 539 1977 pro
553 1937 655 1968 Milon.

142 2018 261 2054 ginquos
274 2038 281 2051 ,
304 2016 334 2044 in
344 2015 517 2054 propinquos
531 2037 539 2051 ,
567 2025 596 2043 1n
615 2014 720 2044 alienos
731 2014 794 2044 suos
810 2014 939 2043 irruebat.

50 2052 60 2061 ”
74 2096 78 2099 ¹
122 2054 227 2085 Pariter
235 2053 437 2091 aequaliterque.
461 2053 519 2082 Cic.
531 2052 566 2082 de
580 2052 691 2082 Amicit.
710 2055 752 2089 56.
775 2052 812 2081 Ut
821 2052 910 2081 nostra
926 2053 954 2081 in
962 2052 1065 2082 amicos
1075 2050 1245 2081 benevolen-

144 2092 199 2128 tia,
219 2091 331 2121 illorum
344 2101 407 2130 erga
421 2100 473 2121 nos
487 2090 689 2120 benevolentiae
699 2091 801 2129 pariter
820 2089 1015 2127 aequaliterque
1031 2089 1203 2128 respondeat.

85 2132 216 2167 ffiQUQ
237 2129 389 2166 [01⁴‹90M'Zm
406 2127 561 2165 ὶξοκριλίζω,
579 2125 657 2163 iaia]
677 2138 730 2158 are.
753 2128 791 2157 est
811 2128 931 2164 AEquum
945 2150 952 2163 ,
974 2128 1027 2157 five
1044 2126 1158 2164 AEquale
1174 2127 1246 2156 face·

123 2178 170 2204 re,
191 2167 377 2206 complanare.
420 2166 489 2196 Plin.
511 2167 629 2204 AEquato
648 2166 752 2196 deinde
766 2166 944 2204 pavimento,
966 2165 1124 2195 infunditur
1139 2165 1242 2195 oleum.

121 2206 194 2245 Virg.
213 2216 237 2235 1.
265 2206 364 2243 Georg.
390 2210 450 2242 178.

202 2244 271 2274 Area
288 2253 354 2273 cum
370 2243 467 2281 primis
484 2242 592 2281 ingenti
608 2241 743 2280 aequanda
761 2241 898 2279 cylindro.

123 2282 243 2320 AEquare
260 2280 319 2311 solo
336 2282 417 2311 urbes
430 2303 439 2317 ,
459 2281 576 2317 domos,
603 2288 691 2310 turres
703 2302 712 2317 ,
739 2280 854 2309 aedifieia
870 2302 878 2316 ‚
899 2279 992 2317 Usque
1016 2279 1052 2309 ad
1071 2278 1246 2317 superficiem

141 2325 221 2350 terrae
230 2320 339 2350 diruere
353 2321 381 2349 ἃ
395 2319 582 2357 complanare.
604 2318 662 2348 Liv.
679 2329 706 2355 4.
719 2317 788 2351 Bell,
798 2318 866 2348 Pun.
891 2317 957 2347 Solo
977 2323 1083 2356 aequata
1094 2318 1190 2347 omnia
1204 2318 1247 2346 in.

143 2364 185 2388 ter
197 2357 294 2387 salinas
312 2367 344 2387 ac
358 2363 467 2395 portam
486 2355 698 2387 Carmentalem.

123 2395 240 2433 AEquare
249 2394 307 2425 solo
323 2395 495 2425 Dictaturam
509 2417 516 2430 ,
537 2395 728 2433 metaphorice
746 2394 852 2424 dictum
870 2403 920 2431 pro
942 2392 1096 2430 Abrogare,
1117 2393 1248 2422 omnino-

144 2444 198 2472 que
215 2433 334 2463 abolere.
356 2433 413 2463 Liv.
436 2437 461 2463 6.
499 2433 564 2463 Solo
581 2433 721 2470 aequandae
736 2432 800 2462 sunt
813 2432 961 2462 Dictaturae
975 2453 983 2468 ,
1005 2430 1244 2469 consulatusque:

142 2479 176 2502 ut
189 2478 274 2510 caput
291 2471 416 2502 attoflere
429 2471 556 2501 Romana
566 2471 663 2509 plebes
679 2470 770 2509 poffit.

128 2510 256 2541 Amorem
270 2519 392 2547 aequare,
425 2509 458 2539 ln
472 2519 566 2539 amore
578 2508 755 2548 respondere.
782 2507 857 2546 Virg.
869 2511 894 2540 6.
915 2507 969 2538 ΖΕΗ
995 2496 1061 2545 474.
1079 2506 1115 2538 de
1134 2506 1247 2537 Didone

144 2548 220 2587 apud
236 2548 339 2578 inferos
354 2548 409 2577 visa
425 2548 459 2578 ab
476 2548 581 2584 AEnea,

284 2602 322 2607 ——
340 2586 446 2622 conjux
457 2586 506 2615 ubi
521 2586 651 2624 pristinus
667 2584 708 2615 illi

205 2623 368 2662 Respondet
384 2625 473 2660 curis,
499 2630 644 2661 aequatque
662 2624 784 2654 Sichaeus
804 2631 935 2653 amorem.

125 2661 243 2730 AEquaffi
260 2661 365 2729 {oelum
372 2662 483 2692 videtur
499 2669 620 2701 pontus:
642 2663 660 2692 i.
683 2671 706 2692 e.
728 2662 816 2699 AEque
833 2661 904 2692 altus
914 2659 968 2690 esse
978 2669 1010 2690 ac
1019 2657 1138 2691 coelum.
1160 2658 1246 2690 Ovid.

150 2710 192 2729 11.
245 2710 260 2729 e
275 2722 281 2729 .
302 2709 367 2737 497.

125 2737 235 2769 Ducem
244 2737 391 2767 vadentem
408 2747 514 2775 aequare
522 2737 652 2776 pambus.
675 2737 702 2768 h.
719 2747 743 2768 e.
780 2737 914 2768 incedere
930 2746 1008 2774 aeque
1027 2735 1154 2766 celeriter
1167 2740 1250 2774 atque

147 2776 215 2805 dux.
253 2775 323 2813 Virg.
340 2779 366 2806 6.
388 2776 456 2819 ΖΕΗ..
470 2779 534 2813 263.

128 2812 248 2881 Formi&-l
251 2823 327 2843 veras
341 2814 495 2881 i6mitam1ne
512 2823 634 2852 aequare:
655 2813 683 2843 h.
704 2823 728 2843 e.
758 2813 863 2843 Imitari
882 2814 909 2844 &
922 2812 1122 2851 repraesentare.
1158 2811 1244 2841 Ovid.

152 2861 194 2881 11.
250 2858 285 2880 et.
307 2857 341 2881 62
364 2875 370 2881 .

127 2889 264 2920 Laborem
279 2899 396 2927 operum
414 2899 521 2927 aequare
537 2890 614 2926 justis
631 2889 775 2927 partibus:
805 2889 832 2918 h.
853 2898 877 2918 e.
910 2887 1045 2918 Laborem
1062 2887 1204 2926 aequaliter
1221 2888 1252 2917 in

148 2937 247 2957 omnes
269 2928 382 2965 partiri,
400 2926 481 2957 suum
501 2928 604 2966 cuique
625 2936 697 2966 opus
717 2927 887 2965 assignando.
917 2926 989 2963 Virg.
1007 2936 1030 2955 1.
1060 2926 1122 2956 [ΕΠ.
1149 2926 1186 2956 de
1204 2925 1253 2955 Di.-

148 2965 224 2995 done
237 2975 298 3001 51¹·
349 2961 381 3006 Ο

128 3002 249 3034 Labores
266 3012 373 3040 aequare
385 3002 521 3040 lacrymis.
543 3003 616 3041 Virg.
630 3013 655 3034 2.
677 3004 739 3034 AEn.
754 3006 817 3040 362.
857 3002 986 3038 Servius,
1006 2999 1177 3040 Hypallage,
1200 3010 1252 3041 pro

149 3040 302 3072 Laboribus
319 3050 425 3079 aequare
444 3041 586 3085 lacrymas.

129 3078 267 3112 Nondum
276 3079 372 3109 munia
385 3087 522 3116 comparis
536 3087 644 3116 aequare
656 3078 758 3108 dicitur
770 3078 896 3114 iuvenca,
911 3075 945 3107 ab
963 3077 1032 3106 Hor.
1047 3086 1074 3106 2.
1092 3075 1212 3112 Carm.5.
1224 3085 1251 3106 2.

148 3116 168 3148 i.
189 3128 213 3147 e.
242 3116 366 3153 Juvenca
383 3118 514 3147 nondum
539 3117 631 3156 potest
658 3116 750 3146 officia
777 3118 804 3147 ἃ
833 3116 941 3146 labores
960 3115 1098 3153 comparis
1115 3124 1151 3144 ex
1173 3124 1253 3152 aequo

171 3155 284 3185 raestare.

160 3203 244 3223 omen
260 3193 340 3223 claris
358 3192 507 3222 virtutibus
519 3201 635 3230 aequare.
659 3191 743 3222 Ovid.
759 3200 786 3221 2.
808 3192 845 3221 de
862 3191 951 3221 Ponto
964 3213 971 3227 ,
996 3200 1020 3228 3.
1035 3199 1058 3219 1.

130 3230 288 3263 Numerum
307 3241 413 3269 aequare
430 3240 495 3260 cum
510 3231 635 3260 navibus.
656 3230 730 3268 Virg.
751 3242 773 3259 ι.
796 3230 858 3260 AEn.
874 3240 932 3265 197.

210 3270 272 3299 Nec
282 3269 358 3307 prius
369 3268 469 3298 absistit
477 3290 486 3304 ,
505 3276 589 3305 quam
600 3268 706 3306 septem
718 3268 842 3306 ingentia
850 3268 938 3297 vietor

211 3307 336 3345 Corpora
353 3307 453 3336 fundat
466 3306 560 3342 humi,
580 3308 607 3337 δι
618 3316 769 3336 numerum
780 3315 846 3335 cum
858 3305 974 3335 navibus
983 3309 1081 3342 aequet.

134 3343 268 3383 AEquare,
289 3354 355 3374 cum
374 3345 477 3374 dativo.
515 3344 587 3382 Virg.
614 3348 640 3374 6.
664 3344 726 3374 ffin.
744 3349 807 3381 783.

212 3383 364 3421 imperium
378 3382 471 3418 terris,
496 3382 604 3412 animos
624 3382 743 3420 aequabit
758 3381 835 3418 olym
857 3391 884 3411 0.

25 3417 26 3450 J
64 3435 66 3438 >
110 3457 115 3460 ¹
132 3420 250 3458 AEquare
268 3421 398 3458 pondus,
419 3425 467 3450 aut
476 3426 739 3457 temperamentum.
760 3419 829 3449 Plin.
852 3420 889 3448 ib.
903 3428 944 3454 19.
955 3427 1015 3455 cap.
1029 3422 1054 3452 8.
1089 3416 1178 3446 Eruca
1189 3424 1257 3455 prae.

150 3459 234 3497 cipue
249 3459 384 3496 frigorum
402 3458 606 3495 contemptrix,
627 3458 737 3487 diversae
751 3457 790 3487 est
804 3467 886 3494 quam
899 3456 1006 3486 lactuca
1020 3460 1123 3484 naturae
1135 3477 1143 3490 ,
1164 3456 1259 3485 conci-

150 3497 234 3526 tatrix
249 3496 371 3527 Veneris.
407 3496 516 3526 Idcirco
528 3496 654 3533 jungitur
662 3495 702 3525 illi
717 3495 775 3524 fere
792 3495 822 3524 in
839 3494 908 3525 cibis
919 3516 927 3529 ,
947 3500 979 3523 ut
998 3493 1085 3522 nimio
1101 3493 1194 3531 frigori
1208 3503 1258 3531 par

152 3534 243 3564 fervor
258 3530 392 3564 immistus
405 3541 658 3572 temperamentum
671 3540 768 3570 aequet.
791 3537 819 3562 h.
839 3543 862 3562 e.
886 3531 1001 3569 AEquale
1016 3531 1106 3560 faciat.

133 3571 234 3610 AEquat
247 3573 336 3610 pretia
352 3571 552 3602 excellentium
561 3572 776 3609 margaritarum.
799 3570 867 3600 Plin.
886 3570 935 3600 lib.
950 3579 991 3604 19.
1005 3578 1066 3606 cap.
1083 3578 1107 3597 1.

132 3610 251 3648 ffiquare
271 3610 432 3648 quempiam
448 3617 477 3638 re
494 3609 604 3653 aliqua,
624 3609 663 3639 est
678 3609 717 3639 Ea
729 3610 758 3638 in
781 3619 810 3638 re
833 3608 872 3638 illi
893 3607 920 3636 se
939 3606 1073 3644 aequalem
1086 3606 1140 3637 five
1163 3614 1259 3645 parem

152 3648 282 3692 praebere.
304 3647 363 3677 Liv.
380 3658 402 3677 1.
444 3647 523 3684 Qum
539 3657 571 3677 ea
581 3654 638 3677 arte
655 3647 783 3685 aequaffet
802 3646 954 3685 superiores
968 3654 1053 3682 reges.

133 3683 252 3723 AEquare
267 3685 355 3716 cursu.
377 3685 436 3715 Liv.
454 3695 477 3714 1.
491 3684 559 3715 Bell.
574 3685 685 3716 Maced.
707 3685 853 3722 Quantum
864 3683 995 3722 equidem
1007 3682 1170 3713 velocissimi
1180 3681 1261 3721 pedi-

153 3729 196 3753 tes
211 3722 289 3753 cursu
302 3731 410 3761 aequare
423 3728 563 3761 poterunt.

134 3761 252 3799 AEquare
269 3762 407 3799 picturam
423 3760 547 3797 alicujus.
578 3760 648 3790 Plin.
668 3759 717 3790 lib.
729 3769 739 3797 3
749 3771 772 3797 5.
791 3769 852 3798 cap.
866 3770 908 3788 11.
949 3756 1016 3788 Eam
1030 3759 1106 3787 enirn
1122 3758 1259 3796 picturam

175 3800 260 3829 rimus
270 3800 393 3829 invenit:
438 3809 502 3828 uam
512 3799 606 3836 postea
616 3799 717 3828 imitati
726 3799 789 3828 sunt
803 3797 904 3832 multi,
925 3797 1044 3833 aequavit
1058 3803 1151 3826 autem
1164 3803 1257 3826 nemo.

409 3809 481 3872 ῐιῖἰο,
502 3837 598 3867 Parem
619 3837 645 3866 se
668 3836 708 3865 illi
726 3836 824 3866 facere.
847 3835 905 3864 Cic.
930 3835 960 3863 in
975 3833 1038 3863 Lael.
1075 3835 1131 3871 Qui
1152 3832 1259 3864 suntin

155 3875 283 3904 amicitiae
308 3875 570 3913 conjunctionisque
595 3874 798 3904 neceflitudine
823 3873 996 3911 superiores,
1025 3871 1052 3901 se
1071 3881 1178 3909 aequare
1194 3882 1259 3902 cum

127 3844 137 3847 ‘⁴
170 3847 252 3875 quare
276 3837 302 3866 se
321 3847 387 3866 cum

154 3912 330 3942 inferioribus
348 3912 460 3942 debent.

135 3950 251 3988 AEquare
264 3950 291 3982 se
304 3950 394 3981 alicui.
417 3950 474 3981 Cic.
486 3951 517 3981 in
527 3960 646 3989 prooem.
658 3950 715 3981 Off.
732 3959 756 3988 3.
792 3949 830 3980 Ut
839 3958 897 3979 non
907 3947 997 3978 solum
1011 3947 1151 3980 orationes
1164 3956 1239 3978 meas
1248 3968 1258 3984 ,

694 1938 863 1976 Quanquam
876 1937 935 1967 haec
946 1938 1059 1975 quidem
1075 1938 1130 1974 iam
1144 1936 1244 1966 tolera-

143 1978 210 2008 bilia
224 1978 404 2013 videbantur,
437 1977 486 2006 etsi
506 1976 645 2021 aequaliter
661 1977 691 2005 in
704 1976 919 2014 Rempublicam
936 1977 965 2005 in
975 1976 1113 2014 privatos,
1134 1976 1165 2005 in
1184 1975 1244 2005 lon·

1769 126 2059 162 AER
2385 142 2427 176 95

1334 206 1379 236 sed
1400 210 1448 235 hos
1466 208 1547 236 etiam
1559 207 1593 237 de
1609 207 1786 246 philosophia
1803 207 1886 236 libros
1898 230 1905 243 ,
1926 208 2010 245 quise
2024 209 2074 241 iam
2087 209 2205 239 illisstre
2217 218 2367 247 aequarunt,
2383 213 2437 241 itu-

1336 244 1410 272 diole
1435 245 1515 280 leg-is.

1316 282 1424 317 Illarum*
1444 292 1506 310 tum
1524 282 1624 318 aliquo.
1648 283 1706 311 Cic.
1721 291 1742 317 3.
1757 282 1790 310 dc
1803 281 1892 317 Legib.
1906 292 1949 317 24.
1974 283 2119 311 Inventum
2129 285 2433 321 esttemperamentum,

1337 327 1390 353 quo
1405 321 1543 348 tenuiores
1561 330 1623 348 tum
1634 320 1806 357 principibus
1824 320 1921 356 :equari
1937 320 1961 348 se
1973 322 2102 357 possint.

1318 356 1433 390 limum
1461 358 1639 393 conierrcque
1665 357 1765 386 scelera
1793 357 1909 391 alicujus
1928 367 1991 386 cum
2013 357 2122 387 alterius
2144 358 2297 388 liele-ribus.
2329 358 2386 388 Cic.
2411 370 2434 395 3.

1342 393 1411 421 lert.
1426 403 1468 421 21.
1509 395 1642 422 Omnium
1664 402 1727 423 ante
1752 395 1944 423 damnatorum
1966 394 2084 426 rosit-122.
2115 397 2202 430 furti,
2231 397 2349 431 flagitia,
2368 397 2384 425 li
2409 399 2438 426 in

1338 438 1426 471 uni-in
1445 430 1545 472 locunt
1557 432 1732 461 conserantur
1748 455 1755 467 ,
1777 442 1821 461 vix
1843 442 1906 461 cum
1933 432 2014 466 liuius
2032 442 2112 470 parra
2139 443 2215 470 parte
2232 436 2347 470 aequm-i,
2375 444 2440 464 con-

1340 470 1457 502 remque
1483 470 1565 503 polle.

1321 503 1687 546 ffiquarealiquenraltcui,
1709 507 1944 544 proCompararc.
1970 507 2024 536 Ην.
2046 519 2071 542 4.
2098 507 2161 536 Dec.
2185 508 2230 536 lib.
2256 519 2276 537 1.
2303 510 2441 545 Nezequa-

1341 549 1433 568 veritis
1451 542 1577 583 Annibali
1606 542 1781 580 Philippum,
1803 555 1837 573 ne
1854 545 2109 582 Carthaginensibus
2123 545 2308 575 silacedonas:
2341 547 2441 584 Pyrrho

1343 586 1417 606 certe
1430 578 1577 614 Psqllab‘tis.

1323 615 1461 651 IEquare,
1491 617 1564 657 Cum
1588 618 1728 659 a‘quitate⁷
1750 618 1794 647 seu
1814 619 1962 656 Ifzqualitcr
1990 620 2121 650 dividere.
2162 619 2214 649 Liv.
2234 624 2257 649 6.
2286 620 2351 649 Beli.
2375 620 2441 650 I’un.

1345 652 1385 681 lta
1403 661 1528 688 aequante
1550 654 1659 682 fortuna
1675 656 1797 691 iuipensa
1813 658 1905 686 omnia
1925 659 2052 695 utrinque
2072 667 2163 693 erant,
2194 659 2300 695 integra
2315 658 2359 695 spe
2373 681 2382 694 ,
2403 660 2444 688 in-

1346 698 1423 725 tegro
1442 696 1526 718 metu.

1326 727 1443 764 AEquase
1457 749 1464 762 ,
1486 727 1665 756 Continuam.
1687 728 1756 764 Virg.
1778 741 1802 764 9·
1826 730 1884 759 ibn.
1901 738 1961 767 308.

1485 780 1521 784 ——
1541 763 1607 792 felix
1628 763 1644 791 si
1669 767 1785 795 norimus
1803 767 1881 796 illurn

1408 801 1544 838 ffiquallet
1564 802 1637 830 noeti
1658 775 1764 832 iudum.

1290 836 1405 875 AEQUK
1417 849 1435 867 ‘r
1445 850 1483 868 os
1495 861 1502 873 ,
1526 840 1619 867 Panic.
1644 841 1749 874 [1thss
1761 841 1773 873 ]
1795 850 1840 874 ut.
1865 843 1982 878 lliquxntx
1998 854 2075 873 aura:
2102 845 2171 882 Virg.
2188 856 2209 880 ς.
2232 846 2293 876 ffin.
2307 852 2370 882 5344.

1329 878 1451 918 }Equartte
1468 877 1568 914 spirant
1580 887 1660 905 aune.
1701 876 1752 906 Ubi
1765 879 1872 907 Servius
1885 901 1891 913 ,
1914 882 2033 917 fflquatze
2045 904 2052 915 ,
2073 884 2221 920 prospera:
2248 893 2278 912 ut
2295 908 2302 919 ,
2325 884 2447 921 ffiquatiu

1349 915 1458 943 ela-ilem
1480 915 1630 952 procedere
1640 914 1717 943 velis.

1329 953 1446 989 AEquata
1466 963 1521 981 nox
1540 952 1613 986 dici,
1636 952 1661 980 h.
1682 962 1706 981 e.
1729 951 1859 988 iliqualis.
1894 952 1959 981 l'iin.
1978 953 2024 983 lib.
2041 965 2065 983 2.
2082 966 2131 993 cap
2157 967 2195 992 ¹9-

1330 991 1438 1027 }Equati
1454 1000 1578 1019 numero.
1603 990 1672 1026 Virg.
1687 999 1712 1026 7.
1731 990 1792 1020 AEn.
1806 994 1868 1025 698.
1893 990 1971 1019 ibant
1991 995 2086 1028 aquari
2106 1004 2226 1024 numeru.
2251 997 2267 1025 i.
2291 1007 2314 1025 e.
2346 995 2448 1034 Digeffi

1350 1029 1378 1056 in
1405 1028 1541 1057 ordinem.
1582 1028 1700 1057 Servius.

1330 1066 1450 1102 ffiquato
1468 1065 1593 1095 omnium
1610 1065 1740 1103 periculo.
1777 1065 1842 1094 Caes.
1861 1075 1883 1094 1.
1904 1065 1970 1094 Bell.
1988 1066 2056 1095 Call.
2072 1077 2113 1100 ις.
2156 1070 2240 1097 ska-sar
2252 1072 2371 1107 primum
2383 1071 2447 1106 (iro,

1351 1103 1455 1132 deinde
1474 1103 1601 1132 omnium
1621 1114 1635 1132 e
1651 1103 1799 1141 corispectu
1818 1103 1932 1132 remotis
1947 1104 2043 1140 equis,
2065 1111 2095 1132 ut
2113 1115 2217 1134 munt-1
2237 1110 2360 1138 omnium
2381 1111 2451 1147 peri-

1351 1141 1416 1170 culo
1432 1140 1507 1178 spem
1528 1141 1599 1177 sugae
1612 1141 1730 1169 tolleret.
2146 1138 2152 1142 ’

1332 1179 1458 1216 ffiquutis
1468 1178 1585 1213 viribus,
1607 1179 1656 1207 i.c.
1679 1178 1796 1208 l'aribus.
1819 1177 1875 1207 Liv.
1890 1187 1913 1214 3.
1937 1177 2004 1207 Bell.
2019 1178 2085 1207 Pun.
2109 1179 2215 1210 Deinde
2225 1183 2356 1212 concursu
2368 1184 2450 1219 facto,

1353 1217 1520 1253 aequatisque
1539 1216 1659 1252 viribus,
1681 1224 1757 1245 atrox
1773 1216 1826 1245 esse
1842 1216 1929 1253 coepit
1950 1225 2051 1253 pugna.

1336 1254 1403 1284 Vela
1424 1263 1534 1291 aequata.
1557 1254 1671 1297 Virg34.
1698 1252 1760 1284 AEn.
1779 1260 1839 1290 587.

1296 1291 1332 1326 IE
1341 1302 1387 1329 Qu
1397 1302 1416 1321 A
1426 1301 1445 1320 *r
1455 1304 1463 1320 1
1474 1302 1490 1320 o
1499 1314 1506 1326 ,
1526 1292 1587 1320 onis
1598 1314 1606 1327 ,
1627 1294 1645 1321 t.
1669 1292 1779 1330 Proprie
1792 1292 1892 1322 dicitur
1905 1291 1963 1329 lpse
1972 1291 2097 1330 aequandi
2110 1294 2201 1322 aelus:
2226 1301 2266 1328 ur,
2281 1293 2404 1325 Difficilis
2415 1298 2452 1326 cst

1336 1332 1396 1366 ejus
1410 1330 1464 1359 loci
1485 1331 1610 1366 aquatio.

1336 1369 1480 1405 ffiquatio,
1502 1378 1551 1404 pro
1568 1367 1742 1405 AEqualitate.
1766 1366 1823 1397 Liv.
1840 1378 1864 1403 4.
1885 1367 1946 1397 Nec
1961 1367 2096 1397 excellere
2114 1376 2200 1396 unum
2222 1375 2269 1397 aut
2290 1369 2404 1400 alterum
2415 1382 2455 1400 or-

1355 1407 1451 1435 dinem
1462 1406 1490 1434 in
1508 1405 1618 1434 civitate
1630 1427 1637 1440 ,
1658 1405 1705 1434 sed
1713 1415 1762 1443 per
1779 1405 1965 1442 aequntionem
1982 1406 2016 1434 ad
2029 1406 2176 1442 dignitates
2194 1406 2252 1435 fore
2266 1408 2384 1437 eredidit
2398 1431 2405 1444 ,
2426 1417 2457 1439 ut

1356 1444 1436 1473 multi
1452 1442 1556 1477 eil'ent.
1579 1444 1626 1480 qui
1642 1453 1715 1472 arma
1726 1452 1775 1480 pro
1795 1443 1881 1478 patria
1893 1443 2002 1472 ferrent.

1337 1482 1466 1519 ffiquatio
1485 1481 1632 1510 bonorum.
1671 1481 1729 1510 Cic.
1743 1490 1767 1510 2.
1791 1481 1847 1510 Off.
1861 1486 1886 1515 8.
1918 1481 2049 1518 Capitalis
2061 1482 2150 1510 oratio
2168 1482 2206 1510 cst
2227 1482 2261 1511 ad
2276 1484 2457 1520 aequationem

1358 1520 1495 1548 bonorum
1505 1519 1647 1556 pertinens
1662 1528 1668 1547 :
1689 1526 1745 1556 qua
1760 1519 1833 1556 peste
1851 1541 1858 1553 ,
1881 1529 1940 1555 quae
1950 1519 2038 1556 potest
2048 1519 2102 1548 else
2115 1520 2224 1555 major‘?
2244 1521 2262 1548 i.
2287 1530 2310 1549 e.
2348 1521 2384 1550 Ut
2403 1532 2459 1551 non

1377 1557 1436 1586 lura
1457 1557 1529 1585 bona
1548 1556 1697 1594 possideret
1715 1566 1787 1585 unus
1807 1566 1888 1593 quam
1914 1557 1991 1586 alius.

1363 1595 1466 1633 lquatio
1478 1595 1568 1631 gratia)
1578 1617 1585 1629 ,
1603 1595 1753 1631 dignitatis,
1765 1593 1963 1631 suffragiorum.
1986 1594 2044 1624 Cic.
2055 1604 2106 1632 pro
2122 1594 2233 1625 Muren.
2246 1605 2290 1632 47.
2313 1594 2351 1624 Ut
2363 1606 2459 1627 omnes

1357 1635 1386 1663 r&
1400 1633 1575 1670 dignitatis&
1586 1633 1676 1668 gratiae
1690 1633 1788 1669 gradus
1802 1631 1974 1662 tollerentur.

1338 1671 1468 1709 AEquatio
1485 1671 1560 1706 iuris.
1584 1669 1640 1699 Liv.
1663 1680 1683 1699 1.
1707 1670 1774 1699 Dec.
1794 1667 1841 1699 lib.
1869 1675 1894 1703 8.
1935 1671 1963 1700 Si
1977 1669 2070 1700 foedus
2088 1669 2146 1699 est:
2171 1668 2190 1698 si
2209 1669 2322 1700 societas
2343 1673 2458 1708 aequatio

1359 1710 1425 1746 juris
1442 1708 1496 1738 est:
1529 1718 1577 1738 cur
1587 1717 1646 1737 non
1655 1708 1922 1745 omniaaequantur?

1740 1786 1767 1820 A
1862 1785 1887 1819 E
1984 1782 2016 1819 R

1303 1860 1391 1894 AER,
1415 1855 1503 1894 aeris,
1524 1868 1560 1888 m.
1588 1857 1643 1887 fine
1663 1857 1781 1895 plurali,
1802 1857 1892 1894 [Sthe]
1924 1857 2017 1886 Unum
2037 1867 2071 1887 ex
2091 1856 2247 1887 elementis.
2284 1856 2352 1887 Plin.
2371 1857 2416 1888 lib.
2431 1869 2455 1889 2.

1341 1907 1402 1935 cap.
1423 1908 1446 1932 5.
1479 1897 1638 1926 Proximum
1658 1897 1788 1933 spiritus:
1811 1905 1893 1932 quem
1918 1896 2024 1930 Craeci,
2050 1896 2189 1932 nostrique
2207 1896 2308 1925 eodem
2325 1897 2460 1926 vocabulo

1340 1938 1403 1965 aera
1413 1934 1563 1973 appellant.
1601 1934 1719 1963 Vitalem
1730 1933 1804 1962 hunc
1823 1955 1830 1968 ,
1852 1935 1879 1963 ἃ
1890 1943 1938 1971 pcr
1949 1935 2048 1962 cuneta
2057 1943 2149 1962 rerum
2160 1934 2324 1969 meabilem,
2346 1942 2460 1972 totoque

1340 1972 1516 2003 consertum:
1537 1973 1616 2008 cujus
1628 1973 1655 2000 vi
1666 1971 1837 2009 suspensam,
1859 1981 1923 2000 cum
1951 1978 2031 2000 uarto
2044 1981 2173 2008 aquarum
2182 1971 2323 2000 elemento
2339 1972 2462 2007 „librari

1341 2011 1437 2040 medio
1449 2010 1535 2048 spatio
1550 2009 1688 2039 tellurem.
1712 2009 1769 2039 Cic.
1783 2019 1808 2038 2.
1819 2010 1853 2038 de
1863 2009 1924 2038 Nat.
1935 1981 2019 2038 (beor.
2033 2019 2076 2045 91.
2097 2009 2234 2046 Principio
2245 2011 2321 2038 enim
2332 2017 2400 2039 terra
2416 2011 2461 2039 lita

1341 2049 1372 2079 in
1386 2049 1477 2078 media
1498 2056 1575 2087 parte
1589 2048 1687 2077 mundi
1701 2070 1708 2081 ,
1733 2046 1886 2076 eircunsusa
1897 2047 2021 2083 undique
2031 2047 2073 2076 est
2087 2046 2138 2076 hac
2155 2047 2265 2076 animali
2287 2047 2461 2085 spirabilique

1341 2093 1455 2122 natura,
1477 2087 1521 2115 cui
1545 2095 1650 2115 nornen
1672 2086 1713 2114 est
1732 2086 1792 2114 Aer.
1840 2084 1965 2114 Graecum
1985 2084 2055 2114 illud
2074 2085 2202 2122 quidem,
2232 2084 2279 2114 led
2298 2094 2461 2124 perceptum

1341 2126 1399 2161 jam
1412 2131 1506 2153 tamen
1517 2123 1565 2154 usu
1578 2134 1593 2152 a
1605 2123 1717 2153 nostris:
1740 2123 1835 2152 tritum
1853 2123 1891 2152 est
1909 2123 1986 2152 enim
2003 2132 2053 2160 pro
2065 2122 2173 2152 Latino.

1341 2165 1413 2199 Aer,
1433 2161 1567 2192 Altitudo.
1600 2161 1669 2198 Virg.
1683 2171 1708 2190 2.
1732 2160 1830 2198 Georg.
1849 2170 1911 2196 ¹23-

1502 2216 1540 2220 —-
1559 2200 1606 2228 ubi
1625 2202 1686 2228 aera
1704 2199 1814 2228 vincere
1832 2197 1969 2227 stamnum

1424 2237 1533 2267 Arboris
1553 2237 1627 2266 haud
1648 2236 1710 2266 ullae
1725 2237 1797 2272 jactu
1817 2242 1932 2273 potuere
1948 2235 2059 2273 sagittae.
2172 2233 2284 2266 Nonius
2298 2247 2325 2272 4.
2339 2241 2379 2270 ις.

1343 2277 1396 2307 Ae'r
1409 2298 1416 2310 ,
1437 2276 1527 2305 Sonus
1539 2297 1547 2309 ,
1569 2274 1612 2305 vel
1626 2274 1706 2304 flatus
1721 2282 1768 2303 aut
1781 2274 1899 2312 spiritus.
1922 2273 2005 2303 Varro
2023 2272 2191 2309 Andabatis,
2212 2274 2325 2310 Anima,
2347 2281 2377 2303 ut
2395 2283 2460 2303 con-

1363 2313 1438 2344 clusa
1448 2314 1481 2342 in
1495 2312 1599 2349 velica,
1633 2313 1744 2350 quando
1763 2312 1801 2342 est
1818 2314 1890 2342 art-”te
1906 2311 2005 2349 ligata,
2040 2311 2057 2341 si
2078 2311 2247 2350 perculeris,
2269 2314 2330 2341 ae'ra
2353 2312 2459 2341 reddet.

1364 2352 1482 2384 Nonius.

1343 2390 1413 2426 Aer,
1435 2389 1509 2428 apud
1520 2387 1840 2419 Homerum&Ennium
1857 2396 1957 2426 genere
1967 2387 2114 2416 foeminino
2130 2386 2238 2424 legitur.
2263 2387 2331 2418 Gell.
2350 2386 2397 2416 lib.
2418 2397 2458 2422 η.

1360 2438 1424 2466 cap.
1440 2438 1480 2464 19.
1506 2427 1650 2457 Enniusin
1661 2426 1759 2456 Annali
1771 2425 1994 2455 duodevicesimo
2005 2448 2012 2459 ,
2033 2427 2094 2454 aere
2105 2424 2179 2454 fulva
2195 2425 2279 2460 dicit,
2301 2435 2358 2454 non
2367 2424 2459 2454 fulvo:

1363 2476 1423 2496 non
1431 2466 1467 2495 ob
1483 2466 1512 2494 id
1526 2464 1614 2494 solum
1628 2487 1635 2499 ,
1657 2464 1733 2502 quod
1749 2464 1887 2493 Homerus
1901 2462 1961 2499 322qu
1983 2465 2081 2495 βαθεῖαν
2095 2463 2180 2498 dicit,
2201 2463 2247 2492 sed
2265 2463 2341 2500 quod
2360 2463 2405 2492 hic
2422 2463 2464 2491 so-

1363 2514 1416 2533 nus
1437 2504 1476 2540 (o
1500 2504 1584 2537 inor)
1604 2502 1726 2532 vocalior
1737 2502 1774 2531 est
1785 2501 1855 2531 visus
1873 2504 1899 2531 ὁὶ
1915 2501 2059 2530 amoenior.

1344 2543 1443 2573 Afirem
1469 2513 1532 2570 (Erit
1552 2541 1597 2578 qui
1623 2540 1679 2569 dlCi
1705 2546 1805 2578 putant
1827 2536 1872 2566 >324
1901 2537 1932 2566 n}
1959 2538 2044 2574 odedu,
2081 2539 2158 2583 quod
2184 2546 2281 2568 terram
2312 2537 2397 2568 ferat-
2418 2537 2462 2566 vel

1365 2580 1442 2623 quod
1465 2579 1498 2608 ab
1523 2579 1579 2616 ipsa
1597 2578 1705 2608 seratur.
1755 2577 1820 2606 Aliis
1845 2577 1931 2614 magis
1948 2577 2048 2605 arridet
2070 2575 2115 2604 am?
2133 2577 2165 2603 τέ
2183 2575 2261 2613 iiam,
2288 2576 2366 2614 quod
2383 2576 2461 2614 Spiro

1364 2617 1499 2656 lignificat
1514 2639 1522 2652 ,
1543 2616 1618 2646 unde
1641 2617 1667 2646 ἃ
1682 2616 1814 2654 producit
1829 2615 1964 2644 ultimam.
1985 2614 2087 2644 Lucan.
2105 2614 2152 2643 lib.
2167 2624 2189 2643 1.

1482 2670 1519 2676 -—-
1540 2655 1609 2684 dum
1620 2661 1690 2683 terra
1710 2653 1810 2683 fretum
1821 2675 1828 2687 ,
1849 2660 2003 2690 terramque
2019 2652 2122 2682 levabit

1429 2694 1497 2728 Aer,
1523 2694 1550 2722 ἃ
1563 2692 1638 2730 longi
1654 2691 1768 2721 volvent
1780 2691 1881 2720 Titana
1897 2689 2014 2720 labores.

1348 2732 1431 2763 Acres
1442 2754 1450 2765 ,
1477 2740 1594 2760 numero
1611 2729 1709 2769 plurali
1726 2729 1798 2758 dixit
1814 2729 1918 2758 Virruv.
1941 2728 1989 2757 lib.
2014 2737 2037 2756 1.
2069 2726 2181 2756 Novisse
2194 2749 2201 2761 ,
2231 2726 2336 2763 inquit,
2352 2731 2465 2763 oportet

1364 2772 1443 2800 aeres
1451 2769 1577 2798 locorum
1592 2791 1599 2803 ,
1623 2767 1740 2805 quisunt
1753 2767 1873 2796 salubres
1884 2774 1930 2795 aut
1943 2766 2109 2804 pestilentes.
2131 2765 2238 2794 Lucret.
2249 2764 2296 2794 lib.
2309 2776 2334 2800 4.
2345 2773 2406 2801 292.

1428 2806 1544 2838 Aeribus
1558 2806 1630 2835 binis
1648 2806 1781 2843 quoniam
1798 2815 1840 2834 res
1861 2804 1947 2833 confit
1959 2804 2098 2841 utrinque.

1347 2845 1437 2877 AEstus
1458 2845 1536 2875 ae'ris.
1560 2844 1644 2874 Ovid.
1663 2853 1686 2879 3.
1709 2844 1799 2873 Amor.
1815 2852 1841 2872 2.
1856 2852 1897 2878 39.

1349 2884 1484 2921 Caliginis
1494 2884 1556 2917 aer,
1577 2882 1594 2911 i.
1611 2892 1636 2911 e.
1659 2880 1838 2918 Caliginosus.
1861 2879 1969 2909 Lucret.
1980 2878 2028 2909 lib.
2042 2890 2068 2913 4-
2082 2887 2142 2915 ³³9-
2408 2913 2413 2919 ·

1347 2922 1463 2952 Sonitus
1474 2923 1500 2951 St
1514 2920 1624 2949 ardores
1643 2919 1721 2949 aeris.
1745 2919 1803 2948 Cic.
1818 2919 1848 2948 in
1858 2917 1958 2955 Topic.
1971 2927 2015 2947 20.
2036 2916 2176 2953 Deinceps
2192 2915 2245 2944 aeri
2257 2913 2361 2943 volatus
2373 2923 2466 2944 avium

1369 2967 1451 2997 atque
1463 2965 1560 2988 cantus
1577 2968 1583 2987 :
1605 2958 1709 2987 deinde
1722 2957 1847 2992 eiusdem
1859 2956 1928 2985 aeris
1946 2955 2050 2985 sonitus
2066 2955 2092 2984 ἃ
2111 2954 2226 2983 artiores.

1350 2998 1486 3036 Aspiratio
1501 2997 1578 3025 aeris.
1597 2995 1655 3025 Cic.
1675 3005 1700 3025 2.
1724 2995 1759 3024 de
1769 2995 1833 3024 Nat.
1851 2994 1934 3023 Deor.
1946 3003 1990 3030 27.
2031 2993 2188 3022 Animantes
2198 2997 2289 3019 autem
2301 2988 2466 3031 aspiratione

1371 3036 1439 3065 aeris
1458 3034 1641 3069 sustinentur,
1662 3033 1775 3072 ipseque
1791 3034 1836 3062 aer
1848 3031 1993 3062 nobiscum
2003 3031 2079 3060 videt
2093 3051 2100 3065 a
2117 3028 2261 3058 nobiscum
2270 3027 2358 3063 audit,
2376 3027 2470 3056 nobis-

1370 3084 1435 3103 cum
1447 3073 1532 3102 sonat».

1351 3111 1457 3142 Vitium
1477 3111 1554 3140 aeris.
1595 3109 1669 3145 Virg.
1685 3117 1711 3145 7.
1738 3106 1796 3137 Ecl.
1816 3117 1858 3144 57.

1432 3150 1496 3179 Aret
1505 3157 1584 3185 ager:
1605 3148 1675 3176 vitio
1691 3147 1814 3175 moriens
1833 3145 1887 3174 iitit
1903 3145 1970 3174 ae'ris
1990 3143 2080 3172 herba.

1350 3186 1495 3226 Agitabilis
1516 3188 1561 3215 aer
1573 3208 1581 3222 ,
1601 3186 1619 3215 i.
1642 3195 1666 3215 e.
1693 3183 1827 3219 Mobilis,
1848 3184 1895 3220 qui
1914 3182 1994 3212 facile
2007 3182 2061 3210 huc
2077 3178 2143 3208 illuc
2159 3177 2321 3216 impellitur.
2343 3177 2428 3208 Ovid.
2445 3186 2468 3207 r.

1371 3226 1443 3256 Met.
1455 3234 1498 3262 75.

1352 3265 1479 3302 Apertus.
1502 3262 1610 3292 Lucret.
1624 3260 1672 3290 lib.
1692 3270 1715 3297 3.
1734 3264 1798 3297 603.
2030 3292 2036 3298 ,
2244 3291 2249 3296 1

1353 3303 1434 3338 Ater,
1456 3302 1475 3330 i.
1499 3310 1524 3330 e.
1547 3299 1706 3335 Obscurus,
1728 3299 1773 3328 cui
1786 3296 1914 3327 Candens
1933 3299 2090 3336 opponitur.
2113 3287 2215 3320 Lucan.
2231 3290 2277 3320 hb.
2293 3301 2318 3326 4.
2333 3300 2376 3329 74.

1354 3340 1448 3369 Caffus
1467 3339 1591 3371 lumine.
1613 3338 1630 3366 i.
1653 3347 1677 3366 e.
1700 3337 1829 3366 Privatus.
1862 3335 1967 3364 Lucret.
1982 3331 2030 3360 hb.
2045 3341 2071 3366 4.
2085 3332 2146 3366 369.

1353 3376 1543 3408 Circunsusus.
1566 3375 1649 3405 Ovid.
1668 3385 1690 3403 1.
1712 3374 1782 3404 Met.
1802 3383 1842 3402 12.

1353 3416 1525 3448 Concretus,
1550 3414 1567 3442 i.
1590 3424 1614 3442 e.
1637 3411 1751 3441 Densus.
1792 3411 1820 3439 V.
1842 3411 1893 3439 Ae'r
1909 3407 1989 3449 fusus.
2057 3442 2061 3448 Ι
2222 3441 2227 3448 .
2293 3442 2298 3446 .

1355 3453 1462 3483 Crassus
1474 3452 1554 3481 nobis
1565 3450 1727 3479 offunditur.
1751 3448 1808 3478 Cic.
1819 3459 1843 3483 4.
1869 3450 1949 3476 ilcan.
1964 3450 2007 3477 81.
2027 3441 2110 3471 Dicet
2121 3450 2166 3470 me
2173 3451 2262 3471 acrius
2272 3442 2376 3475 videre,
2389 3450 2472 3478 quam

1374 3492 1446 3521 ullos
1460 3490 1548 3528 pisces
1565 3488 1688 3522 sortaffe,
1710 3488 1755 3525 qui
1773 3494 1862 3527 neque
1872 3483 2000 3511 videntur
2019 3490 2034 3509 a
2052 3480 2150 3515 nobis,
2170 3482 2196 3510 δι’
2210 3489 2285 3509 nunc
2302 3480 2413 3517 quidem
2424 3479 2473 3520 sub

1376 3527 1557 3561 oculisfimt,
1579 3535 1669 3563 neque
1681 3526 1729 3562 ipsi
1747 3533 1795 3552 nos
1810 3522 1942 3559 suspicere
1971 3518 2082 3562 poisnnt.
2124 3518 2194 3555 Ergo
2214 3526 2244 3547 ut
2259 3517 2314 3546 illis
2330 3527 2417 3554 aqua,
2437 3518 2473 3545 irc

1374 3568 1456 3597 nobis
1469 3569 1513 3595 aer
1525 3564 1624 3594 crassus
1634 3563 1795 3592 offunditur.
1827 3560 1893 3588 Hor.
1908 3568 1932 3587 2.
1980 3557 2039 3595 pist.
2059 3567 2081 3585 1.
2093 3566 2155 3592 244.

1355 3603 1471 3636 Densus.
1494 3604 1560 3632 Hor.
1576 3611 1600 3630 2.
1623 3600 1711 3629 Carm.
1727 3609 1751 3635 7.
1770 3607 1829 3640 ιζ..
1928 3633 1933 3638 .
1971 3633 1976 3638 ι
2021 3632 2034 3642 ,‚

1355 3643 1491 3673 Densatus
1507 3644 1533 3671 Sc
1555 3639 1671 3668 Laxatus
1683 3658 1691 3672 ,
1712 3643 1855 3665 contraria.
1879 3631 1996 3669 Quintil.
2008 3632 2055 3661 ho.
2070 3643 2091 3668 ς,
2110 3642 2168 3669 cap.
2184 3641 2209 3666 9.

1356 3682 1439 3711 Lucis
1454 3688 1544 3715 egens.
1569 3677 1650 3705 Ovid.
1673 3686 1692 3703 ι.
1724 3673 1789 3702 Met.
1815 3682 1855 3709 17.

1356 3719 1458 3753 Elisus,
1475 3716 1495 3746 ἶ.
1517 3726 1540 3744 e.
1563 3712 1706 3750 [inpulsus.
1730 3710 1814 3739 Ovid.
1839 3720 1862 3738 1.
1885 3708 1953 3738 Met.
1970 3711 2034 3746 466.

1357 3756 1450 3786 Exilis.
1472 3756 1539 3784 Stat.
1558 3757 1581 3780 6.
1610 3750 1699 3780 Theb.
1715 3752 1777 3784 639·
2256 3783 2265 3788 ..
2360 3781 2365 3787 ι

1358 3795 1481 3825 Maxime
1500 3790 1622 3823 frigidus.
1655 3788 1714 3816 Cic.
1729 3796 1753 3815 2.
1770 3786 1806 3814 de
1817 3785 1880 3814 Nat.
1898 3783 1979 3814 Deor.
1997 3791 2040 3821 27.
2081 3782 2140 3820 Ipse
2157 3790 2222 3811 vero
2235 3791 2295 3817 aer,
2321 3791 2366 3817 qur
2382 3786 2476 3809 natura

1375 3833 1413 3861 est
1432 3820 1551 3859 maxime
1571 3826 1683 3863 frigidus
1699 3847 1705 3859 ,
1728 3824 1843 3853 minime
1863 3823 1901 3851 est
1923 3832 2021 3859 expers
2039 3820 2145 3850 caloris.
2189 3820 2236 3848 llle
2259 3829 2322 3848 vero
2344 3822 2370 3848 St
2389 3818 2476 3847 multo

1375 3869 1488 3906 quidem
1507 3865 1597 3895 calore
1623 3863 1755 3892 admistus
1777 3862 1833 3890 est:
1866 3860 1921 3898 ipse
1941 3861 2017 3888 enim
2036 3859 2121 3888 oritur
2139 3867 2173 3886 ex
2195 3857 2372 3898 respiratione
2398 3866 2478 3890 aqua-

1375 3916 1446 3936 rum.
1487 3904 1585 3934 Earum
1605 3902 1681 3930 enim
1701 3899 1774 3937 quasi
1794 3909 1880 3937 vapor
1900 3898 2033 3935 quidam.
2065 3906 2106 3926 ae!
2133 3895 2276 3938 lubentius
2297 3898 2342 3923 eit.
2381 3893 2404 3933 ls
2433 3903 2478 3935 aii-

1374 3950 1430 3975 tem
1450 3942 1541 3974 existit
1567 3947 1644 3970 motu
1676 3939 1736 3975 ejus
1771 3937 1870 3968 caloris
1891 3936 1938 3973 qui
1957 3936 2034 3972 aquis
2063 3941 2244 3965 continetur:
2280 3940 2363 3996 quanz
2385 3930 2479 3996 ἔψυξε-

2365 3978 2381 3996 u
2405 3977 2480 3997 inem
