2604 4222
173 77 242 115 158
620 64 649 98 A
743 62 771 96 L
860 60 892 95 T

293 150 414 181 Necnon
430 147 559 185 Argolico
579 143 713 174 dilectum
733 144 810 172 littus
831 139 910 171 Aleso
1284 171 1289 176 .

294 187 406 218 Alsium.
465 186 503 214 Ab
522 185 578 213 hoc
594 182 673 212 Aleso
692 181 838 210 conditore
864 180 969 207 dictum
989 179 1108 212 putant,
1136 174 1163 203 81
1180 169 1339 200 subindicat

237 232 339 266 poeta,
360 225 461 254 Alfium
473 245 481 258 ,
503 221 575 259 quasi
585 219 708 249 Alesium.
741 215 947 247 HincAllieiisis
964 213 1044 241 Villa.
1097 210 1135 253 Ὺ.
1162 219 1288 253 Ataia.
1311 209 1338 238 81

240 267 260 295 A
270 276 287 293 L
295 274 307 293 3
318 275 326 292 1
337 273 377 292 EN
389 273 400 292 s
410 272 423 290 iz
434 261 509 298 apud
521 260 579 288 Cic.
593 267 643 296 pro
653 257 755 286 Milon.
768 265 811 290 55.
825 255 851 283 &
860 252 927 282 Alsizi
943 250 1026 280 tellus
1038 247 1230 279 Rutil.1tmer.
1244 255 1337 284 v.223.

178 305 323 337 Arsus,
361 300 543 329 V.A1.ci³o.
754 329 761 335 ι

181 343 297 372 ALsus
307 361 315 376 ‚
334 338 447 368 Nomen
462 335 500 365 est
517 333 630 371 pastoris
645 330 720 368 apud
730 329 802 366 Virg.
817 337 859 356 12.
872 326 934 356 ffin.
948 334 1011 363 304.

378 391 416 396 —-
435 371 589 403 Podalirius
603 368 696 399 Alsum

298 413 435 444 Pastorem
449 433 457 447 ,
486 410 629 448 primaque
647 407 705 435 acie
724 413 772 441 per
792 401 848 431 tela
863 406 1008 436 ruentem,

300 450 370 481 Ense
386 449 502 487 sequens
518 446 595 476 nudo
606 442 800 482 supereminet.

646 519 673 553 A
768 516 795 550 L
891 515 924 550 T

186 603 208 632 A
216 610 233 630 i.
241 610 261 630 T
269 603 286 629 5
295 606 316 628 N
326 608 345 627 u
354 608 365 627 s
375 619 383 632 ,
412 591 590 632 [o'cm'ynceu]
617 590 710 619 Genus
719 588 795 618 venti
803 587 856 617 five
865 587 945 617 flatus
953 597 968 617 e
979 593 1051 617 terra
1064 585 1241 624 consurgens.
1273 585 1343 615 Plin.

224 638 273 667 lib.
289 646 314 666 2.
327 645 386 672 cap.
396 643 441 671 43.
463 632 581 667 Nanque
589 630 615 658 81
625 638 640 657 6
650 626 812 656 fluminibus
819 636 851 655 ac
861 625 972 655 sinubus
982 647 990 661 ,
1012 627 1037 655 &
1050 635 1065 654 e
1076 624 1145 655 mari
1155 625 1293 659 videmus,
1318 625 1345 653 &

225 675 338 713 quidem
349 669 506 708 tranquillo,
527 669 553 697 81
562 666 631 696 31103
641 675 710 702 quos
718 671 819 694 vocant
830 664 936 694 altanos
945 686 952 698 ,
973 673 988 693 e
998 669 1068 693 terra
1076 661 1248 700 consurgere.
1286 661 1346 691 Fla-

225 721 269 743 tus
281 711 371 740 omnis
381 708 492 745 (inquit
500 704 631 739 Servius)
647 704 664 732 i.
686 713 710 732 e.
733 704 759 733 &
772 703 819 739 qui
830 702 897 740 ripae
907 702 945 731 est
957 703 983 731 &
993 702 1039 739 qui
1048 700 1139 739 pelagi
1150 722 1158 734 ,
1179 701 1226 738 qui
1237 699 1346 729 altanus

225 757 338 781 vocatur
351 770 358 782 ,
391 746 457 775 Hrec
466 744 513 773 ille
521 743 551 771 in
561 741 711 779 illudVirg.
723 750 748 778 7.
758 741 820 770 ffin.
833 750 878 777 27.
911 740 1008 777 Qium
1019 739 1094 768 venti
1104 738 1228 776 posuere.
1266 737 1347 773 [Ubi

226 786 379 826 planiffinie
389 784 509 812 Ventum
520 780 554 810 ab
565 779 626 809 Alto
637 779 691 808 five
702 778 800 816 Pelago
811 777 966 815 surgentem
977 777 1106 807 Altanum
1116 776 1288 813 appellatum
1297 775 1347 804 do-

225 833 280 860 cet,
289 830 384 853 contra
398 830 429 850 ac
439 820 553 854 Plinius,
575 817 625 847 nisi
635 817 707 846 forte
716 817 879 853 trajeffione
890 815 935 845 hic
945 815 1051 845 laborat
1062 837 1071 850 ,
1091 813 1324 850 scribendumque
1336 822 1344 842 :

224 861 371 898 tranquillo,
390 869 450 894 quos
460 865 555 884 ‘vocant
562 856 661 883 altanos
671 875 679 887 ,
702 854 735 888 &
745 855 805 882 alios
814 865 826 882 e
835 862 905 881 terra
912 855 1061 889 consurgere.
1102 852 1189 880 Servii
1203 857 1278 880 certe
1287 850 1347 879 sen-

225 900 339 930 tentiani
351 896 447 935 pulcre
459 895 577 924 Isidorus
588 893 734 923 confirmat
753 892 771 922 l.
788 901 830 930 13.
843 902 866 921 c.
884 902 895 920 1
904 902 926 920 1.
939 901 964 928 q.
977 891 1008 919 V.
1031 890 1110 919 locus
1125 889 1202 918 enim
1211 888 1347 926 prolixior

223 939 270 968 est.
292 936 452 965 Harduiiius
459 933 546 963 Servii
554 931 637 961 verba
647 930 719 960 male
728 936 855 960 truncata
865 929 900 958 ad
912 928 978 958 Plin.
991 927 1124 962 exhibet,
1145 927 1214 956 sicut
1224 926 1269 956 hic
1278 936 1347 964 quo-

224 985 278 1013 que
287 973 404 1003 antehac
414 970 585 1009 legebantur.
603 975 605 978 '
628 968 659 998 V.
684 969 711 998 <sc
726 969 830 999 Vitruv.
840 968 860 997 l.
875 977 898 996 1.
909 977 932 996 c.
946 970 972 996 6.
1005 965 1057 995 Ubi
1076 964 1287 995 Altanuminter
1294 966 1347 994 Au-

220 1014 306 1043 strum
317 1013 343 1041 &
354 1010 525 1040 Libonotum
534 1007 662 1037 collocat.

185 1053 208 1084 A
218 1060 261 1081 tr
269 1055 285 1079 Ᾰ
296 1060 312 1079 R
321 1059 335 1078 E
346 1071 354 1084 ,
376 1049 408 1078 is.
430 1057 458 1076 n.
481 1047 588 1083 [βωμὸς
602 1046 617 1081 ]
637 1044 729 1074 Festus
740 1066 747 1079 ,
766 1043 875 1078 Altaria,
897 1041 997 1071 suntin
1007 1040 1107 1078 quibus
1122 1040 1196 1076 ignis
1207 1039 1345 1069 adoletur„

222 1090 302 1120 Idem
313 1110 321 1124 ,
343 1086 442 1116 Altaria
451 1085 486 1114 ab
499 1083 651 1114 Altitudine
662 1083 737 1112 dicta
745 1081 824 1111 sunt:
857 1081 933 1118 quod
952 1080 1058 1116 antiqui
1068 1078 1121 1107 diis
1131 1078 1236 1116 superis
1244 1079 1273 1107 in
1283 1078 1348 1107 aedi-

222 1127 293 1157 ficiis
302 1131 397 1155 316113
408 1123 536 1153 exaltatis
544 1121 618 1151 sacra
628 1120 767 1150 faciebant
777 1129 784 1148 ;
810 1119 863 1148 diis
873 1118 1042 1148 terrestribus
1055 1117 1086 1146 iri
1094 1122 1166 1146 terra
1178 1126 1185 1146 ι
1212 1116 1266 1146 diis
1277 1115 1348 1145 inse-

222 1166 276 1201 ris,
297 1165 327 1193 in
346 1162 441 1192 effoi‘l'a
457 1168 535 1190 terra.
573 1160 647 1196 Virg.
659 1168 686 1187 2.
700 1159 761 1188 AEn.
782 1167 844 1192 515.

304 1201 358 1232 Hic
369 1199 485 1230 Hecuba
495 1200 520 1229 &
528 1203 599 1227 natae
607 1197 810 1234 necquicquam
819 1194 915 1224 altaria
926 1194 1040 1223 circum.
1101 1192 1157 1222 Ubi
1167 1191 1287 1227 Servius,
1298 1191 1349 1221 Su-

223 1249 355 1280 perorum
366 1240 392 1269 81
402 1247 453 1267 arae
462 1237 524 1267 sunt
532 1238 557 1266 &
566 1235 674 1265 altaria:
696 1234 848 1263 inferorum
859 1238 969 1262 tantum
981 1241 1040 1260 arae.
1060 1230 1130 1260 Plin.
1144 1230 1162 1260 l.
1170 1240 1212 1266 15.
1226 1239 1298 1266 c.30.
1311 1229 1349 1259 Ut

223 1289 260 1309 ne
270 1276 454 1316 propitiandis
464 1275 579 1313 quidem
588 1272 750 1302 numinibus
762 1271 878 1301 accendi
889 1280 923 1299 ex
934 1270 977 1299 his
986 1268 1080 1299 altaria
1091 1278 1198 1306 araeque
1206 1269 1336 1298 debeant.

223 1317 302 1347 Festa
312 1316 414 1345 altaria.
435 1313 484 1343 Sil.
503 1312 551 1342 lib.
567 1321 608 1341 12.

383 1367 423 1374 —
441 1350 489 1380 sed
504 1350 581 1380 enim
600 1354 664 1378 ante
682 1356 780 1379 omnes
804 1345 899 1375 altaria
916 1345 1035 1381 fument,
1142 1343 1220 1374 Festa
1236 1343 1308 1380 Jovi.

223 1391 349 1423 Fumida.
373 1389 457 1420 Ovid.
474 1398 516 1418 12.
536 1388 683 1420 Metus.
950 1421 956 1426 ·
1200 1419 1206 1425 .

223 1428 443 1468 Religiosiffinia.
465 1427 523 1456 Cic.
538 1426 573 1455 de
583 1424 674 1462 Arusp.
688 1421 770 1461 Resp.
782 1433 806 1460 9.
827 1421 867 1452 Ab
880 1421 1010 1452 altaribus
1017 1418 1221 1458 religiosissimis
1228 1419 1346 1458 fugatus.

224 1469 346 1499 Thurea.
377 1467 444 1496 Stat.
455 1475 482 1500 4.
501 1463 591 1494 Theb.
604 1472 668 1499 41²·
977 1497 983 1503 .
1078 1484 1082 1488 ,

223 1507 361 1537 Admotus
383 1503 522 1534 altaribus.
552 1501 610 1530 Liv.
625 1510 669 1529 21.
686 1509 706 1528 i.
737 1498 821 1529 Fama
839 1498 895 1533 est,
913 1496 1079 1527 Annibalem
1097 1506 1234 1527 annorum
1260 1497 1349 1526 ferme

244 1553 347 1574 novem
361 1564 369 1577 ,
387 1540 530 1580 pueriliter
543 1538 735 1568 blandientem
750 1537 821 1575 patri
836 1535 964 1565 Amilcari
979 1559 987 1572 ,
1005 1543 1037 1565 ut
1045 1536 1195 1565 duceretur
1211 1536 1242 1564 iri
1253 1535 1350 1572 Hispa—

244 1582 331 1650 {fiafiss'
340 1574 907 1649 ‘³¹¹ffliff‘zglissffiss{25³2}ssssssssssAE
914 1572 1351 1650 333353...3.53331033333

259 1630 297 1649 ari
319 1628 349 1648 us
363 1628 378 1647 a
517 1638 525 1651 ,
651 1635 658 1643 .

268 1657 353 1692 osset,
375 1655 481 1685 hostem
490 1654 548 1683 fore
565 1651 672 1691 populo
689 1651 827 1681 Romano.
1049 1634 1071 1671 <³
1226 1621 1245 1651 P

226 1697 248 1727 A
263 1696 328 1726 caria
338 1694 449 1724 adolere
466 1692 556 1721 donis.
577 1690 684 1720 Lucret.
697 1689 745 1719 lib.
759 1700 786 1725 4.
805 1697 886 1726 1230.

228 1734 328 1765 Altaria
338 1732 416 1762 taedis
425 1731 503 1760 castis
515 1728 634 1758 adolere.
665 1728 737 1765 Virg.
753 1736 778 1764 7.
795 1727 857 1757 AEn.
874 1736 920 1764 71.

227 1770 367 1810 Impositis
379 1770 477 1799 ardent
491 1767 585 1796 altaria
593 1766 677 1795 fibris.
702 1766 772 1803 Virg.
785 1775 809 1802 3.
823 1765 923 1803 Georg.
935 1774 999 1800 490.

226 1809 366 1842 Altaribus
375 1816 521 1837 numerum
534 1805 662 1834 divorum
673 1813 780 1842 augere.
803 1803 875 1841 Virg.
888 1812 914 1840 7.
934 1803 996 1833 AEn.
1006 1810 1071 1833 211.

196 1861 199 1866 *
228 1848 330 1879 Altaria
339 1845 474 1876 cumulari
484 1844 574 1873 donis.
601 1843 674 1880 Virg.
690 1852 732 1871 ii.
744 1841 806 1871 AEn.
822 1851 865 1877 50.

227 1886 331 1917 Altaria
338 1883 417 1913 molli
431 1884 499 1912 vitta
506 1882 627 1918 cingere.
651 1880 722 1918 Virg.
736 1885 760 1913 8.
777 1878 1099 1917 Ecl.64.ubiimpropr1e
1109 1879 1137 1910 &
1149 1878 1347 1919 mmmm&;

247 1925 321 1954 Nam
329 1922 402 1952 sacra
408 1921 515 1958 magica
523 1918 653 1949 describit
661 1928 721 1956 quae
730 1918 827 1947 inferis
836 1916 949 1946 fiebant.

228 1962 332 1993 Altaria
346 1959 428 1989 culta.
470 1958 615 1988 Claudian.

311 1998 445 2035 Cultaque
450 1997 506 2033 jam
515 1995 631 2025 tumidis
645 1993 742 2024 lucent
752 1993 847 2023 altaria
856 1991 985 2023 flammis·

228 2038 327 2068 Dicata
346 2036 447 2065 altaria.
469 2035 532 2064 Seri.
545 2033 623 2063 Med.
640 2042 662 2061 i.

228 2075 330 2106 Facere
340 2074 434 2103 altaria
447 2073 561 2110 pinguia
569 2071 658 2100 thure.
687 2069 770 2099 Ovid.
784 2079 810 2099 2.
822 2068 858 2099 de
866 2068 956 2099 Ponto
967 2090 976 2104 ‚
995 2077 1019 2105 3.
1032 2078 1077 2105 99.

227 2114 330 2145 Altaria
337 2112 453 2142 fumant.
475 2110 558 2139 Ovid.
572 2119 595 2138 i.
612 2108 694 2146 Epist.
706 2118 751 2143 25.

309 2149 429 2188 Argolici
446 2148 551 2177 rediere
571 2147 655 2175 duces
669 2168 676 2181 ,
703 2145 798 2175 altaria
817 2144 935 2174 fumant.
958 2156 964 2159 ·

229 2189 332 2220 Pateris
346 2187 439 2218 altaria
449 2186 546 2215 libant.
567 2184 643 2225 Virg.
659 2194 701 2213 12.
719 2184 780 2214 AEn.
804 2192 866 2220 174.

230 2228 342 2257 Struere
351 2225 446 2255 altaria
456 2224 547 2253 donis.
568 2222 641 2259 Virg.
654 2233 677 2257 5.
694 2222 756 2252 AEn.
775 2231 818 2257 54.

229 2264 367 2303 Vapoiata
375 2262 476 2293 altaria.
498 2262 566 2291 Stat.
580 2259 705 2290 1.Theb.
721 2262 782 2295 556.

229 2302 387 2341 Aliquando
399 2300 487 2330 Altare
498 2299 537 2329 est
549 2300 605 2328 Arae
615 2307 751 2327 cacumen
761 2296 808 2326 seu
817 2295 967 2338 summitas.
1004 2293 1092 2324 Solin.
1107 2303 1167 2333 cap.
1177 2304 1204 2331 9.
1231 2293 1281 2324 Ed.
1293 2294 1351 2325 Sal.

249 2340 313 2371 mas.
323 2341 374 2369 Ara
384 2339 431 2373 est,
452 2337 530 2372 cujus
541 2336 671 2365 altaribus
680 2335 753 2373 siqua
765 2335 801 2364 de
814 2334 885 2364 extis
895 2333 1060 2362 inferuntur.
1086 2332 1251 2364 Prudentius
1261 2333 1351 2363 Altare

250 2389 316 2409 cuni
326 2379 376 2407 Ara
388 2376 534 2413 conjungit
549 2375 653 2412 Hymn.
666 2374 757 2409 Jejun.
771 2382 835 2409 203.
856 2373 883 2401 &
894 2372 924 2400 in
933 2371 1014 2400 Rom.
1034 2382 1080 2407 49.
1095 2370 1143 2400 ubi
1161 2370 1202 2400 Iso
1221 2371 1351 2409 Magister

249 2419 330 2447 Aram
344 2414 490 2454 planitiem
507 2414 712 2450 interpretatur.
760 2410 821 2440 Vet.
843 2408 926 2439 Gloss.
951 2408 1102 2443 Altarium,
1125 2408 1250 2444 ἐπιζωμίς,

231 2453 425 2492 Metonymice
443 2451 519 2489 apud
530 2449 599 2480 Plin.
615 2460 624 2478 1
633 2460 656 2486 ς.
669 2460 714 2485 40.
756 2448 800 2477 Ne
813 2447 999 2486 propitiandis
1010 2447 1124 2484 quidem
1134 2447 1297 2477 numinibus
1307 2456 1351 2477 ac-
1365 2442 1367 2445 ’

251 2492 334 2523 cendi
348 2501 382 2520 ex
392 2490 469 2519 lauro
482 2488 576 2518 altaria
586 2497 674 2517 araeve
685 2486 798 2516 debent.
829 2485 904 2515 conf.
918 2485 991 2522 Virg.
1006 2491 1031 2519 8.
1046 2485 1108 2515 AEn.
1124 2490 1189 2520 285.

192 2533 266 2563 ALT
277 2540 322 2559 AR
332 2552 340 2565 ,
362 2538 413 2567 pro
429 2527 516 2557 Altare
535 2526 664 2555 Prudent.
678 2524 777 2563 posuit.
817 2523 849 2553 V.
870 2522 960 2552 Barth.
975 2523 1082 2553 Advers.
1100 2528 1126 2558 8.
1142 2532 1184 2552 12.
1227 2522 1352 2552 Pruden-

232 2570 303 2600 tium
317 2568 439 2597 imitatus
453 2564 586 2595 Alcuinus
598 2563 691 2593 Poem.
705 2572 769 2598 241.
782 2561 801 2591 f.
817 2570 865 2598 173
874 2572 897 2596 ς.

189 2608 214 2640 A
223 2619 239 2637 L
248 2617 268 2636 1·
278 2617 297 2635 Α
306 2615 323 2634 R
333 2616 342 2633 1
352 2615 372 2634 u
380 2615 401 2633 M
413 2627 421 2638 ,
441 2612 491 2641 pro
501 2602 599 2631 Altare.
621 2601 698 2639 Sulp.
709 2601 799 2630 Sever.
813 2599 880 2629 Hist.
890 2598 962 2628 Sacr.
979 2608 1001 2627 1.
1016 2608 1058 2634 19.
1077 2598 1193 2628 Hieron.
1206 2598 1290 2636 Epist.
1302 2604 1348 2633 83.

231 2645 268 2675 311
281 2644 387 2674 Ocean.
409 2641 458 2671 sub
467 2640 514 2670 fin.
532 2638 793 2669 Paul.Warnefred.
812 2647 837 2667 α..
859 2636 894 2666 116
905 2636 976 2666 Gest.
989 2635 1116 2674 Longob.
1138 2645 1179 2673 13.
1221 2638 1310 2674 Supra
1320 2637 1351 2666 in

231 2684 307 2713 Am
317 2690 393 2710 Ant.
415 2689 450 2708 ex
469 2678 528 2707 Vet.
541 2676 625 2707 Gloff.

193 2722 216 2752 A
225 2732 241 2750 L
249 2730 269 2749 T
280 2730 298 2749 A
307 2729 324 2748 a
332 2729 341 2747 1
351 2728 367 2748 o
377 2727 393 2746 i.
402 2727 421 2746 0
430 2728 451 2746 M
463 2738 470 2752 ,
492 2716 606 2745 Ρ31νο111
619 2714 712 2744 altare.
735 2713 814 2743 Cath.

193 2762 238 2790 Ai.
248 2768 268 2787 *r
277 2767 316 2787 ER
326 2766 366 2786 As
380 2778 388 2792 ,
408 2754 521 2791 Antiqui
538 2753 669 2782 dicebant
683 2761 733 2789 pro
745 2751 825 2780 Alias.
846 2770 852 2775 -
865 2750 966 2780 Festus.

191 2799 313 2828 ALTER
328 2817 337 2830 ,
359 2795 405 2823 eta
415 2815 422 2829 ,
443 2794 522 2822 erum
537 2801 545 2826 3
567 2791 579 2827 [
593 2790 702 2824 2⁷23&ss
724 2790 808 2823 erius,
830 2788 878 2817 eri.
915 2787 947 2816 V.
970 2797 989 2815 A
999 2797 1032 2815 Li
1042 2797 1092 2816 us.
1114 2786 1249 2817 Vocativo
1257 2794 1350 2818 caret:

230 2835 298 2864 sicut
305 2842 341 2862 ex
354 2841 388 2861 60
403 2829 587 2868 compofitum
596 2827 747 2858 Alteruter:
770 2826 880 2865 proprie
888 2824 924 2855 de
937 2824 1055 2855 Duobus
1066 2824 1175 2862 dicitur,
1187 2832 1218 2855 ut
1230 2825 1304 2855 Alius
1315 2826 1351 2856 116

229 2872 339 2904 Multis.

229 2909 348 2941 Alterius
365 2906 429 2937 sors.
453 2905 521 2936 Hor.
539 2914 562 2933 1.
581 2903 664 2942 Epist.
685 2912 726 2939 14.
746 2910 789 2931 11.

311 2946 364 2976 Cui
379 2945 471 2983 placet
484 2942 612 2976 alterius,
633 2941 680 2970 sua
701 2940 835 2969 nimirum
849 2938 887 2968 est
898 2939 964 2968 odio
978 2937 1043 2969 sors.

229 2983 326 3017 Alterae
344 2985 373 3012 in
385 2982 478 3012 dativo
492 2979 670 3020 protulerunt
681 2984 797 3007 veteres,
828 2977 893 3007 Ter.
904 2977 1003 3006 Heziut.
1021 2986 1047 3005 2.
1060 2985 1084 3013 3.
1096 2984 1141 3012 30.
1170 2976 1235 3007 Hoc
1247 2976 1305 3014 ipsa
1320 2978 1351 3007 in

247 3024 347 3053 itinere
358 3020 449 3050 alte‘rae
461 3019 529 3049 dum
537 3023 635 3051 narrat,
644 3017 714 3046 forte
724 3015 827 3046 audivi.
855 3014 992 3044 Columel.
1011 3013 1058 3044 lib.
1071 3025 1095 3050 5.
1107 3024 1168 3053 cap.
1183 3025 1193 3043 i
1202 3025 1225 3044 1.
1268 3015 1303 3045 Ut
1313 3015 1353 3045 al-

210 3066 218 3079 ‘
231 3085 238 3089 .
247 3068 311 3091 terae
322 3058 462 3089 delibratae
475 3057 546 3094 parti
558 3055 714 3085 conveniat.
738 3052 824 3083 Plaut.
834 3052 907 3082 Rud.
922 3061 946 3087 3.
956 3064 982 3088 4.
996 3063 1022 3088 4.

230 3099 314 3135 Alter,
324 3097 443 3136 partitiv.
457 3095 578 3131 ideoque
588 3093 756 3123 construitur
766 3100 831 3120 00111
843 3091 966 3128 genitivo
978 3099 984 3119 ε
1007 3096 1047 3125 ut,
1070 3088 1143 3118 Alter
1153 3090 1275 3120 nostrum
1283 3090 1353 3120 falli-

249 3144 301 3166 tur.
327 3137 380 3165 Aut
392 3144 458 3164 cum
468 3132 587 3163 ablativo
597 3141 661 3160 cum
671 3129 865 3168 praepositione
878 3138 884 3157 1
898 3127 1015 3161 ut.Alter
1027 3137 1061 3157 ex
1070 3127 1150 3158 nobis
1162 3128 1272 3157 fallitur.
1291 3128 1350 3159 Cic.

250 3174 319 3204 Duae
328 3173 390 3202 sunt
399 3181 433 3202 ex
444 3171 579 3210 opinione
588 3169 656 3198 boni
670 3178 675 3197 z
693 3176 808 3205 quarum
819 3165 904 3195 altera
911 3166 1049 3203 voluptas,
1069 3165 1152 3194 altera
1165 3166 1314 3203 cupiditas.

232 3211 307 3243 Alter
319 3212 347 3239 in
355 3209 454 3248 plurali
473 3208 613 3247 eleganter
629 3206 788 3244 usurpatur,
816 3213 875 3233 non
889 3204 975 3233 inodo
995 3213 1058 3233 cuni
1069 3203 1101 3232 iis
1118 3203 1352 3242 nominibusquae

251 3254 346 3279 carent
357 3247 482 3285 singulari
492 3253 719 3280 numero,verum
726 3243 882 3272 etiamcum
893 3241 962 3271 aliis.
983 3241 1057 3271 Curt.
1078 3250 1100 3275 3.
1113 3250 1138 3278 7.
1149 3251 1172 3275 ς.
1196 3240 1294 3270 Alteris
1308 3251 1352 3270 ca-

250 3287 308 3317 stris
319 3286 444 3323 pervenit
454 3285 489 3314 ad
505 3283 651 3322 oppidum.
685 3282 743 3311 Cic.
759 3289 800 3317 13.
822 3281 875 3309 Att.
889 3289 933 3309 22.
962 3278 1061 3308 Alteris
1072 3278 1127 3313 jam
1136 3278 1223 3308 literis
1231 3279 1302 3308 nihi!
1316 3280 1351 3308 ad

251 3334 297 3354 me
310 3324 344 3353 de
354 3323 450 3353 Attica.
482 3322 560 3352 Idem
575 3332 598 3357 5.
610 3320 693 3351 Tusc.
711 3324 780 3349 extr.
820 3317 862 3347 Ad
871 3317 984 3347 Brutum
996 3317 1119 3346 nostruin
1128 3316 1179 3345 hos
1188 3315 1274 3346 libros
1286 3316 1353 3347 alte..

251 3372 296 3391 ros
307 3361 428 3398 quinque
437 3361 589 3390 mittemus.
629 3358 702 3395 Virg.
719 3366 743 3393 3.
762 3355 819 3386 Ecl.
838 3365 882 3393 71.
1059 3391 1066 3397 ·

313 3400 401 3428 Aurea
413 3398 486 3427 mala
498 3398 597 3427 decem
615 3396 691 3425 mili:
713 3404 772 3424 cras
791 3393 874 3424 altera
886 3393 1004 3422 mittam.
1058 3401 1076 3420 i.
1098 3400 1123 3420 e.
1146 3391 1238 3420 Altera
1253 3391 1352 3423 decem

252 3446 312 3474 quae
327 3436 395 3465 mihi
407 3435 514 3465 restant.
536 3435 592 3464 Cic.
607 3446 633 3469 4.
647 3434 721 3463 Fam.
738 3442 778 3468 14.
799 3431 879 3461 Binas
890 3437 940 3460 ate
950 3439 1014 3459 acce
1024 3429 1044 3457 ii
1059 3429 1151 3458 literas
1168 3428 1294 3466 Corcyrae
1306 3431 1354 3459 da,

254 3481 295 3504 tas
308 3484 314 3504 t
338 3482 453 3510 quarum
464 3472 555 3501 alteris
562 3472 631 3502 mihi
641 3470 810 3509 gratulabare
825 3479 832 3498 :
853 3468 944 3498 alteris
956 3468 1018 3496 (lice
1041 3475 1104 3496 aste
1117 3465 1200 3501 velle⁷
1217 3477 1277 3504 quae
1287 3468 1354 3504 egis-

253 3511 311 3541 sem
322 3533 329 3546 ,
353 3511 422 3540 bene
433 3511 459 3540 &
472 3510 590 3539 feliciter
598 3511 716 3539 evenire.
754 3508 786 3538 In
797 3508 887 3545 priore
900 3515 1011 3544 quoque
1027 3504 1090 3533 loco
1101 3505 1192 3541 potuit
1204 3506 1277 3533 recte
1296 3505 1353 3535 dici

255 3549 381 3586 Quarum
391 3548 462 3577 unis.
480 3554 521 3582 ut,
532 3548 608 3577 Idem
620 3557 642 3583 3.
656 3547 760 3583 Fam.9.
775 3546 847 3575 Nam
861 3554 927 3582 quas
939 3553 973 3573 ex
982 3543 1081 3572 itinere
1093 3549 1157 3570 ante
1178 3551 1242 3571 uam
1252 3552 1286 3571 ex
1297 3544 1354 3573 Asia

255 3585 374 3624 egressus
383 3595 422 3619 63,
438 3584 625 3614 aclmeliteras
637 3585 737 3617 milisti,
759 3593 827 3613 unas
841 3583 877 3612 de
887 3582 982 3620 legatis
997 3590 1012 3610 a
1025 3589 1070 3609 me
1085 3580 1165 3617 prohi
1189 3579 1232 3608 itis
1244 3581 1355 3617 profici.

254 3624 308 3659 sci,
331 3623 429 3653 alteras
447 3623 481 3652 de
493 3624 675 3660 Apameoruin
690 3622 874 3651 aedificatione
886 3619 1029 3658 impedita,
1044 3618 1099 3655 legi
1109 3617 1271 3656 perinvitus.

237 3662 312 3694 Alter
324 3661 365 3691 bis
374 3660 491 3698 politum
500 3660 516 3688 si
528 3660 562 3688 :id
570 3660 753 3696 praecedentia
764 3660 821 3687 duo
832 3659 963 3688 referatur
973 3666 1004 3686 ca
1026 3657 1034 3685 i
1045 3655 1208 3699 plerumque
1226 3654 1260 3684 sic
1270 3655 1354 3685 debet

256 3706 289 3730 ut
298 3699 398 3729 eodeni
405 3697 508 3726 servato
521 3698 619 3726 ordine
632 3698 706 3733 prius
718 3696 946 3734 priostposterius
955 3704 992 3733 po
1016 3694 1098 3724 eriori
1107 3692 1281 3731 respondeat.
1293 3693 1351 3723 Cic.

260 3748 284 3767 i.
294 3736 350 3766 Off.
367 3745 410 3770 90.
442 3734 600 3772 Philippum
612 3735 726 3770 quidem
738 3734 926 3766 Macedonum
939 3742 1032 3770 regem
1043 3731 1125 3762 rebus
1132 3730 1210 3769 gestis
1231 3732 1257 3761 &
1267 3730 1355 3767 gloria

255 3775 412 3812 superatum
423 3783 438 3801 a
448 3772 649 3805 fili0,ilicilit.ite
664 3773 689 3801 81
703 3772 873 3800 humanitate
881 3772 962 3800 video
975 3770 1143 3808 superiorem
1151 3767 1239 3798 fuisse.
1260 3769 1355 3805 ltaque

256 3813 325 3842 alter
337 3810 506 3847 (Philippus)
515 3810 750 3846 leiiiperinaunus,
767 3809 834 3837 alter
842 3808 1023 3844 (Alexander)
1035 3808 1106 3845 saepe
1113 3806 1282 3843 turpissimus
1292 3806 1353 3836 fuit.

254 3850 420 3885 Plerumque
431 3848 498 3876 dixi.
522 3848 543 3876 N
548 3857 592 3875 am
602 3847 619 3874 ίί
630 3847 690 3882 quis
701 3852 779 3881 putat
789 3846 890 3882 ubique
899 3846 954 3876 hoc
966 3845 1109 3880 observari,
1121 3844 1201 3874 facile
1208 3846 1231 3875 is
1243 3844 1352 3876 errabit.

256 3888 289 3918 V.
307 3887 365 3917 Cic.
378 3895 428 3923 pro
438 3885 539 3922 Quint.
553 3884 612 3912 init.
631 3886 657 3913 81
671 3884 792 3914 infinitos
804 3883 880 3913 alios.

1823 52 1850 86 A
1945 52 1973 86 L
2069 50 2101 86 T

1431 131 1515 174 Alter,
1535 140 1586 168 pro
1605 132 1679 161 Alius
1692 154 1701 166 ,
1727 131 1788 169 post
1806 141 1918 161 namo.
1941 130 2062 168 Quintil.
2082 131 2130 161 lib.
2143 141 2168 161 2.
2181 142 2242 170 cap.
2254 143 2278 167 9.
2302 134 2328 162 81
2343 131 2389 163 lib.
2407 141 2431 170 7.
2448 142 2505 172 cap.
2521 143 2545 167 r.

1450 169 1506 205 Qu
1516 176 1624 198 tantum
1634 170 1704 198 inter
1713 169 1738 198 se
1750 166 1851 199 distant
1863 180 1963 206 genere
1974 170 2099 203 dicendi,
2119 177 2151 199 ut
2162 180 2246 199 nenio
2256 170 2287 199 sit
2295 170 2371 199 alteri
2389 171 2489 200 similis.

1431 204 1506 237 Alter
1518 216 1574 249 pro*
1582 206 1657 249 Aliis,
1669 211 1715 235 aut
1725 217 1776 249 pro
1787 208 1895 244 Quouis
1905 207 1969 236 alio.
1999 207 2057 236 Cic.
2075 207 2108 236 ad
2120 207 2195 236 Brut.
2211 219 2237 243 4.
2259 208 2324 237 Non
2336 208 2411 237 soleo
2422 210 2459 237 ini
2470 210 2546 240 Brute

1454 245 1544 280 (quod
1556 244 1605 273 tibi
1616 252 1714 273 notum
1726 245 1779 273 6116
1790 245 1918 275 arbitror)
1929 252 2032 274 temere
2043 245 2177 274 affirmare
2187 246 2222 274 de
2233 245 2327 274 altero,
2353 247 2370 274 i.
2392 256 2416 275 e.
2439 247 2485 280 De,
2493 247 2550 277 aliis

1456 282 1599 312 affirmare.
1621 282 1735 311 ldemin
1745 282 1809 312 Lael.
1823 288 1867 319 67.
1900 283 1998 320 Aperte
2006 283 2081 311 enini
2089 281 2132 312 vel
2147 282 2233 311 odisse
2243 282 2368 317 alterum,
2383 285 2469 321 magis
2479 284 2551 322 inge.

1455 330 1543 349 nuum
1559 320 1607 352 est,
1629 329 1711 356 quam
1720 319 1811 349 fronte
1821 321 1960 350 occultare
1968 320 2141 349 sententiam.
2165 321 2210 349 Sic
2224 320 2279 357 legi
2292 321 2321 348 in
2332 321 2442 350 vetustis
2452 322 2550 352 codici.

1456 357 1523 386 bus:
1546 358 1611 386 licet
1629 363 1754 386 recentes
1768 358 1941 387 immutarint
1952 381 1959 392 ,
1984 358 2073 387 Alium
2084 368 2134 395 pro
2148 357 2270 386 Alterum
2280 357 2438 388 scribentes.
2468 359 2548 391 Plaut.
2558 387 2566 392 .,

1455 395 1542 425 Τ100.
1565 406 1586 424 i.
1601 404 1626 424 2.
1641 401 1683 430 58.
1707 394 1765 431 Qui
1777 396 1812 425 de
1820 395 1907 425 altero
1918 394 2181 432 obloquitur,ipsum
2190 394 2217 425 se
2226 397 2353 425 contueri
2363 402 2481 434 oportet.
2493 397 2547 429 Cic.
2568 420 2573 425 .

1458 442 1484 470 3.
1500 433 1557 462 Ost.
1579 442 1620 469 13.
1656 432 1807 462 Detrahere
1819 443 1912 463 autem
1921 434 2000 463 alteri
2014 433 2054 462 sui
2067 434 2209 462 commodi
2220 433 2307 463 causa.
2346 434 2378 463 In
2388 434 2443 463 lioc
2457 437 2552 472 genere

1456 472 1627 513 praecipuam
1639 470 1723 499 habet
1732 471 1898 509 elegantiam
1910 472 2047 508 genitivus
2057 470 2181 500 Alterius.
2195 471 2284 501 Cic.2.
2297 471 2404 501 Off.22.
2418 473 2504 510 Atque
2516 479 2554 503 et.

1458 510 1514 537 iam
1523 508 1675 543 lubjiciunt
1684 507 1709 537 se
1717 508 1844 539 homines
1853 510 1971 547 imperio
1983 507 2134 542 alterius&
2143 509 2270 547 potestati
2281 508 2408 547 pluribus
2418 510 2453 540 de
2462 510 2552 543 causis}

1438 546 1521 576 Alteri
1541 546 1695 575 dimicant:
1716 546 1794 576 alteri
1810 549 1943 577 victorem
1963 547 2072 576 timent.
2092 546 2150 576 Cic.
2167 550 2194 576 6.
2213 547 2288 576 Fam.
2303 557 2328 584 3.
2582 575 2585 578 ,

1437 583 1511 614 Alter
1525 584 1611 626 etiam
1622 583 1657 612 de
1668 584 1778 614 duobus
1794 586 1900 616 dietum
1911 607 1919 620 ,
1944 594 2147 622 nonnunquam
2162 585 2296 614 incertam
2308 585 2452 623 personam
2462 584 2555 624 fignifi-

1458 628 1521 650 cat:
1555 621 1622 664 licet
1636 623 1747 659 proprie
1758 623 1793 652 ad
1807 630 1912 653 certam
1930 622 2076 661 personam
2091 622 2184 651 referri
2200 622 2308 652 debeat.
2340 623 2398 653 Cic.
2418 623 2448 652 in
2457 623 2551 659 Lael.8.

1459 659 1573 702 Quanto
1582 659 1611 687 id
1620 660 1707 702 magis
1716 660 1746 689 in
1759 661 1873 690 homine
1889 661 1919 690 fit
1929 667 2026 689 natura
2036 682 2045 695 ‚
2066 661 2151 697 qui&
2165 659 2259 698 seipse
2274 660 2366 699 diligit
2376 683 2384 698 ‚
2406 663 2432 692 81
2443 660 2555 695 alterum.

1459 703 1590 734 anquirit,
1612 706 1691 732 cujus
1703 699 1827 728 animum
1837 709 1901 728 cuni
1914 698 1962 728 suo
1972 698 2173 727 commisceat?
2559 723 2562 725 .

1439 734 1514 765 Alter
1525 734 1560 763 de
1568 735 1677 778 duobus
1689 737 1800 773 quando
1810 737 1912 766 dicitur
1920 758 1928 773 ,
1948 736 1983 765 de
1995 736 2029 765 iis
2037 737 2158 765 maxime
2166 736 2268 765 dicitur
2277 736 2323 774 qui
2334 735 2397 766 sunt
2405 745 2497 775 pares:
2514 737 2558 769 Se*-
2582 767 2587 772 ,

1459 772 1652 815 00011030111111
1660 773 1762 803 dicitur
1771 776 1817 812 qui
1829 775 1918 812 impar
1928 774 1967 803 est
1975 780 2057 811 atque
2065 773 2187 803 inferior.
2217 774 2289 812 Nep.
2301 774 2395 812 Pelop.
2416 784 2477 812 cap.
2494 786 2519 811 4.
2530 785 2554 812 3.

1460 811 1527 840 Haec
1535 810 1588 839 suit
1598 810 1682 840 altera
1692 812 1807 849 persona
1817 813 1923 842 Thebis
1935 834 1942 845 ,
1961 812 2008 841 sed
2017 818 2111 841 tamen
2121 811 2242 841 secunda
2259 813 2297 842 ita
2307 818 2338 841 ut
2352 811 2481 850 proxima
2496 813 2558 846 effet

1458 847 1670 886 Epaminondae.
1697 850 1858 885 Eumenius,
1872 851 1970 887 Paneg.
1982 849 2144 885 Constantii,
2155 859 2216 887 cap.
2232 860 2273 886 14.
2286 850 2382 887 Itaque
2392 851 2495 880 Fronto
2506 850 2558 881 Rea

1461 896 1550 915 11131136
1561 886 1727 923 eloquentiae
1737 898 1795 917 non
1804 888 1958 918 secundum
1968 887 2014 916 sed
2025 887 2144 917 alterum
2153 888 2247 917 decus.
2278 888 2305 917 h.
2326 898 2350 918 e.
2387 888 2474 925 Quod
2491 889 2559 922 dixit

1459 924 1529 954 Hor.
1545 934 1567 954 1.
1586 924 1676 954 Carm.
1700 935 1743 955 12.
1764 926 1860 956 Simile
1872 934 1920 956 aut
1931 925 2095 956 secundum.
2117 926 2134 955 i.
2152 935 2178 956 e.
2198 925 2323 956 Alterum
2338 926 2567 959 30116011111111111.4

1458 961 1491 991 V.
1517 961 1549 992 In
1571 961 1756 1000 sequentibus.
2564 987 2573 995 ,.

1441 999 1520 1030 Unus
1532 1001 1558 1043 §c
1570 1000 1647 1044 alter,
1654 1002 1768 1031 venuste
1778 1012 1830 1040 pro
1840 1001 1958 1032 Duobus
1970 1001 2081 1030 dicitur.
2093 999 2152 1031 Cic.
2167 1011 2218 1039 pro
2230 1001 2390 1039 Cluent.38.
2404 1001 2515 1032 Unus&
2524 996 2571 1033 al-l

1461 1044 1503 1067 ter
1512 1038 1572 1081 dies
1581 1039 1875 1081 intercefferat,quum,
1887 1041 1938 1070 &c.
1950 1041 1968 1069 i.
1981 1049 2005 1069 e.
2016 1039 2081 1069 Duo
2093 1040 2153 1069 dies
2163 1039 2377 1070 intercesserant.
2395 1040 2559 1075 Idem,Nihil
2572 1055 2579 1065 τ

1460 1075 1608 1113 suspicari:
1626 1077 1685 1106 dies
1697 1078 2024 1116 unus,alter,plures.n0n
2032 1077 2155 1107 refertur.
2179 1077 2262 1114 Quasi
2274 1084 2303 1107 tu
2316 1077 2560 1115 dicas,Unus,duo,

1461 1120 1525 1149 tres,
1538 1114 1679 1153 deinceps.
1692 1115 1772 1145 Idem
1784 1126 1824 1152 14.
1836 1117 1937 1146 Att.2i.
1958 1116 1995 1145 Ut
2003 1125 2061 1145 reni
2073 1115 2174 1152 gestam
2188 1115 2341 1145 Dolabellae
2351 1122 2495 1153 tantopere
2507 1115 2560 1147 lau·
2579 1145 2581 1149 ,

1461 1152 1568 1187 11316111,
1579 1152 1715 1183 adductus
1729 1153 1788 1183 sum
1798 1155 1853 1184 tuis
1863 1156 1889 1184 81
1901 1154 1963 1184 unis
1975 1155 2001 1183 Sc
2013 1153 2105 1183 alteris
2118 1153 2215 1183 literis.
2238 1153 2311 1191 Virg.
2326 1163 2350 1192 3.
2362 1154 2423 1183 IEn.
2438 1157 2499 1190 356-
2536 1152 2537 1156 ¹
2581 1150 2584 1161 '

1523 1189 1640 1227 Jamque
1648 1191 1717 1226 dies,
1726 1191 1847 1230 alterque
1857 1192 1916 1222 dies
1926 1191 2064 1230 processit.
2123 1191 2178 1221 Hic
2189 1191 2351 1222 subauditur
2360 1191 2445 1221 Unus.
2469 1191 2500 1221 In
2509 1192 2559 1232 11ος
2574 1181 2576 1194 ¹

1462 1236 1572 1265 genere,
1591 1228 1657 1258 teste
1666 1229 1751 1266 Valla,
1771 1231 1906 1268 accipitur
1914 1230 1987 1260 Alter
1996 1239 2047 1267 pro
2056 1229 2187 1259 Secundo
2197 1239 2232 1258 ex
2242 1230 2361 1265 duobus,
2383 1229 2559 1268 pluribusve}
2569 1227 2588 1260 ’1

1462 1272 1503 1301 ut,
1516 1265 1604 1310 Unus,
1617 1266 1694 1304 alter,
1705 1268 1811 1303 tertius,
1824 1275 1935 1306 quartus
1951 1278 1956 1297 :
1979 1278 2051 1303 unae,
2065 1267 2165 1303 alterae,
2177 1268 2273 1301 tertiae,
2284 1274 2389 1306 quartae
2400 1267 2494 1297 literae.
2555 1274 2565 1301 ,”

1443 1303 1519 1372 Ager
1529 1326 1537 1339 ,
1567 1304 1705 1372 Distgrens
1716 1328 1724 1342 ,
1752 1306 1905 1343 dissimilis,
1927 1312 2049 1335 mutatus
2072 1306 2105 1335 ab
2126 1306 2196 1342 hoc,
2228 1306 2275 1343 qui
2286 1316 2363 1336 nunc
2376 1306 2423 1336 est.
2454 1305 2521 1335 Hor.
2532 1316 2570 1344 4.,
2584 1340 2586 1342 ,

1488 1351 1555 1372 31111.
1570 1352 1611 1372 1ο.
1644 1366 1650 1372 .

1524 1396 1563 1401 ——-
1581 1381 1690 1418 quoties
1700 1387 1728 1411 te
1737 1381 1849 1420 speculo
1861 1381 1963 1412 videris
1982 1381 2109 1412 alterum.

1465 1423 1497 1447 ut
1512 1419 1612 1448 author
1628 1420 1667 1449 est
1682 1420 1783 1450 Festus.
1823 1420 1863 1450 Ex
1883 1420 2028 1450 Lambino.

1446 1455 1521 1486 Alter
1530 1466 1580 1495 pro
1588 1457 1742 1488 Secundus.
1764 1458 1902 1488 Columel.
1912 1458 1960 1487 lib.
1974 1469 1996 1494 ς,
2013 1467 2073 1496 cap.
2087 1460 2112 1487 6.
2132 1457 2225 1495 Usque
2239 1458 2269 1487 in
2279 1457 2393 1486 alteram
2402 1456 2448 1487 vel
2457 1458 2562 1492 tertiam

2168 1381 2214 1411 Sic
2225 1381 2313 1411 Graeci
2325 1379 2397 1419 ‘s'wgou
2414 1369 2579 1419 usurpantis

1464 1504 1612 1533 gemmam.
1635 1495 1692 1525 Cic.
1706 1497 1735 1525 in
1750 1496 1827 1526 Orat.
1846 1505 1906 1533 ¹75·
1928 1496 1996 1525 Haec
2007 1495 2129 1526 &multa
2139 1495 2301 1533 hujusmodi
2310 1495 2417 1532 dicens,
2432 1495 2515 1525 fidem
2526 1496 2562 1526 fi·
2601 1515 2604 1521 ·

1466 1533 1572 1562 ciebat:
1594 1534 1671 1571 quod
1684 1534 1722 1563 est
1732 1544 1747 1564 e
1758 1535 1845 1564 tribus
1857 1534 1955 1563 officiis
1967 1535 2082 1564 oratoris
2093 1533 2220 1563 alterum.
2443 1547 2448 1551 ⁷

1445 1570 1539 1601 Altero
1558 1572 1668 1609 quoque
1682 1572 1728 1602 die
1746 1582 1753 1602 ε
1774 1573 1801 1602 11.
1821 1582 1845 1602 6.
1867 1573 1997 1602 Secundo
2028 1572 2120 1609 uoque
2134 1572 2188 1601 die.

2211 1570 2281 1602 Cels.
2294 1570 2344 1601 lib.
2354 1582 2381 1608 4.
2393 1552 2454 1610 cap.
2469 1581 2502 1603 12
2520 1570 2580 1610 ΑΙ-,’
2590 1560 2604 1604 ⁷.

1464 1614 1524 1639 tero
1542 1610 1652 1647 quoque
1674 1610 1720 1640 die
1736 1611 1831 1640 vinum
1846 1610 1891 1640 vel
1908 1620 2006 1647 aquam
2037 1609 2122 1639 ibere.
2557 1613 2570 1635 ἔ
2602 1611 2604 1621 “

1447 1647 1524 1678 Alter
1541 1649 1568 1678 &
1586 1648 1701 1677 Neuter.
1723 1648 1840 1685 Quintil.
1853 1648 1902 1678 lib.
1916 1659 1938 1677 1.
1951 1658 2011 1686 cap.
2029 1658 2050 1677 1.
2074 1648 2114 1678 Ita
2122 1647 2178 1683 fiet,
2197 1653 2229 1677 ut
2238 1657 2324 1684 quum
2335 1645 2434 1685 aequali
2441 1656 2506 1676 cura
2514 1634 2587 1689 lin-(s

1466 1695 1549 1723 guam
1558 1691 1702 1724 utramque
1718 1687 1788 1716 tueri
1799 1687 1967 1724 coeperimus
1978 1708 1985 1720 ,
2007 1692 2105 1715 neutra
2117 1685 2197 1715 alteri
2207 1686 2319 1715 officiat.
2330 1686 2362 1714 Α1.
2382 1695 2407 1715 e.
2429 1685 2487 1714 Sibi
2497 1685 2562 1715 invi-

1464 1733 1528 1753 cem
1535 1733 1594 1753 non
1602 1724 1733 1754 officiant.
1753 1724 1817 1754 Caes.
1833 1734 1856 1754 1.
1870 1724 1937 1753 Bell.
1951 1723 2030 1753 Civil.
2069 1734 2093 1759 5.
2132 1723 2225 1760 Quare
2236 1723 2348 1761 paribus
2358 1732 2455 1752 eorum
2465 1722 2563 1754 benefi-

1466 1762 1517 1829 cp's
1530 1784 1539 1797 ,
1560 1772 1654 1805 parem
1662 1762 1689 1792 se
1701 1772 1810 1800 quoque
1825 1761 1997 1792 voluntatem
2013 1733 2135 1792 tribuere
2146 1783 2154 1797 ,
2177 1763 2204 1791 &
2219 1768 2350 1791 neutrum
2364 1770 2461 1790 eorum
2471 1767 2562 1795 contra

1465 1810 1482 1829 a
1495 1806 1584 1830 terum
1599 1810 1700 1835 iuvare.

1445 1837 1522 1869 Alter
1532 1839 1592 1876 post
1599 1838 1729 1875 Uterque.
1742 1837 1861 1875 Quintil.
1876 1838 1971 1875 Quum
1982 1837 2059 1867 enim
2068 1842 2185 1875 uterque
2192 1836 2271 1866 alteri
2282 1837 2400 1873 objiciat
2410 1846 2416 1865 τ
2428 1836 2517 1874 palam
2526 1836 2561 1867 est

1465 1877 1712 1914 utrunquefeciffe.
1735 1876 1794 1906 Cic.
1806 1877 1835 1906 in
1845 1886 1963 1914 prooem.
1985 1875 2043 1906 Off.
2065 1876 2228 1912 Eodemque
2237 1875 2324 1904 modo
2335 1875 2370 1904 de
2379 1874 2520 1905 Aristotele
2537 1876 2562 1905 ἀ

1464 1913 1584 1944 Isocrate
1597 1915 1711 1952 judico:
1741 1924 1858 1952 quorum
1867 1921 1984 1952 uterque
1997 1913 2046 1944 suo
2063 1914 2154 1943 studio
2169 1913 2339 1949 delectatus,
2357 1913 2522 1951 contempsit
2529 1911 2563 1943 al·

1466 1957 1567 1982 terum.
2191 1956 2193 1960 ’

1447 1990 1524 2021 Alter
1538 1992 1564 2020 &
1578 1990 1672 2021 altera.
1696 1989 1754 2020 Cic.
1767 1999 1792 2027 3.
1804 1990 1840 2020 de
1850 1990 1914 2020 Nat.
1922 1989 2007 2020 Deor.
2021 2000 2064 2026 5¹·
2075 1988 2142 2019 Non
2152 1988 2230 2018 vides
2239 1987 2334 2018 Solem
2345 1987 2430 2018 deum
2439 1987 2502 2024 effe,
2516 1987 2563 2018 Lu-

1467 2039 1603 2066 namque:
1631 2039 1749 2066 quorum
1759 2028 1875 2058 alterum
1885 2027 2044 2066 Apollinem
2059 2026 2157 2062 Graeci,
2170 2026 2284 2056 alteram
2294 2025 2414 2057 Dianam
2424 2033 2529 2064 putant.

1447 2065 1554 2096 Primus
1565 2069 1591 2097 81
1604 2066 1680 2096 alter.
1706 2066 1774 2096 Cato
1785 2077 1817 2096 ca
1840 2089 1845 2096 .
1862 2076 1923 2103 157.
1946 2065 2035 2095 Prima
2043 2066 2081 2094 est
2090 2064 2175 2099 laevis,
2190 2064 2274 2094 altera
2287 2064 2325 2092 est
2342 2064 2436 2102 crispa.

1447 2104 1526 2135 Unus
1537 2106 1563 2134 &
1574 2104 1650 2135 alter.
1674 2105 1756 2134 Auth.
1766 2105 1801 2134 ad
1812 2076 1855 2134 sie

1466 2142 1530 2171 sunt
1545 2152 1636 2172 rerum
1651 2165 1659 2178 ,
1680 2143 1771 2180 alterae
1784 2142 1940 2172 verborum.

1447 2180 1534 2211 Alteri
1548 2182 1574 2210 &
1582 2181 1700 2218 utrique.
1725 2181 1782 2210 Cic.
1794 2190 1845 2218 pro
1855 2180 1909 2218 Syl.
1923 2184 1968 2210 61.
1990 2179 2031 2210 Ita
2041 2180 2140 2209 charus
2147 2179 2270 2215 utrisque
2280 2178 2319 2207 est
2328 2183 2410 2215 atque
2419 2177 2566 2218 jucundus.
2582 2180 2586 2188 '

1467 2225 1499 2247 ut
1516 2228 1575 2247 non
1584 2219 1684 2248 alteros
1699 2217 1848 2248 demovisse
1861 2241 1868 2254 ,
1890 2218 1937 2247 sed
1949 2224 2080 2256 utrosque
2088 2216 2256 2282 001110111ἰῖ16
2268 2216 2405 2246 videatur.

2100 2271 2139 2275 —-
2158 2257 2184 2285 δε
2203 2264 2217 2283 3
2229 2255 2294 2284 teris

1448 2255 1545 2286 Alterae
1563 2257 1673 2286 niensae.
1695 2257 1761 2286 Hor.
1778 2267 1803 2292 4.
1819 2256 1906 2285 Carm.
1918 2266 1997 2294 5.31.

2016 2292 2116 2323 Sensus
2133 2293 2172 2322 est
2185 2315 2192 2327 ,
2216 2292 2335 2321 Romani
2352 2292 2393 2321 tui
2404 2313 2412 2325 ,
2433 2290 2562 2328 Auguste,

1527 2294 1570 2324 Tc
1587 2294 1686 2324 mensis
1707 2294 1822 2324 adhibet
1840 2295 1932 2323 deum.

1466 2341 1517 2370 pro
1536 2332 1590 2361 deo
1600 2339 1629 2362 te
1644 2332 1756 2368 colunt,
1778 2333 1804 2362 &
1819 2333 1849 2361 in
1861 2332 1954 2362 mensa
1967 2331 2088 2361 secunda
2099 2353 2106 2366 ,
2127 2331 2158 2360 iri
2177 2340 2231 2367 qua
2247 2329 2317 2359 solet
2331 2329 2428 2358 libatio
2448 2328 2520 2364 fieri,
2538 2328 2562 2358 de

1464 2370 1583 2438 zequpieng
1605 2372 1730 2409 precatio
1741 2393 1749 2406 ,
1779 2376 1807 2399 te
1825 2377 1857 2400 ut
1875 2371 1960 2400 deum
1977 2369 2139 2405 obsecrant,
2171 2370 2197 2398 &
2214 2368 2266 2398 tibi
2289 2376 2322 2398 ut
2334 2367 2448 2397 Laribus
2470 2366 2560 2397 libant

2599 1665 2604 1677 Ι

1857 2114 1935 2133 renii.
1948 2103 1965 2134 1.
1979 2113 2002 2140 3,
2017 2113 2058 2141 33.
2074 2102 2208 2141 Duplices
2217 2101 2565 2137 suiitlimilitudines‚unae
2595 2111 2598 2119 ·

1446 2445 1521 2475 Alter
1531 2447 1702 2484 geminatum
1711 2446 1767 2475 sine
1776 2446 1985 2482 conjunctione.
2007 2444 2065 2474 Liv.
2081 2454 2104 2474 1.
2128 2443 2250 2482 Uterque
2261 2443 2424 2473 vociferari:
2448 2434 2575 2472 &certam
2602 2446 2604 2488 Ι

1466 2484 1517 2513 tini
1527 2484 1595 2514 alter
1611 2485 1689 2513 alteri
1702 2484 1868 2522 obstrepere.
1908 2484 1954 2513 Sic
1965 2484 2085 2513 dicimus
2097 2503 2106 2518 ,
2126 2482 2202 2512 Alter
2211 2482 2288 2512 alteri
2303 2482 2426 2517 invidet,
2447 2480 2520 2510 Alter
2531 2477 2564 2509 al·

1466 2528 1557 2552 terum
1576 2519 1704 2557 accusat,
1727 2524 1753 2552 8<
1768 2522 1872 2551 similia.

1447 2559 1540 2589 Altera
1550 2560 1663 2590 alteram
1673 2570 1731 2589 non
1742 2561 1851 2589 minuit.
1873 2559 1936 2598 Ulp.
1946 2560 1974 2589 in
1987 2559 2005 2588 l.
2018 2558 2154 2589 Neratius.
2177 2557 2213 2588 D.
2223 2557 2266 2587 De
2277 2557 2353 2587 servo
2369 2561 2488 2594 corrupt.
2508 2553 2566 2585 Nee

1447 2635 1522 2665 Alter
1535 2637 1603 2665 item
1615 2637 1785 2674 geminamm
1797 2658 1805 2671 ,
1826 2636 1873 2665 sed
1881 2636 1916 2664 de
1933 2635 2057 2673 pluribus
2066 2636 2171 2664 dictum
2181 2644 2231 2671 pro
2243 2634 2325 2663 Alius.
2349 2633 2424 2662 Suet.
2441 2632 2470 2661 in
2481 2629 2562 2668 Calig-

2602 2490 2604 2507 l

1466 2597 1565 2628 sufficit
1572 2598 1701 2628 alterutra
1710 2599 1820 2628 afflone
1829 2597 1912 2636 egisse
1924 2608 1930 2627 ε
1953 2598 2017 2635 quia
2027 2597 2111 2626 altera
2117 2596 2230 2626 alteram
2239 2605 2297 2624 non
2306 2596 2416 2624 minuit.
2601 2514 2604 2618 i

2600 2624 2604 2711 ἔ

1467 2684 1528 2712 cap.
1542 2678 1585 2710 56.
1616 2675 1677 2704 Nec
1687 2673 1798 2703 cessavit
1806 2684 1840 2704 ex
1848 2683 1883 2702 60
1893 2673 2008 2702 alterum
2020 2673 2098 2702 alteri
2107 2672 2255 2706 criminari,
2266 2679 2347 2709 atque
2357 2671 2429 2700 inter
2438 2669 2465 2699 se
2474 2676 2564 2704 omnes

1467 2712 1652 2742 committere.
1676 2712 1743 2741 Plin.
1757 2711 1805 2741 lib.
1819 2721 1860 2741 11.
1878 2721 1938 2749 cap.
1951 2721 1993 2747 30.
2015 2711 2050 2740 de
2066 2710 2206 2746 formicis,
2227 2710 2262 2739 Et
2276 2709 2409 2747 quoniam
2419 2717 2454 2745 ex
2466 2704 2563 2747 diverso

1467 2750 1645 2785 convehunt,
1667 2750 1751 2779 altera
1769 2749 1880 2779 alterius
1891 2750 1991 2787 ignara.
2545 2747 2557 2787 ι’

1448 2787 1523 2818 Alter
1532 2788 1698 2826 praeteream
1708 2787 1848 2823 ejusmodi
1865 2787 2055 2824 geminatione
2072 2795 2137 2815 00111
2147 2785 2234 2814 verbo
2242 2783 2342 2823 plurali
2361 2783 2474 2821 figurate
2482 2782 2564 2819 jungi·

1468 2832 1511 2854 tur
1525 2836 1531 2856 ε
1554 2826 1622 2855 sicut
1637 2825 1721 2861 Alius,
1731 2826 1866 2862 Quisque,
1881 2825 2008 2861 Uterque.
2032 2824 2090 2853 Cic.
2105 2833 2130 2860 3,
2142 2823 2177 2853 de
2188 2823 2246 2852 Fin.
2269 2823 2365 2859 Quum
2378 2821 2447 2851 alter
2455 2819 2563 2849 alterum

1467 2863 1634 2894 videremus.
1676 2864 1724 2893 Pro
1740 2873 1774 2892 60
1785 2863 1859 2900 quod
1869 2863 1917 2897 est,
1940 2863 2036 2899 Quum
2048 2868 2162 2898 uterque
2180 2861 2304 2889 nostrum
2323 2860 2439 2889 alterum
2454 2857 2561 2887 videret·
2576 2876 2578 2878 ν

1468 2901 1573 2931 Eadem
1586 2901 1671 2938 figura
1683 2902 1722 2931 uti
1736 2901 1876 2938 possumus
1891 2901 1918 2929 in
1936 2899 2021 2929 verbo
2032 2899 2158 2928 secundae
2169 2899 2291 2936 personae
2303 2908 2308 2927 :
2338 2905 2386 2932 ut,
2421 2896 2494 2926 Alter
2505 2894 2564 2923 alte-

1468 2949 1529 2969 rum
1549 2941 1664 2969 docetis.
1707 2940 1725 2969 i.
1751 2949 1774 2968 e.
1804 2938 1918 2967 Docetis
1931 2948 1979 2967 vos
1995 2944 2101 2966 mutuo.
2150 2936 2206 2966 Sed
2223 2937 2276 2965 hoc
2290 2937 2325 2965 de
2342 2935 2451 2965 duobus
2465 2933 2579 2974 dic'tumt

1466 2977 1599 3015 intellige.
1642 2978 1714 3006 Nam
1725 2977 1760 3006 de
1771 2975 1895 3015 pluribus
1905 2998 1913 3011 ,
1928 2976 2003 3005 haud
2017 2975 2072 3004 scio
2085 2984 2120 3004 311
2129 2974 2207 3012 loqui
2216 2974 2252 3004 fic
2262 2974 2353 3010 liceat,
2373 2972 2447 3002 Alter
2459 2970 2569 3000 alterium

1468 3025 1552 3044 onera
1570 3021 1688 3053 portare.
1717 3025 1768 3052 pro
1783 3014 1834 3043 Alii
1849 3014 1976 3043 alioruin.
2558 3025 2559 3029 =

1449 3053 1524 3082 Alter
1541 3054 1610 3082 citra
1629 3053 1847 3090 geminationem
1870 3061 1934 3080 cum
1947 3051 2033 3080 verbo
2058 3059 2169 3087 quoque
2182 3049 2282 3087 plurali
2300 3048 2409 3087 legitur.
2438 3046 2520 3076 Plaut.
2536 3044 2564 3074 in

1469 3091 1551 3121 Truc.
1565 3101 1589 3120 2.
1605 3103 1630 3126 4.
1646 3101 1687 3126 30.
1711 3090 1862 3126 Quondam
1870 3089 1932 3123 suit,
1948 3098 2034 3126 quum
2050 3088 2121 3117 inter
2133 3098 2183 3116 nos
2195 3087 2366 3117 sorderemus
2380 3085 2468 3115 alteri.
2507 3081 2563 3113 Hoc

1469 3129 1605 3159 1101110016
1617 3129 1674 3158 dici
1684 3150 1692 3163 ,
1713 3138 1764 3165 pro
1773 3137 1807 3156 eo
1822 3128 1896 3164 quod
1909 3133 1981 3162 erat,
2004 3126 2099 3162 Quum
2114 3124 2267 3154 alteralteri
2278 3124 2458 3154 sorderemus.

1449 3167 1540 3197 Altera
1552 3167 1598 3195 die
1611 3176 1702 3204 quam.
1730 3165 1785 3195 Liv.
1800 3175 1822 3194 1.
1835 3164 1903 3194 Bell.
1915 3158 2039 3194 Maced.⁴
2066 3163 2244 3206 Navibusque
2256 3172 2291 3192 ex
2301 3161 2382 3192 claise
2401 3171 2418 3190 c
2427 3171 2443 3190 o
2453 3170 2475 3190 s.
2490 3152 2565 3206 ‘Cois'
2589 3137 2604 3199 il

1469 3205 1535 3234 nelii
1551 3204 1648 3237 leciis,
1666 3203 1750 3232 altera
1764 3203 1811 3232 die
1826 3213 1934 3240 quartia
1946 3202 2097 3231 Brundutio
2114 3200 2202 3230 solvit.
2223 3202 2241 3230 i.
2264 3210 2288 3230 e.
2309 3199 2440 3230 Secundo
2451 3192 2562 3233 die,vel
2596 3202 2604 3239 {¹

1469 3242 1586 3272 Duobus
1608 3241 1707 3271 dicbus
1725 3241 1868 3278 postquam
1881 3262 1887 3274 ,
1908 3242 1960 3270 &tx
1998 3239 2028 3268 V.

1450 3280 1482 3310 In
1499 3280 1582 3310 altera
1603 3280 1661 3315 jura
1680 3280 1788 3308 cedere.
1812 3278 1877 3307 Hor.
1894 3287 1918 3306 2.
1942 3277 2024 3315 Epist.
2042 3286 2067 3305 2.
2085 3286 2146 3313 ¹74·

1449 3317 1524 3348 Alter
1536 3339 1544 3352 ,
1560 3318 1688 3353 junctum
1701 3316 1889 3345 numeralibus
1908 3316 1941 3344 iio*
1961 3325 2020 3352 qum
2034 3313 2169 3343 ordinalia
2181 3313 2313 3342 dicuntur
2323 3334 2331 3346 ,
2350 3322 2402 3350 pro
2414 3311 2515 3341 Primus
2524 3316 2561 3338 ao·

1470 3356 1581 3393 cipitur.
1604 3354 1663 3384 Cic.
1688 3364 1728 3383 12.
1750 3353 1823 3383 Fani.
1838 3363 1882 3386 ις.
1913 3352 2087 3382 Liberalibus
2102 3351 2195 3380 literas
2209 3350 2304 3387 accepi
2323 3356 2401 3383 tuas,
2422 3345 2561 3391 quas'niihi
2587 3358 2591 3388 1

1470 3393 1635 3423 Cornificius
1650 3391 1736 3421 altero
1754 3393 1779 3421 Sc
1797 3391 1927 3421 vicesiino
1939 3391 1984 3419 die
2001 3389 2193 3425 (011110603οὶ
2214 3388 2347 3417 reddidit.
2380 3388 2406 3416 h.
2429 3397 2452 3416 e.
2473 3385 2562 3414 Viceii-

1469 3432 1617 3469 moprimo.
1660 3429 1710 3458 Alii
1723 3430 1822 3459 acriter
1833 3429 2010 3457 contendunt
2027 3428 2103 3456 idem
2115 3426 2203 3456 valere
2215 3426 2290 3462 quod
2304 3425 2464 3454 Secundus:
2483 3429 2512 3452 ut
2525 3420 2559 3454 sit.

1469 3469 1562 3499 Altero
1576 3470 1601 3498 ἃ
1625 3467 1755 3497 vicesimo
1767 3489 1775 3503 ,
1803 3466 1878 3496 idem
1894 3466 1970 3503 quod
1983 3465 2115 3494 Vicelirno
2126 3464 2256 3493 secundo.
2297 3463 2326 3492 V.
2353 3463 2458 3491 Alanut.
2472 3460 2561 3490 Auctor

1468 3505 1540 3537 Dial.
1558 3506 1593 3535 de
1603 3506 1678 3534 Orat.
1689 3515 1750 3543 cap.
1765 3514 1807 3539 34.
1842 3504 1964 3533 Alterum
1977 3505 2003 3533 Sc
2014 3503 2108 3531 Unum
2120 3502 2240 3540 opponit
2250 3501 2279 3529 in
2287 3500 2339 3529 1130
2351 3499 2476 3529 formula.
2504 3496 2560 3527 Uno

1471 3547 1497 3575 &
1510 3544 1639 3573 vicesimo
1656 3552 1730 3572 anno
1743 3542 1829 3572 Caesar
1843 3541 2017 3571 Dolabellam
2033 3551 2039 3569 :
2061 3540 2147 3569 altero
2160 3538 2322 3568 &vicennio
2333 3537 2437 3567 Asinius
2447 3537 2477 3566 C.
2489 3535 2561 3565 Cato·
2586 3544 2589 3572 ξ

1468 3591 1534 3612 116111
1549 3582 1581 3610 iis
1596 3580 1771 3623 orationibus¹
1785 3579 1900 3608 insecuti
1915 3579 1983 3608 sunt.
2009 3578 2080 3616 Virg.
2099 3583 2124 3611 8.
2135 3576 2191 3606 Ecl.
2204 3586 2246 3612 39.
2586 3584 2588 3589 ⁸

1533 3619 1605 3648 Alter
1620 3618 1654 3647 ab
1665 3618 1814 3648 undecimo
1826 3618 1949 3653 jamtum
1962 3626 2006 3646 me
2019 3622 2130 3654 ceperat
2145 3623 2243 3644 aniius.

1468 3656 1531 3686 sunt
1549 3656 1661 3685 diversit
1680 3656 1852 3685 eruditorum
1868 3654 2018 3683 sententiae.
2056 3653 2109 3682 Alii
2129 3651 2334 3682 Duodecimum
2355 3646 2561 3686 intelligendum

2051 3249 2164 3275 QUAM.

2302 3613 2392 3651 Super
2401 3621 2455 3650 quo
2470 3606 2562 3649 pariter
2598 3592 2604 3634 ἓΙ

1470 3694 1660 3724 contendunt:
1683 3693 1835 3730 utSignon.
1858 3702 1879 3721 1.
1901 3692 2019 3721 Emend.
2044 3695 2088 3721 16.
2110 3690 2234 3719 Perizon.
2253 3689 2397 3718 Animadv.
2425 3696 2483 3724 cap.
2497 3694 2519 3720 7.
2533 3692 2559 3722 p-
2601 3700 2604 3708 ·

1470 3738 1534 3765 282.
1576 3731 1606 3760 V.
1634 3732 1761 3761 Burman.
1781 3730 1816 3759 ad
1834 3730 1941 3759 Petron.
1959 3739 2018 3767 cap.
2043 3734 2104 3762 108.
2126 3737 2154 3764 p.
2181 3736 2245 3764 497.
2297 3725 2348 3755 Alii
2369 3719 2562 3764 Tertiunideci-
2585 3726 2587 3755 ς

1469 3779 1555 3798 nium.
1596 3769 1667 3805 Quae
1679 3769 1813 3798 sententia
1825 3777 1881 3796 non
1897 3774 2005 3796 tantum
2026 3766 2145 3796 Manutii
2164 3771 2191 3806 at
2210 3763 2361 3810 ,uqSulQ
2378 3763 2414 3792 ad
2427 3759 2520 3804 Manil.
2539 3766 2560 3787 1·
2584 3762 2587 3793 ζ

1474 3812 1535 3840 mg.
1550 3805 1964 3835 sedechtt.etianiSei'viiest.
2006 3797 2193 3837 Altereiiitff,i
2216 3775 2448 3839 qliiffdeduobus
2458 3799 2559 3841 dicitiir·
2585 3803 2587 3810 ⁴

1470 3844 1504 3872 Et
1516 3843 1552 3872 ita
1564 3844 1686 3872 Donatus
1697 3844 1767 3873 illud
1782 3843 1846 3872 Ter.
1862 3843 1929 3871 And.
1945 3854 1964 3871 i.
1982 3853 2002 3871 i.
2020 3852 2062 3876 50-
2086 3841 2163 3869 Unus
2178 3840 2278 3870 &item
2289 3838 2364 3868 alter.
2378 3835 2562 3868 defflnbusm-
2584 3840 2585 3874 J

1471 3888 1644 3920 terpretatur.
1667 3881 1727 3911 Post
1736 3890 1841 3916 unum,
1862 3881 1971 3917 inquit,
1992 3880 2067 3909 duo:
2089 3876 2318 3915 exquibusalter,
2340 3882 2370 3906 ut
2385 3876 2434 3905 lint
2443 3880 2505 3904 tres.
2523 3870 2562 3939 {gg
2584 3896 2585 3919 ;
