2600 4177
448 69 478 104 C
574 69 609 104 O
704 69 730 103 L

105 143 213 177 Fuscus.
232 147 315 180 Ovid.
332 159 356 179 2.
370 149 462 179 Amor.
476 159 501 185 4.
515 160 560 186 40.

106 182 219 214 NiveuS.
242 188 305 216 Hor.
321 197 346 217 2.
362 188 449 216 Carm.
462 199 488 223 4.
502 197 527 224 3.

106 221 217 251 Melior.
261 225 289 254 In
312 236 326 253 s
336 235 352 253 o
364 235 382 253 >1
394 235 440 254 us.

108 258 233 290 Pulcher.
260 262 363 291 Lucret.
380 262 429 290 lib.
444 273 469 295 4.
487 271 563 297 ¹027·

106 296 260 334 Purpureus
271 301 411 336 qnondam
423 299 501 328 color
512 309 560 329 ora
572 299 692 337 reliquit.
715 299 788 339 Virg.
804 310 846 332 11.
868 301 926 332 AEn.
941 307 1004 339 819.

105 333 209 364 Similis
225 338 315 367 morri.
337 338 400 366 Seii.
413 337 561 374 Hippol.4.

106 371 209 402 Suavis.
232 375 289 403 Cic.
303 386 324 407 ς.
342 374 477 408 Tusc.46.

105 408 188 438 Taetri
201 411 307 440 colores
319 412 392 440 ioeda
402 411 502 449 specie.
524 411 631 441 Lucret.
645 412 693 443 lib.
706 422 732 443 2.
745 423 809 449 421.

105 445 223 485 Turpes.
247 449 352 478 Lucret.
365 449 412 477 lib.
426 459 451 478 2.
462 458 526 483 421.
594 460 602 464 ”

105 482 229 515 Validus.
275 485 341 515 Plin.
353 486 398 515 lib.
414 496 459 515 20.
473 496 532 524 cap.
546 497 566 517 ς.
591 487 630 515 Ad
643 487 765 518 validum
776 497 887 526 quoque
906 489 1028 520 colorem
1046 489 1142 528 profici
1165 491 1221 520 hoc

125 523 197 552 cibo.
219 524 255 551 de
266 524 395 561 Corporis
406 524 518 552 hnmani
529 523 622 553 colore
632 524 757 562 perbono
775 527 830 555 scil.

105 558 292 589 Verecundus.
335 561 399 590 Hor.
418 562 510 598 Epod.
528 572 567 597 ¹7·
583 572 627 591 21.
658 561 854 594 Verecundum
872 565 996 596 colorem
1010 565 1148 602 eleganter
1169 575 1221 603 pro

124 597 235 626 Rubore
247 598 326 627 dixit.
367 599 499 637 Porphyr.

105 634 217 664 Nitidus
228 645 284 664 non
295 635 341 665 suo
351 636 452 666 colore.
475 636 595 674 Quintil.
610 637 657 666 lib.
668 647 693 667 2.
708 647 768 676 cap.
783 649 806 674 ς.

105 672 257 701 Consistere
267 672 321 702 sine
333 674 434 703 colore.
476 676 533 704 Cic.
548 675 582 704 de
593 675 686 713 Arusp.
700 676 780 713 Resp.
796 686 821 706 2.
845 676 900 706 Sed
916 687 1013 707 vecors
1034 683 1150 716 repente
1167 676 1223 707 fine

123 709 172 738 suo
183 710 260 739 vultu
274 733 281 744 ,
304 711 359 741 sine
371 712 465 742 colore
483 735 490 747 ‚
511 713 566 741 sine
575 723 644 742 voce
656 714 790 743 constitit.

105 747 218 776 Constat
228 748 306 777 color
318 751 343 778 81
359 751 458 779 vultus.
492 751 520 779 ln
542 761 558 779 c
567 760 583 779 o
595 760 614 778 N
623 761 636 779 s
645 760 664 779 T
673 761 699 780 o.

103 784 228 814 Nimium
241 796 277 815 ne
286 788 368 817 crede
378 788 472 817 colori.
497 788 568 825 Virg.
580 798 604 817 2.
618 788 675 817 Ecl.
692 798 732 824 17.
760 789 778 819 i.
797 799 821 819 e.
845 789 888 819 Ne
903 789 1023 820 confide.

104 821 218 852 Excidit
228 824 304 852 color
316 825 407 855 alicui.
426 827 509 855 Ovid.
524 836 549 854 2.
571 826 639 855 met.
652 829 717 856 601.
1116 864 1118 866 Ι

103 859 192 889 Exiffe
200 870 233 890 eo
244 862 339 892 colore
350 864 419 893 &iis
430 864 517 893 oculis
530 865 558 892 in
569 864 651 896 sedes.
666 871 705 893 ut.
746 864 805 894 Cic.
816 864 852 894 de
868 865 938 895 Clar.
951 865 1028 895 Orat.
1042 871 1085 900 87.
1107 864 1223 895 Interim

122 907 209 934 quum
222 899 287 929 esset
297 902 321 929 ei
334 903 609 938 nuntiatumtempus
627 901 702 936 effe,
727 902 811 931 exisse
832 903 861 931 in
881 904 954 932 aedes
974 913 1008 934 eo
1029 904 1123 933 colore
1145 905 1171 933 δι
1190 903 1223 932 115

123 936 212 965 000115
222 957 230 971 ,
252 945 282 966 ut
296 938 376 972 egisse
388 939 495 968 causam
505 960 513 974 ‚
536 949 592 967 11011
603 947 823 970 commentatum
834 948 954 978 putares.

102 972 208 1003 Fucare
218 975 351 1005 colorem.
377 978 462 1006 Ovid.
476 987 499 1005 2.
516 976 594 1006 Trist.
607 983 668 1012 487·

197 1012 353 1051 Composita
363 1015 400 1043 est
410 1014 470 1044 aliis
479 1014 592 1044 fucandi
605 1025 668 1044 cura
681 1014 790 1044 coloris.

103 1047 231 1079 Insidere.
253 1058 302 1085 ut.
325 1052 489 1087 Venusinus,
504 1061 561 1081 non
573 1051 637 1081 fuco
657 1053 752 1089 illitus,
772 1053 819 1083 sed
832 1053 964 1091 sanguine
981 1053 1096 1084 diffusus
1106 1054 1224 1085 inlidere

121 1087 207 1116 debet
217 1088 303 1117 color.
326 1090 383 1119 Cic.
397 1099 422 1126 3.
439 1090 474 1119 de
485 1090 561 1119 Orat.
578 1099 637 1125 197.

102 1124 240 1155 Obtinere
251 1126 384 1157 colorem.
426 1128 511 1157 Plaut.
523 1128 583 1157 Mil.
598 1138 623 1157 2.
637 1137 662 1157 2.
678 1137 720 1163 30.
742 1128 819 1158 Paret
829 1129 1148 1168 artem&disciplinam:
1173 1129 1224 1159 ob-

121 1163 350 1194 tineatcolorem.
389 1166 406 1196 i.
420 1177 444 1196 e.
466 1166 531 1195 Non
544 1172 649 1200 mutet,
672 1176 730 1195 non
741 1167 890 1196 erubescat.

102 1199 264 1231 Pei-coctum
295 1203 436 1237 colorem,
458 1204 488 1232 i'n
509 1204 623 1233 homine
641 1204 775 1233 Colorem
789 1205 899 1242 nigrum
919 1214 1067 1240 vocamus,
1089 1207 1115 1235 &
1134 1215 1149 1235 a
1170 1204 1226 1235 sole

122 1238 259 1268 adustum.
281 1240 389 1270 Lucret.
406 1241 454 1270 lib.
467 1245 492 1271 6.
505 1251 567 1275 722.

159 1276 232 1306 lnter
243 1278 319 1313 nigra
333 1279 421 1308 virum
434 1281 564 1316 percocto
576 1278 646 1309 secla
658 1279 760 1309 colore.
822 1279 985 1318 Periphrasis
997 1280 1035 1310 est
1048 1279 1222 1319 AEthiopum.

103 1313 219 1344 Perdere
230 1315 362 1345 colorem.
385 1317 469 1346 Ovid.
483 1326 507 1351 3.
524 1317 593 1347 Met.
609 1327 669 1346 100.

196 1352 245 1383 Ille
260 1354 307 1382 diu
321 1355 436 1392 pavidus
446 1355 546 1392 pariter
558 1365 621 1384 curn
633 1365 703 1385 voce
713 1354 839 1385 colorem

200 1391 368 1421 Perdiderat.
462 1393 479 1422 i.
493 1402 516 1422 0.
540 1393 728 1430 Expalluerat.

102 1428 187 1458 Tueri
202 1429 325 1459 colorem
339 1430 539 1460 exercitatione
548 1433 683 1469 corporis.
707 1431 766 1460 Cic.
782 1440 804 1460 1.
819 1430 900 1461 Offic.
916 1440 977 1468 130.

102 1467 228 1496 Civitatis
248 1467 343 1502 color,
371 1468 510 1498 translate.
541 1469 597 1498 Cic.
610 1481 635 1504 4-
656 1470 707 1498 Att.
721 1473 763 1498 16.
787 1469 945 1505 Amisimus,
967 1469 1005 1499 mi
1019 1469 1177 1508 Pomponi,
1198 1471 1225 1500 &

122 1515 234 1534 omnem
247 1515 304 1534 non
318 1507 402 1535 modo
414 1506 526 1536 succum
540 1517 572 1536 ac
579 1506 740 1545 sanguinem
750 1526 757 1536 .
779 1506 826 1536 sed
838 1508 921 1537 etiam
930 1507 1054 1538 colorem
1067 1509 1093 1538 δι
1105 1507 1226 1546 speciem

122 1543 264 1580 pristinam
284 1544 412 1573 civitatis.

103 1580 188 1610 Color
201 1587 276 1610 terrae
288 1603 295 1615 .
316 1582 438 1620 Species.
459 1582 531 1619 Virg.
549 1592 575 1612 2.
589 1583 687 1619 Georg.
706 1591 767 1619 177.

182 1618 265 1648 Nunc
274 1619 351 1649 locus
359 1630 486 1650 arvorum
501 1621 619 1657 ingeniis
630 1643 638 1655 ,
661 1630 720 1657 quae
733 1620 830 1649 robora
842 1620 943 1658 cuique
953 1643 962 1657 ‚

181 1656 252 1693 Quis
264 1656 341 1686 color
352 1680 360 1693 ‚
384 1660 410 1687 Sc
424 1668 483 1695 quae
496 1659 526 1687 sit
541 1659 621 1688 rebus
636 1666 733 1688 natura
743 1658 873 1687 ferendis.
991 1658 1110 1689 Servius.

103 1693 231 1732 Operum
243 1695 350 1725 colores
360 1718 368 1729 ,
392 1696 461 1725 Varii
475 1696 624 1726 0110610001
635 1703 756 1725 ornatus.
778 1696 846 1726 Hor.
860 1696 889 1724 in
906 1696 968 1726 Arte
980 1696 1057 1727 Poet.
1073 1703 1117 1733 87.

182 1732 339 1770 Descriptus
351 1733 454 1763 servare
465 1736 539 1763 vices
548 1756 555 1769 ,
578 1744 750 1771 operumque
761 1734 868 1763 colores

182 1770 237 1799 Cur
246 1780 297 1807 ego
308 1771 325 1799 11
337 1781 446 1809 nequeo
456 1794 464 1807 ‚
490 1773 644 1810 ignoroque
655 1793 662 1803 .
685 1780 767 1807 poeta
779 1771 904 1801 salutor‘?

101 1806 186 1837 Color
195 1809 237 1874 adl
246 1809 409 1838 Orationem
420 1810 565 1840 translatus
577 1832 585 1845 ,
607 1818 636 1840 ut
647 1810 814 1839 Urbanitatis
831 1809 917 1839 color.
940 1810 999 1840 Cic.
1013 1810 1048 1840 de
1060 1809 1133 1840 Clar.
1146 1809 1222 1840 Orat.

125 1854 183 1880 171.
241 1857 296 1875 ,111
320 1857 419 1877 uass.

101 1883 322 1914 Accommodare
334 1887 433 1922 cuique
445 1885 634 1915 coloriaetum
647 1885 735 1915 suum.
759 1885 880 1922 Quintil.
893 1885 942 1915 lib.
955 1895 981 1916 2.
996 1895 1058 1923 cap.
1074 1895 1117 1915 12.

101 1920 231 1951 Dicendi.
255 1923 374 1959 Quintil.
389 1924 437 1953 lib.
449 1928 474 1953 6.
494 1933 553 1961 cap.
567 1932 590 1958 3.

106 1959 215 1989 Ducere
226 1960 348 1990 colorem
363 1983 371 1996 ,
392 1961 531 1991 translate.
573 1961 693 1997 Quintil.
708 1961 756 1991 lib.
773 1971 815 1991 10.
830 1971 892 1999 cap.
905 1970 929 1991 1.
959 1961 978 1991 i.
996 1970 1021 1992 e.
1042 1960 1171 1991 Phraseos
1182 1970 1228 1999 ge-

120 2007 172 2026 nus
183 2007 354 2035 comparare.
384 2000 510 2029 Budaeus.
546 1999 590 2029 Est
600 2000 675 2028 enim
692 2000 805 2036 proprie

102 2034 212 2065 Ducere
226 2036 350 2066 colorem
360 2058 367 2071 ‚
387 2037 519 2067 Trahere.
543 2037 616 2074 Virg.
628 2048 652 2071 9.
667 2037 723 2066 Ecl.
737 2048 780 2073 49.

182 2074 303 2108 Astrum,
325 2084 379 2112 quo
391 2075 494 2113 segetes
521 2075 655 2104 auderent
666 2074 805 2112 frugibus,
828 2076 853 2105 &
864 2084 920 2112 quo

182 2112 302 2141 Duceret
311 2113 410 2148 apricis
426 2115 453 2142 in
466 2123 501 2142 co
516 2113 587 2142 libus
598 2123 650 2142 uva
663 2113 796 2142 colorem.

100 2149 306 2186 Pigmentorum
321 2149 370 2180 flos
382 2153 407 2180 Sc
420 2151 505 2181 color.
546 2151 604 2180 Cic.
617 2151 651 2180 de
667 2151 738 2180 Clar.
753 2151 829 2180 Orat.
845 2156 909 2185 298.
930 2149 1072 2188 intelliges
1094 2149 1134 2180 nil
1149 2149 1224 2180 illius

120 2187 315 2221 lineamentis.
338 2189 385 2218 nisi
400 2199 496 2219 eorum
517 2189 727 2227 pigmentorum
740 2211 748 2225 ,
770 2198 831 2225 quae
851 2189 963 2218 inventa
981 2189 1110 2218 nondum
1127 2194 1225 2224 erant,

122 2225 219 2255 florem
233 2228 257 2256 ἃ
270 2226 393 2256 colorem
409 2227 531 2256 defuiffe.

105 2263 237 2293 Veritatis
249 2264 339 2294 color.
381 2266 438 2294 Cic.
452 2267 479 2294 in
496 2266 580 2295 ssruto
591 2287 599 2300 ,
624 2267 684 2295 162.
709 2265 739 2294 In
751 2264 793 2294 his
803 2263 934 2293 omnibus
951 2264 1021 2293 inest
1039 2264 1152 2302 quidam
1169 2264 1226 2293 sine

121 2301 181 2331 ullo
192 2303 255 2331 fuco
265 2303 386 2332 veritatis
396 2303 474 2332 color
486 2325 493 2338 ‚
515 2313 572 2332 non
583 2304 692 2333 fucatus
703 2303 784 2331 nitor.
824 2302 983 2331 Translatio
1003 2302 1041 2331 011
1061 2312 1076 2331 3
1093 2303 1206 2332 feminis
1217 2324 1226 2337 ‚

119 2338 154 2369 ab
169 2340 201 2369 iis
213 2341 352 2378 praecipue
366 2351 426 2378 quae
436 2342 530 2370 fucum
545 2340 616 2379 saepe
637 2342 647 2376 (
662 2341 737 2378 quod
751 2340 874 2376 dicitur)
894 2340 1009 2369 faciunt.

101 2377 218 2407 Colores
231 2378 361 2408 rhetorici
384 2381 398 2415 [
410 2381 518 2415 wistan-m:
530 2380 544 2413 J
566 2379 641 2417 apud
653 2379 818 2408 Ciceronem
827 2385 962 2407 vocantur
980 2378 1154 2407 Ornamenta
1168 2387 1227 2407 ora-

119 2416 221 2451 tionis,
243 2416 342 2445 hocest
351 2417 462 2453 figurae.
484 2427 544 2453 quae
558 2427 572 2445 a
593 2418 695 2446 Graecis
717 2416 864 2445 Schemata
882 2414 1072 2459 appellantur:
1095 2423 1126 2445 ut
1139 2425 1226 2452 quum
1242 2445 1244 2448 ,

121 2453 158 2482 (10
180 2454 312 2491 Pompeio
329 2455 445 2492 loquens
461 2455 497 2484 ad
517 2455 638 2485 Atticum
654 2477 660 2488 ,
683 2454 732 2483 lib.
748 2463 773 2483 2.
798 2454 846 2491 Ep.
861 2463 905 2482 21.
930 2460 967 2482 ita
978 2454 1087 2489 innuit.
1107 2454 1153 2483 Sic
1171 2464 1225 2491 ego

120 2491 198 2521 hunc
209 2492 340 2522 omnibus
354 2503 367 2521 a
382 2502 425 2521 nie
435 2493 542 2530 picium
554 2494 581 2522 Sc
593 2493 712 2530 politum
724 2493 789 2521 artis
799 2491 943 2521 coloribus
952 2513 960 2526 ,
980 2491 1070 2521 subito
1089 2491 1227 2521 deforma-

120 2536 182 2558 tum
195 2552 203 2564 ,
226 2540 282 2559 non
295 2530 350 2559 line
358 2540 458 2567 magno
471 2531 570 2560 dolore
585 2531 651 2560 vidi.
692 2530 808 2560 Colores
818 2537 909 2558 autem
921 2529 1123 2567 illosintelligit
1137 2552 1145 2564 ‚
1167 2531 1226 2566 qui-

120 2567 172 2597 bus
183 2567 244 2597 usus
255 2569 292 2597 est
303 2569 330 2596 in
345 2570 472 2597 oratione
484 2578 534 2606 pro
547 2569 564 2597 1.
576 2568 674 2598 Manil.
692 2568 728 2597 de
743 2568 862 2606 imperio
873 2567 924 2596 Cn.
939 2567 1071 2604 Pompeii.
1094 2568 1131 2597 sic
1150 2568 1226 2597 enim

118 2613 201 2635 vocat
211 2606 344 2635 orationis
355 2615 517 2635 ornamenta
529 2608 554 2636 61
565 2606 689 2639 lumina.
710 2606 813 2643 quibus
832 2606 961 2634 detractis
977 2626 984 2635 ‚
1004 2615 1047 2635 res
1066 2605 1227 2643 {impliciter

119 2644 243 2672 indicata
252 2654 308 2672 non
321 2654 491 2681 magnopere
505 2644 599 2681 suapte
611 2651 707 2674 natura
716 2644 760 2673 vel
770 2643 934 2673 conditione
944 2644 1076 2682 placeret.
1098 2643 1225 2674 Budaeus.

100 2680 236 2719 Tragicus
249 2681 334 2711 color.
359 2682 425 2711 Hor.
436 2683 464 2710 in
476 2683 538 2711 Arte
553 2683 626 2711 Foet.
639 2686 702 2717 236.

181 2719 241 2748 Nec
249 2720 284 2749 sic
295 2720 384 2749 enitar
392 2719 510 2757 Tragico
523 2720 636 2749 differre
646 2719 734 2750 colori

179 2757 217 2786 Ut
225 2757 296 2787 nihil
306 2757 410 2787 intersit
420 2780 428 2793 ,
451 2758 578 2788 Davusne
593 2759 731 2795 loquatur,
748 2767 783 2786 an
793 2756 886 2807 audax

178 2795 306 2834 Pythias,
323 2797 374 2825 640.
851 2791 894 2830 d

99 2832 223 2863 Ornatur
234 2834 322 2862 oratio
335 2843 436 2871 genere
448 2833 570 2871 primum
581 2855 589 2869 ‚
612 2834 638 2864 ἃ
658 2832 730 2871 quasi
748 2832 843 2863 colore
858 2832 998 2869 quodam,
1019 2833 1046 2863 &
1066 2832 1148 2863 succo
1162 2833 1230 2864 100.-

120 2871 177 2900 Cic.
193 2880 216 2907 3.
236 2871 271 2900 de
282 2872 357 2901 Orat.
369 2881 415 2906 94.

99 2909 236 2939 Habitum
247 2910 388 2944 orationis,
399 2910 424 2939 &
434 2909 506 2946 quasi
517 2908 636 2944 aliquem
649 2908 772 2938 colorem
784 2907 1024 2944 requirere.Cic.3.
1036 2908 1151 2938 deOrat.
1159 2918 1220 2947 197.

99 2947 185 2976 Color
196 2947 271 2985 apud
283 2947 420 2977 Rhetores
431 2947 495 2976 faeti
505 2947 657 2985 probabilis
669 2946 756 2976 causa.
779 2945 899 2983 Quintil.
911 2957 937 2982 4.
951 2956 977 2976 2.
990 2956 1051 2984 pag.
1069 2956 1132 2982 341.

99 2985 216 3015 Dandus
227 2985 398 3015 deformibus
413 2985 500 3014 color.
523 2985 643 3021 Quintil.
655 2984 701 3013 lib.
717 2993 739 3019 3.
756 2993 816 3020 cap.
827 2989 853 3018 8.

98 3022 186 3052 Color
197 3044 205 3057 ,
227 3033 276 3060 per
286 3023 495 3053 translationem
506 3033 556 3060 pro
567 3023 701 3052 Praetextu
709 3024 733 3051 31
743 3022 870 3051 obtentu.
911 3021 1031 3058 Quintil.
1043 3020 1091 3051 lib.
1107 3031 1117 3050 1
1126 3032 1147 3051 1.
1159 3032 1221 3060 cap.

109 3070 146 3096 J.
169 3061 253 3097 Quod
266 3061 282 3090 si
295 3061 371 3091 nulla
383 3061 522 3098 contingit
534 3061 674 3090 excusatio
687 3082 695 3094 ‚
717 3059 774 3089 sola
795 3059 920 3089 colorem
943 3059 1027 3089 habet
1043 3061 1219 3098 poenitentia.

118 3099 161 3128 De
173 3109 205 3128 eo
214 3099 259 3135 qui
272 3098 388 3128 alterum
399 3098 508 3128 accusat
517 3121 525 3133 ‚
547 3109 632 3133 quum
643 3099 678 3128 de
691 3098 717 3127 se
728 3097 855 3127 fateatur.

99 3136 201 3167 Nullus
214 3144 327 3173 argento
337 3136 434 3166 abdito
443 3136 528 3166 color.
551 3136 618 3166 Hor.
633 3146 659 3166 2.
675 3136 765 3166 Carm.
778 3145 804 3166 2.
825 3145 849 3165 1.

192 3175 293 3204 Nullus
305 3181 418 3212 argento
429 3175 506 3204 color
517 3174 554 3203 011
562 3175 649 3204 avaris

191 3212 292 3241 Abdito
302 3213 380 3242 terris
388 3234 396 3247 ,
417 3212 530 3241 inimice
540 3211 638 3242 lamnae

191 3250 287 3288 Crispe
300 3250 407 3280 Sallusti
421 3272 428 3284 ,
450 3250 499 3279 nisi
511 3256 669 3288 temperato

365 3287 516 3325 Splendeat
526 3288 584 3317 usu.
689 3286 783 3316 Color.
806 3286 823 3315 i.
834 3295 858 3314 e.
881 3285 1011 3324 Speciosa
1021 3286 1147 3324 quaedam
1158 3296 1221 3318 cau-

117 3325 348 3363 fascprz'etextus.
389 3325 467 3362 Quid
483 3326 558 3355 enim
576 3325 662 3355 causae
680 3325 776 3354 afferre
788 3323 918 3362 possunt,
939 3326 965 3354 &
984 3325 1050 3360 quid
1059 3332 1220 3362 praetexere‚

118 3365 166 3401 qui
179 3365 252 3393 suam
265 3363 413 3401 pecuniam
428 3364 506 3392 humi
518 3364 689 3393 defodiunt?
711 3363 858 3392 Inimicum
870 3369 964 3392 autem
983 3362 1139 3392 Sallustium
1151 3363 1221 3393 dicit

119 3403 247 3439 pecuniae
257 3402 297 3431 illi
309 3412 368 3439 quae
376 3410 432 3430 non
443 3408 596 3438 temperato
606 3400 732 3438 splendet
741 3400 797 3430 usu.
841 3400 911 3430 Nam
922 3400 976 3429 hoc
987 3407 1143 3430 extremum
1152 3423 1159 3435 ‚
1182 3402 1220 3430 ad

119 3439 228 3469 sensum
239 3440 277 3469 est
289 3440 527 3469 accommodatius
546 3440 580 3468 ad
601 3439 758 3468 Sallustium
775 3438 887 3472 referri,
910 3447 992 3474 quarn
1010 3439 1046 3467 ad
1065 3447 1219 3476 argentum.

118 3477 277 3508 Turnebus.
317 3478 399 3515 [Ego
421 3487 485 3506 vero
504 3487 561 3506 non
584 3477 684 3506 dubito
707 3477 773 3513 quin
794 3476 924 3505 Horatius
941 3474 1077 3513 scripserit
1088 3498 1096 3511 ,

158 3515 260 3544 Abdito
268 3517 355 3544 terris.
396 3515 511 3545 Inimica
520 3514 621 3549 lamna,
633 3517 684 3544 810.
715 3515 786 3551 Quae
797 3513 880 3543 lectio
891 3522 954 3542 cum
965 3513 1071 3551 exegesi
1082 3513 1218 3550 Turnebi,

119 3554 294 3590 quamunice
304 3552 402 3590 probo,
414 3554 522 3590 egregie
535 3553 676 3582 convenit.
717 3552 772 3582 Sed
784 3561 846 3581 eam
856 3551 966 3589 plenius
984 3551 1147 3581 confirmare
1160 3562 1220 3582 non

118 3591 157 3620 est
165 3591 319 3623 huiusloci.
348 3591 492 3620 Mutarunt
500 3590 601 3619 librarii
612 3612 619 3625 ‚
643 3589 742 3627 quibus
751 3589 851 3627 ellipsis
866 3588 938 3631 verbi
953 3588 1121 3625 substantivi,
1141 3590 1222 3620 fami=

118 3628 258 3658 liariffima
269 3629 335 3658 huic
346 3631 436 3666 poetae
452 3651 460 3663 ,
481 3635 511 3658 ut
525 3627 594 3666 saepe
604 3627 671 3657 alias
683 3649 690 3663 ‚
711 3628 840 3658 tenebras
850 3627 998 3657 ofludetat.

100 3665 200 3699 Dicere
211 3666 343 3695 colorem.
366 3666 465 3701 Juven.
479 3670 504 3695 6.
516 3666 574 3695 Sat.
587 3675 649 3701 ²7⁹·
966 3702 972 3708 ι

115 3707 119 3709 ’
184 3704 236 3733 Dic
247 3704 377 3739 aliquem.
392 3704 481 3735 sodes,
494 3704 549 3733 hic.
565 3703 750 3740 Quintiliane,
761 3702 896 3732 colorem.
964 3712 982 3731 1.
995 3711 1020 3731 e.
1042 3701 1218 3734 Praetextum.

101 3740 203 3770 Dicere
213 3741 315 3778 aliquid
327 3742 390 3770 loco
404 3741 513 3771 coloris.
536 3741 656 3779 Quintil.
670 3741 718 3770 lib.
731 3751 754 3776 7.
768 3750 828 3778 cap.
843 3749 868 3769 2.

101 3778 235 3816 Recipere
247 3779 377 3808 colorem.
419 3779 538 3815 Quintil.
548 3789 612 3814 4-2·
627 3789 653 3816 p.
667 3788 730 3814 ³42-
765 3777 901 3814 Quaedam
920 3775 993 3813 effe,
1015 3787 1075 3815 quae
1093 3778 1218 3810 colorem

121 3827 178 3846 non
188 3817 340 3853 recipiant.
362 3817 407 3846 sed
415 3824 507 3846 tamen
519 3817 698 3846 defendenda
713 3816 784 3845 sunt.

100 3854 298 3890 Somniorum,
319 3856 344 3885 ἃ
359 3854 584 3891 superstitionum
601 3854 709 3884 colores
728 3853 785 3892 ipsa
802 3854 857 3889 jam
876 3852 1009 3883 facilitate
1027 3853 1221 3887 auetoritatem

118 3893 310 3959 pelrdiderulnt.
332 3892 452 3929 Quintil.
465 3892 511 3923 lib.
529 3905 552 3929 4.
568 3903 630 3929 cap.
645 3901 671 3921 2.

173 3940 190 3959 0
200 3940 224 3960 1..
278 3952 286 3960 .

1706 75 1995 113 COL
2379 92 2448 129 579

1321 153 1445 188 Colores.
1459 163 1519 192 quat
1533 154 1629 185 Media
1645 154 1836 186 defensionum
1848 164 1982 188 vocantur
1998 168 2013 187 a
2028 155 2189 192 forensibus.
2213 163 2332 200 Quintil.
2343 165 2392 194 lib.
2404 176 2444 196 ιι.

1342 198 1435 229 cap.8.
1447 193 1481 221 de
1495 193 1678 229 litigatoribus
1691 194 1817 230 loquens.
1827 196 1872 232 qui
1890 196 1997 225 libellos
2014 201 2136 234 parionis
2146 200 2197 228 suis
2209 201 2283 229 cons:
2294 202 2395 236 11011111Ὶ
2410 204 2444 232 Hi

1341 240 1424 266 porro
1442 240 1499 258 non
1514 238 1620 259 tantum
1631 239 1766 261 nocerent
1779 255 1786 266 ,
1808 233 1826 260 si
1843 235 1935 262 onmia
1948 234 2117 270 scriberent,
2140 239 2177 265 uti
2189 238 2328 274 gestasunt
2339 262 2346 271 .
2371 250 2446 270 nunc

1342 267 1486 296 consilium
1504 270 1529 297 δι
1544 268 1652 297 0010105
1675 270 1812 303 adiiciunt
1827 292 1835 303 ,
1856 273 1882 299 δι.
1895 272 1989 301 01111113
2009 273 2103 308 pejora
2126 272 2219 311 veris,
2242 286 2301 313 quae
2320 277 2445 314 plerique

1343 314 1428 340 quum
1446 313 1633 340 acceperunt.
1656 314 1761 336 mutare
1773 307 1849 337 nefas
1861 308 1973 337 habent.
2013 309 2137 339 Budaeus.

1322 340 1409 383 Color
1433 342 1470 370 est
1492 342 1573 371 etiam
1593 344 1667 372 idem
1689 354 1720 373 ac
1736 345 1883 374 0113130101
1898 346 1941 374 vel
1961 346 2042 376 Nota.
2083 348 2146 376 Sen.
2161 348 2242 386 Epist.
2256 358 2301 386 75.
2325 351 2379 379 Sed
2393 362 2446 382 nec

1343 378 1390 421 hic
1401 380 1513 414 quidem
1524 383 1747 411 contemnendus
1759 383 1795 411 est
1807 383 1885 412 color
1896 384 1992 413 tertius
2003 406 2011 417 ,
2032 386 2057 414 81
2077 387 2188 414 tertium
2217 397 2304 423 genus
2324 389 2445 424 philoso-

1341 415 1437 458 phiam
1452 417 1666 453 perficientium.
1710 420 1741 449 Et
1753 420 1834 457 Epist.
1850 431 1892 453 ςι.
1923 421 1977 450 Η10
2000 423 2096 451 tertius
2117 423 2196 452 color
2210 425 2264 459 est,
2288 425 2343 455 scil.
2370 427 2446 463 lnge-

1344 462 1464 482 niorum.
1506 454 1537 483 ln
1561 462 1677 489 utroque
1697 456 1760 486 loco
1778 467 1828 495 pro
1843 457 2003 496 synonymis
2029 460 2166 490 habentur
2191 463 2311 499 gradus,
2337 457 2445 501 0131115,

1344 489 1401 518 sors
1412 512 1419 524 ,
1441 490 1528 520 color.
1571 492 1600 520 V.
1624 493 1713 523 Barth.
1727 496 1762 524 ad
1778 496 1843 525 Stat>
1859 496 1925 525 Siiv.
1941 507 1968 533 p.
1983 500 2041 526 161.

1323 527 1424 559 Color.
1447 538 1497 565 pro
1513 529 1577 558 Vitae
1589 530 1666 560 statu.
1691 532 1756 561 Hor.
1774 543 1796 562 1.
1814 533 1894 570 Epist.
1909 543 1949 569 17.
1962 543 2006 569 2³·

1349 602 1354 608 .
1418 566 1519 595 Omnis
1534 567 1697 605 Aristippum
1709 570 1803 599 decuit
1813 571 1891 600 color
1904 593 1911 605 ,
1934 573 1959 600 Sc
1971 572 2052 601 status
2062 594 2069 607 ,
2089 574 2115 602 Sc
2129 582 2180 602 res.

1323 601 1391 631 Vitae
1406 602 1492 646 color.
1536 604 1598 632 1101.
1615 614 1639 634 2.
1657 606 1744 635 Serm.
1760 618 1781 637 i.
1794 613 1839 637 60.
1862 609 1880 637 i.
1894 618 1917 637 e.
1943 609 2121 647 Quocunque
2133 611 2202 640 mihi
2213 611 2270 641 vita
2279 611 2330 642 erit
2338 613 2443 647 lignan-

1342 640 1377 668 da
1389 640 1502 682 lapillo:
1525 641 1578 670 sive
1587 641 1651 671 albo
1671 643 1840 681 fignificante
1856 646 2081 683 prosperitatem.
2104 648 2156 677 sive
2175 651 2253 686 nigro
2273 650 2444 688 significante

1344 677 1545 707 adverlitatem.
1568 679 1622 708 1100
1634 681 1670 709 011
1682 703 1689 715 ,
1714 682 1766 711 (ive
1781 684 1870 712 vivam
1880 684 1958 713 dives
1969 706 1975 718 ,
1998 685 2050 714 sive
2067 687 2157 722 inops.

1284 714 1408 744 CoLoa
1421 725 1501 749 aus,
1526 717 1551 759 ᾇ
1572 718 1789 754 Cotonius.
1810 730 1844 754 a,
1866 731 1923 749 uni.
1946 722 2005 756 Adj.
2029 729 2076 757 ut,
2101 723 2219 753 Coloriae
2234 725 2320 755 vestes
2334 748 2342 760 ‚
2371 726 2442 762 Quae

1323 761 1358 781 ex
1375 751 1436 781 lana
1452 762 1507 781 non
1518 755 1604 783 1111013
1614 776 1621 789 ,
1644 755 1672 785 11.
1683 765 1707 784 0.
1730 759 1825 787 nativo
1836 758 1930 787 colore
1942 759 2018 788 sactae
2029 760 2098 789 sunt.
2122 760 2161 790 Ex
2175 762 2256 796 Valla.
2280 764 2324 792 lib.
2339 767 2364 792 6.
2378 774 2441 802 cap.

1325 799 1368 825 53.
1391 789 1421 819 V.
1445 790 1561 834 Paulum
1571 791 1588 820 1.
1611 792 1756 823 Pediculis.
1778 797 1800 832 §.
1817 795 1901 825 Titia.
1924 796 1956 825 D.
1972 798 2006 825 de
2019 808 2095 832 3010,
2110 806 2234 835 argento,
2258 802 2374 836 muiid0‚
2388 803 2441 832 810.

1322 826 1404 871 legat.
1448 827 1480 856 Et
1492 828 1599 866 Vopisc.
1614 830 1704 859 Aurel.
1718 841 1779 869 cap.
1791 836 1837 868 46·
1859 833 1936 862 Idem
1959 835 2110 870 concessit,
2132 845 2162 865 ut
2179 836 2293 867 blatteas
2312 846 2445 870 matronae

1322 871 1430 894 tunicas
1442 865 1586 901 haberent,
1607 868 1634 896 &
1646 875 1751 898 ceteras
1765 871 1868 905 vestes,
1890 881 1954 900 00111
1967 879 2047 901 antea
2062 873 2185 903 coloreas
2199 874 2363 906 habuissent.

1323 902 1441 932 Lodices
1452 913 1597 941 purpureae
1609 906 1635 934 Sc
1645 905 1772 936 coloreae.
1796 908 1927 945 Augustus
1940 910 2014 945 apud
2026 910 2128 940 Charis.
2146 923 2168 941 1.
2183 923 2210 950 p.
2225 919 2270 947 80.

1288 939 1311 969 C
1321 950 1337 969 o
1348 951 1364 969 L
1374 950 1391 968 0
1400 950 1415 969 R
1424 951 1433 969 1
1446 950 1466 969 N
1478 951 1495 969 υ
1504 951 1516 970 s
1530 963 1538 977 ‚
1558 951 1573 970 a
1585 963 1594 976 ‚
1616 952 1672 972 uin.
1695 945 1770 981 apud
1782 944 1953 982 Cyprianum
1962 948 2015 976 0110
2025 948 2117 977 fertur.

1287 978 1309 1008 C
1319 988 1336 1007 o
1345 989 1360 1006 L
1370 981 1386 1007 ὃ
1397 987 1412 1006 a
1422 988 1439 1022 o
1447 1000 1456 1013 ‚
1477 979 1606 1017 [fflwvvv'w
1615 1001 1623 1014 ‚
1632 980 1804 1023 λςωμθιτίζω,
1828 982 2031 1021 ἑπτλῇωκςιτὶζω,
2045 985 2133 1023 specii&
2141 1007 2150 1021 ‚
2160 987 2292 1025 χξόομω]
2312 992 2366 1019 are.
2393 991 2448 1020 Co-

1324 1015 1412 1045 lorem
1423 1016 1564 1046 inducere.
1605 1017 1664 1047 010.
1678 1029 1700 1047 1.
1712 1019 1747 1048 de
1756 1020 1820 1050 Nat.
1834 1020 1918 1051 Deor.
1934 1031 1994 1051 111.
2019 1023 2146 1053 Formare
2157 1046 2165 1060 ,
2187 1025 2320 1062 figurare,
2341 1028 2447 1058 colora-

1323 1063 1353 1083 re
1367 1075 1375 1087 ,
1396 1054 1520 1083 animare
1532 1064 1589 1084 non
1600 1055 1718 1092 poss'ent.

1322 1091 1454 1134 Colorare
1464 1093 1489 1122 Sc
1501 1092 1628 1122 roborare
1637 1093 1672 1123 se.
1712 1095 1771 1125 Cic.
1781 1095 1810 1124 in
1823 1095 1900 1125 Orat.
1912 1106 1957 1131 42.
1980 1096 2102 1128 Educata
2114 1098 2195 1135 hujus
2203 1102 2380 1133 nutrimentis
2389 1103 2448 1133 elo-

1343 1136 1456 1173 quentia
1467 1151 1476 1165 ,
1497 1129 1554 1168 ipsa
1567 1130 1594 1160 se
1605 1131 1700 1169 postea
1714 1133 1858 1164 colorat&
1873 1134 1992 1164 roborat.
2022 1135 2039 1164 i.
2053 1145 2077 1165 e.
2101 1137 2230 1168 Colorem
2250 1140 2276 1168 Sc
2298 1142 2382 1171 robur
2403 1152 2447 1172 ac-

1343 1174 1436 1204 quirit.

1321 1204 1455 1234 Colorare
1467 1206 1553 1243 magis
1563 1206 1602 1235 est
1616 1216 1697 1244 quam
1708 1206 1833 1238 Inficere.
1871 1209 1936 1239 Seri.
1950 1210 2030 1246 Epist.
2043 1220 2088 1248 71.
2107 1219 2174 1240 extr.
2197 1212 2446 1250 Quemadmodum

1344 1242 1406 1271 lana
1418 1243 1549 1279 quosdam
1560 1244 1670 1274 colores
1683 1245 1766 1275 semel
1781 1247 1860 1275 ducit
1874 1269 1882 1282 ‚
1905 1248 2037 1284 quosdam
2050 1270 2058 1283 ‚
2080 1249 2129 1279 nisi
2152 1249 2249 1287 saepius
2265 1262 2402 1284 macerata
2420 1257 2447 1287 &

1346 1283 1457 1324 1000013
1468 1303 1476 1316 ,
1497 1291 1554 1310 11011
1568 1282 1690 1319 perbibit
1703 1293 1710 1312 :
1730 1284 1776 1313 Sic
1789 1284 1855 1313 alias
1867 1285 2026 1323 disciplinas
2039 1287 2151 1324 ingenia
2166 1297 2230 1317 cum
2242 1299 2374 1328 accepere
2385 1303 2448 1330 pro.

1345 1324 1420 1347 tinus
1431 1319 1576 1356 praestant3
1599 1320 1657 1350 haec
1668 1343 1677 1357 ‚
1699 1321 1747 1351 nisi
1757 1322 1812 1351 alte
1828 1323 1973 1353 descendit
1985 1325 2011 1354 Sc
2026 1324 2073 1354 diu
2084 1324 2173 1361 sedit,
2193 1327 2316 1357 animum
2332 1339 2389 1358 nori
2400 1340 2449 1359 co-

1347 1356 1463 1392 loravit,
1484 1357 1530 1386 sed
1544 1358 1651 1388 infecit.

1323 1394 1456 1424 Colorare
1467 1417 1474 1429 ‚
1497 1405 1547 1431 pro
1562 1396 1698 1426 Inducere
1709 1403 1882 1434 praetextum.
1922 1398 2013 1429 Valer.
2030 1399 2107 1430 Mart.
2118 1400 2165 1431 lib.
2181 1407 2207 1436 8.
2223 1411 2282 1440 cap.
2293 1412 2318 1433 2.
2342 1404 2448 1434 Libidi-

1342 1432 1439 1461 nosam
1453 1432 1648 1463 liberalitatem
1659 1434 1745 1464 debiti
1756 1436 1872 1465 nomine
1884 1436 2046 1467 colorando.

1325 1469 1467 1506 colorari,
1502 1471 1537 1500 de
1545 1471 1661 1501 homine
1675 1474 1701 1502 ἃ
1713 1473 1847 1503 oratione.
1888 1474 1947 1504 Cic.
1963 1484 1989 1505 2.
2001 1476 2036 1505 de
2050 1476 2127 1506 Orat.
2141 1479 2185 1506 60.
2210 1477 2326 1507 Fatebor
2341 1479 2448 1516 aliquid

1344 1515 1440 1537 tamen
1454 1518 1460 1538 ε
1483 1516 1513 1538 ut
1525 1511 1649 1546 quumin
1659 1510 1716 1540 sole
1727 1511 1868 1540 ambulem
1878 1533 1887 1546 ,
1908 1514 1990 1542 etiam
2004 1513 2020 1542 li
2033 1514 2069 1542 ob
2081 1513 2161 1543 aliam
2170 1515 2275 1544 causam
2286 1517 2426 1547 ambulem
2438 1540 2447 1553 ‚

1343 1545 1401 1574 fieri
1413 1553 1510 1575 natura
1525 1554 1618 1577 tamen
1629 1554 1660 1577 ut
1669 1548 1777 1579 0010101
1789 1559 1795 1578 :
1819 1549 1864 1593 sie·
1875 1560 1961 1587 quum
1979 1551 2041 1580 istos
2057 1551 2141 1581 libros
2153 1554 2188 1582 ad
2199 1553 2336 1583 Misenum
2359 1556 2370 1590 (
2384 1565 2450 1587 nam

1343 1583 1439 1613 Roniae
1452 1585 1497 1613 vix
1510 1584 1596 1621 licet)
1627 1586 1770 1616 studiosius
1780 1587 1894 1625 legerim
1907 1610 1916 1624 ,
1935 1588 2024 1618 sentio
2043 1591 2200 1621 orationem
2219 1601 2310 1621 meam
2331 1592 2447 1624 illorum

1345 1628 1428 1651 cantu
1441 1622 1513 1660 quali
1527 1623 1651 1653 colorari.
1687 1624 1814 1654 Budaeus.

1285 1658 1384 1688 COLo
1396 1669 1411 1688 a
1423 1669 1520 1690 ATus
1532 1682 1540 1696 ‚
1561 1670 1576 1690 a
1588 1683 1597 1696 ‚
1619 1671 1676 1691 um.
1696 1662 1747 1692 Cui
1759 1662 1837 1691 color
1848 1663 1987 1693 indueus.
2010 1670 2060 1701 ut,

1324 1698 1409 1726 Arcus
1419 1698 1559 1727 coloratus
1570 1708 1604 1728 ex
1616 1699 1746 1729 nubibus.
1773 1700 1832 1730 Cic.
1847 1709 1871 1737 3.
1883 1701 1918 1731 de
1932 1701 1995 1731 Nat.
2010 1702 2091 1732 Deor.
2109 1712 2152 1739 51.

1324 1734 1428 1764 Caelum
1442 1736 1607 1766 coloratum.
1630 1737 1713 1767 Ovid.
1725 1748 1751 1767 2.
1765 1739 1896 1774 Amor.'5.
1911 1747 1955 1775 35.

1324 1772 1420 1802 comae
1432 1774 1570 1804 coloratae.
1594 1775 1677 1804 Ovid.
1693 1785 1716 1809 3.
1728 1777 1817 1805 Amor.
1834 1786 1876 1805 10.
1892 1786 1933 1807 12.
1966 1777 1984 1806 i.
1997 1787 2020 1807 e.
2043 1777 2144 1816 Fruges
2157 1779 2244 1809 flavae.

1324 1809 1388 1839 Indi
1400 1812 1524 1842 colorati.
1547 1812 1618 1850 Virg.
1631 1824 1657 1848 4.
1675 1814 1776 1851 Georg.
1789 1823 1853 1851 ²93·

1323 1848 1422 1878 Oratio
1433 1849 1567 1886 colorata,
1579 1851 1727 1881 Coloribus
1738 1853 1864 1881 oratoriis
1874 1852 2007 1882 decorata
2017 1854 2042 1882 8<
2050 1860 2154 1884 ornata.
2169 1854 2226 1884 Cic.
2239 1855 2274 1885 de
2284 1856 2355 1886 Clar.
2369 1857 2446 1889 Orat.

1346 1895 1377 1923 17
1385 1896 1407 1916 1.
1430 1888 1515 1924 Quod
1524 1898 1579 1917 non
1596 1889 1633 1917 011
1644 1899 1740 1918 eorum
1751 1890 1905 1919 urbanitate
1913 1892 2035 1928 quadarn
2047 1892 2119 1929 quasi
2133 1893 2257 1923 colorata
2266 1896 2367 1926 oratio.

1323 1924 1402 1953 Seres
1413 1926 1537 1955 colorati.
1561 1926 1646 1956 Ovid.
1658 1936 1683 1956 1.
1701 1928 1791 1957 Amor.
1810 1938 1851 1964 14-
1865 1932 1890 1958 6.

1323 1961 1389 1990 Uvae
1401 1963 1529 1993 coloratae
1541 1964 1734 2002 &perlucidre
1756 1965 1893 1995 Columel.
1906 1965 1954 1995 lib.
1968 1976 1980 1996 1
1989 1975 2011 1994 1.
2023 1975 2085 2004 cap.
2100 1977 2126 1997 2.

1323 1999 1484 2043 Coloratus‚
1527 2011 1558 2031 ro
1582 2003 1693 2032 Fucato.
1733 2003 1797 2033 Sen.
1817 2004 1900 2041 Epist.
1917 2007 1960 2034 16.
1993 2003 2065 2040 Quae
2085 2005 2181 2036 scribis
2191 2028 2199 2042 ‚
2221 2007 2298 2037 unde
2316 2009 2448 2047 veniant,

1342 2037 1408 2066 scio.
1428 2050 1486 2069 non
1509 2047 1558 2069 unt
1568 2040 1630 2070 fieta
1641 2063 1650 2075 ,
1672 2051 1725 2071 1100
1735 2041 1867 2071 colorata.

1324 2075 1471 2107 Coloratus
1482 2100 1490 2113 ,
1514 2088 1564 2116 pro
1576 2078 1698 2108 Fuscato.
1739 2080 1803 2109 Sen.
1816 2081 1853 2109 de
1862 2079 1924 2109 Vita
1935 2079 2017 2109 beata
2028 2089 2089 2118 cap.
2101 2090 2125 2117 7.
2149 2081 2286 2111 Virtutem
2299 2084 2450 2122 intemplo

1343 2114 1485 2151 invenies,
1506 2117 1535 2144 in
1547 2116 1618 2151 foro,
1633 2117 1662 2145 in
1677 2117 1752 2146 curia
1764 2139 1772 2153 ‚
1794 2128 1844 2155 pro
1855 2118 1940 2147 inuris
1956 2118 2090 2154 stantem,
2111 2119 2333 2156 pulverulentam
2344 2144 2352 2156 ‚
2374 2123 2452 2153 colo-

1342 2158 1428 2182 ratam
1440 2176 1448 2189 ‚
1470 2153 1583 2183 callosas
1596 2153 1746 2184 habentem
1758 2165 1864 2185 manus.
1903 2156 1920 2185 i.
1933 2165 1957 2184 e.
1979 2156 2063 2192 Quali
2074 2157 2130 2185 sole
2142 2157 2335 2187 deformatam.

1323 2189 1454 2228 Compar.
1486 2192 1683 2230 [χςωςὲπςξῷυ]
1716 2192 1783 2222 Plin.
1801 2193 1848 2222 lib.
1869 2197 1911 2223 16.
1934 2202 2044 2230 cap.12.
2089 2195 2213 2231 Quidam
2233 2197 2398 2227 arbitrantur
2418 2199 2449 2229 in

1341 2230 1496 2259 montuosis
1506 2230 1588 2267 copia
1599 2230 1814 2266 praestantiorem
1823 2231 1882 2261 fieri
1891 2241 1924 2260 ac
1933 2232 2137 2262 coloratiorem.
2178 2233 2217 2262 Al.
2241 2238 2279 2264 Ac
2287 2235 2392 2266 colore.

1286 2264 1309 2294 C
1317 2274 1334 2293 0
1343 2276 1360 2294 L
1369 2275 1386 2294 ο
1395 2277 1410 2296 a
1419 2278 1438 2296 A
1449 2277 1468 2296 τ
1478 2278 1503 2304 11,
1516 2269 1582 2297 Adv.
1596 2267 1714 2305 Quintil.
1726 2268 1873 2305 Decl.285.
1888 2268 2018 2299 Colorate
2030 2270 2120 2300 adfert
2129 2270 2177 2300 iste
2185 2271 2241 2300 tale
2251 2274 2448 2310 patrocinium.

1286 2307 1308 2338 C
1318 2319 1334 2337 0
1345 2320 1360 2337 ι,
1371 2318 1387 2337 0
1398 2315 1413 2333 R
1423 2315 1441 2334 A
1451 2315 1470 2334 T
1479 2316 1495 2335 ο
1504 2316 1521 2335 R
1532 2328 1540 2342 ‚
1563 2306 1628 2335 6115.
1652 2316 1688 2335 m.
1711 2306 1840 2336 infector.
1862 2307 1920 2336 Lat.
1934 2307 1979 2337 Gr.
1999 2307 2084 2338 Gloss.
2108 2308 2266 2345 0111013101,
2286 2310 2397 2339 measa<
2421 2314 2449 2342 ἃ,

1321 2344 1505 2377 hilma-miens.
1547 2343 1580 2373 V.
1602 2344 1713 2374 Salmas.
1732 2344 1800 2374 Hist.
1824 2346 1890 2383 Aug.
1907 2355 1936 2383 p.
1947 2355 2012 2381 451.
2044 2346 2078 2375 Et
2090 2345 2161 2376 Gell.
2177 2357 2202 2384 7.
2218 2357 2244 2383 9.
2267 2347 2398 2379 Laberius
2419 2351 2449 2380 in.

1321 2383 1493 2413 Coloratore.

1285 2421 1469 2450 COLORAB
1481 2429 1577 2454 rLis,
1597 2428 1622 2449 e.
1645 2419 1727 2449 Mart.
1740 2419 1873 2458 Capella,
1892 2420 1939 2450 lib.
1953 2431 1980 2456 9.

1286 2459 1333 2489 Co
1343 2469 1384 2488 Lo
1395 2469 1411 2487 a
1423 2469 1431 2487 1
1441 2469 1454 2487 F
1464 2469 1473 2487 1
1484 2467 1501 2486 0
1511 2466 1530 2486 u
1540 2467 1570 2492 5,
1591 2467 1607 2486 3
1619 2479 1628 2492 ,
1647 2467 1705 2487 um.
1729 2458 1860 2488 Colorem
1878 2459 2024 2489 inducens.
2043 2459 2146 2489 Auctor
2159 2458 2239 2490 iridis
2261 2461 2291 2490 in
2313 2461 2448 2493 Catalect.

1320 2497 1368 2527 Vir
1388 2496 1464 2526 ilian.
1484 2506 1509 2524 v.
1522 2506 1545 2530 ς.

1312 2538 1314 2541 ’
1370 2508 1386 2535 g
1414 2535 1542 2570 Cumque
1554 2532 1696 2562 colorifico
1708 2533 1820 2564 nimbos
1831 2534 1937 2572 fulgore
1948 2534 2079 2573 replevit,

1414 2574 1534 2610 Apparet
1544 2571 1612 2600 varii
1628 2571 1710 2600 radiis
1721 2572 1848 2602 distinsta
1860 2573 1972 2602 coloris.

1284 2611 1307 2641 C
1316 2621 1335 2640 o
1345 2622 1361 2639 L
1371 2620 1388 2640 0
1397 2620 1436 2639 as
1448 2620 1466 2638 A
1478 2619 1490 2638 s
1501 2618 1539 2638 us
1549 2631 1557 2644 ‚
1580 2608 1599 2638 i.
1620 2618 1657 2638 m.
1682 2609 1795 2639 Nomen
1815 2611 1936 2640 haeretIci
1948 2612 1995 2648 qui
2003 2611 2089 2641 vitam
2103 2611 2231 2641 omnium
2251 2612 2399 2644 hominum
2419 2614 2449 2644 in

1322 2649 1428 2687 septem
1440 2647 1572 2676 sideribus
1584 2647 1727 2676 consistere
1739 2648 1901 2677 affirmabat.

1284 2687 1332 2717 06
1342 2697 1382 2716 Lo
1395 2696 1406 2715 s
1417 2708 1424 2720 ,
1446 2685 1579 2721 [κώλῷ]
1600 2684 1668 2714 Fera
1680 2686 1718 2714 est
1728 2686 1847 2723 Scythiae
1859 2686 2006 2724 peculiaris
2016 2708 2024 2720 ,
2044 2687 2237 2724 magnitudine
2248 2688 2321 2718 inter
2332 2699 2448 2719 cervum

1323 2727 1348 2755 δι
1359 2725 1473 2753 arietem
1484 2745 1491 2758 ‚
1513 2722 1651 2752 albicante
1662 2733 1778 2761 corpore
1790 2746 1798 2759 ,
1820 2725 1930 2754 eximiae
1943 2723 2063 2754 levitatis
2077 2726 2112 2754 ad
2127 2725 2235 2755 cursum
2246 2748 2254 2762 ‚
2276 2729 2387 2757 naribus
2397 2737 2448 2765 po-

1325 2771 1383 2792 tum
1395 2761 1545 2791 attrahens.
1573 2762 1674 2790 [1116101
1684 2761 1781 2791 Strabo
1795 2762 1841 2792 lib.
1855 2772 1880 2799 7.

1285 2801 1383 2830 CoLo
1393 2810 1424 2829 ss
1435 2810 1458 2828 ia
1468 2821 1477 2835 ,
1499 2807 1586 2828 arum.
1608 2799 1627 2828 f.
1649 2798 1688 2837 pl.
1712 2799 1854 2836 [κολοωαιὶ
1869 2801 1883 2835 ]
1904 2799 1993 2829 Strab.
2015 2799 2062 2830 lib.
2080 2810 2122 2830 12.
2154 2801 2300 2839 Oppidum
2322 2801 2446 2840 Phrygiae

1343 2848 1410 2876 rope
1426 2837 1611 2867 Laodiceam:
1633 2837 1726 2874 quod,
1748 2838 1815 2868 teste
1835 2838 1935 2868 Orosio
1948 2845 1973 2874 7.
1986 2847 2011 2874 7.
2043 2838 2217 2876 temporibus
2240 2840 2359 2870 Neronis
2379 2850 2446 2870 cum

1320 2849 1460 2906 {laodicea
1471 2877 1496 2905 81
1508 2875 1669 2912 Hierapoli,
1701 2882 1778 2905 terrae
1788 2883 1867 2906 motu
1878 2876 1989 2906 cecidit.
2030 2876 2106 2906 Hinc

1282 2914 1304 2944 C
1314 2925 1330 2944 0
1342 2926 1357 2943 L
1368 2924 1384 2943 o
1394 2924 1406 2943 s
1416 2924 1428 2943 s
1438 2924 1452 2942 a
1463 2923 1483 2942 N
1492 2922 1504 2942 s
1514 2923 1522 2941 1
1532 2922 1544 2941 s
1554 2934 1562 2947 ‚
1583 2922 1607 2941 e.
1631 2913 1692 2950 Adj.
1722 2915 1912 2950 [Kohootoerief]
1946 2914 2114 2943 colossenses
2125 2938 2131 2950 ,
2162 2914 2265 2945 11100110
2277 2937 2286 2951 ,
2315 2915 2350 2944 ad
2373 2925 2445 2954 quos

1322 2952 1419 2982 Paulus
1430 2951 1565 2987 insignem
1578 2950 1682 2988 scripsit
1693 2952 1848 2989 epistolam.

1282 2990 1304 3020 C
1314 3000 1331 3019 o
1343 3001 1358 3018 L
1367 3000 1383 3018 0
1394 2999 1406 3018 s
1415 2999 1427 3019 s
1437 3000 1445 3018 1
1455 2998 1475 3018 Ν
1487 2999 1505 3018 u
1515 2998 1528 3017 s
1538 3010 1546 3022 ,
1570 2998 1585 3017 3
1594 3010 1602 3023 ,
1624 2999 1681 3018 um.
1703 2996 1734 3019 ut
1744 3012 1752 3025 ,
1774 2989 1930 3019 Colossinus
1947 2990 2036 3022 color,
2057 2986 2214 3025 [Κελοω-ἱνον
2225 2989 2337 3027 gusia]
2360 2992 2406 3028 qui
2428 3001 2444 3022 a

1319 3028 1432 3057 0010110
1444 3027 1563 3056 Troadis
1573 3026 1639 3055 urbe
1647 3037 1751 3056 nomen
1763 3031 1871 3065 accepit
1881 3050 1889 3063 ‚
1912 3028 1958 3057 ubi
1981 3030 2043 3057 lana
2061 3027 2219 3064 tingebatur
2230 3050 2237 3063 ,
2259 3028 2358 3058 florem
2376 3030 2444 3058 rese-

1320 3075 1384 3095 rens
1396 3065 1563 3131 ογ013ἷ11111ὲ,
1584 3064 1657 3094 inter
1666 3067 1819 3095 candorem
1830 3066 1939 3103 ful-gens
1950 3067 1976 3095 ἃ
1989 3073 2147 3103 purpuram.
2186 3065 2215 3094 V.
2237 3065 2397 3103 Thylelium
2412 3068 2444 3097 in

1319 3104 1369 3133 lib.
1387 3104 1421 3132 de
1432 3103 1473 3132 Co
1485 3103 1525 3132 ori
1548 3112 1587 3132 us.

1320 3142 1385 3172 Flos
1397 3142 1456 3177 ejus
1467 3140 1627 3170 coioffinus.
1664 3138 1733 3171 Plin.
1747 3151 1791 3172 21.
1804 3152 1830 3176 9.
1846 3141 1882 3171 de
1895 3141 2068 3178 Cyclamino.
2109 3140 2185 3176 [Sed
2201 3150 2216 3170 a
2226 3140 2344 3170 Coloffis
2355 3143 2444 3179 genti-

1339 3179 1365 3208 le
1374 3179 1405 3208 fit
1418 3178 1603 3215 0010110005,
1625 3175 1774 3212 Κολωκνὲς,
1795 3187 1877 3216 atque
1890 3180 1924 3207 ita
1937 3178 2051 3207 fortassis
2064 3179 2138 3215 apud
2151 3177 2218 3207 Plin.
2231 3179 2380 3214 legendum
2394 3182 2443 3210 est.

1284 3217 1333 3247 06
1344 3229 1359 3246 L
1369 3228 1385 3246 0
1395 3227 1454 3246 ssu
1464 3227 1492 3251 s.
1514 3217 1531 3247 i.
1553 3227 1591 3246 m.
1614 3218 1771 3252 [amoris]
1791 3218 1858 3254 quid
1874 3217 2006 3254 significet
2017 3239 2024 3251 ,
2046 3216 2167 3245 declarat
2179 3216 2246 3245 Plin.
2260 3217 2306 3246 lib.
2322 3227 2365 3252 3...
2379 3228 2442 3256 cap.

1322 3265 1347 3291 7.
1372 3255 1414 3284 his
1425 3254 1517 3284 verbis
1529 3277 1537 3290 ‚
1561 3254 1653 3284 Moles
1664 3256 1769 3291 quippe
1784 3256 1953 3291 excogitatas
1975 3254 2102 3283 videmus
2120 3254 2285 3287 statuarum.
2309 3265 2375 3292 quas
2396 3266 2445 3286 co-

1320 3293 1403 3323 lossos
1413 3298 1531 3328 vocant,
1553 3292 1671 3321 turribus
1681 3303 1768 3330 paics.
1805 3293 1896 3321 Festus
1907 3314 1914 3327 ,
1935 3292 2062 3321 (30101105
2074 3302 2087 3319 a
2103 3291 2213 3320 chlorio
2225 3294 2338 3327 artifice.
2359 3303 2374 3322 a
2386 3304 2442 3330 quo

1320 3332 1490 3361 deformatus
1506 3331 1561 3366 est,
1583 3331 1681 3359 dietus.
1724 3329 1848 3359 Erasmus
1858 3332 1989 3359 tamenin
2001 3329 2184 3362 Chiliaditus.
2207 3330 2318 3364 Colossi‚
2340 3332 2441 3368 inquit,

1318 3370 1452 3398 dicuntur
1465 3369 1550 3397 Vastae
1563 3368 1780 3406 prodigiosarum
1791 3369 1990 3404 magnitudinis
2002 3368 2101 3396 statuae.
2144 3368 2215 3396 Nam
2225 3368 2291 3398 hinc
2304 3378 2358 3398 vox
2369 3370 2444 3399 Grae-

1318 3408 1360 3437 cis
1369 3408 1442 3436 dicta
1454 3414 1565 3444 putatur
1575 3428 1583 3440 .‚
1606 3407 1680 3443 quod
1693 3406 1802 3435 illarum
1814 3405 2007 3442 proceritatem
2019 3405 2089 3433 visus
2098 3405 2236 3435 humanus
2253 3416 2309 3435 non
2321 3407 2443 3445 assequa-

1320 3451 1372 3474 tur.
1398 3445 1462 3474 Haec
1475 3444 1530 3473 ille.
1573 3443 1603 3472 V.
1628 3444 1746 3480 Etyiiiol.
1764 3443 1856 3480 Magn.
1899 3443 1964 3473 Cael.
1981 3443 2029 3472 lib.
2047 3453 2087 3478 ¹7·
2105 3452 2164 3480 cap.
2178 3447 2218 3472 16.
2240 3445 2366 3474 00101105
2384 3447 2440 3481 ait,

1318 3483 1518 3549 nunclupabant
1528 3482 1563 3510 de
1575 3481 1677 3510 hiantis
1690 3480 1767 3510 vastae
1781 3481 1922 3511 inanitatis
1936 3483 2042 3510 ratione
2052 3502 2060 3516 ,
2081 3480 2158 3510 velut
2176 3480 2246 3512 πώλου
2263 3484 2334 3513 ’σω-ον,
2368 3484 2442 3513 Mar-

1318 3521 1378 3551 tial.
1406 3521 1441 3549 ib.
1479 3543 1483 3548 .
1535 3541 1542 3548 .

1411 3526 1566 3594 ffiiiinit‘iue
1577 3557 1673 3585 Martis
1685 3577 1693 3588 .
1716 3556 1742 3584 tic
1758 3555 1881 3585 colosson
1893 3556 2012 3593 Augusti.
2109 3556 2191 3585 Erant
2206 3564 2300 3587 autern
2318 3558 2421 3589 Colossi
2431 3581 2441 3594 ,

1318 3596 1445 3626 Grandes
1462 3599 1484 3625 ὁ(
1499 3594 1671 3631 corpulentae
1683 3593 1777 3622 stature
1788 3616 1795 3629 ‚
1817 3603 1877 3630 quae
1886 3596 2039 3631 antiquitus
2055 3595 2107 3624 diis
2118 3594 2305 3629 erigebantur.
2348 3598 2441 3626 Praeci-

1342 3644 1382 3663 uae
1394 3640 1485 3662 autern
1498 3632 1699 3669 magnitudinis
1712 3631 1823 3660 fuerunt
1835 3633 1909 3669 apud
1927 3632 2051 3661 Rhodios
2062 3654 2069 3667 ‚
2091 3634 2166 3670 apud
2183 3643 2253 3670 quos
2263 3634 2386 3664 maxime
2397 3645 2442 3664 ce-

1319 3645 1441 3702 sebratus
1452 3671 1489 3699 est
1502 3671 1578 3707 isqui
1596 3669 1644 3697 soli
1656 3669 1730 3697 sacer
1740 3669 1849 3698 habitus
1862 3670 1907 3698 est.
1930 3670 1974 3705 Jo.
1991 3671 2119 3699 Francisc.
2134 3670 2304 3707 Quintianus
2316 3672 2381 3702 Stoa
2392 3695 2402 3707 ,

1401 3709 1479 3738 Clara
1490 3707 1606 3736 Rhodos
1614 3707 1755 3744 proprium
1769 3717 1825 3735 non
1837 3707 1965 3737 omissura
1977 3708 2111 3738 colosson.

1321 3746 1455 3777 Enormes
1467 3745 1572 3774 coioffi.
1602 3745 1668 3773 Stat.
1687 3755 1707 3773 1.
1726 3745 1793 3774 Silv.
1811 3754 1835 3777 ε.
1849 3755 1860 3778 ς
1872 3758 1890 3773 i.
1914 3746 2027 3783 Propter
2040 3747 2155 3775 nimiam
2170 3747 2401 3783 magnitudinem.

1321 3785 1451 3815 Sidereus
1467 3782 1595 3812 colossus.
1640 3781 1756 3811 Mai-rial.
1769 3783 1797 3811 in
1812 3783 1859 3811 lib.
1873 3783 1908 3811 de
1922 3785 2013 3821 Spet‘t.
2025 3794 2051 3813 2..
2072 3794 2107 3813 ex
2126 3794 2160 3813 eo
2181 3786 2282 3814 dicitur
2294 3807 2302 3819 ,
2324 3787 2399 3822 quod
2415 3786 2441 3813 i‘c

1341 3821 1462 3852 coloffus
1474 3828 1531 3849 erat
1542 3820 1649 3849 dicatus
1662 3819 1710 3848 soli
1724 3842 1731 3853 ,
1753 3822 1777 3849 ἃ
1791 3821 1911 3850 radiatus
1921 3828 1995 3851 erat:
2017 3831 2081 3851 nam
2093 3824 2117 3852 ἐς
2129 3822 2262 3851 cnlcll'nm
2283 3823 2441 3852 Romanurn

1341 3870 1356 3889 a
1380 3860 1492 3889 Nerone
1515 3858 1619 3886 factum
1642 3859 1814 3887 venerationi
1835 3858 1898 3887 solis
1923 3860 2114 3889 consecratum
2140 3860 2217 3890 fuisse
2241 3861 2341 3890 Plinius
2362 3861 2441 3888 dicit.

1340 3896 1456 3934 [Immo
1468 3896 1553 3931 Quod
1565 3894 1713 3925 altitudine
1722 3902 1832 3925 tantum
1846 3906 1902 3925 non
1916 3897 2001 3927 sidera
2018 3906 2150 3936 tangeret.

1783 3934 1807 3964 D
1817 3935 1834 3963 d
1845 3934 1861 3963 d
1874 3933 1892 3962 d
1916 3945 1934 3965 2
2339 3935 2443 3963 Coros-
