2641 4187
34 227 38 229 ‚
525 162 667 212 Ross.
697 162 1000 215 STEPHANI
1026 164 1446 226 PRAEFATiO
1481 175 1607 230 Edit.
1631 181 1788 254 Parif
1811 192 1974 258 1536.

60 270 2449 328 ΝΜ

2388 223 2452 275 23

238 357 1147 449 ROBERTUS
1262 371 2273 484 STEPHANUS

698 495 1655 582 LECTORIBUS
1769 523 1831 590 S.

971 643 1146 711 (Edit.
1174 645 1332 717 Parq'st
1359 666 1377 702 1
1395 655 1569 722 536.)

15 778 21 781 *
67 765 259 850 NUNC
278 768 438 810 demum,
460 767 646 813 Lectores,
672 780 799 807 verum
814 768 880 806 esse
893 769 998 808 video
1011 800 1020 814 ,
1043 773 1142 825 quod
1163 773 1238 811 De.

179 831 259 856 mea
281 818 341 854 ille
355 818 589 859 Terentianus
608 821 726 858 secum
749 820 919 866 queritur,

163 871 336 915 Nunquam
355 872 396 900 ita
416 881 584 916 quenquam
606 869 676 903 bene
687 867 835 913 subduc7a
854 873 965 902 ratione
979 869 1020 903 ad
1042 874 1139 906 vitam
1149 872 1210 919 effe,

161 921 243 964 Qin
255 930 300 951 res
312 940 319 952 ‚
342 926 413 950 aetas
426 943 436 959 ‚
456 918 519 962 ufiaes
531 918 640 962 simper
662 917 779 965 aliquid
794 926 921 960 apportet
937 922 1023 961 novi,
1080 962 1083 965 Ι

163 966 294 1013 Aliquid
308 975 422 1000 moneat
435 981 444 999 :
471 975 507 1000 ut
520 966 566 1000 illa
582 991 594 1009 ,
621 980 687 1015 qua
709 975 738 1000 te
750 966 827 1009 scire
845 966 945 1000 credas
960 995 970 1009 ‚
998 969 1122 1012 nesbias:

164 1019 201 1049 Et
220 1027 286 1062 quae
304 1014 358 1049 tibi
378 1016 489 1059 pataria
503 1018 599 1059 prima
612 1041 623 1058 ,
649 1019 680 1050 in
699 1014 876 1059 experiundo
897 1017 1036 1059 repudies.

65 1064 161 1104 Nam
182 1076 265 1101 cum
296 1071 377 1101 ante
398 1075 511 1101 annos
532 1064 671 1113 aliquot
698 1076 807 1111 opera
836 1064 1091 1114 diligentiaque
1120 1067 1238 1105 nostra

66 1116 105 1152 in
133 1113 368 1152 studiosorum
390 1114 584 1150 hominum
603 1112 792 1150 utilitatem
812 1112 1076 1153 Dittionarium
1095 1128 1140 1154 ex
1160 1116 1238 1154 offi-

65 1155 148 1200 cina
166 1164 281 1200 nostra
300 1161 452 1204 exiisset,
479 1164 516 1199 in
529 1174 603 1211 quo
614 1170 740 1211 praeter
754 1171 894 1205 caetera,
922 1163 1035 1201 Plauti
1052 1177 1092 1202 ac
1103 1165 1239 1203 Teren-

66 1215 126 1255 tii,
147 1213 303 1250 duorum
326 1211 493 1248 videlicet
513 1211 647 1249 Latinae
663 1212 793 1259 lingua:
813 1212 1006 1251 authorum
1030 1215 1066 1251 &
1083 1217 1237 1264 copia&

66 1262 242 1310 elegantia
263 1261 299 1296 δι
313 1261 507 1297 verborum
526 1263 746 1309 proprietate
757 1262 1126 1309 praestantissimorum,
1140 1267 1237 1315 quic-

65 1311 154 1359 quid
173 1311 217 1347 ad
233 1309 359 1347 Latine
377 1310 604 1347 scribendum
627 1311 894 1359 dicendumque
917 1314 1132 1359 pertineret,
1161 1315 1240 1351 dili—

64 1367 192 1407 genter
211 1358 293 1396 ess'et
312 1367 542 1402 annotatum,
570 1360 738 1409 equidem
757 1359 794 1396 id
815 1372 873 1397 me
896 1362 1155 1411 consequutum
1171 1363 1238 1401 effe

65 1405 275 1451 arbitrabar,
299 1415 340 1445 ut
363 1408 444 1445 ell'et
463 1409 552 1445 illud
577 1422 688 1446 unum
709 1421 778 1457 pro
799 1411 989 1453 omnibus,
1016 1412 1238 1462 reliquanon

8 1482 12 1486 v
65 1469 288 1507 magnopere
315 1457 604 1496 desiderarentur.
653 1458 724 1495 Sed
742 1459 853 1506 longe
876 1461 1036 1506 protetio
1059 1462 1149 1499 mihi
1179 1462 1241 1499 ali-

66 1516 119 1546 ter
141 1515 247 1557 atque
269 1519 367 1544 eram
384 1509 549 1555 opinatus
568 1508 706 1545 accidit.
770 1507 865 1546 Cum
886 1511 981 1546 enim
1003 1522 1067 1557 per
1091 1523 1149 1547 me
1167 1512 1239 1559 ipse

65 1557 211 1595 tandem
230 1556 341 1594 multa
353 1556 542 1600 Lectione,
571 1569 779 1606 magnoque
790 1557 850 1595 usu
862 1558 1015 1605 plurima
1026 1559 1139 1597 deeffe
1152 1572 1242 1609 cog-

65 1609 171 1649 novi,
199 1614 277 1643 tum
299 1606 433 1643 multos
453 1608 603 1644 memini
626 1619 710 1644 cum
728 1607 816 1654 saepe
835 1607 1063 1645 de-industria
1074 1611 1111 1646 in
1125 1611 1240 1646 taber-

66 1668 113 1694 na
129 1656 246 1693 nostra
262 1654 421 1693 Libraria
438 1667 483 1692 eo
503 1658 625 1693 animo
647 1656 826 1698 sederem,
855 1669 930 1705 quo
954 1658 1083 1695 scilicet
1106 1659 1240 1707 Appel-

65 1707 117 1743 les
139 1706 219 1754 post
239 1705 395 1742 tabulam
413 1705 521 1742 latere
545 1705 697 1747 solebat,
725 1713 766 1742 ut
786 1707 872 1753 quid
895 1707 938 1742 de
962 1719 1006 1744 eo
1025 1708 1148 1745 labore
1172 1720 1240 1746 no-

65 1756 137 1792 stro
169 1755 265 1792 docti
291 1756 422 1802 pariter
440 1756 476 1790 &
494 1755 628 1792 indosti
654 1755 843 1797 sentirent,
872 1756 1054 1793 audirem:
1082 1765 1160 1796 tum
1188 1761 1242 1794 in·-

65 1816 175 1854 quam
205 1803 395 1853 plerosque
420 1803 542 1841 audire
566 1806 735 1846 memini,
764 1806 825 1853 qui
850 1805 961 1842 multa
982 1808 1113 1855 requiri
1145 1807 1241 1844 dice-

65 1861 164 1896 rent,
189 1852 362 1902 quosdam
381 1854 443 1902 qui
460 1853 637 1890 nonnulla
660 1862 830 1901 corrupte
850 1854 1110 1904 depravateque
1123 1869 1166 1894 ex
1181 1856 1241 1896 Ci-

65 1902 416 1945 cerone,Varr0ne,
430 1903 466 1939 ὃς
487 1903 632 1952 reliquis
651 1905 751 1940 citari
767 1912 976 1951 arguerent:
1003 1918 1070 1942 nec
1094 1906 1241 1943 deerant

66 1955 129 2001 qui
146 1959 359 1990 accentuum
380 1951 543 1989 omissam
562 1955 737 1989 rationem
751 1980 760 1994 ,
790 1954 828 1989 ὃς
853 1956 997 2001 propria
1016 1957 1102 1992 item
1120 1958 1241 1993 nomi-

67 2014 112 2039 na
138 2008 380 2051 quererentur.
432 2001 511 2049 Ego
541 2013 627 2039 vero
658 2003 790 2038 invitus
813 2002 872 2039 ista
895 2003 1087 2047 audierim,
1116 2017 1160 2041 an
1187 2005 1241 2042 lu-

66 2053 174 2093 bens,
199 2049 344 2087 difficile
362 2050 411 2087 est
430 2051 533 2088 dieta.
591 2050 716 2099 Itaque
732 2053 804 2099 jam
833 2059 910 2089 tum
928 2053 1000 2100 ipse
1019 2081 1028 2095 ,
1064 2061 1240 2102 quantum

67 2101 243 2138 editiones
262 2100 477 2149 quotidianae
493 2100 743 2149 relinquebant
761 2102 845 2143 otii,
873 2102 909 2137 id
932 2114 1043 2139 omne
1065 2105 1102 2140 in
1119 2104 1242 2151 legen-

67 2151 120 2188 dis
136 2150 270 2188 Latinae
288 2149 437 2198 Linguae
463 2152 685 2198 principibus
703 2178 712 2192 ,
742 2150 920 2188 Cicerone
941 2154 1049 2190 totius
1067 2153 1242 2202 eloquen-

65 2202 122 2237 tiae
140 2206 307 2248 parente,
344 2198 497 2241 Caesare,
526 2199 685 2241 Catone,
723 2199 906 2242 Varrone,
933 2200 1155 2244 Columella,
1184 2202 1241 2239 Li-

68 2251 147 2291 vio,
173 2249 310 2290 Plinio,
338 2248 503 2286 Martiale
519 2277 529 2290 ,
563 2249 705 2297 aliisque
731 2251 873 2297 generis
900 2250 1075 2296 ejusdem,
1115 2252 1241 2289 consu-

68 2298 242 2336 mendum
261 2298 358 2344 duxi.
410 2298 493 2343 Qua
513 2309 584 2346 ego
610 2298 809 2346 diligentia,
827 2300 980 2346 opinor,
1008 2301 1151 2347 perfeci,
1170 2303 1241 2349 pri-

68 2360 168 2386 mum
189 2357 228 2384 ut
251 2359 330 2395 quae
350 2348 580 2395 ignoratione
605 2347 680 2385 loci
695 2355 865 2396 corrupte
882 2355 983 2385 antea
1008 2350 1240 2398 legebantur,

11 2414 14 2415 ⁷
69 2411 108 2435 ea
123 2409 220 2434 nunc
248 2396 339 2433 locis
364 2399 513 2444 repetita
538 2396 606 2433 suis
632 2398 668 2434 ἃ
692 2396 759 2433 lint
777 2398 949 2439 restituta,
991 2398 1027 2434 &
1050 2399 1240 2437 authorem

69 2446 270 2496 agnoscant.
309 2445 455 2483 Deinde
472 2457 549 2494 quae
566 2453 734 2495 tanquam
746 2458 873 2494 parum
888 2446 1011 2484 Latina
1023 2450 1138 2485 minus
1150 2449 1242 2485 mul-

70 2498 113 2533 tis
135 2496 396 2544 probabantur,
424 2497 465 2532 iis
487 2498 559 2543 jam
578 2497 630 2532 uti
649 2508 760 2533 nemo
785 2496 944 2533 dubitare
955 2497 1090 2534 audeat.
1142 2498 1240 2535 Tum

70 2556 238 2593 magnam
255 2544 520 2582 vocabulorum
545 2546 640 2587 vim,
668 2546 796 2593 quaein
819 2545 887 2582 alio
898 2544 1125 2584 Dittionario
1137 2547 1239 2585 nullo

0 2628 5 2639 ,
71 2596 341 2636 contineantur,
366 2602 427 2631 aut
445 2593 622 2631 infinitum
642 2596 762 2642 potius
780 2607 971 2632 numerum
998 2598 1173 2633 eruimus:
1201 2603 1241 2633 ut

26 2675 29 2682 s
71 2655 163 2692 opus
181 2643 295 2691 ipsum
321 2643 437 2680 multo
459 2643 534 2680 haec
554 2644 671 2680 addita
683 2646 814 2691 majus,
831 2644 1024 2693 meliusque
1046 2645 1238 2682 effecerint.

72 2693 255 2731 Postremo
270 2704 343 2741 quo
355 2693 528 2740 prolixius
543 2693 587 2729 ad
607 2705 674 2729 nos
693 2694 909 2730 divertentes
923 2694 1079 2741 hospites
1103 2697 1242 2743 accipe-

72 2754 189 2779 remus
203 2769 212 2784 ,
240 2754 258 2778 a
279 2741 476 2779 doc'tissimo
497 2753 642 2791 quoque
661 2742 782 2779 aetatis·
796 2743 898 2790 hujus
921 2744 1091 2792 quicquid
1110 2745 1148 2781 in
1166 2745 1240 2781 hoc

72 2791 341 2828 commentandi
356 2803 495 2839 genere
514 2791 711 2828 annotasset
728 2820 737 2834 ‚
767 2793 803 2829 &
815 2794 1046 2841 poposcimus
1059 2821 1070 2835 ‚
1091 2795 1126 2830 δε
1140 2805 1241 2831 acce-

74 2842 202 2888 pimus.
251 2840 293 2878 In
304 2842 351 2876 >iis
369 2841 514 2890 quidem
538 2847 633 2878 certe
653 2839 866 2879 Guilielmus
880 2841 1047 2884 Budaeus,
1067 2845 1119 2879 vir
1129 2842 1239 2880 literis

73 2889 207 2927 Graecis
227 2889 263 2925 &
283 2888 435 2931 Latinis,
470 2892 647 2939 oninique
676 2891 835 2928 dottrina
853 2891 1117 2934 eruditissimus,
1145 2905 1162 2928 a
1180 2905 1240 2929 me

72 2940 241 2987 princeps
254 2939 425 2987 appellari
442 2939 568 2982 debet,
597 2941 657 2989 qui
683 2952 752 2988 pro
773 2940 883 2978 suain
903 2952 970 2978 nos
996 2941 1214 2978 humanitate
1227 2970 1238 2984 ,

70 2988 258 3036 studioque
280 2989 317 3024 in
337 2989 454 3025 literas
478 2988 662 3037 singulari,
690 2991 735 3026 de
756 2991 882 3038 quibus
903 3002 1018 3038 neque
1050 2991 1141 3028 bene
1165 3003 1242 3028 me-

73 3037 175 3075 rendi
200 3037 308 3073 finem
325 3066 334 3079 ,
362 3050 478 3086 neque
511 3039 663 3076 modum
696 3039 810 3076 ullum
828 3040 933 3081 facit,
965 3038 1242 3082 ὖπομνημοιτισ-μές

72 3088 177 3124 nobis
198 3087 279 3124 suos
298 3089 597 3129 communicavit,
622 3101 668 3124 ex
691 3090 819 3138 quibus
847 3088 1020 3138 quicquid
1041 3088 1084 3124 ad
1105 3089 1240 3126 institu-

72 3145 149 3173 tum
182 3147 274 3184 opus
306 3138 535 3184 pertineret,
559 3137 844 3175 describeremus.
884 3137 927 3176 In
945 3149 990 3174 eo
1018 3149 1104 3174 vero
1133 3150 1241 3186 quam

71 3186 204 3227 multa,
233 3197 339 3233 quam
367 3186 558 3234 diligenter
585 3187 792 3236 curioseque
821 3189 858 3224 in
883 3187 1102 3226 Authoribus
1124 3188 1242 3224 obser-

22 3270 25 3272 .
72 3242 168 3277 vata,
197 3246 376 3284 quamque
391 3236 427 3271 &
447 3235 622 3283 explicata
634 3236 740 3285 plane
760 3265 769 3279 ,
797 3238 834 3275 Sc
850 3237 1015 3273 illustrata
1042 3244 1167 3273 ornate
1187 3237 1242 3274 of-

71 3284 267 3325 fendimus,
298 3296 454 3333 quorum
473 3287 697 3322 mentionem
713 3287 748 3322 in
765 3288 807 3323 iis
823 3286 942 3327 libris,
971 3297 1062 3335 quos
1084 3286 1240 3322 edidit&

73 3334 247 3381 plurimos
263 3334 297 3370 &
319 3333 555 3376 dominium,
582 3335 719 3371 nullam
739 3335 878 3372 fecerit!
927 3335 1079 3373 Navavit
1091 3346 1240 3382 operam

74 3383 110 3419 ὃς
129 3382 281 3420 Lazarus
301 3382 438 3432 Bayfius
463 3385 515 3419 vir
533 3383 652 3420 clariss.
673 3383 784 3432 siquid
802 3387 898 3421 enim
912 3384 1162 3440 obscurum&
1176 3385 1243 3420 im-

74 3431 243 3479 plicatum
263 3434 473 3469 occurrebat
487 3461 497 3474 ,
524 3433 584 3470 ille
608 3445 677 3482 qua
700 3435 747 3471 est
765 3434 1003 3475 humanitate,
1031 3434 1137 3470 nobis
1160 3444 1242 3480 ape-

74 3482 145 3518 ruit
166 3482 202 3518 &
223 3481 422 3529 explicavit.
487 3482 653 3520 Contulit
677 3494 803 3530 operas
824 3484 860 3520 δε
889 3482 1045 3532 Jacobus
1061 3481 1239 3539 Tuffinus,

74 3529 279 3569 Graecarum
294 3530 476 3568 literarum
494 3531 670 3579 professor
693 3534 831 3582 regius,
866 3544 912 3570 ex
927 3534 1025 3580 cujus
1043 3532 1169 3569 codice
1187 3544 1242 3568 in-

1297 825 1302 830 .
1402 827 1406 831 ῃ
1429 827 1434 832 ⁴
1684 812 1693 825 ,
1720 784 1849 831 Gellii,
1877 792 2099 846 aliorumque
2123 800 2334 846 authorum,
2363 817 2454 853 quos

1294 823 1353 859 ille
1373 825 1562 884 diligenter
1579 832 1799 879 perlegerat,
1825 844 2112 890 tranicripfimus:
2143 849 2232 886 nihil
2259 854 2337 889 iane
2356 857 2456 892 veriti

1294 884 1421 930 eorum
1444 877 1638 934 judicium,
1666 884 1745 938 qui,
1775 897 1852 932 quae
1880 899 1897 923 a
1918 889 1970 927 M.
1986 892 2018 928 Τ
2021 895 2107 932 uilio
2131 910 2205 935 non
2227 900 2306 937 sunt
2329 904 2453 950 polita,

1294 930 1458 978 protinus
1480 936 1654 984 reiiciunt.
1702 931 1770 968 bed
1792 936 1943 983 apagefis
1968 940 2041 978 istas
2063 952 2383 988 commentationes
2404 953 2456 988 di-

1295 978 1378 1027 cent
1408 974 1546 1011 fortasse
1576 977 1685 1027 aliqui
1707 992 1751 1016 ex
1777 994 1904 1022 eorum
1925 999 2097 1033 numero,
2122 998 2180 1042 qui
2199 998 2298 1035 scribi
2318 998 2456 1038 Didio-

1294 1031 1390 1056 naria
1413 1023 1560 1078 moleste
1582 1029 1808 1077 graviterque
1829 1032 1955 1071 ferunt.
2013 1038 2153 1084 Quibus
2180 1047 2379 1093 responsum
2401 1049 2454 1092 fit,

1294 1080 1353 1124 nie
1378 1070 1511 1108 AElium
1541 1072 1686 1112 Gallum
1714 1080 1977 1121 vetustissimum
2000 1086 2122 1136 legum
2154 1091 2459 1136 Decemviralium

1293 1125 1545 1176 interpretem,
1573 1136 1681 1172 quem
1703 1139 1779 1165 non
1798 1129 1903 1167 semel
1921 1133 2051 1172 Cicero
2076 1137 2230 1177 laudavit
2249 1145 2457 1189 authorem,

1294 1165 1433 1205 Festum
1458 1178 1544 1206 item
1566 1171 1780 1222 Pompeium
1805 1180 1841 1215 &
1868 1180 2032 1221 Nonium
2057 1185 2269 1227 Marcellum
2292 1194 2457 1232 authores

1294 1216 1424 1273 habere
1437 1247 1446 1260 ,
1473 1231 1628 1268 quorum
1647 1232 1784 1263 tantuin
1806 1229 1900 1276 apud
1925 1244 1982 1268 me
2002 1235 2095 1270 valet
2118 1238 2307 1277 authoritas
2321 1271 2330 1284 ,
2357 1253 2395 1280 ut
2415 1247 2456 1281 iis

1295 1265 1444 1322 duc-ibus
1469 1281 1612 1324 errare,
1654 1285 1761 1321 quam
1795 1278 1921 1315 talibus
1953 1283 2124 1330 magistris
2142 1287 2296 1331 erudiri,
2325 1293 2457 1330 malim.

1295 1315 1514 1372 Quidemm
1537 1321 1641 1357 causae
1663 1324 1709 1377 eit
1723 1352 1732 1365 ‚
1761 1328 1847 1373 quin
1867 1327 2068 1368 Varronem
2083 1361 2092 1375 ,
2121 1337 2182 1382 qui
2199 1336 2459 1385 diligentissime

1296 1364 1340 1401 de
1369 1365 1506 1415 Lingua
1536 1368 1660 1407 Latina
1689 1373 1840 1421 scripsit,
1882 1379 2012 1416 eodem
2037 1382 2100 1429 ipsi
2116 1386 2267 1422 crimine
2288 1389 2459 1426 condem-

1295 1414 1409 1451 nent?
1445 1417 1508 1472 -An
1537 1417 1621 1456 ideo
1652 1420 1755 1458 illum
1789 1425 2002 1471 defendunt,
2041 1433 2123 1478 quia
2151 1444 2228 1482 quae
2261 1437 2461 1476 obscuriora

1294 1471 1414 1506 erant,
1441 1467 1513 1514 ipse
1529 1469 1719 1515 explicavit
1735 1483 1817 1509 cum
1835 1474 1917 1512 effet
1928 1478 2158 1518 doctissimus:
2185 1495 2252 1519 nos
2262 1484 2396 1523 idcirco
2407 1500 2459 1524 re-

1295 1513 1524 1565 prehendunt
1542 1519 1623 1565 quia
1641 1518 1715 1556 haec
1735 1523 1879 1567 melius,
1903 1537 2007 1575 quam
2025 1529 2105 1571 ille,
2131 1532 2288 1577 praestare
2299 1536 2459 1583 nonpos-

1295 1564 1438 1600 iuinus‘?
1465 1564 1500 1602 Si
1529 1565 1622 1604 hanc
1644 1579 1751 1606 unam
1777 1574 1914 1612 causam
1935 1577 2094 1615 adversus
2126 1591 2192 1617 nos
2212 1581 2362 1620 afferunt
2379 1612 2387 1625 ,
2413 1594 2460 1621 ta-

1297 1621 1399 1648 ceant
1415 1615 1486 1659 jam
1514 1614 1577 1662 ipsi
1607 1618 1744 1655 necesse
1777 1623 1832 1658 est.
1909 1625 1987 1662 Nos
2008 1630 2103 1664 enim
2125 1631 2185 1677 qui
2206 1642 2268 1677 per
2288 1645 2353 1669 nos
2373 1634 2461 1670 nihil

1294 1662 1453 1717 praestare
1473 1673 1678 1711 poteramus
1699 1696 1708 1709 ,
1737 1681 1812 1707 non
1827 1671 1998 1712 Varronis
2009 1677 2123 1713 solum
2137 1706 2147 1720 ,
2175 1680 2281 1716 sed&
2297 1684 2462 1720 omnium

1297 1721 1358 1758 qui
1378 1714 1739 1770 numero-donorum
1756 1719 1834 1757 sunt
1857 1721 1994 1771 semper
2014 1725 2122 1763 habiti
2152 1728 2166 1772 (
2183 1729 2219 1764 in
2236 1731 2361 1775 quibus
2383 1730 2462 1768 Do-

1295 1767 1418 1815 natus,
1448 1761 1607 1806 Servius,
1632 1764 1758 1809 Valla,
1786 1770 1891 1807 &alii
1905 1774 2090 1819 permulti,
2119 1783 2194 1813 tum
2211 1787 2357 1822 veteres,
2384 1788 2461 1817 tum

1296 1816 1402 1846 etiam
1422 1814 1528 1848 aetatis
1553 1814 1678 1852 nostrae
1699 1818 1763 1853 viri
1794 1818 1951 1868 doctiss)
1979 1826 2084 1860 verba
2106 1826 2306 1871 adjecimus.
2356 1828 2398 1866 Et
2424 1838 2463 1866 ut

1297 1869 1425 1896 omnes
1448 1861 1648 1911 intelligere
1670 1866 1827 1912 possent,
1854 1881 1920 1908 nec
1939 1872 2057 1910 alienae
2074 1873 2186 1911 laudis
2207 1878 2375 1925 cupidum
2391 1892 2460 1921 me,

1296 1920 1364 1944 nec
1380 1909 1479 1946 suum
1498 1913 1664 1960 cuiquam
1684 1915 1917 2003 debitumssue
1938 1921 2117 1959 honorem
2132 1926 2320 1973 praeripere
2337 1927 2460 1970 solere,

1296 1969 1358 1993 eos
1380 1970 1507 1996 omnes
1522 1963 1734 2000 nominatim
1756 1977 1846 2014 appe
1877 1971 2021 2007 avimus.
2074 1973 2306 2021 Quapropter
2324 1974 2462 2025 liquem

1295 2005 1459 2063 legendo·
1474 2011 1576 2046 unius
1599 2011 1743 2060 alicujus
1759 2017 1856 2052 verbi
1872 2019 2033 2056 offendet
2053 2022 2297 2069 interpretatio
2312 2053 2323 2068 ,
2350 2028 2376 2061 is
2386 2038 2462 2064 non

1296 2068 1374 2098 me,
1401 2058 1518 2106 quide
1538 2071 1621 2096 meo
1639 2062 1758 2099 addidi
1775 2064 1886 2108 nihil,
1913 2068 1970 2104 sed
1989 2070 2155 2107 authores
2171 2099 2181 2113 ‚
2209 2085 2254 2110 ex
2266 2075 2390 2122 quibus
2404 2087 2462 2111 me

1298 2105 1342 2141 ad
1363 2108 1512 2144 verbum
1542 2112 1664 2146 omnia
1692 2113 1932 2162 transcripsisse
1966 2120 2098 2161 fateor,
2126 2121 2283 2159 accusare
2306 2123 2459 2162 debebit.

1296 2154 1386 2192 Non
1405 2158 1500 2193 enim
1537 2159 1602 2203 (ut
1618 2171 1702 2196 cum
1735 2160 1851 2199 Plinio
1871 2165 2022 2214 loquar)
2061 2170 2098 2204 in
2117 2169 2208 2206 hisce
2233 2173 2335 2208 rebus
2354 2172 2461 2210 fidem

1296 2204 1452 2241 nostram
1474 2206 1746 2252 obstrinxinius,
1783 2212 1842 2248 sed
1854 2215 1896 2250 ad
1919 2216 2012 2263 ipsos
2030 2217 2213 2261 authores,
2240 2223 2370 2269 quiaut
2384 2222 2461 2258 scri-

1297 2253 1417 2299 psere,
1447 2262 1505 2292 aut
1535 2256 1687 2295 aliorum
1712 2260 1836 2309 scripta
1863 2266 2083 2312 interpretati
2106 2267 2184 2304 sunt
2200 2296 2211 2310 ,
2253 2270 2461 2318 relegamus.

1296 2300 1350 2339 Eo
1370 2314 1456 2340 vero
1483 2306 1518 2340 iii
1544 2317 1654 2353 opere
1670 2336 1678 2349 ‚
1715 2309 1877 2348 sermone
1895 2316 1946 2350 uti
1968 2313 2132 2357 Gallico,
2169 2319 2392 2367 (quanquam
2415 2333 2461 2357 ne

1296 2351 1332 2387 id
1353 2352 1499 2401 quidem
1520 2355 1621 2392 valde
1646 2358 1688 2393 ab
1707 2359 1864 2397 instituto
1894 2363 2015 2400 nostro
2041 2365 2231 2403 abhorrere
2253 2369 2462 2412 videbatur)

1296 2401 1405 2437 nostri
1425 2409 1521 2439 certe
1547 2404 1683 2442 consilii
1703 2419 1778 2443 non
1793 2417 1885 2452 erat,
1913 2412 1976 2448 nisi
2000 2421 2178 2450 certorum
2198 2415 2385 2453 hominum
2404 2446 2414 2459 ,
2441 2430 2462 2454 a

1296 2451 1423 2498 quibus
1438 2451 1615 2490 diffentire
1633 2467 1708 2491 non
1727 2464 1909 2504 poteram,
1937 2463 2069 2510 quique
2081 2475 2214 2509 magno
2229 2465 2263 2500 id
2288 2478 2305 2501 a
2328 2468 2459 2503 mestu-

1299 2500 1359 2535 dio
1384 2501 1665 2545 contenderent,
1704 2505 1879 2544 voluntati
1909 2511 2109 2556 parendum
2143 2509 2296 2551 omnino
2327 2515 2457 2558 fuisset,

1296 2560 1407 2596 quum
1430 2550 1618 2597 praesertim
1645 2554 1681 2589 ὃς
1708 2554 1854 2593 honesta
1874 2566 2056 2604 peterent,
2086 2561 2122 2597 &
2142 2563 2182 2597 iis
2199 2563 2335 2600 sortaffe
2354 2566 2459 2601 etiam

1295 2609 1371 2633 non
1393 2608 1518 2645 parum
1538 2601 1696 2638 utilitatis
1719 2603 1883 2648 allatura,
1911 2610 1971 2656 qui
1997 2620 2108 2657 quum
2129 2610 2240 2659 vulgo
2259 2613 2349 2649 bene
2366 2613 2459 2650 docti

1296 2646 1406 2682 videri
1420 2648 1543 2691 velint,
1557 2662 1686 2699 magna
1697 2651 1733 2688 id
1744 2654 1905 2692 libertate
1928 2659 2204 2704 reprehendunt.
2254 2660 2406 2698 Tantum
2420 2662 2460 2698 il-

1295 2695 1328 2731 la
1348 2707 1426 2744 quae
1447 2698 1482 2732 ὃς
1507 2699 1544 2734 in
1566 2709 1740 2748 promptu
1769 2704 1804 2739 ὃς
1825 2703 1897 2741 fine
1924 2707 2275 2757 circumloquutioue
2297 2722 2460 2747 occurre-

1295 2753 1400 2786 runt,
1430 2758 1506 2783 uon
1532 2759 1658 2795 parum
1673 2751 1785 2789 multa
1802 2754 1965 2792 consulto
1984 2759 2310 2803 praetermittentes,
2336 2761 2459 2803 adieci-

1295 2806 1392 2831 mus:
1415 2806 1493 2844 quae
1505 2796 1605 2834 latius
1621 2799 1736 2837 multo
1753 2828 1763 2842 ,
1789 2814 1830 2839 ac
1854 2803 1956 2840 fufius
1975 2805 2037 2842 suo
2057 2819 2202 2855 quoque
2227 2807 2330 2847 loco.
2361 2809 2458 2845 adhi-

1296 2844 1376 2879 bitis
1401 2847 1497 2891 prius
1519 2848 1556 2883 in
1575 2847 1763 2886 confilium
1784 2853 1865 2887 viris
1885 2852 2014 2896 dorus,
2042 2857 2078 2891 in
2097 2855 2370 2905 Latino-gallico
2392 2870 2458 2894 no-

1294 2892 1364 2929 stro
1384 2893 1618 2939 dictionario,
1647 2910 1665 2934 a
1687 2900 1790 2936 nobis
1815 2901 1953 2939 summo
1974 2904 2089 2941 studio
2110 2907 2254 2954 parique
2278 2905 2459 2953 diligentia

1297 2942 1579 2990 explicabuntur.
1632 2946 1746 2992 Quod
1772 2960 1859 2987 vero
1891 2952 1932 2988 ad
1958 2964 2033 2988 eam
2055 2953 2218 2996 laudem,
2245 2966 2321 3002 quae
2340 2956 2458 2992 nostra

1295 2992 1343 3027 est
1363 2992 1398 3027 &
1427 2996 1592 3041 propria,
1619 2999 1768 3039 attinet,
1797 2998 2016 3048 diligentiam
2040 3002 2143 3044 dico,
2171 3005 2207 3039 in
2230 3002 2370 3050 singulis
2394 3016 2457 3041 vo-

1295 3041 1393 3077 cibus
1428 3050 1508 3089 apte
1543 3043 1607 3080 suo
1637 3056 1784 3095 quoque
1803 3049 1930 3086 ordine
1960 3050 2203 3098 disponendis,
2240 3063 2387 3099 quaeque
2413 3053 2460 3090 ad

1295 3090 1421 3126 nostrae
1440 3093 1520 3128 artis
1544 3093 1718 3131 decorum
1737 3099 1936 3143 pertinent,
1963 3101 2195 3148 exequendis,
2236 3102 2277 3136 iis
2303 3109 2395 3138 certe
2416 3101 2458 3138 li-

1296 3140 1391 3175 cebit
1407 3141 1604 3178 existimare
1621 3146 1684 3191 qui
1701 3144 1862 3193 legerint.
1912 3146 1996 3184 Hoc
2014 3157 2149 3184 tantum
2174 3148 2255 3185 dico
2268 3177 2277 3190 ,
2303 3150 2457 3198 quisquis

1295 3188 1417 3237 aliquo
1438 3190 1605 3237 praeditus
1615 3193 1769 3237 judicio,
1797 3206 1888 3243 opus
1903 3198 2016 3244 ipsum
2034 3196 2141 3244 paulo
2165 3203 2357 3235 accuratius
2371 3211 2458 3235 con-

1294 3236 1450 3276 siderarit
1469 3240 1505 3276 &
1521 3240 1730 3287 inspexerit,
1749 3246 1870 3281 omnia
1889 3258 1970 3282 eum
1991 3248 2163 3292 opinione
2180 3248 2312 3290 maiora
2342 3260 2458 3294 reper-

1294 3293 1425 3324 turum.
1477 3289 1547 3325 Sed
1565 3290 1642 3326 satis
1662 3292 1719 3333 est,
1737 3291 1902 3330 Lectores
1918 3322 1928 3336 ,
1956 3293 2139 3330 confilium
2160 3295 2260 3332 vobis
2283 3296 2454 3339 nostrum,

1296 3347 1517 3385 operamque
1534 3366 1545 3381 ,
1574 3350 1679 3387 quam
1695 3342 1731 3376 in
1751 3342 1823 3378 hoc
1841 3354 1951 3390 opere
1970 3344 2133 3379 faciundo
2152 3344 2429 3392 consumpiimus
2443 3375 2454 3388 ,

1296 3396 1489 3432 exponere.
1542 3387 1612 3425 Res
1632 3391 1727 3425 enirn
1756 3393 1846 3438 ipsa,
1874 3400 1913 3428 ut
1928 3390 2050 3438 spero,
2079 3394 2288 3430 bonitate&
2306 3395 2456 3432 utilitate

1295 3434 1371 3475 sua,
1400 3435 1470 3482 ipsa
1489 3439 1634 3485 inquam
1654 3450 1707 3475 res
1727 3439 1793 3476 sese
1815 3440 2077 3487 inspicientibus
2088 3443 2263 3488 probabit.
2307 3443 2455 3486 Valete,

1297 3482 1449 3532 &siquid
1466 3486 1557 3524 bene
1575 3487 1619 3523 de
1637 3487 1757 3525 studiis
1778 3489 1894 3526 vestris
1914 3501 2117 3532 meremur,
2145 3490 2291 3529 viciffim
2314 3500 2440 3529 afflat-:-

2203 3884 2456 3943 ROBER.
