2600 4177
485 105 514 140 C
603 106 638 140 O
731 105 770 140 M

81 185 129 215 Co
140 194 158 214 M
169 192 182 213 1
193 186 209 214 ὅ
220 187 299 215 sirit
309 208 317 221 ‚
339 185 405 216 Adv.
427 192 458 215 ut
470 208 478 221 ,
500 186 660 223 Composita
671 185 773 216 dicere.
802 186 860 216 Cic.
877 197 900 217 r.
913 188 948 216 de
958 187 1036 217 Orat.
1050 192 1094 223 45².
1117 187 1164 218 Sin
1177 198 1236 218 ora-

119 224 184 252 toris
196 224 264 253 nihil
275 225 314 253 vis
326 224 379 253 essnt
391 225 438 252 nili
452 224 614 262 composite,
631 232 736 259 ornate,
750 225 862 261 copiose
876 225 976 262 eloqui.
1001 227 1018 254 i.
1031 235 1054 254 e.
1080 226 1232 263 Eleganter.

118 263 203 296 Agere
212 262 315 298 aliquid
325 262 520 298 compolirius,
544 271 625 298 quam
635 261 814 291 festinantius.
838 263 927 292 Tacit.
943 273 983 294 ις.
1005 266 1073 292 Ann.
1091 273 1113 300 3.

118 297 267 327 Ambulare
277 300 435 336 compolite.
458 299 596 328 Coluinel.
609 299 656 327 lib.
669 303 695 327 6.
711 306 771 334 cap.
785 308 810 328 2.
833 301 879 329 Sin
891 307 983 330 autem
999 300 1100 336 placidi
1119 302 1143 330 61
1160 302 1236 337 quie-

137 335 158 363 ti
173 336 255 364 boves
266 343 345 365 erunt
357 358 364 371 ,
386 336 428 365 vel
441 336 541 365 eodem
553 337 598 365 die
611 346 666 372 quo
678 336 829 373 alligaveris
841 360 847 371 ,
870 346 934 367 ante
946 338 1043 367 licebit
1060 339 1215 376 producere
1226 360 1234 374 ,

137 373 163 402 ἃ
177 373 277 403 docere
291 383 338 411 per
349 373 424 402 mille
436 373 523 411 palliis
533 373 685 410 composite
696 375 721 403 ὃ(
740 374 793 402 sine
805 386 820 412 p
831 386 906 404 iviire
917 376 1066 405 ambulare.

120 407 220 439 Dicere
230 411 381 448 composite
392 412 416 440 ἂ
427 419 491 448 apte
503 411 556 439 sine
567 411 707 441 sententiis
717 433 725 446 ,
748 411 850 441 insania
864 414 907 442 est.
935 414 991 442 Cic.
1006 415 1033 442 in
1047 414 1122 443 Orat.
1142 417 1207 449 236.

81 446 129 476 Co
139 458 157 475 Μ
168 457 182 476 Ρ
192 458 227 477 os
236 460 245 477 1
254 458 274 477 τ
283 461 291 476 ι
301 459 317 477 0
328 470 335 482 ,
357 449 427 477 &nis
448 449 466 477 f.
488 445 635 484 [ov‘i‘s'tm]
664 456 695 478 ut
707 471 714 483 ,
737 450 908 487 Compolitio
925 459 1139 488 unguentorum.
1164 451 1232 481 Plin.

119 484 167 514 lib.
178 495 222 515 20.
239 495 352 523 cap.24.
375 486 429 514 Sed
448 486 585 515 discessuri
607 487 641 515 ab
655 486 827 516 hortenlibus
851 489 946 521 rebus.
964 499 1048 518 unam
1061 489 1236 527 compositio·

118 531 184 551 nem
199 531 232 552 ex
244 523 285 552 his
296 523 466 552 clariffimani
479 523 664 554 subtexemus.
707 524 809 561 Vulgus
820 526 1033 556 Confectionem
1043 535 1131 556 vocat.

120 560 333 597 Unguentorum
343 562 576 598 compositiones,
596 562 776 592 conditiones
796 563 922 593 ciborum
934 586 941 600 ,
963 575 1110 603 corporum
1130 565 1237 595 lenoci-

139 599 193 627 nia.
215 597 273 627 Cic.
284 608 309 628 2.
326 599 362 627 de
375 599 435 628 Nat.
450 599 529 628 Deor.
546 604 605 636 146.

117 634 308 672 Compositio,
331 646 382 673 pro
396 636 557 667 Conditura.
598 637 735 668 Columel.
748 638 795 668 lib.
812 648 852 668 12.
864 648 923 675 cap.
936 649 980 677 47.
1006 640 1048 669 Est
1070 642 1095 670 &
1115 640 1160 669 illa
1174 650 1237 677 pro-

136 671 201 701 bata
214 674 380 711 compositio
393 696 401 709 ,
422 682 453 704 ut
468 685 551 712 quum
566 677 654 704 muria
670 676 737 705 dura
754 676 851 706 Pausea
871 677 932 706 alba
949 679 1110 707 maturuerit
1122 701 1129 712 ,
1152 687 1237 707 omne

134 710 180 745 jus
191 710 377 747 defiindatur,
398 714 424 742 Sc
440 714 565 742 immistis
583 713 689 743 duabus
700 714 822 751 partibus
843 715 963 750 defruti,
985 725 1050 745 cum
1071 716 1141 746 aceti
1162 725 1215 745 una
1227 737 1236 751 ,

137 747 278 784 repleatur
285 750 426 787 amphora.
470 751 575 781 Gallice
586 752 693 781 diceres
705 752 841 787 Composte‚
860 752 988 787 confiture.

119 785 199 815 Ordo
210 808 217 822 ‚
238 788 402 825 compositio
418 798 509 819 rerum
519 790 590 825 aptis
602 791 627 819 Sc
642 789 860 819 accommodatis
872 790 950 820 locis.
971 791 1031 820 Cic.
1045 801 1068 820 1.
1082 789 1139 821 Off.
1154 799 1216 828 142.

119 822 256 853 Modestia
267 827 485 864 compositionis.
509 826 627 863 Quintil.
640 827 688 856 lib.
701 838 726 861 4.
744 837 806 865 cap.
822 837 843 857 1.

119 859 278 900 Disciplinae
290 865 462 901 compositio.
484 865 542 894 Cic.
557 873 582 901 3.
595 865 630 893 de
643 865 731 894 Finib.
745 874 789 900 74.

117 898 192 936 Juris
212 901 379 937 pontificalis
397 903 570 940 compositio.
612 902 670 932 Cic.
682 912 708 932 2.
718 902 754 931 de
766 902 859 939 Legib.
875 913 917 939 ςς.
937 903 1065 941 Totaque
1075 904 1158 937 huius
1169 904 1236 940 juris

136 939 302 975 compositio
319 940 486 978 pontificalis
498 950 625 977 magnam
635 940 798 978 religionem
808 942 1050 978 ceremoniamque
1061 942 1192 972 declarat.

118 974 328 1012 magistratuum
339 979 517 1016 compositio,
539 978 701 1016 DescriptiO.
726 978 784 1008 Cic.
797 987 820 1015 3.
830 979 865 1007 de
878 979 971 1016 Legib.
987 989 1027 1009 12.

117 1012 309 1045 Membrorum
326 1017 489 1054 compositio
501 1038 509 1051 ,
529 1016 712 1045 conformatio
729 1015 983 1054 lineamentorum,
1004 1017 1108 1056 figura,
1130 1017 1236 1056 species

136 1049 267 1082 humana.
290 1054 346 1083 Cic.
365 1063 388 1083 1.
407 1055 443 1084 de
457 1055 518 1084 Nat.
531 1054 614 1083 Deor.
625 1064 670 1091 47.

116 1086 267 1119 Sermonis.
289 1091 413 1127 Quintis.
426 1092 475 1122 lib.
491 1102 513 1121 1.
523 1101 584 1130 cap.
598 1102 621 1127 5.

117 1125 256 1157 Sonorum
266 1129 338 1158 varia
350 1130 512 1167 compositio
522 1130 680 1159 harmonias
691 1129 776 1159 efficit
786 1129 886 1168 plures.
910 1129 968 1159 Cic.
982 1140 1005 1159 1.
1015 1130 1097 1160 Tusc.
1108 1140 1153 1165 ⁴1·

116 1164 289 1202 Compositio
300 1168 463 1204 generaliter
473 1168 580 1203 capitur
590 1167 739 1203 aliquando
752 1177 802 1205 pro
814 1169 900 1197 Omni
911 1176 974 1206 apta
990 1168 1137 1198 verborum
1148 1166 1235 1198 collo-

137 1203 248 1233 catione
259 1226 267 1239 ,
289 1207 315 1234 62
326 1215 378 1242 pro
388 1205 475 1235 Oiiini
486 1206 674 1242 eloquutionis
688 1215 804 1242 genere:
827 1209 931 1235 &tunc
943 1206 1044 1235 dicitur
1056 1206 1185 1236 Ciceroni
1204 1206 1234 1235 111

135 1239 216 1270 Orat.
234 1248 294 1276 181.
317 1241 370 1272 effe
382 1243 453 1272 Fons
464 1245 555 1272 omnis
565 1243 765 1273 concinnitatis
777 1266 785 1278 ,
806 1244 949 1281 elegantiae
963 1245 989 1273 ἃ
1003 1244 1151 1273 suavitatis.
1182 1243 1235 1273 Illi·

133 1279 249 1315 quando
264 1289 331 1309 vero
342 1287 449 1310 tantum
461 1291 511 1318 pro
521 1281 653 1316 Junetura
665 1281 812 1311 verborum
831 1283 956 1319 capitur,
980 1292 1040 1319 quae
1056 1282 1122 1311 facit
1139 1287 1170 1310 ut
1187 1290 1235 1310 ne-

134 1325 191 1353 'que
199 1317 293 1347 crebra
307 1318 445 1348 vocalium
458 1319 638 1348 conciirlione
650 1318 697 1348 fiat
712 1319 803 1348 hiulca
823 1321 910 1349 oratio
921 1341 928 1354 ‚
950 1329 1040 1356 neque
1058 1319 1234 1348 consonanti-

133 1351 187 1383 bus
199 1354 391 1393 exasperetur:
412 1357 438 1386 &
449 1365 509 1393 quae
524 1357 646 1393 denique
660 1358 819 1394 gravitatem
842 1359 867 1388 ἃ
884 1357 1045 1387 suavitatem
1060 1367 1159 1387 vocum
1172 1357 1236 1386 dili..

0 1403 3 1418 i
135 1398 233 1430 genter
246 1393 396 1432 investigat.
420 1400 502 1431 atque
518 1394 573 1424 hoc
592 1394 832 1424 modoanumero
850 1402 932 1432 atque
953 1406 967 1424 a
984 1396 1075 1432 figuris
1092 1394 1234 1432 distingui·

0 1423 3 1444 ¹
134 1436 187 1460 tur.
224 1430 287 1461 Hoc
297 1432 334 1461 est
346 1432 534 1469 quodibidem
545 1433 583 1461 ait
596 1432 653 1462 Cic.
670 1438 730 1467 18²·
772 1434 811 1462 An
826 1443 884 1462 non
896 1434 933 1462 est
943 1443 1030 1462 unum
1041 1455 1049 1467 ,
1071 1442 1123 1462 nec
1134 1433 1211 1462 idem
1222 1454 1231 1468 ,

0 1467 3 1500 Ι
135 1468 212 1505 quod
223 1478 293 1499 voce
303 1470 458 1506 jucundum
469 1470 506 1499 est
519 1492 527 1505 ,
550 1470 562 1506 (
575 1470 630 1499 hoc
637 1470 675 1499 est
691 1471 893 1507 compositione
905 1471 977 1500 bene
987 1472 1112 1505 iun6tum
1123 1491 1132 1506 ‚
1154 1472 1178 1500 &
1194 1472 1233 1500 ita

1 1514 3 1534 ι
140 1506 308 1536 collocatum
322 1514 353 1536 ut
367 1508 520 1542 iucundum
531 1507 628 1537 sonum
645 1507 748 1538 efficiat
760 1510 772 1542 )
793 1510 818 1538 Sc
830 1509 904 1546 quod
920 1509 1111 1538 moderatione
1128 1508 1234 1538 absolu-

0 1545 3 1562 ⁵
135 1549 210 1578 tum,
233 1543 284 1581 (id
295 1545 332 1574 est
342 1546 465 1575 numeris
488 1545 648 1575 conclusum
664 1546 876 1584 &perfeetiiiiw
898 1548 924 1576 &
944 1548 1019 1584 quod
1044 1546 1233 1576 illuminatum

135 1591 236 1619 genere
244 1583 393 1613 verborum
402 1606 410 1619 ,
431 1584 482 1620 (id
496 1583 534 1612 est
545 1583 639 1619 figuris
651 1585 676 1614 &
688 1585 858 1614 ornamentis
868 1584 1064 1618 illustratum.)
1104 1584 1170 1613 Haec
1186 1593 1233 1613 au-

133 1626 192 1649 tem
202 1620 276 1650 idem
286 1621 380 1651 valent
390 1643 399 1657 ,
420 1631 452 1651 ac
464 1622 480 1650 si
492 1621 618 1651 dixifl'et:
641 1623 681 1651 An
695 1631 753 1650 non
766 1622 802 1651 est
818 1623 893 1652 idern
904 1644 911 1658 ‚
932 1622 1096 1660 compositio
1106 1643 1114 1656 ,
1135 1630 1233 1651 nume-

135 1668 181 1688 rus
197 1660 223 1688 8(
235 1658 342 1696 figura‘.>
362 1660 617 1689 Concludittamen
629 1681 638 1694 ,
658 1659 815 1697 Figuratain
828 1661 982 1689 orationem
1001 1659 1152 1689 numerosae
1172 1659 1232 1688 fini-

134 1696 232 1726 timam
244 1696 307 1732 effe,
328 1698 391 1735 quia
402 1697 564 1733 plerumque
577 1697 698 1735 perfetfta
713 1697 767 1727 est:
791 1697 1030 1736 Compositionem
1041 1705 1108 1727 vero
1119 1696 1232 1727 differre

134 1734 169 1763 ab
178 1740 296 1771 utroque
306 1757 313 1771 ,
335 1745 394 1772 quae
403 1735 526 1772 gravitati
538 1742 645 1764 tantum
658 1736 684 1765 &
694 1734 818 1765 suavitati
832 1736 980 1766 verborum
996 1735 1101 1766 serviat.
1134 1759 1135 1766 .

114 1771 268 1803 Verborum
279 1773 452 1811 compositio.
493 1772 551 1802 cic.
566 1781 591 1802 2.
603 1773 639 1802 de
649 1772 725 1802 Orat.
743 1778 786 1807 58·
821 1774 854 1803 Et
873 1783 963 1803 rerum
981 1774 1062 1811 copia
1082 1775 1107 1803 &
1123 1772 1232 1804 senten.

133 1810 233 1877 tiarunli
244 1811 374 1841 varietate
383 1809 646 1846 abundantissimus,
667 1812 692 1841 &
712 1811 770 1849 ipsa
785 1811 986 1850 compositione
1006 1811 1154 1841 verborum
1173 1821 1232 1841 non

132 1856 174 1877 ‘im
196 1859 213 1877 o
226 1849 287 1879 itus.

114 1858 213 1916 Vergis
226 1888 268 1916 uti
276 1887 311 1917 ad
322 1892 414 1925 aptam
424 1885 655 1924 compositionem
666 1887 692 1916 Sc
702 1886 925 1917 condecentiam.
950 1886 1007 1917 Cic.
1020 1895 1045 1924 3.
1056 1886 1092 1917 de
1103 1886 1229 1924 Orat.98.

115 1923 288 1954 Diffimulata
298 1925 470 1962 compositio.
493 1923 612 1961 Quintil.
624 1924 672 1953 lib.
684 1935 710 1960 4.
721 1934 782 1962 cap.
795 1933 821 1954 2.

114 1961 215 1997 Lenis,
235 1963 381 1999 quadrata,
402 1961 496 1992 virilis.
518 1961 639 1999 Quintil.
649 1961 698 1992 lib.
712 1972 738 1992 2.
751 1972 813 2001 cap.
829 1973 853 1998 ς.

115 1999 253 2030 Oratoria.
288 1999 406 2037 Quintil.
421 1999 470 2029 lib.
486 2010 509 2030 1.
526 2009 585 2038 cap.
599 2005 625 2032 8.

114 2038 245 2069 Peccator
256 2038 467 2075 compositione.
489 2037 609 2075 Quintil.
621 2036 668 2066 lib.
684 2044 707 2067 1.
720 2046 780 2075 cap.
796 2048 820 2073 ς.

112 2076 206 2106 Servit
218 2076 382 2115 compositio
391 2081 449 2105 tota
460 2076 586 2113 gravitati
599 2084 701 2104 vocum
712 2083 758 2104 aut
767 2075 899 2105 suavitati.
922 2076 982 2106 Cic.
1001 2077 1029 2106 in
1043 2077 1118 2107 Orat.
1132 2082 1193 2113 ¹8²·

113 2113 286 2152 ‘Compositio
297 2136 305 2150 ,
325 2113 529 2144 Discordiamm
541 2113 707 2151 pacificatio.
747 2112 812 2143 Caes.
827 2123 851 2144 1.
863 2113 929 2144 Bell.
945 2115 1025 2145 Civil.
1041 2124 1083 2152 3²·
1115 2115 1232 2154 Legatos

135 2152 170 2181 ad
184 2153 347 2191 Pompeium
358 2152 393 2181 de
404 2151 605 2190 compositione
615 2151 687 2180 mitti
697 2157 833 2188 oportere.

115 2189 201 2225 Pacis,
213 2191 379 2225 concordiae,
389 2190 599 2228 compositionis
608 2189 704 2218 auctor
712 2188 765 2217 esse
777 2199 834 2218 non
845 2189 943 2219 destiti.
965 2190 1225 2229 Cic.2.Philipp.24.

115 2228 231 2259 Servare
248 2238 297 2264 per
312 2228 553 2264 compositionem.
593 2226 651 2256 Cic.
671 2236 722 2262 pro
734 2226 815 2257 Rosc.
834 2229 922 2257 Amer.
937 2236 980 2264 33.
1003 2228 1082 2265 Quos
1099 2230 1164 2266 quia
1204 2239 1233 2259 er

133 2266 475 2304 compofitionemservare
487 2265 614 2300 volebat,
636 2265 692 2302 ipse
711 2265 744 2292 ab
765 2265 806 2293 liis
826 2265 1011 2303 interemptus
1023 2267 1070 2296 est.
1099 2267 1126 2296 h.
1137 2277 1162 2297 e.
1204 2277 1233 2298 et

133 2305 314 2334 concordiam
323 2326 332 2340 ,
353 2304 460 2334 &inter
470 2313 517 2333 eos
530 2302 730 2341 componendo
745 2303 952 2333 controversias.

114 2342 338 2379 Compofitiones
349 2342 541 2380 gladiatorum.
563 2341 622 2370 Cic.
634 2350 660 2370 2.
672 2340 745 2370 Fam·
756 2350 782 2377 7.
804 2341 903 2378 Quid?
925 2348 955 2370 tu
967 2351 1012 2370 me
1024 2341 1079 2371 hoc
1093 2342 1144 2372 tibi
1156 2351 1234 2373 man-

132 2380 206 2409 dasse
215 2380 353 2410 existimas
365 2389 372 2410 :
394 2385 426 2409 ut
435 2379 503 2408 mihi
519 2379 703 2416 gladiatorum
721 2380 955 2416 compolitiones,
977 2387 1008 2409 ut
1021 2380 1181 2411 vadimonia
1193 2382 1234 2411 di-

133 2417 207 2451 lata,
228 2420 255 2448 81
267 2418 372 2447 Chresti
386 2416 615 2455 compilationem
628 2417 751 2445 mitteres
761 2438 769 2451 ,
784 2418 835 2446 Sco.
862 2418 890 2445 V.
913 2418 941 2446 in
953 2417 1010 2455 ipso
1021 2417 1115 2448 verbo.

77 2453 102 2485 C
111 2465 129 2484 o
139 2465 159 2484 m
168 2466 183 2484 1²
193 2465 210 2484 o
219 2465 231 2485 s
239 2457 304 2485 1τό
314 2466 339 2491 a,
360 2456 423 2485 oris.
444 2465 481 2484 m.
502 2454 692 2491 [σψζξκφεὺς]
714 2453 771 2483 Cic.
783 2455 813 2483 iri
822 2454 898 2484 Orat.
912 2458 957 2485 61.
980 2455 1043 2484 Non
1053 2456 1128 2485 enim
1137 2457 1235 2486 inven-

114 2501 175 2529 tor,
200 2500 247 2523 aut
258 2493 442 2531 compositor,
463 2500 511 2522 aut
521 2494 604 2527 aetor,
625 2492 684 2521 haec
692 2491 856 2528 complexus
868 2492 906 2521 est
913 2494 1023 2523 omnia:
1046 2493 1092 2522 sed
1103 2496 1126 2523 ἃ
1139 2495 1234 2524 Graece

1 2544 5 2567 i
115 2531 150 2561 ab
161 2531 319 2568 eloquendo
331 2532 441 2565 rhetor,
463 2532 490 2561 &
500 2530 596 2560 Latine
608 2529 743 2566 eloquens
752 2530 842 2560 dictus
859 2531 906 2560 est.
930 2531 1017 2561 Ovid.
1033 2540 1058 2561 2.
1076 2531 1156 2561 Trist.
1172 2536 1232 2569 35⁶·

2 2590 5 2604 .
208 2569 271 2599 Plus
282 2569 330 2598 sibi
340 2568 462 2607 permisit
471 2568 656 2606 compositore
670 2567 728 2597 suo.

77 2606 353 2637 Conpositum
367 2628 376 2642 ‚
403 2606 448 2636 vel
476 2607 648 2636 detractione
674 2604 771 2634 litterae
788 2615 817 2640 1,
849 2604 1077 2636 COMPOSTUR
1089 2617 1107 2636 A
1121 2629 1129 2642 ,
1160 2617 1190 2637 ae.
1213 2608 1232 2638 f.

111 2645 130 2680 [
139 2640 239 2677 0151911111
249 2664 257 2677 ,
274 2645 410 2681 α-υκξηιφὴ]
431 2644 500 2674 Cato
510 2654 571 2682 cap.
584 2653 629 2673 22.
655 2643 792 2681 Trapetus
802 2648 911 2680 emptus
925 2644 1001 2673 estin
1011 2644 1142 2674 Suessano
1155 2652 1234 2675 iiu'm.

111 2682 165 2750 {pis
176 2683 385 2721 quadringentis
396 2704 404 2719 ,
426 2684 452 2713 &
466 2682 524 2713 olei
541 2692 564 2711 P.
578 2693 603 2711 L.
621 2681 802 2719 composturae
811 2682 935 2711 numinis
944 2682 1084 2720 sexaginta
1094 2705 1103 2719 ,
1124 2686 1235 2714 vectura

136 2729 201 2749 oum
218 2722 270 2751 810.

109 2757 270 2788 ‘Oculorum
278 2758 481 2796 compositurae.
503 2757 610 2787 Lucret.
623 2757 671 2786 lib.
688 2767 715 2792 4.
726 2763 790 2793 329.
908 2794 914 2800 ·

111 2795 454 2834 Orationiscompositura.
495 2796 597 2826 Minius
607 2795 707 2833 Capito
723 2795 797 2832 apud
813 2793 884 2823 Gell.
896 2793 944 2837 lib.
959 2805 983 2827 ς.
997 2804 1057 2832 cap.
1069 2804 1114 2826 20.
1144 2797 1233 2827 Soloe.

131 2833 230 2863 cismus
240 2834 278 2864 est
287 2835 377 2872 impar
387 2836 414 2864 ἃ
425 2834 627 2863 inconveniens
640 2832 824 2870 compositura
836 2838 954 2872 partium
964 2834 1106 2863 orationis.

75 2871 125 2902 Co
134 2881 206 2901 1110
215 2881 227 2901 s
237 2883 246 2900 1
256 2872 324 2901 Τῖτ
335 2883 344 2900 1
354 2882 373 2901 0
382 2882 411 2907 s,
431 2881 447 2901 a
456 2893 465 2907 ,
486 2881 543 2901 um.
566 2871 644 2901 Idem
658 2871 732 2908 quod
743 2870 931 2906 Compoiitus.
953 2878 1001 2899 aut
1012 2872 1087 2907 quod
1099 2874 1233 2910 componi

113 2909 218 2977 potest.l
232 2909 350 2940 Tertull.
365 2910 400 2940 de
411 2910 528 2945 Anima,
550 2918 611 2947 cap.
624 2919 651 2944 9.
680 2907 844 2938 Dissolubile
863 2917 947 2938 omne
965 2909 1188 2947 composititium
1207 2913 1233 2942 &

113 2947 207 2977 structi
219 2957 244 2977 e.

73 2985 316 3016 C0Me0s1'r'1‘v
326 2994 366 3016 us
377 3008 386 3022 ,
406 2995 440 3021 a,
459 2993 516 3015 um.
537 2984 620 3015 Mart.
637 2982 744 3021 Capell.
761 2985 786 3012 6.
809 2991 871 3020 3²0·
901 2983 1092 3022 Compositiva
1107 2986 1233 3022 quaedam

131 3023 238 3054 ualitas.

74 3061 98 3092 C
106 3033 152 3091 dlii(
160 3071 174 3090 1³
183 3070 200 3091 o
209 3071 226 3090 a
235 3070 254 3089 *r
263 3070 280 3090 o
290 3082 300 3097 ,
319 3061 336 3095 [
345 3059 516 3098 ‹rupte-ulgus]
536 3056 591 3089 are.
622 3059 710 3088 Simul
727 3065 836 3096 portare
847 3080 855 3094 ,
876 3057 920 3087 vel
935 3058 1011 3088 idem
1026 3065 1133 3089 tantum
1155 3062 1232 3097 quod

110 3099 221 3129 Portare
231 3098 379 3135 significat:
402 3104 450 3134 ut,
471 3098 653 3135 Coniportare
672 3107 771 3134 aquam
787 3098 816 3126 iri
835 3105 936 3125 arcem.
975 3097 1039 3126 Caes.
1059 3107 1082 3133 3.
1105 3098 1172 3128 Beli.
1189 3100 1233 3129 Ci-

45 3146 63 3159 s
109 3137 161 3168 vil.
173 3146 216 3166 12.
238 3136 295 3166 Cic.
307 3136 336 3165 in
349 3135 436 3165 Pison.
451 3145 496 3171 23.
519 3136 615 3172 Quum
622 3134 762 3164 servorum
772 3134 895 3164 delectus
906 3134 1088 3166 habereturin
1098 3136 1170 3174 foro,
1189 3147 1232 3168 ar.

112 3174 196 3206 main
207 3173 345 3211 templum
354 3173 470 3203 Castoris
480 3174 543 3203 luce
554 3175 580 3203 8<
590 3173 681 3211 palam
688 3179 939 3210 comportarentur.

110 3210 293 3242 Frumentum
307 3217 482 3249 comportare
491 3221 525 3240 ex
537 3213 608 3248 agris
618 3211 647 3239 in
656 3210 718 3241 loca
728 3218 795 3240 tuta.
819 3211 876 3239 Cic.
892 3221 914 3244 ς.
936 3211 988 3240 Ait.
1002 3216 1046 3245 18.

110 3250 294 3280 Frumentum
305 3250 518 3287 comportarein
527 3259 666 3279 acervum.
690 3248 759 3278 Hirr.
771 3247 840 3278 Bell.
855 3248 907 3277 Afr.
919 3252 965 3283 69.

112 3288 146 3319 In
154 3296 241 3318 unum
251 3293 434 3324 comportare.
457 3284 523 3317 Hor.
535 3297 561 3316 2.
571 3287 658 3316 Serm.
670 3296 694 3321 ³·
709 3297 771 3320 104.

191 3325 220 3355 Si
236 3326 298 3362 quis
307 3331 381 3354 emat
390 3325 523 3360 citharas,
544 3331 652 3362 emptas
663 3330 822 3362 comportet
831 3324 860 3367 in
870 3332 956 3353 unum
969 3343 977 3359 ‚

191 3363 253 3393 Nec
262 3363 354 3392 studio
364 3363 479 3392 citharae
489 3384 497 3398 ,
519 3372 572 3392 nec
579 3361 663 3392 musae
674 3362 785 3392 deditus
792 3361 850 3391 ulli.
1079 3395 1081 3397 .

73 3400 255 3433 Composs'r
264 3409 340 3430 Aru
349 3410 362 3430 s
373 3422 382 3437 ,
403 3409 418 3430 a
427 3422 436 3436 ,
456 3410 512 3430 um.
543 3407 591 3436 ut,
618 3400 711 3430 Rebus
739 3398 921 3438 comportatis
948 3399 1021 3428 bene
1046 3398 1096 3429 uti.
1126 3396 1193 3431 Hor.
1205 3410 1229 3432 1.

154 3439 194 3468 ist.
203 3447 231 3469 2.
263 3449 290 3468 0.

109 3439 166 3507 {gs
177 3447 335 3514 exquisitae,
356 3472 667 3513 undiquemosseerae,
689 3473 820 3505 arceffitae
835 3496 843 3510 ‚
863 3480 1053 3511 comportatae.
1077 3473 1136 3504 Cic.
1150 3484 1175 3512 3.
1195 3476 1231 3506 de

128 3514 210 3545 Orat.
243 3525 269 3544 0.

72 3552 173 3585 Com?
182 3562 199 3581 o
209 3525 252 3581 131
261 3561 310 3581 AT
320 3562 331 3580 1
343 3560 360 3580 ο
373 3573 381 3587 ,
402 3552 474 3581 onis.
496 3550 516 3579 f.
540 3546 642 3579 Vitruv.
658 3559 681 3578 1.
696 3561 720 3585 ς.
734 3560 774 3587 pr.
797 3549 868 3579 Cum
882 3559 931 3586 per
938 3556 1035 3586 portus
1045 3550 1159 3581 marinae
1168 3550 1231 3581 stib-

110 3591 252 3620 vestiones
260 3589 410 3619 habuerint
418 3589 453 3619 ad
465 3588 570 3618 moenia
579 3589 815 3625 comportationes
826 3587 980 3626 expeditas.

11 3619 14 3671 l
71 3628 243 3662 Compos,
264 3629 327 3657 otis.
348 3637 374 3657 c.
394 3624 544 3663 [imwff;‚
563 3622 702 3661 ἒφκςειτῆς,
721 3625 853 3659 briscam]
875 3626 998 3661 Compos
1009 3626 1112 3655 mentis
1124 3648 1133 3661 ,
1154 3636 1230 3656 com..

111 3675 164 3704 pos
182 3666 287 3700 animi,
308 3674 425 3703 compos
438 3664 570 3697 rationis,
593 3672 710 3700 compos
726 3663 864 3698 sanitatis;
887 3663 962 3699 quod
980 3662 1039 3692 haec
1056 3663 1156 3694 habeo.
1195 3666 1230 3695 At

111 3702 321 3741 Composvoti‚
342 3712 458 3741 compos
472 3702 594 3731 vic‘toriae
606 3722 614 3735 ,
635 3709 751 3738 compos
770 3701 877 3737 optati,
906 3700 980 3737 quod
994 3700 1054 3729 haec
1070 3711 1154 3741 opera
1166 3712 1228 3732 mea

107 3741 241 3772 &labore
251 3740 379 3775 obtinui,
400 3740 580 3775 obtincoque.
603 3738 670 3767 Haec
683 3738 758 3767 Valla
768 3738 814 3767 lib.
831 3747 855 3772 ι.
874 3747 934 3775 cap.
950 3747 996 3772 3⁴-
1044 3740 1138 3774 [r'uto
1153 3748 1229 3770 vete-

106 3788 153 3810 tes
163 3776 261 3807 dixisse
268 3777 417 3815 Compotis
430 3780 456 3808 &
472 3779 501 3807 in
512 3776 692 3806 Nominativo
704 3798 712 3811 ,
734 3783 765 3805 ut
780 3776 870 3809 Fotis,
892 3785 924 3804 ac
940 3775 1054 3805 licentia
1068 3776 1172 3815 vulgari
1190 3778 1229 3808 fa.

108 3818 187 3847 etum
207 3815 332 3853 Compos
343 3837 352 3850 ‚
373 3816 475 3854 Impos.
516 3815 569 3844 Etsi
579 3815 749 3843 contrarium
757 3813 804 3842 alii
814 3814 944 3843 statuunt.

106 3854 233 3891 Compos
247 3874 255 3888 ‚
276 3853 305 3881 in
317 3852 418 3883 bonam
431 3859 537 3891 partem
547 3852 636 3882 solum
644 3852 733 3889 accipi
743 3858 855 3889 putatur
865 3873 873 3886 ‚
894 3850 1053 3888 quum&in
1067 3851 1168 3882 malam
1176 3862 1227 3892 po-

127 3891 209 3921 litum
216 3890 257 3919 srt.
279 3889 367 3920 Plaut.
379 3890 500 3928 Epid..4.
515 3900 539 3920 1.
552 3900 596 3926 32·
902 3926 908 3932 ,
955 3925 961 3932 ·

206 3928 285 3957 Cedo
295 3937 417 3960 manum.
437 3938 490 3960 iri-1.
511 3929 609 3967 accipe
625 3934 810 3958 aerumnarum
829 3927 856 3957 ἃ
870 3925 1043 3959 miseriarum
1052 3932 1224 3965 compotem.

160 3965 245 4000 Not..
283 3965 306 4001 Ι.

1736 111 1765 147 C
1862 113 1898 148 O
1994 117 2036 152 M
2376 127 2447 158 6i1

1346 188 1560 255 ἓκινξυεῡαηᾱὲ
1572 214 1580 228 ,
1602 191 1669 224 Eam
1679 203 1754 224 nunc
1763 192 1817 224 esse
1828 196 1971 226 inventam
1980 197 2138 235 opprobn‘is
2149 206 2308 238 compotem
2315 200 2376 232 seis.
2405 201 2447 232 Ex

1377 238 1453 257 (lilio.

1329 265 1419 294 Animi
1431 276 1556 303 compos.
1580 268 1643 298 Ter.
1659 269 1736 298 Adel.
1750 278 1774 304 3.
1786 279 1812 299 2.
1829 279 1870 299 12.

1409 303 1456 332 me
1472 305 1601 334 miserum
1612 328 1620 339 ,
1643 307 1689 336 vix
1704 306 1764 336 sum
1776 317 1896 346 compos
1911 309 2013 344 animi,
2034 310 2071 339 ita
2085 310 2168 339 ardeo
2184 312 2333 342 iracundia.
2393 314 2448 344 Ubi

1348 338 1492 382 Donatus,
1517 344 1639 380 Compos
1660 345 1767 378 animi,
1789 346 1806 373 i.
1823 355 1847 374 e.
1869 346 2064 384 Competentis
2084 349 2187 383 animi,
2210 350 2254 379 vel
2272 352 2357 379 animi
2380 352 2446 381 suni.

1346 381 1624 447 {fflssznjffilllljslllgltt
1637 380 1730 420 lmpos
1744 383 1837 412 animi.
1879 384 1930 413 Alii
1942 385 2112 423 Compoteiu
2127 387 2232 423 animi,
2258 387 2450 426 Composituin

1499 427 1522 445 e·
1547 430 1563 454 ξ)
1618 441 1622 447 .

1328 449 1436 517 ὒῖεηξὶε
1448 463 1573 492 compos.
1615 456 1673 485 Cic.
1686 467 1712 492 9.
1729 457 1780 487 Att.
1794 468 1821 493 4.
1843 458 1909 488 Non
1918 458 1976 489 sum
1986 460 2102 498 inquam
2121 462 2324 499 (mihicrede)
2345 465 2449 494 mentis

1366 500 1401 517 on
1417 501 1476 526 pos.

1330 525 1435 555 Mentis
1447 529 1491 556 vix
1507 539 1634 566 compos.
1656 531 1741 561 Ovid.
1755 538 1779 565 8.
1798 532 1866 562 Met.
1881 543 1923 569 ῖς.

1327 563 1377 592 Sui
1388 573 1548 602 compotem
1562 567 1615 595 esse
1628 589 1636 602 ,
1659 569 1755 598 Mente
1766 570 1837 599 sana.
1879 571 1946 602 Cels.
1958 572 2006 602 lib.
2022 584 2046 608 ς.
2057 584 2119 612 cap.
2132 578 2177 604 26.
2199 574 2336 611 Quaedam
2349 575 2452 605 obmu-

1350 601 1456 630 tescunt
1468 625 1476 638 ,
1498 605 1623 640 quaedam
1644 615 1737 636 mente
1756 607 1884 637 labuntur
1896 631 1903 644 ‚
1931 611 2057 645 quaedam
2076 612 2114 641 sui
2135 621 2281 651 compotes
2301 622 2450 643 nervorum

1348 639 1551 676 oculorumque
1563 641 1660 671 dolore
1671 645 1759 680 urgeri
1772 645 1797 674 se
1807 646 1976 676 confitentur
1985 670 1993 682 ‚
2007 651 2059 678 620.

1328 675 1474 721 Compos,
1497 679 1677 721 lineadjectO.
1719 681 1774 725 [civ.
1787 694 1811 717 4.
1825 694 1870 718 40.
1885 694 1924 721 pr.
1949 684 1978 714 In
1994 686 2056 717 suos
2068 697 2183 725 quaeque
2192 687 2270 718 fimul.
2282 698 2399 725 corpore
2410 694 2451 717 at-

1347 723 1403 756 que
1417 724 1509 744 animo
1520 725 1565 745 vix
1581 726 1638 754 prae
1647 719 1749 754 gaudio
1762 728 1926 758 compotes,
1947 723 2048 754 effusae.
2071 726 2089 755 i.
2105 735 2129 754 e.
2157 725 2206 755 Vix
2220 726 2305 756 animi
2318 725 2361 755 vel
2371 736 2451 755 men-

1348 759 1453 780 tiscom
1477 760 1545 782 otes.

1328 763 1490 833 Composfb'c
1500 791 1638 833 particeps
1653 793 1762 823 animus
1775 793 2002 832 sempiternarum
2014 808 2116 828 rerum.
2141 801 2200 830 Cic.
2212 801 2249 831 de
2268 799 2390 831 univers.
2402 811 2449 838 24-

1329 827 1528 857 Gratulationis
1546 836 1708 865 compotem
1724 832 1821 861 facere.
1846 833 1912 862 Plin.
1930 845 1971 864 10.
1988 836 2070 872 Epist.
2085 850 2112 872 4.

1330 863 1431 893 Laudis
1446 875 1572 903 compos.
1595 866 1681 896 Plaut.
1695 869 1793 906 Amph.
1805 879 1830 898 2.
1842 879 1868 899 2.
1888 880 1930 906 13.

1422 901 1477 932 Sed
1489 903 1544 932 lioc
1552 913 1598 932 nie
1609 904 1672 933 beat
1681 904 1774 935 saltem
1783 928 1792 941 ,
1815 909 1890 944 quod
1900 909 2057 946 perduelles
2067 912 2152 948 vicit,
2175 915 2201 943 84
2219 914 2337 946 domum

1423 939 1523 969 Laudis
1534 950 1650 979 compos
1658 945 1764 972 revenit
1777 954 1783 973 :
1809 946 1838 973 id
1849 945 1945 975 solatio
1957 948 2003 977 est.

1329 976 1482 1007 Libertatis.
1508 977 1592 1008 l’laut.
1606 979 1685 1017 Capt.
1699 981 1768 1018 prol.
1783 992 1828 1017 4¹·

1328 1015 1424 1044 Patriae
1436 1023 1597 1053 compotem
1607 1017 1699 1047 facere
1710 1019 1839 1056 aliquem.
1883 1020 1940 1050 Liv.
1955 1031 1977 1051 1.
1995 1031 2037 1058 32·
2060 1024 2151 1061 Siego
2167 1025 2265 1059 iniuste
2278 1049 2285 1061 ‚
2305 1029 2451 1067 impieque

1347 1052 1551 1096 illos-homines
1561 1076 1569 1089 ,
1586 1055 1703 1091 illasque
1712 1066 1753 1086 res
1769 1058 1866 1087 dedier
1875 1060 1981 1088 nuncio
1990 1062 2090 1099 populi
2102 1062 2153 1092 Ro.
2165 1064 2234 1093 mihi
2246 1066 2377 1103 exposco,
2389 1075 2449 1098 tum

1346 1097 1443 1128 patriae
1453 1098 1614 1129 compotem
1623 1102 1667 1122 me
1677 1103 1823 1132 nunquam
1835 1095 1906 1126 sinas
1920 1096 1982 1127 effe.

1329 1127 1428 1166 Regni.
1450 1129 1496 1158 Sil.
1512 1129 1560 1158 lib.
1574 1136 1598 1164 8.
1614 1140 1658 1166 7²-

1329 1165 1456 1196 Rationis
1468 1168 1493 1196 &
1505 1167 1619 1196 consilii.
1642 1169 1700 1198 Cic.
1711 1179 1737 1199 2.
1751 1170 1787 1200 de
1798 1170 1861 1200 Nat.
1875 1171 1959 1202 Deor.
1972 1175 2016 1209 36.

1326 1204 1467 1234 Scientiae.
1509 1205 1566 1235 Cic.
1579 1217 1606 1241 4.
1622 1208 1702 1236 ilcad.
1718 1212 1779 1243 14⁶·
1802 1209 1953 1239 Scientiam
1963 1211 2047 1241 talem
2058 1211 2112 1242 effe
2125 1211 2237 1244 dicebat
2249 1238 2256 1250 ‚
2277 1217 2356 1253 cuius
2374 1227 2452 1248 com.

1348 1248 1462 1279 potem,
1485 1243 1533 1271 nisi
1546 1243 1572 1272 sa
1596 1244 1700 1274 ientem
1710 1245 1763 1275 effe
1773 1248 1924 1276 neminem.

1328 1253 1631 1325 ἲ111010111110111..1111101.
1646 1283 1777 1327 M⁸.x·.¹ib·
1792 1295 1816 1314 1.
1832 1295 1855 1314 1.
1871 1295 1893 1315 1.
1910 1286 2093 1324 Imperatores
2103 1296 2252 1327 compotes
2262 1292 2451 1324 victoriarum.

1330 1317 1480 1348 Virtutum.
1504 1319 1562 1348 Cic.
1577 1331 1599 1353 ς.
1618 1320 1652 1349 de
1667 1321 1754 1351 Finib.
1769 1331 1794 1358 7.

1329 1355 1394 1384 Voti
1405 1364 1569 1393 compotem
1581 1357 1670 1387 facere
1680 1359 1810 1396 aliquem.
1832 1361 1895 1390 Sen.
1906 1361 2021 1400 Hippol.
2033 1373 2058 1399 ς.

1329 1392 1411 1423 Urbis
1422 1402 1583 1432 compotem
1596 1395 1694 1426 facere.
1719 1398 1775 1427 Cic.
1793 1406 1844 1434 pro
1853 1398 1928 1428 Sext.
1949 1404 2009 1436 146.

1328 1431 1454 1469 Compos
1465 1453 1474 1468 ,
1496 1433 1618 1462 ablativo
1630 1435 1766 1469 junctum.
1809 1436 1916 1465 Sallust.
1929 1439 2004 1476 apud
2015 1438 2113 1468 Donat.
2127 1440 2162 1469 ad
2174 1440 2237 1470 Ter.
2251 1442 2326 1472 Adel.
2339 1452 2363 1479 3.
2376 1453 2453 1475 2.12.

1349 1469 1447 1506 Neque
1459 1471 1571 1506 animo,
1593 1472 1742 1510 autlingua
1753 1473 1813 1503 satis
1830 1484 1956 1512 compos.
1998 1476 2039 1505 De
2047 1486 2159 1507 amente
2168 1479 2306 1516 Septimio
2316 1480 2450 1518 loquitur.

1328 1506 1455 1545 Compos
1465 1518 1559 1538 earum
1568 1519 1660 1539 rerum
1672 1512 1775 1540 animo.
1815 1512 1874 1541 Cic.
1891 1522 1913 1541 i.
1926 1514 1961 1542 de
1973 1513 2051 1543 Orat.
2070 1510 2141 1544 210)
2156 1516 2284 1552 Quarum
2298 1520 2344 1556 qui
2363 1520 2452 1550 ess'cnt

1347 1546 1443 1574 animo
1455 1547 1480 1575 δι
1490 1546 1626 1577 sententia
1635 1556 1782 1586 compotes
1792 1571 1800 1585 ,
1821 1559 1869 1579 eos
1877 1549 1932 1579 effe
1943 1552 2124 1588 imperatores
2133 1553 2264 1585 dicerem.

1329 1582 1454 1626 Compos
1465 1584 1557 1621 praeda
1569 1586 1716 1616 exercitus.
1738 1587 1797 1617 Liv.
1811 1596 1836 1624 3.
1851 1597 1895 1625 70.
1918 1588 2064 1627 Praedaque
2079 1590 2186 1628 ingenti
2202 1600 2364 1632 compotem
2374 1605 2453 1626 exer.

1352 1627 1439 1650 citum
1456 1624 1508 1652 810.
1528 1623 1674 1653 reducunt.

1327 1658 1469 1703 Compos,
1489 1667 1590 1690 neutro
1604 1662 1697 1698 generi
1707 1663 1836 1698 junctum
1848 1662 2001 1701 aliquando
2010 1664 2122 1703 legitur.
2144 1666 2208 1697 Sen.
2221 1668 2314 1706 Agam.
2328 1680 2351 1700 v..
2368 1675 2430 1709 365.

1423 1697 1488 1727 Tibi
1499 1698 1638 1735 grandaevi
1650 1721 1658 1735 ,
1679 1699 1792 1737 lassique
1804 1700 1882 1730 senes
2235 1713 2254 1729 κ

1423 1735 1562 1774 Compote
1574 1743 1640 1766 voto
1651 1738 1774 1767 reddunt
1786 1745 1884 1775 grates.

1291 1773 1605 1810 Composir10‚1n
1626 1784 1816 1806 COMPONo.

1293 1811 1315 1841 C
1324 1821 1368 1878 osii
1375 1821 1391 1854 ,¹²
1401 1813 1446 1855 or
1456 1821 1497 1878 εἴ
1505 1821 1516 1841 s
1526 1833 1535 1848 ,
1556 1813 1638 1843 entis.
1660 1812 1748 1844 Idem.
1770 1814 1808 1844 ita
1820 1820 1934 1845 vocatur
1950 1815 2039 1846 Diana
2049 1817 2078 1846 in
2089 1817 2220 1850 Numinis
2230 1826 2356 1852 veterum
2371 1824 2396 1853 ἃ
2407 1824 2453 1854 111.

1343 1859 1380 1878 cri
1392 1855 1475 1878 itioni
1499 1859 1538 1879 us.

1291 1885 1316 1917 C
1325 1897 1342 1916 o
1350 1898 1372 1916 M
1381 1860 1395 1915 i’
1404 1896 1421 1916 o
1432 1896 1451 1915 T
1462 1898 1471 1916 i
1482 1897 1498 1916 o
1511 1909 1519 1922 ,
1540 1889 1589 1917 ite.
1609 1887 1780 1927 Compotem
1794 1889 1894 1920 facere.
1915 1890 2001 1921 Plaut.
2014 1891 2088 1922 Rud.
2101 1904 2128 1929 4.
2140 1903 2168 1924 2.
2181 1897 2207 1924 6.

1424 1925 1528 1955 Piscatu
1538 1935 1614 1955 novo
1624 1936 1669 1956 me
1680 1927 1944 1966 ubericompotivit.

1330 1962 1394 1992 Voti
1406 1962 1526 2000 aliquem
1535 1966 1701 2002 compotire.
1743 1964 1822 2003 Apul.
1837 1976 1879 1996 11.
1893 1966 1962 1996 Met.
1975 1974 2002 2003 p.
2014 1970 2077 2004 267.
2100 1968 2131 1998 V.
2149 1969 2241 1999 Colvii
2251 1978 2309 2002 not.
2321 1974 2355 2003 ad
2368 1974 2449 2013 Apul.

1350 2011 1379 2038 p.
1394 2007 1454 2036 ¹58-
1477 2003 1503 2031 &
1515 2002 1593 2039 Apul.
1607 2013 1635 2040 p.
1650 2006 1711 2038 366.
1731 2003 1781 2033 Ed.
1797 2002 1923 2034 Elmenh.
1945 2005 2023 2036 conf.
2044 2006 2074 2035 ia
2096 2016 2169 2036 0οΜ
2180 2017 2272 2038 11110
2290 2017 2360 2041 extr.

1296 2038 1523 2068 emporion
1537 2041 1609 2074 ,ῖ11.
1633 2040 1716 2070 Plaut.
1735 2041 1806 2070 Rud.
1821 2051 1844 2070 1.
1858 2051 1882 2076 3.
1898 2052 1942 2072 22.

1412 2076 1451 2106 Ita
1461 2077 1506 2106 hic
1516 2077 1581 2107 solis
1591 2078 1661 2107 Iocis
1671 2080 1826 2117 compotita
1837 2079 1903 2109 sum.
2012 2081 2047 2111 Et
2061 2081 2178 2113 Tertull.
2196 2084 2259 2114 adv.
2270 2085 2378 2117 Valent.
2388 2097 2453 2127 cap.

1334 2124 1377 2145 11.
1399 2114 1465 2144 Non
1482 2115 1539 2144 visu
1556 2125 1608 2145 nec
1620 2117 1787 2153 audituvejus
1800 2118 1950 2155 compotiri
1966 2118 2006 2148 fas
2018 2120 2063 2148 est.

1294 2152 1317 2182 C
1326 2161 1344 2181 o
1353 2164 1375 2181 M
1383 2156 1422 2182 1νὸ
1433 2163 1451 2181 r
1461 2162 1477 2181 o
1488 2174 1497 2188 ‚
1516 2151 1674 2189 [emmim]
1695 2157 1748 2184 are.
1772 2155 1861 2184 Simul
1873 2164 1980 2193 potare.
2022 2157 2096 2187 Hinc

1294 2190 1343 2220 Co
1353 2202 1372 2219 M
1382 2200 1421 2219 Po
1431 2194 1475 2219 τᾸ
1485 2200 1520 2219 ¹rr
1530 2201 1546 2219 o
1560 2213 1568 2225 ‚
1591 2192 1661 2221 onis.
1683 2192 1701 2221 f.
1733 2193 1908 2228 [omn-bom]
1929 2193 2106 2231 Convivium.
2146 2196 2205 2227 Cic.
2227 2197 2262 2228 de
2277 2198 2385 2230 Sene&
2403 2212 2452 2236 45.

1331 2227 1500 2258 Convivi‘um
1517 2229 1708 2265 nominarunt,
1718 2230 1818 2260 melius
1827 2241 1910 2268 quam
1919 2231 2018 2269 Graeci,
2030 2234 2079 2271 qui
2089 2234 2144 2264 hoc
2153 2235 2231 2265 idem
2237 2243 2302 2266 tum
2312 2247 2458 2277 compota.

1328 2267 1456 2302 tionem,
1476 2272 1537 2296 tum
1548 2269 1794 2298 concoenationem
1809 2276 1920 2298 vocant.

1293 2303 1342 2334 Co
1352 2314 1396 2333 MP
1406 2308 1477 2333 ὃτο
1487 2314 1519 2340 R,
1541 2305 1603 2334 oris.
1627 2315 1664 2335 in.
1687 2305 1857 2342 [συμπότης]
1878 2307 1937 2337 Cic.
1953 2316 1980 2337 2.
1997 2307 2118 2347 Philipp.
2132 2319 2178 2346 42.
2199 2309 2275 2341 Tum
2291 2322 2357 2342 vero
2376 2315 2458 2344 adhi-

1328 2342 1381 2372 bes
1393 2343 1450 2379 joci
1460 2342 1540 2372 causa
1552 2344 1710 2380 magistrum
1718 2343 1845 2382 suffragio
1856 2351 1916 2381 tuo,
1937 2346 1964 2376 δι
1974 2354 2172 2384 compotorum
2181 2355 2296 2379 tuorum
2303 2351 2455 2383 rhetorem.

1332 2380 1365 2410 V..
1389 2381 1472 2409 etiam
1485 2381 1512 2409 in
1523 2380 1611 2410 Pison.
1623 2385 1668 2414 ὥς,

1291 2417 1316 2448 C
1325 2428 1341 2447 o
1350 2429 1371 2462 11
1379 2428 1393 2446 1²
1402 2422 1419 2448 ὃ
1425 2428 1449 2486 (ἶ
1458 2428 1476 2447 a
1485 2429 1495 2447 1
1497 2427 1523 2486 ἐς
1532 2439 1541 2454 ,
1560 2419 1622 2449 icIs.
1643 2419 1664 2449 f.
1686 2417 1877 2456 [σνμπῦνιςικ]
1898 2420 1962 2451 Ter.
1982 2421 2050 2451 And.
2063 2431 2086 2452 1.
2100 2432 2127 2459 ⁴·
2141 2433 2166 2460 ς.
2196 2423 2272 2461 Quia
2293 2428 2456 2465 compotrix

1328 2466 1391 2491 ejus
1407 2467 1422 2485 e
1444 2474 1454 2485 -.
1520 2465 1530 2485 t

1330 2495 1492 2531 Adjet‘tive,
1513 2495 1611 2524 Sidon.
1627 2503 1655 2524 2.
1671 2494 1753 2532 Epist.
1765 2505 1791 2530 9.
1811 2495 1988 2526 Famularum
1998 2497 2079 2527 terba
2087 2500 2255 2536 compotrix.

1293 2532 1316 2561 C
1327 2542 1343 2561 ο
1352 2544 1374 2562 M
1382 2543 1396 2561 P
1404 2542 1422 2560 a
1432 2543 1456 2560 AE
1464 2541 1475 2561 s
1487 2554 1495 2567 ,
1517 2533 1593 2562 aedis.
1616 2530 1790 2569 [wapinco]
1811 2533 1939 2570 Ejusdem
1949 2535 1988 2564 rei
1998 2536 2106 2574 populo
2125 2536 2246 2575 sponsor.
2269 2539 2371 2571 Festus.

1294 2570 1317 2599 C
1326 2580 1342 2599 0
1351 2581 1371 2599 M
1381 2580 1395 2599 P
1404 2580 1421 2599 R
1430 2580 1449 2598 A
1457 2579 1476 2598 r<
1486 2580 1504 2598 o
1515 2580 1528 2599 iz
1538 2581 1555 2599 o
1567 2592 1575 2605 ,
1596 2573 1653 2600 ete.
1672 2570 1779 2600 Saresb.
1792 2571 1875 2609 Epist.
1888 2576 1952 2608 264.

1294 2609 1316 2637 C
1325 2618 1342 2637 o
1353 2619 1373 2637 M
1382 2618 1421 2637 PR
1429 2617 1449 2636 A
1459 2617 1478 2636 N
1487 2618 1498 2637 s
1507 2618 1524 2637 o
1533 2618 1550 2637 a
1561 2630 1569 2643 ‚
1582 2609 1647 2638 oris.
1668 2617 1706 2638 m.
1728 2610 1907 2645 [romanii]
1929 2611 1986 2647 Qui
1998 2611 2075 2640 simul
2083 2612 2209 2649 prandet.
2222 2613 2279 2643 Cic.
2292 2624 2317 2644 2.
2329 2615 2452 2656 Philipp.

1335 2656 1395 2676 101.
1419 2645 1500 2675 Hunc
1510 2652 1539 2675 tu
1551 2656 1647 2683 agrum
1653 2646 1898 2684 compransoribus
1909 2650 1962 2678 tuis
1974 2651 2000 2679 &
2011 2649 2194 2680 collusoribus
2203 2652 2357 2684 dividebas.

1294 2683 1418 2714 Con-PR
1428 2685 1443 2713 i}
1452 2693 1495 2713 co
1504 2694 1521 2713 a
1531 2706 1539 2719 .,
1562 2683 1708 2721 [elimam]
1729 2686 1777 2714 ari.
1799 2685 1878 2715 Idem
1893 2687 1970 2724 quod
1988 2688 2102 2724 precari.
2124 2688 2188 2718 Ter.
2202 2689 2277 2720 Adel.
2288 2702 2314 2726 4.
2330 2702 2353 2727 ς.
2366 2696 2412 2729 6ς.

1412 2721 1460 2751 Abi
1473 2722 1590 2751 domuin
1600 2744 1608 2757 ,
1630 2732 1663 2751 ac
1671 2722 1739 2751 deos
1748 2733 1927 2761 comprecare
1938 2747 1946 2760 ,
1968 2733 2000 2754 ut
2014 2735 2130 2755 uxorem
2144 2727 2281 2758 accersas:
2303 2729 2356 2760 abi.

1330 2759 1429 2790 Fidem
1439 2759 1578 2789 caelestu-rn
1589 2761 1770 2797 comprecari.
1795 2762 1885 2791 Catul.
1897 2766 1941 2792 62.
1954 2772 2019 2798 191.

1407 2797 1612 2864 ffiaelestumque
1629 2797 1715 2828 fidem
1733 2799 1873 2837 postrema
1892 2808 2056 2839 comprecer
2073 2801 2147 2831 hora.

1348 2845 1412 2865 auxi
1428 2845 1493 2865 ium.

1290 2873 1315 2903 C
1326 2884 1342 2902 o
1354 2885 1374 2902 M
1384 2884 1398 2902 P
1408 2884 1423 2902 R
1435 2883 1476 2902 ac
1485 2877 1502 2902 Ᾰ
1512 2883 1577 2903 Tro
1589 2895 1597 2909 ‚
1617 2874 1688 2904 finis.
1710 2874 1729 2903 f.
1749 2876 1766 2910 [
1775 2873 1856 2912 ἒυχὲ]
1873 2875 1931 2905 Liv.
1946 2885 1989 2912 39.
2007 2886 2050 2912 ις.
2072 2877 2152 2907 Nulli
2166 2888 2288 2916 unquam
2306 2881 2450 2917 concioni,

1326 2912 1454 2948 Quirites
1466 2933 1474 2946 ,
1495 2918 1552 2941 tam
1563 2921 1620 2941 non
1629 2911 1718 2941 solum
1727 2918 1792 2950 apta
1804 2934 1812 2948 ,
1833 2913 1881 2943 sed
1900 2914 1983 2943 etiam
2003 2914 2151 2945 necessaria
2166 2916 2229 2946 -haec
2247 2916 2368 2948 solennis
2383 2919 2450 2948 deo-

1327 2959 1390 2979 rum
1401 2951 1592 2987 comprecatio
1605 2950 1656 2979 fuit
1667 2972 1675 2985 ‚
1692 2960 1753 2988 quae
1763 2960 1812 2981 vos
1822 2951 1987 2981 admoneret
1998 2974 2005 2987 ,
2019 2954 2071 2982 Sec.

1327 2987 1525 3024 Comprecatio
1538 3010 1545 3023 ,
1567 2987 1683 3017 verbum
1693 2997 1751 3017 erat
1761 2988 1908 3019 sacrorum.
1942 2989 2012 3025 Gell.
2025 2990 2074 3020 lib.
2089 3000 2130 3025 η.
2141 3001 2200 3029 cap.
2215 3001 2259 3022 21.
2281 2992 2451 3030 Compreca.

1345 3026 1438 3055 tiones
1449 3025 1565 3055 deorum
1576 3026 1776 3055 immortalium
1788 3048 1796 3062 ,
1818 3037 1878 3063 quae
1890 3029 1943 3057 ritu
1954 3027 2081 3058 Romano
2098 3028 2186 3065 fiunt,
2203 3031 2336 3068 expofitae
2347 3032 2408 3062 sunt
2420 3034 2449 3061 in

1347 3062 1426 3092 libris
1437 3062 1614 3093 sacerdotum
1626 3063 1723 3102 Populi
1737 3063 1855 3094 Romani
1867 3087 1875 3100 ,
1891 3067 1942 3095 &c
1963 3065 2090 3095 Budaeus.

1289 3099 1599 3136 ’00110οἐ0011οω
1620 3101 1674 3131 11νο
1693 3101 1943 3138 COMPRuNno,
1963 3103 2017 3137 di,
2039 3103 2098 3133 surn
2111 3126 2120 3139 ,
2149 3105 2358 3143 [συλλαμβάνω]
2389 3109 2447 3138 ere.

1329 3138 1419 3169 Simul
1431 3148 1539 3177 capere.
1580 3139 1644 3169 Ter.
1658 3140 1725 3169 Eun.
1742 3151 1766 3175 5.
1779 3150 1801 3170 1.
1814 3149 1858 3170 2ο.
1891 3141 2097 3178 Comprehendi
2110 3141 2177 3178 jube
2193 3152 2327 3177 quantum
2345 3148 2446 3183 potest.

1328 3176 1417 3206 Manu
1427 3177 1667 3214 comprehendere
1675 3178 1806 3215 aliquem.
1829 3179 1887 3208 Cic.
1899 3179 1927 3207 in
1938 3179 2014 3208 Orat.
2032 3189 2092 3209 100.
2128 3180 2167 3210 111.
2190 3180 2372 3212 Prehendere.

1327 3213 1767 3253 Emittere&Comprehendere‚
1788 3217 1936 3246 contraria.
1974 3216 2034 3246 Cic.
2047 3226 2073 3246 2.
2092 3217 2123 3246 111
2134 3217 2215 3247 Catil.
2230 3228 2253 3253 3.
2285 3220 2371 3256 Quod
2384 3228 2449 3252 tam

1347 3252 1495 3290 capitalem
1506 3253 1612 3282 hostem
1625 3263 1682 3282 non
1693 3254 1956 3290 comprehenderim
1988 3255 2060 3284 otius
2069 3274 2076 3285 ‚
2098 3265 2179 3291 quam
2188 3257 2333 3288 emiserim.

1327 3289 1574 3328 Comprehendere
1584 3291 1705 3328 aliquem
1714 3291 1744 3320 in
1752 3292 1830 3329 fuga.
1853 3291 1919 3322 Caes.
1931 3303 1956 3328 5.
1967 3264 2037 3322 lien.
2049 3292 2120 3323 Gall.
2130 3302 2192 3332 cap.
2205 3304 2251 3324 21.

1326 3328 1420 3358 Fures.
1439 3328 1543 3358 Catul-l.
1556 3333 1600 3358 60.
1616 3338 1660 3364 35·

1327 3365 1451 3396 Hostem.
1474 3366 1531 3396 Cic.
1542 3377 1568 3396 2.
1584 3367 1613 3395 in
1629 3365 1710 3396 Catil.
1723 3375 1748 3402 3.

1327 3403 1449 3434 Dentem
1460 3404 1572 3442 forceps
1588 3404 1811 3442 comprehendit.
1837 3404 1906 3434 Celss
1920 3405 1969 3435 lib.
1979 3410 2004 3442 ’7.
2017 3414 2078 3444 cap.
2091 3414 2140 3435 12.

1325 3441 1575 3480 Comprehendere
1598 3443 1731 3471 dicuntur
1752 3441 1870 3478 plantae,
1901 3453 1962 3481 quae
1986 3452 2066 3473 terrae
2089 3443 2204 3474 haerent.
2238 3444 2380 3478 'ColumeL
2404 3447 2448 3478 Ita

1345 3481 1422 3517 quod
1434 3479 1572 3517 posueris,
1593 3481 1650 3509 cito
1660 3479 1895 3517 comprehendet.
1931 3481 1995 3513 Sic,
2019 3480 2104 3510 Arbor
2114 3490 2214 3512 terram
2225 3485 2448 3521 comprehende.

1341 3527 1374 3547 re
1384 3518 1494 3547 dicitur.
1535 3517 1646 3555 Ulpian.
1663 3517 1682 3546 l.
1696 3526 1720 3552 3.
1744 3517 1777 3546 D.
1790 3517 1845 3546 arb.
1859 3518 1923 3548 furt.
1935 3519 1994 3548 caes.
2018 3519 2102 3555 Quod
2113 3520 2132 3548 si
2151 3521 2212 3557 quis
2223 3530 2258 3550 ex
2277 3522 2422 3553 seminario
2432 3546 2445 3560 .,

1344 3555 1375 3585 id
1386 3556 1425 3585 est
1433 3555 1550 3592 stirpitus
1561 3555 1687 3584 arborem
1699 3555 1866 3584 transtulerit
1877 3566 1883 3585 :
1906 3565 1969 3585 eam
1979 3557 2103 3594 quamvis
2121 3558 2249 3588 nondum
2260 3562 2447 3598 comprehem

1345 3594 1418 3622 derit
1424 3599 1524 3622 terram
1534 3614 1542 3627 ,
1563 3593 1688 3622 arborem
1698 3599 1792 3621 tamen
1800 3593 1901 3628 videri.

1320 3630 1568 3669 Comprehendam
1582 3630 1657 3659 brevi
1672 3652 1680 3665 ‚
1702 3628 1798 3664 Paucis
1807 3630 1897 3660 verbis
1904 3631 2085 3668 complodar.
2109 3630 2165 3662 Cic.
2178 3643 2201 3663 1.
2216 3634 2251 3663 de
2263 3635 2339 3665 Orat.
2352 3645 2398 3674 34.

1319 3668 1496 3698 Generaliter
1508 3668 1614 3705 aliquid
1626 3668 1872 3704 comprehendere.
1894 3666 2014 3705 Quintil.
2025 3669 2074 3699 lib.
2089 3681 2114 3705 4.
2128 3680 2188 3709 cap.
2203 3682 2227 3701 1.

1319 3705 1570 3743 Comprehendere
1580 3705 1829 3742 numeroaliquid,
1851 3706 2028 3737 Enumerare.
2053 3707 2122 3745 Virg.
2132 3717 2158 3738 2.
2174 3709 2272 3748 Georg.
2287 3720 2351 3747 104.

1321 3743 1479 3773 Numerum
1489 3743 1612 3771 virorum
1623 3744 1835 3780 comprendere.
1857 3740 1939 3777 Ovid.
1956 3754 1980 3778 ς.
1994 3743 2074 3779 Trist.
2088 3755 2130 3774 11.
2142 3755 2186 3781 19.

1322 3781 1531 3820 Comprendere
1545 3780 1649 3816 aliquid
1658 3802 1666 3814 ,
1691 3781 1819 3810 Dicendo
1829 3781 1970 3818 consequi.
1995 3782 2068 3821 Virg.
2081 3787 2107 3812 6.
2119 3781 2181 3814 AEn.
2192 3788 2256 3816 ⁶26.

1411 3818 1478 3853 Non
1486 3817 1557 3846 -inilii
1570 3818 1586 3846 si
1597 3818 1698 3855 linguae
1707 3825 1820 3847 centum
1831 3819 1898 3854 sint,
1920 3823 2024 3857 oraque
2034 3827 2148 3850 centum
2158 3844 2167 3856 ,

1411 3855 1510 3885 Ferrea
1519 3865 1572 3884 vox
1586 3877 1593 3890 ,
1615 3856 1856 3885 omnesscelerurn
1867 3858 2071 3894 comprendere
2084 3857 2188 3890 'formas
2196 3878 2207 3896 3

1412 3893 1517 3922 Omnia
1529 3902 1846 3931 poenarumvpercurrere
1858 3895 1972 3924 nomina
1981 3895 2094 3933 poffem.

1315 3931 1407 3964 Dinis
1417 3931 1620 3969 comprendere
1628 3931 1743 3969 aliquid.
1767 3931 1901 4001 olgi-3311?¹
1904 3954 1910 3961 .
1925 3932 1994 3964 Met.
2014 3936 2076 3965 1⁶0.

1788 3976 1791 3989 ·’
1918 3979 1936 4001 2

2242 2803 2269 2833 h.
2281 2814 2305 2834 e.
2327 2803 2450 2836 Deorum

2343 3970 2384 4006 Vc
2389 3973 2418 4006 ib
2422 3977 2441 4005 is
