2641 4187
517 135 1167 191 INDICULUS
1265 103 1914 203 AUCTORth
1981 156 2073 206 δίε.

107 232 138 266 A.
159 245 203 270 45.
228 237 368 273 Pomponius
381 238 464 266 Mela.
485 235 710 273 cosmographus
726 237 835 266 claruit.
874 236 905 266 In
918 237 1029 268 relic‘tos
1040 240 1099 275 ejus
1114 246 1169 271 tres
1187 242 1273 273 libros

147 273 182 302 de
197 273 247 302 situ
259 275 331 302 orbis
342 275 422 304 Isaac.
447 273 551 302 Vossius
564 274 804 303 Commentarium
815 275 913 303 edidit.

109 310 141 340 A.
162 320 208 345 ⁴9·
229 314 334 337 Curtius
346 312 440 345 Rufus.
461 311 631 346 Historicus,
653 311 701 341 sub
719 312 836 341 Claudio
853 312 923 350 Imp.
940 313 1017 342 fuisse
1038 314 1147 344 dicitur.
1189 316 1229 346 Ex
1243 317 1273 345 li.

145 347 202 377 bris
211 349 271 383 ejus
287 348 386 378 decem
403 348 438 377 de
453 348 547 377 Rebus
569 348 717 377 Alexandri
737 349 776 378 M.
799 350 854 378 duo
871 351 975 387 priores
994 352 1208 383 interciderunt.
1227 354 1272 390 Jo.

146 385 351 415 Freinshemius
363 408 371 420 ‚
393 386 464 415 Sam.
476 385 590 415 Pitiscus
599 387 624 415 &
635 386 682 415 alii
694 387 767 415 notis
779 387 955 417 illustrarunt.

107 422 139 452 A.
161 426 206 452 60.
229 424 326 449 Porcius
338 426 435 456 Latro,
455 424 543 454 vixit,
565 432 649 460 quem
670 425 874 453 commendant
896 426 959 455 Seri.
982 426 1086 461 praefat.
1105 428 1272 458 controvers.

145 459 265 495 Quintil.
280 469 358 490 10.1.
397 460 473 491 Suet.
491 461 594 490 Domit.
610 470 671 499 cap.
687 470 711 497 ι.
734 461 800 490 Plin.
823 472 941 498 prooem.
962 463 1010 493 lib.
1029 475 1070 498 ¹9·
1095 464 1127 493 Et
1147 466 1212 495 huic
1229 467 1275 495 tri-

144 496 241 564 guitigr
264 497 472 528 Declamatioin
482 498 630 528 Catilinam
643 520 651 534 ,
673 508 755 536 quatu
765 499 869 529 Voslius
887 500 959 530 Vibii
973 501 1059 539 Crispi
1074 501 1128 531 esse
1145 510 1224 541 putat
1237 503 1275 533 de

169 535 198 563 it.
234 544 301 564 erm.
320 544 344 570 3.
356 539 382 565 6.

107 572 138 602 A.
158 575 203 600 62.
226 575 261 600 A.
275 571 367 609 Persius
380 576 496 604 Flaccus,
516 572 617 609 Poeta,
638 573 718 604 obiit.
761 573 874 604 Exstant
885 576 945 611 ejus
960 576 1006 605 sex
1024 577 1127 614 Satyrae
1143 586 1207 606 cum
1225 587 1275 607 no-

144 609 180 638 tis
190 607 243 639 Th.
260 609 398 640 Farnabii.

107 647 140 678 A.
162 649 206 682 64.
228 648 396 684 §QAsconius
412 649 549 682 Pedianus,
570 648 791 684 Grammaticus,
815 649 927 680 claruit:
949 651 1059 681 Exstant
1076 653 1135 687 ejus
1157 653 1276 682 Annota-

144 685 238 714 tiones
257 687 286 713 in
305 686 434 722 quasdam
453 686 596 716 Ciceronis
611 687 750 716 orationes
771 697 833 716 cum
856 689 929 717 notis
949 691 1096 719 variorum.
1140 690 1189 719 Alii
1208 700 1275 720 cum

144 723 181 752 ad
196 722 306 759 Augusti
326 730 437 753 aetatem
460 724 603 761 referunt,
637 726 663 754 &
679 725 750 754 duos
770 724 895 760 ejusdem
916 728 1040 756 nominis
1058 727 1275 757 comminiscun-

144 765 198 790 tur.

107 797 137 828 A.
159 801 206 833 64.
227 801 268 826 M.
284 801 487 827 Annausseneca
499 799 621 834 Rhetor,
644 800 830 837 Luciipater,
855 800 934 830 obiit.
954 801 1275 839 Exstantlibriquinque

143 834 236 865 mutili
255 835 505 867 Controverfiarum
523 848 531 873 ;
554 838 692 876 Excerpta
708 847 744 866 ex
761 847 788 866 x.
807 837 883 868 libris
902 839 1176 875 Controverfiarun13
1199 841 1225 869 St
1244 840 1277 869 li·

143 873 194 903 ber
212 873 408 904 Suasoriarum.
447 876 652 905 Annumeratur
664 885 680 904 a
698 875 842 905 nonnullis
858 885 945 906 aureae
964 879 1056 914 zetari,
1086 879 1151 915 quia
1163 877 1212 907 sub
1224 878 1277 907 Au·

144 910 222 949 gusto
231 910 303 949 Imp.
318 912 418 942 florere
435 913 530 951 coepit.

108 948 140 980 Δ.
163 952 208 984 ός.
230 952 258 978 L.
274 953 494 983 Annausseneca,
521 950 724 988 Philosophus,
746 950 835 980 Marci
851 950 924 980 filius
939 973 947 987 ,
967 961 982 981 a
1005 952 1122 982 Nerone
1141 953 1216 992 Imp.
1230 962 1278 982 ex-

145 986 260 1016 stinffitus
270 987 318 1016 est.
358 987 470 1018 Exstant
482 987 547 1018 libri
557 995 612 1018 tres
623 989 658 1017 de
669 988 712 1018 Ira
721 1010 729 1023 ‚
750 988 856 1026 septem
871 989 905 1017 de
917 989 1065 1020 Beneficiis
1076 1013 1084 1026 ,
1106 990 1212 1029 septem
1223 991 1278 1021 Na-

146 1023 282 1054 turalium
298 1026 492 1063 quaestionum,
502 1025 630 1064 Epistolae
647 1035 693 1055 ex
705 1035 722 1055 x
733 1036 743 1055 i
754 1036 782 1055 v.
800 1025 1011 1057 Consolationes
1025 1030 1060 1058 ad
1079 1029 1205 1058 Helviam
1217 1050 1225 1062 ‚
1241 1029 1278 1060 ad

145 1060 315 1100 Polybium,
336 1064 372 1093 ad
392 1063 546 1099 Marciam;
569 1064 637 1093 item
652 1063 715 1092 libri
741 1064 777 1092 de
795 1064 886 1093 Animi
905 1066 1125 1103 tranquillitate,
1147 1067 1184 1096 de
1204 1066 1279 1096 Con-

145 1099 244 1130 stantia
254 1122 262 1136 ,
283 1101 319 1130 de
331 1101 486 1131 Clementia
498 1124 506 1136 ‚
527 1102 563 1131 de
577 1101 715 1131 Brevitate
723 1101 787 1131 vitae
799 1124 807 1137 ‚
829 1102 864 1131 de
877 1102 937 1132 Vita
945 1102 1025 1133 beata
1039 1106 1091 1134 Sec.
1131 1103 1279 1142 Utriusque

145 1138 260 1168 Senecae
278 1148 363 1177 opera
378 1139 470 1175 Justus
491 1139 596 1177 Lipsius
614 1141 641 1170 Sc
659 1139 706 1169 alii
723 1140 798 1169 notis
810 1139 987 1170 illustrarunt.
1029 1142 1114 1172 Alteri
1129 1153 1144 1172 a
1156 1142 1279 1172 nonnul-

145 1176 180 1206 lis
202 1177 285 1206 etiam
303 1176 403 1207 decem
421 1176 579 1214 Tragoediae
598 1181 686 1205 Seneca
702 1178 820 1213 Tragici,
840 1188 924 1215 quem
946 1179 993 1208 alii
1013 1181 1125 1210 tertium
1141 1180 1278 1210 Senecam

145 1214 239 1282 {acere
260 1213 386 1251 malunt,
407 1214 614 1251 adjudicantur.
660 1214 825 1254 Tragoedias
856 1215 918 1246 illas
942 1217 1089 1248 illustravit
1107 1217 1163 1248 Th.
1178 1217 1280 1248 Fama-

166 1261 218 1282 ius.

108 1289 141 1321 A.
162 1293 207 1324 ὅς.
229 1293 268 1317 M.
279 1292 388 1318 Annuus
404 1294 539 1327 Lucanus,
555 1290 659 1326 Petita,
679 1290 765 1320 etiam
780 1300 797 1320 a
818 1290 932 1321 Nerone
945 1291 1052 1323 occisus
1067 1292 1115 1322 est.
1163 1293 1279 1323 Exstant

144 1327 207 1356 libri
219 1327 319 1357 decem
333 1328 549 1363 Pharsaliae'cum
560 1328 635 1358 notis
645 1328 719 1366 Hug.
738 1328 827 1358 Grotii
840 1350 848 1364 ‚
871 1329 997 1360 Farnabii
1021 1331 1207 1369 aliorumque.
1233 1331 1277 1361 Ei-

145 1364 212 1394 dem
221 1364 352 1395 tribuitur
368 1375 482 1396 carmen
500 1367 537 1396 ad
556 1366 741 1404 Calpurnium
757 1366 893 1397 Pisonem.
1271 1381 1280 1387 ·

108 1403 140 1434 A.
155 1405 208 1439 ⁷67.
229 1404 303 1430 Titus
315 1406 444 1432 Petronius
465 1404 570 1432 Arbiter
585 1404 673 1441 obiit,
694 1404 827 1442 nequitiae
839 1414 898 1435 non
922 1406 1014 1436 minus
1028 1416 1112 1444 quam
1130 1407 1277 1445 elegantiae

146 1440 267 1477 arbiter3
290 1441 369 1477 cujus
396 1443 530 1472 mutilum
555 1442 713 1480 Satyricum
741 1442 888 1472 Variorum
914 1444 989 1474 notis
1012 1445 1039 1474 &
1061 1445 1209 1475 novissime
1226 1455 1277 1482 per

144 1478 203 1509 Pet.
217 1477 408 1509 Burmannum
426 1480 591 1510 illustratum
602 1502 610 1516 ,
634 1480 712 1510 sicuti
728 1480 930 1518 Fragmentum
940 1482 1210 1521 ejusTragurianum
1227 1493 1277 1519 per

144 1515 189 1553 Jo.
206 1516 382 1548 Schefferum
407 1519 434 1548 &
454 1518 509 1548 Th.
530 1518 700 1548 Reinelium.
737 1518 882 1556 integrum
898 1519 1013 1549 demum
1028 1530 1064 1550 ex
1083 1521 1184 1551 codice
1200 1521 1276 1550 Albae

146 1554 250 1586 Graecae
267 1562 378 1593 reperto
401 1556 509 1586 editum
524 1566 576 1594 per
595 1556 693 1587 Franc.
713 1556 883 1594 Nodotum;
907 1557 1048 1588 Catalecta
1063 1564 1158 1589 autem
1183 1559 1277 1589 Petro-

146 1591 230 1622 niana
241 1602 291 1630 per
303 1593 456 1632 Josephum
468 1595 650 1633 Scaligerum.

111 1629 144 1661 A.
165 1639 210 1667 77.
243 1634 274 1660 C.
298 1632 394 1660 Plinius
421 1634 544 1660 secundus
573 1634 681 1669 major,
701 1632 828 1662 Historia:
857 1633 990 1664 naturalis
1015 1634 1148 1673 scriptor,
1177 1634 1206 1664 in
1226 1634 1278 1664 Ve-

148 1667 227 1736 {t'uvio
255 1669 348 1707 periit.
399 1670 514 1701 Exstant
543 1670 608 1700 libri
633 1680 757 1701 xxxvi
772 1681 796 1701 1.
826 1671 885 1707 Jac.
907 1672 1104 1712 Dalechampii
1121 1682 1188 1703 cura
1214 1672 1278 1702 illu-

171 1714 230 1736 rati.

109 1744 142 1775 A.
164 1753 209 1781 77.
231 1746 473 1782 asiliusrtalicus,
495 1745 581 1776 Poe‘ta
590 1746 710 1783 claruit3
733 1747 814 1783 cujus
825 1745 1069 1778 suntlibrixvri.
1084 1748 1120 1778 de
1137 1747 1217 1778 Bello
1226 1748 1277 1778 Pu-

149 1783 215 1812 nico
229 1792 256 1812 2.
271 1793 337 1813 cum
348 1784 587 1815 observationibus
604 1785 716 1815 Claudii
728 1784 873 1822 Dausqneii
884 1787 909 1814 ὅτ,
919 1786 982 1815 Chr.
993 1785 1113 1816 Cellarii.

110 1818 142 1850 A.
165 1826 209 1854 78.
231 1824 262 1848 C.
277 1822 387 1849 Valerius
400 1823 496 1849 Flaccus
509 1845 517 1858 ‚
534 1823 618 1853 Poe'ta
630 1845 639 1858 ,
660 1822 880 1852 condiditlibris
890 1825 956 1853 οέὶο
966 1823 1276 1862 Argonautica,Lamp.

147 1857 239 1888 Alardi
249 1858 425 1896 aliorumque
433 1863 639 1890 commentario
648 1860 790 1890 illustrata.

111 1897 143 1926 A.
165 1901 211 1930 80-
237 1897 461 1933 c.quliu.‹solinus
474 1899 503 1927 in
522 1899 692 1937 Polyhistore
707 1898 824 1936 protulit
841 1898 1022 1930 collectanea
1031 1909 1125 1930 rerum
1142 1909 1279 1930 memora-

148 1933 258 1964 bilium.
300 1935 412 1965 Exstant
426 1936 538 1966 Claudii
554 1937 677 1967 Salmasii
693 1937 912 1967 Exercitationes
928 1939 958 1966 in
969 1938 1102 1967 eundem.

112 1971 351 2040 A.1825dDecimus
363 1973 456 2011 Junius
473 1974 608 2012 (Iuvenalis
618 1996 626 2009 ,
652 1975 766 2013 reliquit
777 1976 878 2013 satyras
894 1985 913 2005 x
922 1986 939 2005 v
950 1986 973 2005 1.
992 1986 1008 2006 a
1019 1975 1076 2006 Th.
1087 1976 1108 2006 F
1109 1975 1225 2006 arnabio
1237 1976 1280 2006 di.

162 2019 207 2040 uci
230 2016 297 2041 atas.

111 2047 145 2078 A.
167 2054 212 2082 8²·
236 2053 263 2078 Ρ.
288 2050 406 2085 Papinius
424 2051 537 2087 statius,
557 2050 661 2088 Poeta,
682 2051 711 2081 in
731 2051 816 2089 gratia
830 2051 883 2081 fuit
896 2051 972 2089 apud
991 2051 1183 2082 Domitianum
1204 2051 1279 2089 Imp.

150 2086 254 2116 Extant
275 2087 412 2118 Silvarum
430 2088 493 2117 libri
512 2089 656 2127 quinque,
685 2089 849 2120 Thebaidos
868 2089 1038 2125 duodecim,
1059 2092 1085 2120 &
1110 2090 1281 2119 Achilleidos

149 2124 227 2192 gup,
242 2126 393 2192 {umhnptis
410 2126 554 2157 Variorum
571 2138 621 2166 pet
637 2128 681 2164 Jo.
703 2127 870 2158 Veenhuscn
889 2129 916 2157 &
934 2128 1045 2166 prolixo
1069 2128 1282 2158 Commentario

174 2172 188 2192 a
202 2174 229 2200 p.
267 2171 307 2192 art
329 2174 357 2193 ιι.

117 2199 152 2230 A.
175 2206 220 2236 82.
241 2205 282 2230 M.
298 2202 376 2229 ναίον.
390 2203 522 2230 Martialis
534 2203 634 2233 itidem
651 2203 702 2233 sub
721 2203 885 2233 Domitiano
905 2203 976 2241 Imp.
993 2203 1105 2239 floruit,
1127 2205 1153 2234 &
1170 2204 1284 2241 reliquit

149 2237 387 2276 Epigrammatum
411 2240 518 2276 libros,
539 2250 605 2272 xiv.
628 2243 654 2273 δι
669 2252 757 2272 unum
771 2241 1011 2280 Spectaculorum.
1051 2242 1139 2272 Notas
1159 2242 1282 2272 eruditas

150 2277 263 2306 addidit
279 2276 334 2307 Th.
345 2276 507 2308 Farnabius.

114 2313 145 2344 Δ,
167 2324 213 2350 95.
238 2319 275 2343 Μ.
291 2315 380 2343 Fabius
393 2317 572 2354 Qimilianus
588 2339 597 2353 ,
617 2317 742 2354 Rhetor,
762 2318 850 2348 vitam
870 2317 950 2347 finiit.
1002 2317 1115 2347 Exstant
1133 2317 1197 2348 libri
1213 2328 1282 2348 xrr.

153 2352 337 2383 institutionis
357 2353 502 2385 Oratoriae.
543 2355 686 2385 Tribuunt
702 2356 798 2386 eidem
820 2355 969 2392 Dialogum
983 2355 1020 2385 de
1041 2355 1205 2386 Oratoribus
1226 2356 1282 2386 five

152 2391 199 2458 del
217 2391 304 2422 causis
333 2399 473 2432 corruptae
489 2392 671 2431 eloquentiae;
692 2394 748 2425 Sed
770 2404 876 2425 cxtv.
898 2393 1127 2425 Declamationes
1147 2394 1193 2425 vel
1209 2395 1282 2433 patri

150 2438 187 2460 ve
212 2438 273 2460 avo.

338 2492 361 2531 S
370 2503 389 2529 Ε
399 2505 420 2530 c
431 2505 456 2531 u
465 2506 487 2531 L
497 2505 520 2530 ο
547 2506 560 2531 1
572 2506 596 2531 1.
623 2494 703 2542 post
727 2493 906 2532 Christum
925 2501 1058 2531 natum.

117 2544 149 2576 A.
171 2555 234 2582 ¹04-
254 2550 343 2574 Sextus
353 2547 436 2585 Julius
448 2550 579 2577 Frontinus
596 2548 646 2579 sub
659 2548 782 2586 Traiano
792 2549 865 2587 Imp.
886 2555 1013 2579 mortuus
1028 2549 1074 2578 est.
1114 2548 1227 2579 Exstant
1247 2549 1283 2580 de

153 2583 399 2622 Stratagematibus
419 2589 446 2617 8ι
461 2587 502 2617 Re
520 2586 640 2617 Militari
654 2587 720 2617 libri
738 2594 855 2624 quatuor
868 2608 877 2623 ,
897 2588 934 2616 de
948 2587 1076 2618 Coloniis
1094 2597 1182 2623 unus,
1203 2589 1229 2618 &
1246 2589 1283 2618 de

154 2623 374 2660 Aquaeduc‘tibus
391 2624 490 2655 Romae
509 2625 585 2661 duo,
605 2634 670 2655 cum
693 2627 769 2656 notis
787 2625 858 2655 Rob.
878 2624 1045 2669 Keuchenii.
1088 2625 1133 2655 Est
1162 2627 1188 2656 &
1212 2627 1284 2655 inter

154 2661 311 2698 Scriptores
330 2662 365 2691 de
379 2663 421 2692 Re
436 2664 546 2700 Agraria
562 2673 628 2693 cum
647 2665 726 2691 siculo
738 2665 821 2692 Flacco
837 2685 846 2698 ,
867 2667 966 2700 Aggeno
980 2663 1068 2691 Urbico
1077 2683 1085 2696 ‚
1114 2668 1216 2701 Hygino,
1227 2663 1286 2698 &a

154 2708 236 2767 {qo}
241 2699 419 2743 conjunctim
437 2701 530 2731 edidit
546 2701 620 2732 Wil.
636 2701 744 2732 Goelius
754 2711 819 2732 cum
831 2702 885 2730 suis
902 2703 929 2731 &
950 2700 1014 2730 Nic.
1035 2700 1151 2740 Rigaltii
1167 2703 1241 2732 notis
1257 2703 1285 2732 δε

192 2747 209 2766 o
234 2747 302 2767 ario.

117 2774 150 2805 A.
177 2780 237 2808 108.
258 2775 392 2806 ocornel.
408 2778 531 2813 Tacitus,
552 2776 727 2813 Historicus,
757 2777 814 2808 effe
834 2777 924 2808 desiit.
960 2777 1113 2815 Supersunt
1132 2776 1284 2807 Annalium

156 2811 219 2841 libri
231 2812 276 2842 sex
288 2813 412 2851 priores,
432 2816 459 2844 δι
476 2815 569 2845 mutili
582 2816 616 2846 ab
631 2825 676 2845 xi.
700 2815 786 2852 usque
800 2818 835 2846 ad
847 2826 918 2846 xv1.
941 2815 1009 2845 item
1026 2815 1209 2845 Historiarum
1220 2815 1284 2844 libri
1314 2834 1315 2837 =

157 2851 303 2919 {uipquegc
318 2853 347 2919 81ι
353 2852 419 2895 *Vita
429 2853 580 2891 Agricolae,
601 2855 628 2885 Se
641 2854 802 2885 Germania.
839 2853 1054 2884 Commentariis
1070 2852 1241 2883 illustrarunt
1256 2852 1282 2889 J.

179 2898 186 2917 i
221 2899 262 2918 ius
313 2899 328 2918 a
341 2899 370 2919 ii.

119 2926 150 2956 A.
175 2899 235 2962 rgo.
258 2930 288 2955 C.
299 2929 392 2955 Plinius
403 2929 510 2956 Catilius
524 2929 646 2957 Secundus
661 2929 754 2959 minor
771 2930 825 2960 five
839 2930 953 2966 jiini0t,
974 2928 1088 2965 majoris
1110 2929 1184 2959 illius
1197 2938 1233 2958 ex
1244 2928 1285 2958 so-

151 2974 215 2994 rore
225 2974 313 3003 nepos
327 2987 336 3000 ,
357 2964 459 2996 floruit.
499 2967 612 2997 Exstant
623 2967 807 3006 Epistolarum
824 2968 887 2997 libri
899 2969 998 2997 decem
1015 2969 1042 2997 δι
1054 2966 1236 3005 Panegyricus
1253 2968 1284 2996 in

153 3003 308 3038 Trajanum
318 3003 390 3040 Imp.
411 3004 476 3033 Non
489 3006 570 3042 pauci
583 3015 648 3035 cum
662 3007 738 3035 notis
757 3006 907 3035 emiserunt
919 3028 928 3042 ,
949 3014 1018 3043 quos
1030 3005 1102 3035 inter
1113 3007 1183 3042 Aug.
1194 3005 1285 3035 Buch-

155 3050 239 3115 ffetqls
249 3063 257 3076 ,
276 3040 509 3108 Jssc.sThomaiius
520 3064 528 3078 ,
549 3044 575 3073 &
587 3042 745 3082 Christoph.
763 3044 919 3080 Cellarius;
942 3045 968 3074 ἃ.
979 3052 1045 3073 cum
1060 3044 1199 3073 variorum
1209 3043 1285 3073 notis

173 3089 200 3109 o.
237 3088 289 3108 een
313 3089 330 3109 u
344 3089 390 3110 en.

118 3117 149 3148 A.
174 3125 234 3146 112.
253 3117 337 3144 Attius
354 3117 446 3145 Gauius
457 3137 466 3150 ,
485 3118 647 3157 Philologus
663 3141 671 3154 ,
692 3119 805 3156 floruit3
827 3119 875 3149 sed
887 3120 934 3149 alii
948 3127 1013 3148 eum
1030 3117 1065 3147 ad
1083 3123 1191 3148 aetatem
1210 3117 1283 3156 Imp.

155 3155 294 3185 Antonini
308 3155 347 3185 Pii
365 3155 504 3191 rejiciunt.
546 3157 671 3195 Reliquit
688 3158 823 3188 Noctium
842 3159 992 3188 Atticarum
1008 3155 1093 3185 libros
1109 3156 1223 3194 viginti,
1254 3158 1285 3186 in

156 3192 258 3229 quibus
273 3192 361 3222 multa
379 3199 504 3223 veterum
516 3194 671 3232 fragmenta
684 3197 874 3226 continentur.
915 3194 1105 3231 Ant.Thysius
1122 3192 1216 3230 &Jac.
1235 3193 1285 3224 Oi-

157 3229 242 3260 selius
251 3230 360 3260 seledis
373 3230 508 3269 novisque
521 3232 736 3264 Commentariis
751 3239 896 3264 ornarunt.

120 3268 151 3300 Δ.
176 3278 236 3303 ¹15·
260 3268 432 3306 &deinceps
452 3272 479 3298 L.
494 3273 601 3297 Annius
611 3272 715 3305 Florus,
736 3272 887 3302 Historicus
904 3271 1005 3301 floruit.
1045 3269 1158 3308 Scripsit
1180 3269 1285 3300 Rerum

156 3306 347 3336 Romanarum
359 3306 445 3336 libros
461 3315 578 3344 quatuor
590 3330 599 3344 ,
618 3318 688 3346 quos
697 3309 761 3346 Joh.
772 3310 978 3340 Freinshemius
994 3309 1069 3338 notis
1091 3308 1236 3338 illustravit
1258 3307 1285 3338 &

156 3345 218 3383 post
236 3354 301 3374 eum
319 3344 366 3374 alii
376 3343 479 3382 plures.

120 3382 151 3413 A.
177 3386 238 3413 116.
259 3384 286 3413 ἃ
300 3383 436 3420 deinceps
453 3386 484 3410 C.
497 3384 625 3412 Suetonius
641 3386 818 3422 Tranquillus,
837 3385 989 3415 Historicus
1003 3406 1011 3420 ,
1031 3383 1141 3413 claruit.
1180 3383 1286 3427 Extant

158 3420 228 3450 Vitae
246 3429 311 3450 xii.
333 3420 469 3450 Caesarum
480 3442 488 3455 ,
509 3421 579 3451 liber
590 3422 626 3451 de
639 3422 790 3453 illustribus
803 3423 996 3453 Grammaticis
1014 3423 1041 3452 &
1056 3421 1127 3451 llber
1149 3421 1187 3451 de
1204 3420 1285 3451 claris

158 3457 339 3488 Rhetoribus.
380 3458 486 3488 Prodiit
510 3469 575 3489 cum
603 3459 688 3490 Isaaci
708 3461 865 3491 Casauboni
886 3458 1176 3490 Animadversionibus
1198 3460 1224 3489 ὅ(
1239 3458 1283 3494 ,Ῐο.

157 3496 245 3526 Henr.
272 3495 390 3526 Boecleri
419 3496 661 3528 Differtationibus
675 3498 817 3537 politicis,
835 3508 900 3529 cum
923 3499 1061 3529 variorum
1080 3497 1156 3527 notis
1171 3506 1222 3536 per
1238 3496 1284 3533 Jo.

158 3533 314 3564 Schildium
326 3535 353 3564 ἃ.
363 3533 407 3570 Jo.
421 3534 522 3572 Georg.
535 3535 673 3566 Graevium
684 3559 693 3574 ,
711 3538 764 3567 ἃς.

122 3572 152 3602 A.
176 3576 236 3602 116.
258 3573 285 3602 &
307 3571 378 3608 seqq.
399 3572 493 3599 Coelius
511 3575 613 3609 Apicius
631 3574 681 3604 sub
701 3574 816 3611 Trajani
829 3575 856 3604 &
875 3573 988 3604 Adriani
1009 3572 1167 3611 principatu
1188 3571 1285 3601 confe-

157 3610 222 3639 cifl‘e
237 3615 351 3647 putatur
361 3609 446 3639 libros
457 3611 556 3640 decem
573 3612 609 3641 de
627 3614 691 3643 Arte
702 3613 874 3650 coquinaria.
911 3611 1018 3642 Prodiit
1031 3621 1102 3649 opus
1118 3620 1209 3649 nuper
1219 3619 1286 3640 cum

157 3648 232 3677 notis
241 3648 324 3678 Mart.
334 3646 430 3677 Listeri
440 3649 467 3678 &
479 3648 607 3680 aliorum.

231 3734 307 3774 ΙΙΙ.
333 3734 513 3773 AENEAE
539 3737 769 3777 AETATIS
794 3734 1168 3777 SCRIPTORES.

118 3832 151 3862 A.
175 3840 237 3867 14²·
255 3837 304 3861 aut
318 3833 403 3870 paulo
417 3835 479 3872 post
493 3834 610 3873 Iustinus
630 3834 746 3869 claruit,
767 3834 942 3872 Epitomator
961 3832 1089 3871 Pompeii
1108 3832 1212 3870 Trogi,
1232 3832 1283 3862 Hi-

155 3869 247 3899 storici
266 3869 315 3899 sub
330 3873 449 3909 Augusto
469 3873 613 3909 florentis,
633 3883 669 3902 ex
684 3873 759 3902 illius
777 3872 967 3901 voluminibus
989 3881 1007 3900 x
1018 3881 1034 3899 i.
1045 3882 1054 3900 1
1065 3880 1092 3900 v.
1115 3880 1175 3908 quae
1188 3871 1282 3908 postea

153 3908 299 3946 perierunt
311 3930 317 3942 ‚
342 3911 460 3939 totidem
476 3911 561 3940 libros
571 3911 716 3949 excerpsit.

115 3945 148 3975 A·
173 3949 234 3979 ¹⁶³·
261 3949 288 3972 L·
312 3947 449 3983 Apuleius,
486 3948 674 3978 Madaurensis
701 3947 904 3986 philosophus,
945 3945 1044 3975 claruit
1069 3944 1117 3974 sub
1141 3945 1282 3974 Antonino

153 3982 332 4021 Philosopho.
384 3985 487 4015 Extant
512 3986 775 4024 metamorphoseos
794 3986 849 4015 sive
868 3984 1034 4015 Fabularum
1051 3983 1222 4014 Milesiarum
1245 3983 1282 4013 de

2423 176 2489 226 41

1366 245 1445 274 Asino
1458 257 1539 276 aureo
1563 249 1626 279 libri
1645 261 1687 280 xi.
1706 252 1879 283 floridorum
1902 264 1942 284 iv.
1956 255 2089 293 Apologia
2110 266 2132 285 i.
2149 257 2173 286 δέ
2189 265 2229 285 ir.
2251 256 2286 285 dc
2299 258 2407 294 Magia,
2428 262 2490 292 lihri

1366 283 1401 325 dc
1415 284 1539 319 Mundo,
1563 287 1597 315 ile
1620 288 1677 316 Deo
1698 291 1834 325 Soc-runs,
1856 293 1890 320 de
1909 292 2043 329 Dogmatc
2060 294 2197 327 Plutonis,
2218 296 2268 323 ἃς.
2291 296 2344 324 Sed
2368 298 2435 328 liber
2453 302 2488 329 de

1365 319 1519 351 Virtutibus
1534 324 1681 355 herbarum
1693 327 1794 357 dubius
1805 350 1813 363 ,
1848 330 1873 357 δι
1889 329 1958 358 forte
1972 331 2079 366 Aprilcii
2093 330 2160 359 Celsi
2172 332 2210 360 est
2221 353 2228 365 ,
2250 333 2296 367 qui
2311 333 2362 362 fuit
2380 337 2488 370 siuauiii

1366 363 1502 401 tempore.
1546 361 1632 391 Notas
1653 366 1747 394 nactus
1759 366 1796 394 est
1811 366 1942 402 Apuleius
1960 367 2028 396 Phil.
2050 368 2179 397 Beroaldi
2194 391 2201 404 ‚
2224 369 2295 398 Petri
2313 367 2425 408 Colviis
2437 374 2489 403 Ge.

1365 397 1470 423 veranii
1495 397 1685 429 Elmenhorllii
1699 402 1880 440 aliorumque.

1330 431 1359 458 Α.
1381 436 1446 472 ⁴1530-
1474 437 1570 476 Item-us
1583 458 1589 467 .
1609 437 1797 472 Luigdunensis
1817 441 1966 478 Episcopus
1979 464 1986 475 ,
2009 449 2110 479 martyr
2125 443 2213 472 ilic'tus
2234 444 2263 473 A.
2278 452 2341 473 aor.
2358 445 2490 484 Quinque

1368 467 1452 510 libros
1468 471 1596 511 advcrlus
1613 475 1790 506 Valentinum
1817 478 1911 507 Latine
1925 478 2059 517 scripserit
2077 490 2111 508 an
2128 482 2241 517 Gra-ce,
2267 481 2300 512 lis
2320 483 2366 512 cst.
2404 485 2489 515 lnter.

1368 514 1437 541 preti
1457 516 1517 538 eius
1540 509 1633 539 Latina
1646 515 1732 542 versio
1746 516 1916 544 adso-ibitur.

1355 563 1360 568 .
1384 552 1446 584 .¹95·
1470 546 1509 589 Q>
1523 549 1646 589 ἦρι-(ωιτη
1665 553 1758 578 rlwrcns
1771 555 1935 580 Tertullianus
1953 554 2065 587 floruit,
2088 554 2279 584 Ecclci'iasticae
2291 556 2490 590 Latinitatisar—

1369 580 1458 614 ειη-Ἠ
1481 584 1505 609 ὰ
1527 584 1596 612 obiit
1615 596 1686 613 anno
1705 590 1813 618 circiter
1826 600 1888 625 αις.
1925 591 1990 627 Ejus
2006 601 2090 629 opeia
2107 593 2167 620 sunt
2186 595 2388 630 quamplurima
2402 619 2410 632 ,
2431 598 2492 627 illu-

1367 615 1446 661 strata
1459 628 1477 660 ἰι
1492 618 1576 648 Beato
1597 621 1733 664 Rhenano
1744 648 1751 655 .
1777 628 1871 657 franc.
1887 628 1971 664 junio
1982 652 1990 666 ,
2013 631 2075 660 Nic.
2089 629 2220 668 Rigaltio,
2239 633 2291 661 &1:-
2307 632 2438 665 Poemata
2454 636 2490 665 ad

1367 653 1512 684 Laeciliuiii
1526 658 1695 694 Cyprianuni
1709 665 1872 695 reseruntur.

1543 733 1565 769 S
1576 746 1595 770 E
1608 747 1627 770 c
1640 746 1660 771 u
1673 748 1691 772 L
1706 749 1729 772 0
1762 751 1838 776 iii.
1866 743 1943 787 post
1966 743 2144 781 Christum
2166 752 2298 782 natum.

1332 802 1363 831 A.
1384 808 1447 830 201.
1469 801 1523 838 seq.
1545 805 1655 831 Licinius
1671 809 1799 837 Proculus.
1824 811 1942 846 Pegasus,
1963 814 2096 850 Nerafim,
2119 816 2230 852 Pristus,
2249 815 2388 852 {Iuventius
2401 818 2495 855 Celsus,

1367 837 1621 908 Ξῖξὲἷῖεέῐεζῗῐῐᾞ,
1641 843 1719 878 JCti,
1741 845 1911 883 floruerunt,
1932 860 2050 886 quorum
2070 852 2232 890 Fragmenta
2246 855 2274 882 in
2290 854 2492 891 Digestisjusti.

1332 912 1363 942 A.
1383 923 1447 956 ²..¹0·
1468 917 1596 959 Minucius
1608 918 1676 944 Felix
1686 918 1803 963 claruit,
1825 920 1947 958 Scriptor
1967 923 2130 956 Christianus
2141 927 2249 965 Dialogi
2263 950 2270 962 ,
2282 929 2397 959 nomine
2409 929 2493 961 Osta-

1369 951 1557 1019 zljigilassudsidit
1574 964 1639 984 cum
1660 955 1713 985 suis
1725 957 1751 986 6<
1763 957 1881 987 aliorum
1899 961 1972 990 notis
1987 962 2045 996 Jac.
2059 964 2209 996 Ouzelius:
2231 969 2257 996 ὰ
2275 976 2340 996 cum
2355 967 2410 997 suis
2425 968 2492 999 Chr.

1333 1039 1408 1047 --—
1429 1026 1556 1067 Dionysius
1569 1032 1634 1057 Cato
1652 1030 1708 1060 hoc
1722 1028 1814 1061 seculo
1831 1032 1929 1064 vixisse
1950 1041 2063 1102 §utatur
2074 1059 2082 1072 ,
2103 1039 2183 1074 eique
2197 1041 2355 1070 tribuuntur
2373 1041 2495 1073 Disticha

1371 1063 1647 1134 Cthrassaifinqiqlastuor
1664 1068 1742 1099 libris
1762 1069 1898 1101 distincta.
1979 1080 2039 1102 otas
2059 1075 2163 1111 adjecit
2181 1076 2302 1107 Erasmus
2319 1077 2452 1110 Roterod.
2469 1083 2496 1111 &

1405 1177 1410 1182 ¹
1433 1141 1555 1183 Palladius
1592 1144 1704 1171 Rutilius
1732 1147 1831 1173 Taurus
1857 1145 1910 1175 five
1940 1150 2044 1175 Scaurus
2065 1149 2149 1179 etiam
2181 1152 2253 1181 circa
2279 1152 2337 1182 haec
2366 1161 2496 1193 tempora

1372 1176 1451 1244 {prise
1463 1178 1592 1216 videtur,
1614 1182 1661 1218 qui
1677 1182 1714 1212 de
1749 1183 1792 1213 Re
1813 1183 1923 1213 Rustica
1944 1184 2020 1215 libris
2042 1189 2252 1223 quatuordecim
2275 1192 2347 1220 varia
2371 1193 2496 1230 comple-

1403 1225 1408 1243 l
1425 1225 1465 1244 Ul'-

1333 1266 1409 1273 —--—
1426 1252 1511 1288 qubus
1528 1253 1681 1299 obsequens,
1702 1257 1749 1295 qui
1763 1257 1836 1288 libro
1849 1259 1885 1289 de
1903 1260 2035 1297 Prodigiis
2054 1261 2202 1298 inclaruit,
2222 1263 2275 1292 huc
2290 1265 2359 1295 forte
2377 1268 2497 1298 referen-

1372 1290 1424 1319 dus
1437 1291 1473 1319 ob
1489 1292 1673 1329 praestantiam
1688 1294 1821 1327 sermonis
1836 1319 1845 1331 ,
1865 1298 1957 1327 editus
1969 1308 2034 1327 cum
2047 1299 2119 1328 notis
2133 1299 2177 1335 J0.
2195 1301 2337 1332 Schefferi.

1334 1327 1366 1357 A.
1387 1332 1451 1357 2¹⁶.
1473 1330 1620 1372 QSerenus
1631 1335 1789 1366 Samonion,
1808 1334 1893 1365 Poe'ta
1907 1336 2037 1366 Medicus
2050 1358 2058 1371 ‚
2079 1337 2175 1366 floruit
2196 1338 2244 1367 sub
2268 1340 2327 1369 Ant.
2347 1340 2494 1374 Caracalla.

1373 1365 1516 1396 Habemus
1531 1377 1545 1395 e
1560 1378 1590 1398 us
1612 1378 1725 1399 carmen
1746 1370 1892 1403 heroicum
1906 1374 1942 1403 de
1962 1374 2107 1405 Medicina
2128 1376 2154 1405 &
2175 1373 2318 1406 Remediis
2336 1381 2497 1412 morborum

1373 1413 1439 1434 cum
1461 1412 1520 1434 not.
1560 1406 1603 1435 ob.
1618 1406 1784 1438 Keuchenii.

1334 1441 1365 1471 A.
1387 1451 1450 1486 ².²¹.·
1472 1446 1599 1470 Domitius
1615 1445 1753 1480 Ulpianus,
1771 1445 1874 1483 JCtus,
1895 1448 2002 1478 occisus
2022 1458 2037 1478 a
2052 1449 2199 1481 Caracalla.
2253 1451 2318 1487 Ejus
2337 1459 2368 1482 ut
2384 1455 2410 1484 ἃ
2427 1459 2496 1492 Papi-

1371 1489 1442 1507 mam
1456 1501 1462 1511 ‚
1486 1482 1617 1524 Modfflini
1630 1484 1656 1512 &
1666 1483 1783 1513 aliorum
1795 1485 1919 1522 reliquiae
1931 1487 1958 1515 in
1969 1487 2033 1522 Jure
2045 1488 2125 1517 Civili
2139 1488 2320 1526 reperiuntur.

1332 1517 1364 1547 A.
1387 1526 1450 1553 ²30.
1472 1517 1515 1546 vel
1528 1520 1638 1549 circiter
1655 1523 1817 1550 Terentianus
1833 1528 1960 1561 Maurus,
1984 1525 2203 1562 Grammaticus,
2223 1527 2341 1564 claruit,
2361 1530 2439 1565 cujus
2452 1541 2498 1561 ex-

1373 1555 1423 1585 stat
1437 1555 1557 1585 Carmen
1576 1557 1612 1586 de
1625 1559 1688 1587 Arte
1699 1559 1826 1590 Mettica.

1333 1593 1366 1623 A.
1387 1602 1451 1628 ²5¹-
1473 1594 1635 1630 Cmfim'nus,
1657 1596 1876 1635 Grammaticus,
1897 1599 2007 1630 claruit.
2042 1600 2108 1637 Ejus
2120 1601 2223 1632 librum
2245 1602 2281 1632 de
2299 1602 2350 1633 Die
2369 1604 2450 1634 natali
2468 1606 2499 1636 il.

1371 1630 1495 1660 lustravit
1508 1632 1594 1662 Henr.
1610 1632 1842 1673 Lindenbrogius.

1332 1669 1448 1737 Λέξις.
1470 1672 1635 1698 Novatianus
1652 1693 1662 1708 ,
1699 1671 1841 1711 Presbyter
1867 1674 2011 1706 Romanus
2029 1697 2039 1712 ,
2072 1676 2184 1714 reliquit
2216 1677 2319 1708 librum
2346 1678 2382 1708 de
2411 1679 2489 1712 Trini

1334 1745 1364 1775 A.
1386 1750 1450 1780 258.
1473 1745 1757 1789 (facilius-Cyprianus,
1777 1748 1884 1779 Rhetor
1911 1751 1938 1780 δι
1960 1751 2075 1781 tandem
2089 1750 2241 1790 Episcopus
2259 1752 2500 1794 Carthaginiensis,

1371 1783 1526 1818 occubuit,
1547 1792 1627 1819 cujus
1647 1785 1745 1822 scripta
1760 1787 1823 1817 sunt
1837 1789 1920 1817 varia.

1334 1822 1452 1888 Αιῧεῖςη.
1486 1824 1515 1850 T.
1532 1819 1616 1856 quitus
1640 1823 1808 1861 Calpurnius,
1836 1826 1945 1856 Siculus
1969 1826 2073 1863 Poie'ta,
2106 1827 2195 1863 vixit,
2215 1829 2294 1865 cujus
2317 1836 2393 1859 extat
2414 1831 2500 1862 Buco-

1335 1897 1366 1926 A.
1389 1902 1452 1930 288.
1472 1900 1513 1925 M.
1533 1897 1619 1924 Aurel.
1639 1899 1765 1935 Olympius
1777 1899 1951 1938 Nemesianus,
1970 1901 2054 1932 Posta
2065 1902 2137 1939 fuit,
2158 1905 2185 1933 &
2200 1903 2314 1941 reliquit
2333 1905 2502 1944 Cynegetica

1375 1936 1402 1964 &
1417 1941 1533 1971 quatuor
1547 1934 1671 1972 Eclogas.

1336 1972 1366 2001 A.
1389 1982 1453 2008 293.
1477 1973 1503 2001 &
1524 1971 1578 2008 seq.
1602 1974 1682 2000 AElius
1699 1976 1861 2010 Spartianus,
1886 1975 1931 2012 qul
1952 1978 2125 2013 Capitolinus,
2156 1980 2238 2006 AEli'us
2251 1981 2421 2016 Lampridius,
2443 1984 2500 2011 Vul-

1375 2013 1454 2037 catius
1467 2010 1627 2043 Gallicanus,
1647 2012 1777 2039 Trebellius
1795 2015 1882 2046 Pollio,
1902 2013 1935 2047 ό·
1948 2015 2052 2043 Flavius
2068 2016 2177 2052 Vopiscus
2190 2017 2359 2053 floruerunt,
2380 2021 2501 2058 Scripto-

1375 2057 1418 2077 res
1442 2047 1569 2077 Historiae
1591 2049 1729 2086 Augustae,
1750 2060 1820 2088 quos
1842 2053 2045 2082 commentario
2067 2053 2212 2084 illustravit
2231 2055 2263 2085 Is.
2279 2055 2453 2088 casaubonus
2474 2062 2501 2089 <sc

1376 2085 1478 2115 Claud.
1494 2084 1646 2116 Salmasius.

1338 2123 1368 2154 A.
1389 2133 1453 2160 297·
1476 2124 1602 2151 Arnobim
1617 2125 1701 2161 Afer.
1726 2125 1850 2163 Scriptor
1877 2126 2044 2158 Christianus
2057 2150 2064 2163 ,
2086 2128 2186 2159 florere
2201 2131 2304 2168 coepit,
2333 2133 2359 2161 ἃ
2378 2134 2446 2163 vixit
2461 2135 2502 2163 us-

1378 2171 1431 2198 que
1450 2161 1485 2190 ad
1507 2162 1533 2190 A.
1551 2165 1612 2196 326.
1635 2162 1747 2192 Exstant
1761 2163 1823 2193 libri
1842 2164 1946 2203 septem
1963 2166 2092 2196 adversus
2112 2167 2214 2197 Gentes
2235 2178 2299 2198 cum
2313 2170 2387 2200 notis
2409 2171 2502 2202 Theo-

1376 2199 1438 2229 dori
1457 2199 1589 2236 Canteri,
1611 2200 1684 2230 God.
1697 2201 1863 2238 Stewechii,
1886 2203 1974 2233 Gebh.
1996 2203 2190 2234 Elmenhorstii
2210 2207 2237 2236 ἃ
2255 2205 2317 2236 Des.
2326 2207 2450 2240 Heraldi.

1562 2275 1584 2314 S
1594 2287 1614 2313 E
1625 2289 1645 2314 c
1654 2288 1678 2313 u
1687 2290 1708 2314 L
1720 2290 1742 2314 o
1771 2290 1824 2315 iv.
1851 2279 1931 2327 post
1952 2279 2132 2320 Christum
2152 2289 2286 2320 natum.

1337 2362 1369 2393 A.
1391 2370 1455 2399 301.
1476 2362 1564 2390 Callus
1579 2362 1751 2395 Aurelianus,
1773 2363 1903 2394 Medicus
1924 2365 2032 2396 claruit.
2055 2366 2167 2397 Exstant
2187 2367 2250 2397 libri
2270 2374 2323 2398 tres
2338 2369 2374 2400 de
2392 2369 2502 2402 Morbis

1377 2400 1487 2434 Acutis,
1509 2401 1535 2429 &
1551 2400 1676 2437 quinque
1689 2401 1724 2430 de
1737 2401 1887 2432 Chronicis
1899 2403 1952 2433 sive
1964 2403 2080 2441 Tardis3
2103 2414 2168 2434 cum
2189 2407 2264 2435 notis
2282 2406 2324 2442 Jo.
2339 2407 2421 2438 Conr.
2440 2411 2502 2439 Am-

1376 2439 1488 2468 mani&
1500 2438 1533 2467 T.
1545 2438 1570 2474 J.
1583 2437 1617 2467 ab
1631 2437 1812 2469 Almeloveen
1822 2461 1830 2475 ,
1845 2442 1925 2476 cujus
1942 2442 2023 2471 etiam
2039 2443 2076 2471 est
2089 2442 2210 2472 Lexicon
2230 2444 2389 2475 Caelianum.

1339 2476 1368 2507 A.
1390 2480 1452 2511 30⁶·
1475 2476 1508 2506 Fl.
1520 2478 1653 2511 Eutropius
1664 2496 1672 2506 ‚
1693 2476 1863 2511 Historicus.
1885 2479 1933 2508 sub
1949 2479 2129 2510 Constantino
2145 2480 2187 2511 M.
2207 2481 2278 2511 vixit
2291 2504 2300 2518 ,
2320 2484 2346 2512 &
2359 2483 2458 2514 decem
2469 2484 2503 2513 li-

1380 2513 1437 2543 bris
1447 2513 1592 2543 Historiam
1601 2513 1761 2545 Romanam
1772 2516 1937 2553 complexus
1949 2517 1995 2547 est.

1339 2553 1369 2584 A.
1393 2561 1455 2587 31²-
1476 2551 1610 2579 Rhemnius
1622 2554 1730 2579 Fannius
1743 2574 1752 2589 ,
1773 2553 1857 2583 Poeta
1868 2554 2016 2591 Medicus,
2041 2554 2156 2592 claruit,
2176 2557 2256 2593 cujus
2269 2557 2308 2587 est
2327 2557 2446 2589 Carmen
2465 2559 2502 2589 de

1378 2589 1551 2620 Ponderibus
1569 2590 1595 2623 &
1606 2588 1754 2620 mensuris.

1341 2629 1371 2658 A,
1395 2637 1458 2664 317,
1481 2630 1509 2654 L.
1527 2627 1612 2654 Catius
1632 2629 1795 2658 Lae'iantius.
1814 2628 1969 2659 Firmianus
1981 2652 1989 2666 ,
2001 2630 2113 2660 Tullius
2125 2630 2312 2667 Christianus,
2326 2633 2424 2663 floruit.
2448 2633 2502 2663 Re.

1378 2666 1462 2702 liquit
1483 2674 1546 2694 vri.
1564 2664 1650 2694 libros
1661 2665 1869 2696 Institutionum
1885 2666 2050 2698 Divinarum
2063 2690 2072 2703 ,
2096 2677 2119 2697 1.
2136 2670 2172 2698 de
2190 2670 2232 2700 Ira
2247 2671 2314 2706 Dei,
2335 2672 2362 2701 Sc
2376 2681 2396 2700 i.
2417 2671 2501 2702 deo-

1378 2703 1474 2742 pificio
1486 2702 1553 2738 Dei,
1574 2703 1626 2732 &c.
1648 2703 1730 2733 Notis
1741 2704 1884 2734 illustravit
1905 2707 1965 2735 Ant.
1981 2706 2114 2744 Thysius,
2126 2706 2191 2742 Chr,
2204 2707 2336 2737 Cellarius
2347 2730 2354 2743 ,
2368 2710 2418 2739 Sto.

1342 2742 1376 2772 A.
1400 2751 1462 2776 ³20.
1486 2744 1513 2768 L.
1526 2741 1654 2776 Septimius
1673 2745 1796 2769 Romanus
1811 2742 1911 2780 Dyttin
1929 2743 2089 2773 Cretensem
2110 2744 2147 2774 de
2162 2745 2239 2774 Bello
2260 2745 2380 2782 Trojano
2402 2745 2501 2776 Latine

1380 2778 1489 2809 vertifl'e
1505 2778 1646 2814 creditur3
1669 2785 1699 2808 ut
1716 2780 1743 2809 Sc
1763 2779 1893 2809 Daretem
1918 2780 2063 2819 Phrygium
2088 2781 2124 2811 de
2141 2783 2252 2812 excidio
2274 2783 2381 2819 Trojae‚
2400 2784 2446 2813 etli
2465 2783 2500 2814 C.

1379 2817 1499 2856 Nepotis
1515 2815 1630 2854 epistola
1642 2817 1677 2845 ad
1693 2816 1852 2847 Sallustium
1873 2818 1999 2856 Crispum
2016 2820 2207 2857 praemittatur.

1341 2869 1417 2877 -—
1436 2856 1526 2882 Lucius
1541 2855 1684 2889 ampelius,
1705 2854 1788 2885 Floro
1806 2855 1904 2894 saepius
1922 2857 2071 2893 adjunctus
2082 2879 2089 2892 ‚
2109 2864 2190 2888 autor
2200 2858 2239 2888 est
2252 2857 2313 2887 libri
2330 2859 2503 2889 memorialis

1380 2893 1454 2923 circa
1466 2892 1564 2922 eadem
1576 2898 1712 2929 tempora.

1342 2931 1373 2961 A.
1397 2939 1459 2998 3313.
1481 2930 1565 2957 AElius
1582 2933 1699 2957 Donatus
1717 2931 1833 2967 claruit,
1854 2932 1933 2967 cujus
1952 2931 2058 2962 exstant
2069 2932 2172 2962 scholia
2184 2932 2213 2962 in
2230 2932 2335 2970 Virgilii
2352 2933 2502 2967 AEneidem

1381 2970 1408 2999 δι
1447 2968 1596 2998 erentiuni.

1342 3007 1373 3037 A.
1395 3015 1459 3042 μς.
1480 3012 1528 3035 aut
1545 3003 1629 3042 paulo
1645 3004 1706 3043 post
1721 3007 1927 3043 Commodianus,
1955 3007 2040 3037 Poeta
2055 3007 2222 3037 Christianus
2235 3017 2268 3036 ex
2286 3007 2382 3045 gentili
2402 3008 2502 3044 faetus,

1380 3043 1462 3074 dedit
1483 3043 1682 3109 Igitrut‘tiones
1702 3053 1811 3074 cxxx.
1831 3045 1960 3075 adversus
1984 3046 2115 3075 Gentium
2132 3045 2213 3075 Deos.
2242 3045 2502 3077 Schurtzfleischius

1382 3089 1464 3112 notas
1479 3091 1494 3110 a
1527 3087 1591 3110 ecit.

1343 3120 1375 3150 A.
1397 3129 1461 3157 3²9-
1483 3091 1613 3148 Οζινετΐκα
1626 3119 1762 3155 Aquilinus
1779 3119 1927 3155 quvencus.
1949 3119 2091 3158 Presbyter
2108 3121 2134 3150 ἃ
2152 3119 2233 3149 Poeta
2245 3119 2413 3151 Christianus
2425 3143 2433 3156 ‚
2452 3121 2503 3151 flo-

1380 3159 1455 3192 ruit,
1474 3157 1499 3187 &
1520 3156 1692 3193 Evangelicae
1711 3156 1838 3186 Historiae
1858 3156 1942 3187 libros
1959 3166 2074 3195 quatuor
2091 3156 2219 3193 expressit
2239 3159 2396 3188 carminice.
2445 3159 2504 3189 Nu.

1381 3206 1433 3234 per
1447 3204 1512 3225 cum
1531 3195 1606 3223 notis
1623 3193 1756 3231 Konigii,
1780 3194 1892 3224 Omeifii'
1909 3197 1934 3225 ἃ
1949 3197 2065 3224 aliorum
2085 3196 2172 3224 edidit
2187 3194 2251 3224 Erh.
2266 3194 2383 3225 Reusch.

1343 3233 1374 3263 A.
1399 3242 1464 3270 340.
1484 3232 1567 3268 quli'us
1586 3233 1702 3259 Firmitus
1713 3236 1865 3267 Maternus,
1886 3233 2113 3266 Mathematicus,
2131 3233 2246 3267 claruit,
2271 3234 2316 3270 qui
2332 3234 2503 3264 Christianus

1380 3271 1470 3301 ladkus
1482 3269 1585 3306 scripsit
1599 3269 1634 3298 de
1650 3269 1747 3299 Errore
1770 3270 1891 3307 profanae
1911 3271 2050 3308 religionis
2065 3272 2091 3299 a&
2107 3271 2172 3299 ocio
2185 3270 2270 3300 libros
2288 3271 2503 3302 Astronomicos.

1343 3309 1375 3339 A.
1399 3313 1463 3346 360.
1485 3312 1570 3338 Zeno,
1592 3306 1755 3337 Veronensis
1776 3308 1947 3346 Episcopus,
1968 3308 2091 3337 claruisse
2103 3309 2281 3338 existimatur.
2322 3308 2432 3339 Exstant
2442 3311 2503 3339 Ser-

1383 3356 1482 3376 mones
1499 3355 1545 3375 xc.
1567 3344 1616 3373 sub
1628 3346 1688 3382 ejus
1700 3346 1824 3374 nomine.

1344 3385 1375 3415 A,
1399 3388 1461 3421 368,
1483 3388 1505 3412 s.
1521 3383 1654 3415 Hilarius,
1688 3382 1863 3412 Pictavienlis
1886 3381 2054 3419 Episcopus,
2082 3382 2159 3412 obiit.
2210 3383 2304 3421 Opera
2328 3385 2502 3419 conjunctim

1383 3423 1477 3458 edita,
1508 3430 1543 3450 ex
1563 3420 1662 3458 quibus
1691 3420 1803 3450 Genesis
1833 3420 1885 3449 sive
1909 3419 2226 3455 Hexacmcronflilario
2248 3422 2394 3451 Arelatensi
2412 3423 2502 3452 vindi-

1380 3466 1470 3489 catur.
2432 3480 2437 3486 .

1343 3498 1375 3527 A.
1400 3507 1461 3534 370.
1484 3495 1572 3524 Fabius
1591 3497 1689 3523 Marius
1707 3497 1860 3529 victorinus,
1876 3503 1891 3523 e
1909 3495 2004 3530 gentili
2016 3494 2183 3525 Christianus
2195 3517 2203 3531 ,
2224 3496 2305 3526 obiit.
2342 3497 2501 3527 ExstatCar-

1382 3545 1447 3565 men
1461 3535 1497 3564 de
1511 3534 1618 3571 septem
1634 3533 1760 3562 fratribus
1775 3531 1946 3562 Maccabaeis.

1344 3573 1376 3603 A,
1399 3583 1461 3609 370,
1485 3572 1564 3608 Rufits
1581 3571 1657 3606 Festus
1677 3573 1812 3598 Avienus,
1834 3570 1932 3603 Poe'ta,
1951 3569 2030 3598 vixst.
2071 3570 2163 3600 Exstat
2181 3571 2362 3609 Metaphrafis
2387 3573 2456 3602 Arati
2475 3573 2501 3602 δι

1382 3609 1557 3647 Periegeseos
1586 3608 1708 3644 Dionysii
1731 3607 1933 3641 Alexandrini,
1962 3616 2026 3635 cum
2051 3607 2217 3646 fragmento
2234 3609 2428 3646 descriptionis
2447 3620 2501 3639 orae

1382 3649 1529 3678 maritimae
1540 3668 1548 3681 ‚
1569 3648 1594 3675 61
1608 3645 1714 3675 Fabuiae
1731 3644 1822 3681 JEsopi
1848 3653 1864 3672 x
1875 3655 1938 3673 L11.
1961 3644 2040 3682 elego
2056 3647 2188 3675 carmine.
2229 3646 2310 3676 Forte
2325 3647 2418 3676 eidem
2449 3649 2502 3674 εκεῖ

1384 3685 1443 3720 Rufi
1457 3685 1511 3715 five
1528 3683 1587 3717 Rufi
1601 3683 1658 3718 Festi
1680 3683 1846 3711 Breviarium
1864 3682 2030 3711 Historicum
2053 3684 2240 3713 tribuendum.

1344 3723 1374 3753 A.
1395 3732 1457 3759 ³75-
1478 3723 1658 3760 Qofiavius
1671 3721 1838 3752 Horatianus,
1860 3719 2008 3754 Medicus,
2029 3720 2123 3750 floruit
2143 3721 2313 3758 temporibus
2331 3722 2452 3751 Gratiani
2474 3723 2501 3752 St

1382 3759 1569 3790 Valentiniani
1591 3757 1681 3794 Impp.
1703 3756 1830 3792 Quatuor
1849 3756 1933 3786 libros
1946 3757 2045 3786 Rerum
2062 3760 2232 3788 medicarum
2252 3759 2362 3796 scripsit.

1343 3798 1374 3828 A.
1399 3803 1461 3833 380.
1486 3798 1634 3824 Ammianus
1648 3795 1821 3825 Marcellinus,
1844 3794 2014 3827 Historicus,
2034 3795 2141 3825 claruit.
2184 3796 2221 3825 Ex
2244 3796 2321 3825 libris
2339 3806 2438 3825 xxxi.
2461 3796 2500 3825 sn-

1383 3836 1508 3873 perstites
1532 3832 1663 3870 postremi
1683 3840 1795 3860 xviii.
1816 3842 1829 3860 a
1847 3831 1911 3861 frid
1940 3831 2146 3871 Lindenbrogio
2166 3836 2192 3863 3.-
2211 3834 2331 3863 Henrico
2349 3835 2502 3863 Hadriano-

1382 3883 1435 3909 que
1450 3870 1559 3900 valesiis
1569 3891 1577 3904 ,
1601 3867 1733 3904 ut&Jac.
1747 3869 1892 3899 Gronovio
1904 3869 2038 3899 illustrati.

1342 3911 1371 3941 A.
1394 3914 1455 3944 38⁶·
1480 3909 1582 3936 Flavini
1601 3911 1713 3941 l’aegettus
1728 3910 1837 3936 Renattes
1856 3907 1958 3937 floruit.
1999 3908 2110 3937 Exstant
2121 3907 2182 3936 iibri
2197 3916 2313 3942 quatuor
2328 3908 2361 3936 de
2374 3908 2415 3937 Re
2430 3909 2502 3938 mili.

1378 3949 1430 3977 tari
1446 3957 1510 3976 curn
1526 3945 1733 3974 Commentario
1745 3944 1817 3974 God.
1832 3945 1989 3975 Stewechii.
2031 3946 2105 3974 Alius
2118 3945 2170 3974 effe
2192 3946 2311 3974 creditur
2333 3949 2356 3974 P.
2371 3950 2479 3982 vegetius
2495 3966 2502 3977 2

1378 3986 1459 4021 cujus
1482 3984 1546 4014 sunt
1564 3982 1629 4011 libri
1642 3990 1758 4019 quatuor
1769 3983 1840 4012 Artis
1852 3983 2022 4047 veteririarIae
2039 3984 2085 4013 scu
2099 3983 2335 4012 Mulomedicinae.
2396 4022 2417 4050 A
