2604 4222
186 125 258 161 452
621 108 649 142 C
745 107 773 142 A
868 103 888 138 S

224 194 400 232 improbum.
432 193 542 230 pudens
565 187 775 227 impudentem,
796 186 937 223 perjurum
956 180 1060 214 castus,
1079 178 1213 208 callidum
1228 176 1339 214 imperi-

227 241 269 263 tus
282 255 289 266 .
310 231 430 261 liberalis
441 229 577 259 avidum?
986 257 992 262 ·
1014 254 1021 260 .
1056 254 1061 259 ·

226 271 265 304 Ita
307 269 486 299 Castiffimum
508 266 649 295 hominem
665 262 700 291 ad
718 259 892 299 peccandum
913 255 1031 298 potuisle
1055 252 1207 296 impellere.
1249 252 1338 286 ltem,

247 293 354 345 lnieger
364 304 586 341 castus&gravis.
610 302 642 330 H.
657 301 694 328 St.
739 298 765 326 V.
785 297 915 326 Posterior
930 296 1006 333 locus
1023 291 1092 334 infra
1107 301 1135 318 in
1159 291 1203 318 Vir
1222 290 1319 318 castus.

228 346 346 375 Castusa
356 344 436 373 rebus
446 341 562 370 veneriis
572 340 601 368 sit
611 361 617 373 ,
640 346 708 367 neve
723 336 904 377 teniulef‘itus.
925 330 1061 360 Columcl.
1075 329 1123 358 lib.
1134 338 1160 363 9.
1174 337 1233 365 cap.
1249 337 1291 363 ¹4-

229 384 323 413 Castus
339 382 459 410 moribus
469 401 476 414 ,
499 379 605 414 integer
619 375 732 413 pudore.
755 371 872 402 Martial.
886 370 934 398 lib.
949 373 974 397 6.
986 373 1030 401 28.

229 421 322 451 Castus
336 430 349 448 a
363 419 452 455 culpa.
491 416 575 446 Plaut.
589 414 662 442 Poeii.
678 422 701 446 ς.
713 423 739 445 4,
755 420 795 443 1³·

312 458 348 487 Eo
359 457 450 485 sumus
462 460 548 490 gnata:
558 459 666 488 genere,
688 455 717 478 ut
730 448 827 476 deceat
836 454 886 475 nos
894 443 948 474 esse
966 453 981 472 a
994 441 1077 480 culpa
1085 441 1177 471 castas.

228 496 326 526 Parum
338 495 430 523 custus.
455 492 519 520 l-lor.
536 500 555 517 i.
569 489 657 531 Curm.
672 496 711 514 12.
725 496 768 520 59.

229 533 403 564 Adolescens.
427 529 484 558 Cic.
500 538 522 561 ι.
537 526 653 570 Philipp.
669 534 708 558 ¹5·

230 570 400 602 Adversarius
415 566 500 596 castus
513 566 537 594 δι
550 571 663 599 integer.
688 561 761 589 Auo.
776 558 811 587 ad
824 557 923 587 Heren.
937 565 963 586 2.
1034 593 1039 598 Ι
1178 591 1183 597 1

229 609 343 645 figmen.
379 604 475 635 Claud.
489 612 513 631 2.
527 602 561 629 de
574 600 654 636 Rapt.
669 597 787 633 Proserp.
803 605 864 631 322.
906 595 946 638 De
957 592 1094 624 Matribus
1106 591 1207 636 Elyliis.

229 647 325 675 Amnis
336 643 470 672 bibendus
481 640 583 669 castior.
606 640 671 666 Stat.
682 647 707 670 4.
721 634 784 664 Silv.
798 644 823 669 7.
840 643 880 662 ι2.
918 643 934 662 ι.
949 642 972 661 e.
982 670 986 675 ⁵
997 631 1080 660 Latet<
1092 630 1201 659 Pierius.

228 684 321 712 Amor.
345 680 426 709 Ovid.
444 689 464 706 i.
480 677 559 713 Epist.
575 685 618 711 ²3-
642 672 771 709 intelligit
783 673 910 701 Amorem
923 669 1126 712 conjugalem3

228 721 340 749 Animus
349 718 435 747 castus
448 717 472 744 &
487 723 577 751 puruS.
617 712 673 741 Cic.
692 722 712 739 i.
726 711 761 739 de
775 709 864 739 Divin.
882 719 943 738 121.
976 708 1069 736 Castus
1084 714 1191 735 animus
1203 700 1341 740 purusque

246 757 398 793 vigilantis,
420 755 444 783 ἃ
457 753 490 781 ad
501 751 631 780 astrorum
643 771 651 784 ,
674 750 699 779 &
715 749 750 776 ad
765 748 857 776 avium
868 769 876 783 ,
897 747 1124 783 reliquorumque
1138 742 1293 780 signorum,
1315 741 1341 768 δι

246 795 280 823 ad
292 802 417 822 extorum
428 791 570 819 veritatem
582 788 619 816 est
627 787 753 824 paratior.

227 832 312 861 Ardor
321 829 486 860 castillimus.
507 827 573 856 Stat.
588 836 609 858 ς.
625 824 689 854 Silv.
706 834 727 852 r.
741 832 787 858 41.

417 883 452 886 —
462 864 536 901 quod
548 863 638 899 diligis
652 861 777 891 umbram
787 882 795 894 ,

316 905 350 933 Et
360 903 428 933 colis
443 903 571 938 exequias
581 922 588 934 ,
611 900 656 929 bic
667 900 705 928 est
720 897 880 928 eastiffimus
891 895 980 925 ardor.
1319 928 1326 934 ⁶

226 944 310 973 Aures
330 943 412 971 castas
430 946 511 969 vocat
537 936 634 968 Claud.
658 947 683 967 2.
707 939 736 967 in
761 946 782 966 1.
806 933 886 965 Coris.
907 933 1013 964 Stilicli.
1026 941 1088 970 303.
1119 931 1189 969 Quae
1207 929 1341 960 obscaenis

242 980 411 1009 sermonibus
424 977 615 1007 offenduntur.
983 1009 988 1014 ι

224 1017 339 1047 Concio.
382 1017 430 1046 Cic
450 1025 499 1053 pro
512 1014 542 1044 C.
556 1013 622 1043 Rab.
640 1022 680 1042 11.
709 1011 766 1048 Qui
788 1011 888 1041 castam
908 1017 1093 1041 coneionem‚
1119 1007 1243 1037 sancium
1267 1015 1340 1049 cam-

264 1065 325 1087 um.
348 1054 511 1083 inviolatum
527 1061 628 1089 corpus
643 1051 769 1079 omnium
793 1050 897 1079 civium
915 1047 1124 1081 Romanorum,
1144 1046 1283 1082 integrum
1295 1053 1339 1080 jus

252 1093 375 1122 ibertatis
389 1092 510 1121 defendo
521 1089 620 1119 servari
632 1088 782 1126 oportere?

221 1131 340 1166 Conjux.
364 1131 426 1159 Seri.
442 1130 539 1158 Octav.
551 1138 576 1162 4.

222 1168 338 1206 Corpus.
362 1169 437 1197 Aufr.
449 1167 483 1195 ad
495 1167 595 1195 Heren.
607 1176 631 1200 4.
643 1173 688 1200 24.

222 1206 320 1234 Cruor.
339 1205 421 1234 Ovid.
440 1215 480 1234 12.
496 1204 564 1233 Met.
579 1212 622 1237 ιο.

222 1243 331 1273 Cubile.
353 1243 451 1272 Claud.
463 1252 486 1277 ς.
499 1242 534 1270 de
545 1240 625 1278 Rape.
640 1237 758 1275 Proserp.
773 1238 834 1272 163.
955 1272 961 1278 Α
1028 1272 1035 1278 ·
1067 1273 1073 1278 .
1190 1271 1197 1279 ο
1318 1270 1325 1277 ·

220 1281 336 1311 Domus.
375 1281 433 1310 Cic.
447 1290 495 1317 pro
511 1278 580 1308 Coel.
594 1288 619 1313 9.
644 1277 734 1306 Nemo
749 1275 824 1304 hunc
835 1272 876 1303 M.
890 1272 1011 1302 Coelium
1027 1270 1114 1301 millo
1125 1277 1211 1302 aetatis
1220 1272 1289 1302 flore
1298 1280 1338 1300 vi-

240 1320 282 1348 dit
291 1341 299 1353 ,
321 1317 368 1347 nifi
377 1326 424 1348 aut
435 1327 499 1347 cum
513 1323 589 1354 patre
600 1338 608 1351 ,
629 1322 675 1344 aut
688 1322 798 1343 mecum
809 1334 817 1346 ,
838 1312 924 1341 autin
935 1312 976 1341 M.
990 1310 1073 1340 Crass'i
1085 1310 1227 1340 castissiiiia
1241 1311 1336 1345 domo,

239 1367 325 1393 quum
336 1357 439 1385 artibus
451 1353 642 1384 honestissimis
653 1353 814 1382 erudiretur.

219 1393 327 1424 Domus
341 1395 410 1423 casta
420 1394 504 1422 servat
515 1392 686 1429 pudicitiam.
710 1389 781 1426 virg.
793 1398 819 1417 2.
830 1387 931 1424 Georg.
945 1395 1007 1421 524.

219 1431 343 1462 Donum.
366 1433 424 1461 Cic.
439 1441 463 1460 2.
479 1432 513 1460 de
524 1429 614 1466 Legib.
628 1439 674 1464 45.
696 1426 770 1456 Turn
782 1426 848 1455 ebur
856 1435 891 1455 ex
901 1425 1026 1454 inanimo
1037 1432 1154 1463 corpore
1165 1424 1335 1459 extructum,

239 1470 313 1499 haud
327 1470 388 1499 satis
398 1470 500 1499 castum
516 1469 622 1497 donum
632 1468 695 1495 deo.
784 1501 790 1508 .
1026 1472 1029 1473 ⁷

217 1507 330 1538 Ferrum
341 1529 349 1542 ,
371 1507 464 1537 Culter
474 1505 617 1535 Lucretiae.
639 1503 735 1533 Claud.
749 1512 771 1532 1.
782 1511 812 1531 in
824 1500 937 1540 Eutrop.
950 1503 1015 1538 446.

218 1544 303 1576 Festa.
327 1546 409 1574 Ovid.
425 1556 447 1580 ς.
463 1547 553 1574 Amor.
566 1551 608 1579 13.
624 1551 649 1577 3.

297 1583 374 1613 Casta
386 1582 538 1612 sacerdotes
548 1580 652 1616 Junoni
664 1578 729 1609 festa
739 1577 880 1616 parabant.

216 1620 285 1650 Fide
294 1621 364 1650 cista
380 1621 490 1650 thorum
501 1620 612 1648 servare.
635 1618 699 1647 Seri.
710 1617 792 1646 Herc.
805 1616 857 1646 fur.
871 1625 895 1652 5.

213 1658 313 1690 Fidem
330 1660 427 1688 castam
438 1658 550 1688 servare.
573 1656 620 1686 Sil.
631 1655 678 1684 lib.
693 1664 734 1690 13.
750 1660 813 1690 285.
1291 1684 1293 1687 .

213 1696 341 1728 Flumen.
381 1696 478 1726 Claud.
490 1697 518 1724 in
532 1704 558 1724 2.
578 1693 658 1724 Cons-
669 1692 776 1722 Stilich.
789 1694 852 1721 260.
883 1690 993 1721 Castum
1012 1693 1094 1719 vocat
1111 1692 1227 1728 propter
1246 1687 1333 1727 Nym-

234 1735 314 1772 phas,
334 1744 394 1771 quae
405 1735 520 1763 fluvium
530 1731 666 1762 incolunt.
972 1766 978 1772 θ

213 1771 328 1804 Femina
341 1772 492 1802 castissima.
515 1770 574 1800 Cic.
589 1770 623 1799 de
635 1767 816 1806 Arusp.Resp.
834 1775 880 1804 27.
903 1765 1017 1796 Femina
1034 1770 1137 1800 autem,
1159 1774 1220 1803 quae
1231 1771 1333 1794 matro=

233 1820 330 1839 riarum
341 1809 482 1839 castiisima
494 1808 648 1847 putabatur.
925 1842 930 1847 -
1011 1842 1016 1847 ι
1322 1840 1329 1847 ·

213 1847 300 1880 Frena
312 1848 381 1878 casta
403 1847 536 1882 iuventuti
548 1847 628 1879 dare,
650 1845 668 1874 i.
682 1854 706 1874 e.
729 1842 825 1873 Ludos
837 1841 901 1871 illos
922 1841 1071 1877 juvenibus
1085 1840 1261 1884 concedere,
1283 1849 1331 1877 qui

231 1885 313 1915 bonis
323 1885 445 1915 moribus
456 1887 481 1915 &
492 1884 636 1923 pudicitiae
646 1892 704 1911 non
712 1881 811 1911 obsint.
833 1880 931 1910 Claud.
944 1889 968 1909 2.
984 1878 1065 1909 Cons.
1081 1878 1189 1908 Stilich.
1208 1887 1270 1907 120.
1295 1877 1331 1907 al.

231 1923 326 1953 Cauta.

210 1961 307 1992 Homo
316 1960 484 1991 castissimus.
524 1959 582 1989 Cic.
592 1968 618 1988 2.
629 1957 663 1987 de
672 1957 779 1987 invent.
792 1959 836 1991 ³⁶·
867 1954 1049 1985 Castiffimum
1060 1963 1170 1991 quoque
1183 1953 1330 1984 hominem

181 2006 183 2009 ’
231 2000 266 2028 ad
279 1999 452 2037 peccandum
464 1997 583 2036 potuiss'e
596 1996 747 2034 impellere.
776 1995 802 2023 h.
820 2003 845 2023 e.
867 1992 1134 2023 Innocentissimum.

211 2035 276 2073 Jura
291 2037 360 2067 casta
371 2037 443 2065 thori
454 2036 589 2073 legitimi:
602 2034 687 2064 Ovid.
701 2038 744 2064 1⁶.
756 2031 839 2071 Epist.
849 2037 914 2068 284.

211 2075 336 2111 Juvenis.
358 2075 420 2104 Sen.
435 2073 546 2112 llippol.
565 2082 606 2102 12.

211 2113 325 2142 Laurus.
347 2112 451 2142 Tibull.
468 2112 515 2141 lib.
534 2120 558 2147 3.
569 2121 594 2146 4.
607 2118 652 2146 23.

211 2150 349 2181 Lectulus.
372 2149 461 2180 Catul.
474 2150 502 2178 in
520 2151 616 2186 Argon.
630 2151 674 2177 62.
687 2151 733 2181 88.

210 2189 288 2219 Luci.
313 2190 378 2218 Hor.
397 2198 418 2217 i.
431 2187 519 2217 Carm.
536 2195 577 2216 12.
594 2196 635 2221 59.

210 2225 314 2257 Ludus.
336 2225 432 2255 Claud.
446 2234 470 2260 3.
482 2226 516 2253 de
525 2224 606 2261 Rapt.
618 2221 736 2259 Proserp.
750 2223 814 2250 206.
1162 2256 1169 2263 .
1216 2256 1222 2263 ι

291 2264 402 2294 Mecum
413 2263 522 2292 somnus
532 2269 589 2292 erat
598 2283 606 2296 ,
628 2261 745 2296 castique
756 2269 806 2295 per
815 2256 882 2287 atria
891 2256 960 2286 ludi.
1042 2254 1076 2286 al.
1089 2255 1178 2286 Cauri.
1191 2256 1279 2286 Cic.2.
1292 2255 1327 2286 de

230 2303 321 2340 Arusp.
336 2301 415 2338 Resp.
426 2309 469 2337 27.
492 2300 557 2336 Quo
568 2299 660 2328 minus
671 2297 829 2327 castiflimos
839 2295 921 2325 ludos
933 2294 1012 2324 omni
1027 2294 1132 2331 flagitio
1145 2295 1294 2332 pollueres.

208 2340 321 2370 Manus.
345 2339 428 2369 Ovid.
443 2348 487 2368 20.
505 2338 587 2376 Epist.
604 2347 645 2366 10.
868 2371 874 2376 Ι
920 2371 926 2376 Ι

207 2378 309 2409 Manus
320 2378 398 2412 casta,
420 2377 489 2413 Quae
498 2375 523 2405 se
534 2386 549 2404 a
560 2375 637 2404 furtis
651 2372 789 2411 &rapinis
801 2377 948 2400 continuit.
969 2369 1072 2400 Perott.
1085 2375 1117 2408 83
1125 2380 1149 2406 ς.
1170 2369 1217 2399 sed
1227 2369 1328 2409 absque

207 2426 280 2484 Νῗέῐεὶ
284 2413 596 2489 ἓρ,1οῥ3ἓέεδὲὸηὲιὲεὲ
604 2421 740 2480 A(xilvijdssz.
754 2447 773 2478 F
775 2447 822 2477 ast.
839 2454 900 2484 139.

207 2491 322 2522 Matres.
347 2491 418 2527 Virg.
432 2496 457 2523 8.
471 2489 531 2532 [En.
547 2493 610 2524 ὑός.

208 2530 348 2559 Matrona.
387 2529 418 2557 V.
443 2527 563 2556 Femina.

207 2566 291 2598 Mens
300 2566 369 2596 easta
383 2567 407 2595 ἃ
420 2566 534 2601 integra.
575 2563 632 2592 Cic.
645 2571 696 2600 pro
707 2561 787 2591 Forrt.
799 2568 844 2590 22.
865 2559 928 2590 Hoc
943 2558 1036 2590 vestrae
1047 2563 1155 2589 mentes
1164 2563 1221 2588 tam
1236 2558 1325 2595 castae,

227 2611 283 2633 tam
295 2606 405 2640 integra:
420 2603 467 2631 fibi
478 2600 645 2639 suscipient?

208 2642 345 2673 Minerva.
372 2641 435 2670 Hor.
448 2650 471 2675 3.
492 2640 580 2669 Carm.
595 2648 619 2673 ζ.
632 2646 677 2672 23.

207 2680 311 2711 Mores.
333 2679 429 2709 Claud.
447 2677 528 2706 Laud.
541 2677 634 2705 Scren.
647 2684 691 2710 29.

206 2717 314 2748 Nemus
325 2717 435 2747 castum.
458 2715 547 2744 Tacit.
557 2714 592 2743 de
603 2713 674 2743 iiior.
688 2711 779 2741 Germ.
797 2719 858 2747 cap.
869 2719 915 2746 40.

206 2755 312 2786 Pectus.
337 2756 400 2784 Seu.
420 2752 532 2790 Hippol.
553 2761 579 2781 2.

205 2793 312 2823 Preces.
334 2792 430 2823 Claud.
448 2792 484 2820 de
495 2791 582 2827 Nupt.
595 2788 706 2818 Hom&
719 2787 843 2829 Mar.22.
872 2823 878 2828 ·
940 2822 946 2828 ι
1072 2821 1090 2829 ..

205 2831 327 2861 Praemia.
366 2830 423 2859 Cic.
437 2839 463 2858 2.
480 2829 515 2857 de
530 2828 710 2861 [nvent.1i4.
731 2824 844 2854 Praemia
852 2821 1091 2853 virtutis&officii
1108 2820 1198 2853 sanita
1214 2823 1241 2853 ὅ(
1253 2822 1324 2853 casta

225 2868 278 2898 esse
288 2874 426 2906 oportere.

205 2906 305 2937 Pudor.
328 2906 414 2934 Ovid.
430 2914 452 2934 1.
465 2904 501 2933 de
514 2904 573 2932 ilrte
588 2902 647 2931 Am.
662 2909 723 2930 100.

205 2944 314 2974 Puellae.
338 2943 420 2972 Ovid.
437 2952 462 2971 2.
479 2941 545 2971 Met.
563 2949 627 2976 7¹1·
736 2975 742 2981 .

206 2982 293 3012 Sacris
304 2982 380 3011 castis
393 2980 535 3009 accedere.
557 2978 624 3007 Stat.
640 2986 662 3005 1.
676 2973 764 3019 A'ciiil.
780 2982 843 3009 370.

206 3020 296 3056 signa.
317 3020 334 3048 i.
347 3029 370 3048 e.
394 3019 476 3055 Signa
486 3016 624 3046 castitatis.
647 3013 730 3057 Ovid.
743 3022 767 3049 7.
782 3012 849 3041 Met.
864 3019 926 3048 725.

206 3057 299 3087 Taedis
312 3057 390 3086 cailis
401 3055 513 3085 adolere
529 3054 631 3083 altaria.
655 3052 726 3088 Virg.
740 3060 765 3086 7.
781 3049 839 3079 ΖΕΓ).
853 3057 899 3086 71.

206 3095 346 3133 Tempora
356 3094 537 3123 sacerdotum.
560 3091 681 3134 Ovid.2.
705 3088 772 3118 Fast.
786 3090 832 3117 26.

206 3132 305 3161 Torus.
329 3131 427 3162 Claud.
441 3132 468 3160 in
489 3141 509 3160 i.
528 3127 606 3159 Coris.
619 3127 726 3171 Stilich.
741 3135 785 3162 33.

207 3170 318 3200 Turtur.
343 3172 441 3199 Auctor
450 3167 578 3198 carminis
587 3167 622 3196 de
636 3164 796 3195 Philomela.
1236 3178 1259 3197 ,ὑ

207 3207 299 3237 Venus
308 3217 364 3236 non
375 3207 453 3236 casta.
475 3207 537 3236 Seri.
551 3203 666 3243 Hippol.
678 3212 703 3232 2.

207 3244 340 3274 Vei-benis
351 3245 429 3274 castis
442 3245 532 3273 vincta
543 3253 594 3272 ara.
619 3242 685 3271 Hor.
697 3250 723 3276 4.
739 3239 829 3269 Carm.
843 3247 886 3268 ιι.
898 3239 925 3267 6.

208 3281 305 3312 Vestes.
330 3282 412 3312 Ovid.
428 3292 449 3310 1.
463 3283 499 3311 de
513 3282 590 3311 Pont.
608 3290 629 3309 i.
644 3285 670 3313 8.
1022 3311 1028 3318 ·

301 3320 355 3354 Ite,
377 3320 538 3357 patetcastis
552 3318 670 3348 vestibus
682 3315 728 3345 ille
739 3314 828 3344 locus.
910 3312 946 3342 al.
961 3312 1063 3341 rectius
1083 3310 1218 3341 Versibus.

210 3356 401 3394 Virinteger&
413 3357 500 3386 castus
512 3358 537 3387 ἃ
549 3356 645 3393 gravis.
686 3353 742 3383 Cic.
758 3363 799 3382 ii.
811 3352 864 3381 Att.
876 3353 902 3380 ⁶.
926 3351 990 3380 Non
1008 3349 1116 3387 possum
1135 3351 1194 3384 ejus
1213 3348 1321 3393 causam

228 3403 284 3422 non
298 3395 407 3424 dolere:
430 3395 571 3424 hominem
585 3394 660 3422 enim
671 3393 808 3428 integrum
819 3391 844 3419 &
856 3389 959 3418 castum
973 3389 998 3417 δι
1012 3397 1122 3430 ¹gravem
1133 3397 1260 3430 cognovi.

208 3430 278 3459 Vita.
320 3432 375 3461 Cic.
393 3442 441 3469 pro
453 3432 531 3462 Rosc.
549 3432 628 3461 Com.
645 3440 686 3467 ¹7-
709 3429 859 3459 Refervens
871 3426 967 3456 falsum
980 3435 1095 3468 crim-en,
1114 3425 1142 3468 in
1152 3425 1321 3462 purissiinam

228 3469 252 3498 ἃ
264 3469 432 3498 Ciistlllim'dm
443 3471 525 3499 vitam
540 3468 672 3499 collatum
684 3490 692 3504 ‚
713 3467 802 3496 statim
816 3465 942 3495 concidit
961 3465 987 3493 ἅ
997 3463 1189 3500 extinguitur?

209 3505 315 3534 Vultus.
337 3507 418 3535 Ovid.
430 3518 454 3542 4.
474 3508 541 3536 Met.
556 3512 619 3543 798.

210 3542 318 3572 Castum
332 3544 526 3581 &integellum
539 3544 641 3581 aliquid
653 3548 792 3580 expetere.
813 3538 914 3570 Catull.
930 3541 971 3568 16.
986 3548 1011 3574 4.
1069 3575 1076 3582 ·
1251 3575 1257 3582 ·

207 3580 320 3610 Servare
331 3580 355 3609 se
366 3582 535 3619 &integrum
548 3581 692 3611 &castum
734 3580 792 3609 Cic.
807 3588 830 3608 1.
851 3576 933 3607 Tusc.
944 3585 988 3613 72.
1019 3575 1078 3612 Qui
1094 3580 1188 3606 autem
1206 3575 1234 3605 se
1250 3580 1319 3605 inte-

230 3627 292 3654 gros
303 3618 442 3655 castosque
451 3619 637 3653 servavissent,
659 3617 824 3655 quibusque,
845 3617 899 3645 διε.

210 3654 303 3684 Castus
316 3676 324 3689 ,
346 3655 493 3691 Religiosus
505 3679 511 3690 ,
534 3658 602 3694 pius.
627 3656 696 3693 Virg.
707 3660 732 3684 6.
747 3655 806 3685 ffin.
818 3658 881 3683 661.
1094 3688 1100 3694 ι
1186 3687 1192 3694 .

288 3692 398 3728 Quique
408 3693 559 3723 sacerdotes
571 3695 651 3728 casti,
673 3695 739 3722 dum
759 3693 815 3721 vita
832 3695 965 3720 maneret.
1047 3688 1101 3718 Ubi
1117 3687 1243 3731 Servius,
1268 3687 1319 3731 Ca-

228 3729 259 3758 sti
270 3730 336 3758 dum
348 3730 402 3758 vita
411 3738 547 3764 maneret,
568 3733 585 3760 i.
599 3741 621 3760 e.
645 3731 701 3768 Qui
712 3731 823 3759 fuerunt
833 3728 907 3762 casti,
922 3728 990 3756 dum
1002 3727 1029 3755 in
1042 3735 1241 3756 communione
1256 3733 1318 3754 vitae

224 3766 399 3796 versarentur.
441 3768 510 3796 Nam
526 3768 553 3796 hi
564 3770 608 3805 qui
620 3768 691 3798 sacra
703 3769 823 3797 maxima
832 3765 1008 3803 accipiebant
1019 3787 1027 3799 ,
1048 3765 1247 3793 renuntiabant
1257 3773 1317 3806 oni-

224 3804 307 3833 nibus
318 3804 415 3837 rebus,
437 3814 488 3832 nec
509 3805 563 3833 ulla
585 3807 612 3834 in
632 3806 673 3835 his
691 3806 739 3834 nisi
762 3806 908 3834 numinum
924 3813 988 3832 cura
1007 3802 1177 3831 remanebat.
1219 3801 1319 3831 Herbis

224 3842 308 3871 etiam
318 3841 477 3877 quibusdam
493 3843 742 3872 emasculabantur:
765 3843 841 3871 unde
852 3843 907 3878 jam
919 3841 993 3871 coire
1012 3851 1070 3870 riori
1081 3845 1220 3878 poterant.
1261 3839 1317 3869 Ha-

203 3882 206 3890 ¹
225 3881 322 3909 &enus
334 3879 449 3906 servius.
472 3878 546 3906 Idem
562 3879 630 3915 virg.
646 3889 668 3915 3.
683 3881 742 3909 ffin.
755 3890 818 3914 409·

286 3916 344 3945 Hac
353 3915 417 3945 casti
427 3924 557 3946 maneant
563 3917 592 3945 in
600 3917 743 3955 relligione
753 3923 879 3954 nepotes.

1871 89 2149 142 CA>T

1433 170 1533 204 Sacer,
1555 168 1714 205 religiosus,
1735 168 1831 198 castus.
1872 169 1974 206 Varro,
1995 170 2065 209 Ergo
2084 178 2145 201 tum
2166 171 2263 203 sacrre.
2286 171 2418 210 reiigiofae
2430 194 2439 208 ,
2458 174 2545 203 castar-
2590 179 2592 212 ξ

1452 218 1503 245 que
1515 208 1626 236 suerunt
1639 216 1679 235 res
1692 217 1737 235 om
1753 217 1796 236 ies.
1821 207 1938 237 Nonius.

1433 246 1541 279 Castus,
1564 245 1676 278 Suavis,
1697 245 1844 279 jucundus.
1890 246 1968 275 Varro
1985 246 2155 276 Parmenone
2167 269 2175 283 ,
2198 247 2325 276 Deniitrie
2347 257 2421 277 acris
2438 249 2544 285 pectore
2589 267 2591 275 i

1452 284 1541 312 lucius
1552 303 1558 314 ,
1580 290 1677 315 cantu,
1700 282 1825 318 castaque
1837 284 1918 318 poesi.
1951 284 2067 313 Nonius.
2589 285 2591 293 '

1396 321 1417 351 C
1427 331 1465 350 As
1476 331 1521 349 Tu
1534 333 1568 354 m,
1590 321 1607 348 i.
1631 330 1656 347 n.
1678 321 1762 348 etiam
1775 319 1818 348 vel
1829 320 1851 348 C
1861 330 1878 348 A
1888 330 1926 350 si·
1937 332 1953 349 u
1965 332 1976 350 s
1988 344 1995 356 ,
2018 322 2057 351 sis.
2081 331 2117 350 m.
2141 322 2285 350 dicebatur
2305 321 2351 350 ille
2375 321 2453 351 Ritus
2463 343 2471 356 ,
2491 332 2544 360 quo
2588 332 2589 355 i

1432 361 1461 387 in
1475 359 1551 386 sacris
1565 356 1767 391 isidis,Cereris,
1780 357 1926 387 veliti-..tiis
1940 359 2038 393 Deum,
2054 369 2067 387 a
2082 359 2163 388 certis
2177 360 2244 388 cibis
2256 359 2397 389 &Veneris
2410 359 2455 388 usu
2467 360 2490 388 se
2502 363 2548 391 ab.

1432 397 1519 426 stineb
1539 402 1576 423 nt.
1620 395 1702 437 Varro
1711 395 1784 431 apud
1797 395 1920 425 Nonium
1935 409 1960 431 4·
1973 403 2017 433 87.
2040 397 2073 426 Et
2083 397 2232 434 religiones
2244 399 2270 428 ἅ
2282 398 2369 427 castus
2377 397 2407 426 id
2416 397 2545 437 poffurit,
2599 405 2604 419 ‘-

1432 444 1464 464 ut
1478 443 1512 462 ex
1527 432 1652 471 periculo
1665 434 1785 469 eripiant
1795 442 1855 462 nos.

1432 473 1542 501 Giaeciis
1554 472 1647 500 castus.
1676 471 1751 498 ldeni
1765 472 1840 507 apud
1852 471 1974 500 Nonium
1988 480 2010 507 3.
2025 482 2070 507 45.

1431 508 1608 546 Multiplices
1621 508 1708 537 castus
1720 510 1744 537 ok
1756 509 1929 538 caerimoniae.
1952 509 2022 539 Gell.
2037 519 2078 538 10.
2096 519 2138 545 ις.

1430 546 1543 575 Placent
1553 547 1622 575 casta
1634 544 1745 583 superis.
1767 545 1860 575 Tibul.
1874 557 1898 576 2.
1914 557 1936 575 1.
1952 557 1993 581 13-
2024 547 2055 582 V.
2077 547 2115 576 ibi
2130 547 2249 584 interpr.
2584 580 2586 587 ,

1431 584 1489 614 Effe
1502 586 1528 612 in
1541 584 1620 612 Casto
1631 584 1737 612 Cereris
1748 605 1755 618 ,
1776 585 1792 612 i.
1805 594 1829 613 e.
1852 585 1943 614 Cereri
1951 585 2066 623 operari.
2089 585 2156 615 Fest.
2173 585 2201 613 in
2211 584 2294 614 verbo
2306 584 2451 615 Minuitur.
2471 586 2543 620 conf.
2561 612 2564 619 .
2584 590 2586 619 l
2601 588 2604 620 ξ

1450 622 1569 652 Tertull.
1588 622 1648 650 adv.
1663 621 1754 658 Psycli.
1767 631 1827 659 cap.
1844 627 1884 652 16.
2584 626 2604 657 l'

1393 660 1415 690 C
1426 671 1444 688 A
1454 670 1465 689 s
1479 670 1510 688 ri
1523 670 1540 687 ⁷1·
1552 663 1567 688 ῦ
1579 670 1595 686 o
1607 669 1623 687 o
1635 681 1643 692 ,
1666 660 1730 688 inis.
1752 659 1770 688 f.
1793 660 1939 696 [ὠμότης]
1959 659 2038 689 Idem
2053 659 2174 688 similiter
2191 659 2267 696 quod
2284 659 2405 689 Castitas.
2429 660 2544 700 Accius,

1430 698 1470 727 ibi
1481 698 1520 726 fas
1531 719 1538 730 ,
1565 696 1602 725 ibi
1614 698 1745 726 cundiam
1756 698 1897 735 antiquam
1908 698 2110 727 castitudinem.
2135 698 2250 727 Nonius.
2582 721 2586 726 .

1393 735 1414 765 C
1424 746 1442 764 A
1453 745 1465 765 s
1476 746 1494 764 'r
1504 738 1541 763 ir
1550 745 1569 763 A
1580 744 1607 769 s,
1629 735 1688 763 atis.
1709 735 1727 763 f.
1749 736 1889 771 [syndus-5,
1906 733 2063 770 σωφροσύνη]
2086 735 2209 764 Perottus
2218 757 2224 768 ,
2247 734 2358 764 Castitas
2371 736 2395 764 ἃ
2408 736 2543 772 pudicitia
2592 736 2604 774 ,ἱ

1429 774 1504 811 piria
1517 778 1663 810 putantur:
1686 782 1770 809 quum
1781 773 1812 801 sit
1823 774 1959 811 pudicitia
1970 773 2003 802 ab
2016 773 2117 809 injuria
2134 774 2256 811 turpium
2274 774 2424 802 libidinum
2442 773 2541 805 libera:
2585 799 2587 806 .

1430 811 1542 840 Castitas
1557 813 1582 839 ἃ
1593 811 1626 838 ab
1638 810 1679 839 liis
1691 811 1838 840 continens
1851 813 1875 842 ἂ
1888 819 1994 840 remota
2006 820 2013 840 ε
2036 817 2168 849 praeterea
2181 812 2206 841 δι
2223 810 2348 848 religiosa
2366 812 2504 842 munditia
2518 813 2545 844 ἃ
2586 811 2587 815 ’

1431 849 1542 886 puritas.
1568 848 1624 876 Cic.
1639 858 1662 876 2.
1677 849 1710 876 de
1723 847 1814 885 Legib.
1829 859 1872 883 29.
2599 857 2601 867 ¹

1429 887 1560 916 Metuens
1570 885 1678 914 alterius
1690 886 1739 914 viri
1748 895 1824 915 certo
1834 887 1939 916 foedere
1955 886 2068 916 castitas.
2091 886 2158 915 Hor.
2173 895 2196 920 ι.
2213 885 2303 915 Carm.
2319 895 2363 922 24.
2375 895 2420 916 22.
2582 919 2584 921 ,

1391 924 1414 954 C
1426 934 1443 953 A
1453 934 1493 953 ST
1504 935 1512 952 ι
1524 936 1542 951 Μ
1552 934 1568 952 o
1579 933 1596 951 Ν
1608 934 1616 951 ι
1627 934 1645 952 A
1657 945 1665 958 ,
1687 933 1717 952 ae.
1740 924 1758 953 f.
1781 925 1927 961 [a'cyibwr]
1951 924 2026 953 ldem
2045 925 2120 961 quod
2133 924 2255 954 Castitas.
2277 924 2335 954 Cic.
2349 928 2375 954 6.
2396 925 2469 954 Vetr.
2482 930 2540 956 102.
2583 929 2585 935 ⁴

1433 962 1480 991 Per
1491 961 1626 990 summam
1638 961 1826 991 castimoniam
1838 964 1961 991 virorum
1972 970 2054 999 atque
2066 962 2224 991 mulierum.

1430 999 1598 1029 Castinionia
1612 999 1710 1028 deceni
1723 1000 1840 1029 dierum.
1862 1000 1917 1029 Liv.
1933 1010 1973 1035 39.
1988 1010 2013 1036 9.
2550 1024 2553 1026 .
2591 1035 2593 1037 ¹

1426 1037 1589 1075 Superstitio
1605 1037 1837 1067 castimoniarum.
1878 1038 1945 1067 Plin.
1958 1038 2005 1067 lib.
2020 1046 2062 1073 31.
2078 1047 2138 1075 cap.
2152 1043 2177 1072 8.
2200 1036 2280 1066 Aliud
2297 1047 2362 1067 vero
2373 1037 2409 1067 ad
2423 1037 2544 1068 castimo..
2590 1059 2593 1063 ›

1446 1078 1554 1104 niarum
1566 1075 1803 1112 superstitionem,
1825 1076 1909 1105 etiam
1923 1075 2003 1105 sacris
2017 1075 2120 1111 Judaeis
2131 1075 2272 1105 dicatum:
2294 1077 2370 1113 quod
2381 1076 2412 1105 fit
2433 1085 2449 1105 e
2465 1076 2542 1114 pisci.

1449 1113 1499 1143 bus
1510 1112 1619 1150 squama
1630 1113 1795 1143 carentibus.
2556 1114 2563 1120 “

1387 1151 1410 1182 C
1419 1161 1456 1181 As
1468 1162 1487 1180 rr
1498 1162 1506 1180 i
1517 1163 1537 1180 M
1548 1162 1565 1180 o
1574 1161 1592 1179 N
1603 1162 1611 1179 ι
1623 1161 1680 1186 um,
1694 1152 1712 1180 i.
1731 1161 1758 1180 n.
1781 1151 1867 1181 ldem.
1880 1151 1939 1181 Vet.
1952 1150 2036 1180 Gloss.
2048 1150 2114 1180 L.G.
2127 1150 2345 1180 Castimonium:
2362 1151 2458 1187 ἁγνεία.
2474 1150 2542 1184 Item

1426 1190 1522 1219 Graeco
1540 1189 1567 1218 L.
1582 1189 1675 1225 dyvfl'oc,
1698 1189 1810 1218 Castitas
1822 1212 1829 1224 ,
1853 1189 2054 1218 castimoniam.
2091 1187 2171 1218 Idem
2187 1190 2270 1218 etiam
2292 1189 2331 1218 est
2344 1189 2419 1226 quod
2432 1188 2552 1227 Castusgv
2584 1217 2590 1228 ,,

1425 1227 1452 1256 h.
1467 1237 1490 1256 e.
1515 1227 1640 1264 Purgatio
1650 1228 1676 1256 &
1686 1228 1808 1264 expiatio
1819 1228 1946 1265 quaedam
1957 1248 1965 1262 ,
1989 1237 2053 1257 cum
2065 1237 2114 1264 per
2125 1234 2215 1256 certos
2226 1227 2285 1256 dies
2296 1236 2311 1256 a
2323 1227 2428 1256 Venere
2447 1228 2474 1257 δι
2487 1227 2544 1261 aiii,
2579 1231 2586 1267 ς

1424 1266 1506 1294 matis
1519 1265 1588 1294 cibis
1600 1264 1625 1294 se
1636 1266 1818 1295 abstinebant.
1857 1265 1888 1294 V.
1912 1264 1989 1302 Apul.
2003 1275 2013 1293 ι
2023 1275 2044 1294 1.
2058 1264 2148 1294 Miles.
2163 1275 2190 1302 p.
2203 1274 2265 1302 27²·
2578 1275 2579 1300 j

1387 1303 1409 1332 C
1421 1313 1458 1332 As
1468 1313 1486 1331 >r
1497 1314 1504 1331 ι
1515 1315 1534 1331 M
1543 1314 1559 1331 o
1570 1312 1588 1330 N
1601 1313 1609 1331 1
1622 1312 1639 1331 A
1650 1313 1704 1332 Lis
1715 1325 1723 1337 ,
1748 1313 1771 1332 e.
1795 1310 1825 1332 ut
1836 1325 1844 1338 ,
1865 1303 2018 1340 Liquamen
2030 1302 2227 1333 castimoniale.
2250 1301 2351 1332 Pallad.
2373 1302 2451 1332 Febr.
2464 1308 2483 1332 t.
2494 1312 2543 1340 25⁶1
2581 1319 2585 1329 ·-

1386 1341 1408 1370 C
1419 1351 1435 1369 A
1447 1351 1458 1369 s
1468 1351 1486 1369 ι·
1497 1352 1505 1369 i
1516 1343 1571 1369 ric
1582 1351 1597 1369 o
1607 1350 1618 1369 s
1629 1363 1636 1375 ,
1658 1350 1688 1375 a,
1711 1351 1766 1370 um.
1789 1341 1874 1377 Quod
1887 1341 1991 1371 castum
1999 1341 2074 1371 facit.
2100 1341 2160 1375 Adj.
2184 1347 2224 1375 ut,
2246 1340 2329 1370 Mens
2343 1340 2467 1371 castifica.
2476 1341 2539 1373 Seu·
2583 1348 2593 1382 j

1426 1378 1542 1416 Hippol.
1560 1384 1620 1411 ¹⁶8-
1646 1378 1761 1416 Expelle
1773 1379 1878 1408 facinus
1888 1387 1983 1408 mente
1991 1379 2107 1408 castifica
2117 1379 2271 1408 horridum.
2578 1384 2583 1413 ,ξ

1386 1416 1408 1446 C
1417 1426 1434 1445 A
1443 1426 1454 1446 s
1464 1427 1482 1444 τ
1492 1427 1500 1444 1
1512 1427 1541 1444 ιη
1553 1425 1611 1451 co,
1634 1420 1688 1445 are.
1711 1424 1741 1445 ut
1750 1439 1758 1451 ,
1780 1417 1872 1446 Corda
1882 1418 1970 1446 nostra
1980 1416 2169 1446 castificemus.
2193 1417 2316 1446 Ambrofi
2329 1416 2415 1447 Serm.
2430 1427 2472 1453 ¹4·
2492 1417 2539 1448 Le.
2581 1418 2583 1424 ’

1424 1455 1580 1491 Purgemus.
1620 1454 1802 1492 Semetipsum
1815 1455 1968 1484 castificare.
1991 1454 2109 1484 Tertull.
2124 1455 2159 1484 de
2170 1454 2264 1484 Pudic.
2283 1465 2346 1492 cap.
2361 1465 2401 1490 19.
2575 1462 2595 1489 1,.

1384 1493 1406 1522 C
1417 1503 1434 1521 A
1444 1502 1456 1521 s
1466 1502 1484 1520 ‘r
1494 1502 1507 1520 E
1518 1512 1526 1527 ‚
1549 1491 1616 1521 Adv.
1638 1493 1765 1528 [ἁγνᾶς]
1787 1493 1889 1522 Pudice
1899 1515 1906 1527 ,
1930 1493 2051 1522 honeste.
2094 1492 2152 1522 Cic.
2167 1502 2190 1522 x.
2202 1493 2237 1522 de
2251 1493 2311 1522 Nat.
2325 1493 2405 1522 Deor.
2418 1501 2442 1529 3.
2472 1492 2539 1524 Haeoe

1419 1532 1495 1560 enim
1507 1530 1600 1558 omnia
1610 1539 1678 1566 pure
1687 1536 1768 1567 atque
1777 1531 1847 1559 caste
1863 1531 2010 1560 tribuenda
2021 1532 2137 1560 deorum
2150 1531 2260 1560 numini
2273 1529 2310 1560 ita
2320 1530 2391 1560 sunt.
2573 1560 2575 1571 Α

1420 1568 1496 1598 Caste
1507 1568 1647 1604 &integre
1657 1568 1755 1597 vivere.
1800 1569 1857 1597 Cic.
1866 1580 1891 1604 4.
1904 1569 1939 1597 de
1950 1568 1969 1598 F
1971 1569 2008 1597 in.
2030 1568 2126 1598 Nihilo
2141 1568 2294 1598 miseriores
2306 1567 2359 1598 effe
2370 1590 2379 1604 ‚
2401 1576 2482 1605 quam
2491 1575 2538 1600 em
2574 1570 2584 1590 =¹

1440 1606 1485 1672 qpsi
1499 1615 1584 1643 quum
1594 1605 1664 1671 paste
1676 1606 1814 1671 {tintegre
1823 1607 1966 1642 viverent,
1989 1608 2117 1635 nondum
2127 1607 2281 1644 perfectam
2290 1606 2369 1636 illam
2379 1605 2539 1645 sapientiam
2573 1612 2594 1653 ,ᾗ

1440 1653 1455 1673 e
1479 1651 1590 1672 entcon
1605 1653 1619 1672 e
1641 1653 1676 1672 uu
1691 1653 1707 1671 ι.
1848 1663 1854 1669 .

1419 1681 1496 1749 Claste
1506 1653 1668 1748 iffiegrelxibe
1678 1680 1797 1712 versatus
1805 1682 1843 1712 est
1852 1681 1930 1712 labor
1936 1690 2015 1712 meus
2024 1682 2055 1712 in
2065 1682 2236 1721 privatorum
2244 1680 2376 1721 periculis
2383 1703 2390 1711 .
2424 1682 2480 1712 Cic.
2490 1691 2539 1722 pro

1461 1730 1475 1748 e
1495 1729 1509 1748 e
1554 1729 1599 1748 ani
1614 1740 1619 1747 i
1630 1729 1655 1748 2.

1417 1729 1508 1788 Radix
1521 1758 1591 1786 caste
1603 1766 1727 1795 pureque
1737 1756 1856 1788 collecta
1867 1780 1874 1792 ,
1896 1758 2009 1788 discutit
2022 1758 2147 1788 strumas.
2170 1756 2238 1787 Plin.
2254 1756 2304 1787 lib.
2316 1766 2362 1788 22.
2376 1767 2437 1796 cap.
2451 1767 2494 1788 10.

1421 1796 1503 1825 Adire
1514 1795 1584 1824 caste
1595 1797 1629 1824 ad
1642 1796 1731 1824 divos.
1755 1795 1812 1825 Cic.
1826 1806 1851 1825 2.
1864 1796 1900 1826 de
1914 1796 2008 1833 Legib.
2028 1807 2068 1832 ¹9·
2580 1812 2583 1830 τ

1418 1833 1550 1863 Perficere
1561 1833 1640 1862 caste.
1679 1833 1735 1862 Cic.
1749 1844 1798 1871 pro
1813 1834 1902 1863 Domo
1916 1845 1977 1872 134.
2001 1833 2083 1864 Certe
2098 1833 2169 1864 nihil
2182 1833 2251 1870 rite,
2271 1832 2343 1863 nihil
2360 1833 2450 1869 caste,
2469 1827 2537 1865 nihil
2572 1859 2573 1862 ,

1441 1881 1518 1900 more
1529 1872 1708 1907 institutoque
1719 1872 1846 1909 perfecit.

1416 1909 1501 1939 Tueri
1514 1909 1594 1938 caste.
1636 1908 1692 1937 Cic.
1703 1910 1738 1938 de
1748 1909 1818 1939 Clar.
1832 1910 1908 1940 Orat.
1923 1919 1985 1947 330.
2012 1910 2070 1939 Nos
2081 1916 2175 1940 autem
2187 1931 2196 1945 ,
2217 1909 2299 1938 Brute
2309 1931 2318 1944 ,
2338 1909 2471 1946 quoniam
2480 1909 2536 1948 pos}

1435 1946 1574 1977 Hortensii
1588 1946 1726 1976 clarillinii
1738 1949 1852 1978 oratoris
1861 1955 1981 1978 mortem
1993 1968 1999 1978 .
2022 1948 2096 1977 orbae
2116 1948 2282 1984 eloquentiae
2300 1947 2372 1984 quasi
2386 1954 2489 1977 tutores
2499 1957 2538 1978 re·
2570 1957 2585 1973 ¹-

1434 1985 1494 2014 lieri
1506 1985 1608 2020 sumus,
1634 1985 1711 2013 domi
1725 1992 1867 2015 teneamus
1878 2008 1886 2022 ,
1897 1989 1950 2017 ἃς,
1970 1992 2163 2023 tueamurque,
2178 1994 2209 2015 ut
2219 1986 2344 2015 adultam
2355 1985 2489 2023 virginem
2496 1995 2538 2016 can
2566 2004 2568 2026 ¹.

1436 2024 1474 2052 ste
1485 2045 1493 2057 ,
1515 2026 1540 2052 ἅ
1553 2024 1588 2052 ab
1604 2029 1771 2052 armatorum
1783 2025 1891 2062 impetu
1901 2031 2036 2062 quantum
2048 2025 2190 2062 postumus
2199 2024 2403 2061 prohibeamus.
2566 2051 2568 2062 k
2588 2047 2589 2050 ,

1416 2060 1573 2090 Castiffime.
1613 2060 1670 2090 Cic.
1688 2061 1723 2089 de
1739 2062 1832 2099 Arusp.
1847 2062 1928 2101 Resp.
1940 2072 1984 2098 29.
2021 2063 2108 2100 Quod
2126 2070 2212 2100 quum
2235 2062 2381 2091 Deiotarus
2402 2060 2537 2099 religione
2567 2091 2577 2104 ,

1436 2098 1482 2128 sua
1501 2097 1644 2127 castissime
1654 2104 1793 2135 tueretur,
1810 2102 1861 2129 Sec.

1378 2135 1401 2165 C
1410 2147 1428 2165 A
1437 2146 1449 2166 s
1459 2146 1475 2165 υ
1487 2146 1501 2165 ε
1509 2146 1529 2165 N
1542 2147 1557 2165 r
1568 2146 1585 2165 υ
1594 2147 1625 2171 M,
1635 2137 1652 2165 i.
1665 2146 1692 2166 n.
1705 2137 1819 2167 Fluvius
1828 2138 1904 2167 estin
1915 2137 1974 2167 sinu
1984 2137 2149 2173 Tarentino,
2160 2137 2235 2175 apud
2249 2137 2317 2167 Plin.
2330 2136 2377 2166 lib.
2388 2143 2411 2173 3.
2425 2145 2486 2175 cap.
2495 2145 2534 2168 ιι.

1378 2175 1400 2203 C
1409 2184 1476 2241 isbu
1489 2185 1502 2203 s
1512 2185 1530 2203 N
1542 2184 1561 2202 *r
1571 2185 1580 2202 i
1591 2185 1607 2202 L
1616 2185 1632 2202 L
1640 2184 1660 2203 A
1668 2184 1688 2203 N
1698 2174 1711 2203 ι’
1719 2194 1728 2211 ,
1750 2185 1839 2206 orum.
1861 2186 1890 2206 n.
1912 2176 1997 2206 Italiae
2011 2177 2110 2215 populi
2121 2176 2151 2205 in
2161 2176 2236 2205 sexta
2252 2176 2366 2213 regione
2381 2176 2457 2213 apud
2469 2174 2535 2205 riiii.
2568 2175 2570 2187 '
2584 2179 2585 2182 ’

1428 2223 1435 2241 ι
1459 2221 1503 2248 .3.
1517 2222 1548 2242 ca
1573 2222 1634 2247 .14.

1380 2248 1402 2279 C
1413 2261 1432 2279 A
1442 2260 1454 2279 s
1465 2260 1482 2279 υ
1491 2260 1508 2278 a
1517 2260 1535 2279 c
1544 2222 1575 2279 ips
1585 2272 1593 2284 ,
1614 2251 1629 2286 [
1640 2249 1786 2287 Κασεςὶές]
1807 2251 1958 2281 Ptolemaeo
1968 2251 2072 2282 dicitur
2083 2251 2168 2289 Praga
2176 2273 2183 2287 ,
2204 2251 2280 2289 regio
2294 2249 2425 2281 Boemiae.

1384 2287 1560 2326 CAsuLA‚
1592 2287 1623 2317 ln
1644 2297 1747 2318 CASA.

1380 2325 1929 2362 CAsuiius‚CAsus‚1ncAno.
2360 2335 2361 2340 ¹
2602 2358 2604 2363 ,

1379 2362 1401 2392 C
1412 2374 1430 2392 A
1439 2373 1451 2392 s
1460 2373 1478 2392 ir
1487 2374 1503 2392 R
1515 2374 1532 2392 υ
1541 2374 1554 2393 s
1566 2385 1573 2399 ,
1595 2364 1612 2392 i.
1637 2373 1673 2392 ni.
1697 2364 1781 2395 Mons
1797 2366 1947 2403 Elymaidis
1959 2386 1967 2399 ‚
1991 2365 2040 2397 cui
2055 2364 2180 2395 Seleucia
2191 2365 2218 2396 &
2229 2364 2346 2395 Sostrate
2361 2363 2444 2395 urbes
2454 2370 2535 2404 appo·
2563 2387 2566 2392 ,

1417 2402 1470 2431 sitae
1482 2401 1562 2438 sunt,
1584 2401 1652 2431 teste
1669 2402 1738 2433 Plin.
1755 2404 1803 2434 lib.
1816 2409 1840 2433 6.
1855 2413 1916 2441 cap.
1927 2412 1973 2440 27.
2600 2406 2604 2426 ²

1817 2466 1846 2500 C
1943 2466 1970 2501 A
2065 2465 2097 2500 T

1378 2512 1401 2543 C
1411 2522 1431 2541 A
1440 2521 1460 2541 τ
1469 2522 1511 2542 AB
1522 2523 1542 2542 A
1551 2522 1571 2542 T
1581 2523 1600 2542 n
1609 2524 1629 2542 M
1641 2524 1660 2542 u
1670 2524 1682 2544 s
1695 2535 1702 2549 ,
1724 2512 1742 2544 i.
1764 2523 1801 2544 m.
1824 2508 2048 2550 [καταβωθμὲς]
2068 2513 2215 2552 Oppidum
2226 2515 2251 2544 &
2261 2512 2339 2544 vallis
2348 2518 2463 2552 repente
2472 2518 2534 2544 coli·
2573 2513 2575 2518 ’

1415 2559 1485 2580 vexa
1501 2551 1535 2580 ad
1555 2551 1641 2581 finem
1655 2554 1813 2589 Cyrenaicae
1825 2553 1962 2589 regionis,
1983 2558 2014 2581 ut
2028 2552 2067 2581 ait
2084 2551 2151 2581 Plin.
2169 2552 2217 2582 lib.
2230 2563 2253 2587 ς.
2270 2562 2330 2590 cap.
2346 2563 2368 2586 ς.
2390 2551 2532 2582 Sallust.in
2570 2552 2576 2567 ‘

1413 2588 1549 2629 Jugurtha
1562 2611 1569 2624 ,
1592 2600 1651 2628 cap.
1671 2601 1710 2626 ¹7·
1735 2590 1766 2620 In
1777 2591 1911 2619 divisione
1918 2590 1993 2619 orbis
2003 2596 2081 2619 terrae
2092 2612 2100 2625 ,
2121 2590 2247 2627 plerique
2255 2591 2284 2619 iri
2294 2595 2370 2627 parte
2380 2590 2459 2619 tertia
2470 2589 2531 2619 ilfi‘i-
2558 2603 2559 2612 i

1419 2636 1480 2670 cani
1490 2630 1620 2664 puluere:
1643 2628 1931 2665 paucitantummodo
1947 2628 2050 2663 Asiam,
2072 2629 2099 2657 δι
2113 2628 2251 2665 Europam
2269 2628 2340 2663 effe,
2361 2627 2407 2657 sed
2419 2627 2530 2657 Africam
2572 2630 2573 2633 ’

1418 2674 1448 2693 in
1465 2668 1579 2703 europa.
1623 2666 1661 2695 Ea
1669 2666 1736 2695 fines
1748 2666 1832 2695 habet
1841 2667 1874 2695 ab
1883 2666 2042 2696 Occidente
2051 2687 2060 2701 ,
2082 2665 2184 2695 fretum
2196 2666 2279 2695 nostri
2295 2666 2390 2700 maris,
2413 2667 2438 2696 &
2449 2666 2532 2695 Ocea

1417 2703 1447 2731 ni
1463 2713 1469 2732 :
1491 2703 1525 2731 ab
1536 2712 1596 2732 ortu
1608 2707 1678 2733 bolis
1689 2705 1826 2733 declivem
1840 2705 2018 2733 latitudinem
2029 2725 2038 2740 ,
2060 2713 2144 2740 quem
2163 2703 2259 2733 locuni
2274 2701 2476 2733 Catabathmon
2492 2703 2531 2734 iii·
2558 2711 2559 2726 ³
2598 2738 2600 2741 ι

1414 2740 1483 2769 colae
1493 2741 1644 2779 appellant.
1667 2742 1699 2771 Et
1715 2752 1774 2780 cap.
1790 2753 1831 2777 ιι).
1855 2743 1940 2780 lgitur
1949 2742 1983 2771 ad
1996 2741 2201 2771 Catabathmon
2213 2764 2220 2775 ,
2243 2742 2288 2779 qui
2299 2741 2378 2771 locus
2386 2741 2530 2779 AEgyptum
2556 2753 2573 2780 g-

1414 2779 1449 2808 ab
1462 2779 1546 2807 ilfrica
1560 2780 1675 2814 dividit,
1696 2779 1818 2809 secundo
1829 2781 1896 2809 mari
1911 2781 1998 2818 prima
2009 2779 2180 2817 Cyreneest,
2204 2779 2322 2809 Colonia
2331 2778 2479 2814 Thereon,
2497 2786 2528 2809 ac
2556 2795 2557 2807 l
2595 2787 2604 2819 r

1413 2817 1546 2854 deinceps
1558 2818 1618 2847 duze
1631 2820 1723 2856 Syrtes
1736 2841 1743 2852 ,
1769 2819 1897 2856 interque
1908 2828 1953 2847 eas
1968 2818 2070 2855 Leptis,
2093 2817 2196 2846 deinde
2208 2819 2265 2846 Arae
2278 2817 2428 2852 Philenon,
2449 2823 2529 2853 quem
2555 2809 2558 2844 l
2571 2844 2574 2847 .
2602 2821 2603 2824 ’

1412 2853 1508 2883 locum
1520 2856 1669 2893 ihgyptum
1681 2856 1770 2885 versus
1782 2878 1790 2891 ,
1813 2856 1894 2885 linem
1914 2856 2024 2894 imperii
2043 2855 2163 2885 habuere
2182 2853 2429 2893 Carthaginienses.
2463 2853 2529 2884 Tor·
2573 2863 2578 2892 ζ
2595 2860 2604 2882 τ’

1412 2892 1504 2921 tellius
1515 2894 1598 2922 (locet
1610 2893 1787 2923 scribendum
1800 2894 1854 2923 eise
1869 2894 2080 2931 Catabathynon
2093 2915 2101 2928 ‚
2123 2893 2169 2922 sed
2184 2892 2259 2922 falso.

1375 2928 1397 2959 C
1406 2939 1425 2959 A
1436 2940 1455 2958 *r
1467 2941 1484 2959 A
1493 2942 1506 2959 Β
1518 2941 1534 2959 o
1546 2942 1561 2959 i.
1572 2942 1586 2959 υ
1597 2942 1618 2960 M
1632 2954 1639 2965 ‚
1662 2933 1679 2961 i.
1702 2942 1727 2961 n.
1751 2930 1924 2968 [unciam]
1946 2930 2090 2960 Stabulum
2101 2931 2130 2960 in
2142 2941 2196 2968 quo
2207 2931 2270 2960 ferae
2280 2952 2288 2966 ‚
2309 2927 2353 2959 vel
2364 2929 2398 2959 ad
2411 2928 2528 2958 mansue·
2570 2939 2571 2942 ¹
2594 2937 2603 2948 r

1411 2969 1551 3004 tudinem,
1564 2970 1606 2997 vel
1616 2971 1649 2998 ad
1661 2970 1853 2999 crudelitatem
1867 2971 1895 2998 in
1905 2969 2055 3003 bestiarios,
2072 2970 2287 3004 erudiebantur,
2308 2968 2383 3005 apud
2397 2969 2451 2997 Aci.
2460 2967 2528 2997 Mar·
2552 2983 2568 2999 ψ.

1413 3006 1477 3035 celli
1491 3007 1568 3044 Papae
1582 3008 1692 3045 martyr.
1705 3018 1756 3046 per
1767 3007 1890 3037 Marcell.
1909 3007 2056 3044 conscript.
2079 3007 2166 3036 Henr.
2178 3006 2274 3044 Steph.
2286 3007 2316 3035 in
2329 3004 2460 3036 TheRGr.
2470 3004 2526 3040 suo,
2564 3018 2577 3040 ¹.
2602 3016 2604 3021 ⁴

1412 3054 1447 3073 ex
1463 3044 1555 3074 Schol.
1568 3045 1695 3083 Thucyd.
1713 3046 1875 3084 Emporium
1889 3046 2094 3083 interpretatur.
2136 3044 2210 3074 Hinc
2551 3045 2554 3082 j
2596 3054 2600 3060 ·

1375 3081 1424 3112 CA
1436 3091 1454 3110 ι·
1465 3092 1533 3111 Aeo
1545 3094 1559 3111 ι.
1572 3093 1584 3112 E
1596 3093 1613 3112 N
1623 3094 1634 3112 s
1644 3096 1652 3112 ι
1664 3094 1675 3113 s
1687 3106 1694 3119 ,
1713 3085 1743 3113 is.
1768 3094 1803 3114 m.
1827 3083 1977 3113 Calliodor.
1997 3092 2020 3117 3.
2038 3082 2119 3119 Epist.
2138 3092 2178 3111 io.
2201 3082 2350 3114 Marmora,
2371 3088 2430 3118 quae
2438 3080 2473 3109 de
2482 3077 2528 3108 do·
2566 3083 2580 3124 ‘3
2601 3107 2603 3112 Α

1413 3130 1460 3149 mo
1484 3121 1612 3150 Pinciana
1629 3123 1735 3152 constat
1752 3122 1806 3151 effe
1825 3121 1965 3159 deposita,
1994 3121 2029 3150 ad
2046 3120 2236 3150 Ravennatem
2247 3120 2345 3149 urbem
2357 3128 2407 3157 pet
2416 3117 2526 3148 Catabo-
2566 3118 2571 3143 i
2594 3129 2604 3150 li

1411 3157 1499 3187 lenses
1514 3161 1600 3188 vestra
1614 3161 1792 3189 ordinatione
1801 3160 1962 3196 dirigantur.
1985 3158 2017 3191 Et
2029 3158 2106 3188 Idem
2118 3170 2143 3194 4.
2159 3158 2238 3195 Epist.
2251 3168 2295 3194 47.
2321 3157 2524 3194 Quinquagintn
2571 3172 2578 3187 ,·

1409 3196 1562 3226 solidorum
1581 3198 1713 3227 mulctam
1728 3199 1784 3233 jam
1801 3207 1857 3226 non
1876 3197 2033 3226 veredarius
2045 3217 2053 3230 ,
2075 3195 2122 3225 sed
2138 3195 2319 3226 catabolensis
2331 3195 2458 3224 incurrat.
2492 3190 2522 3222 V·
2552 3210 2573 3237 κ

1411 3234 1481 3262 Cod.
1495 3234 1631 3264 Theodos
1648 3237 1682 3265 de
1692 3236 1751 3266 Pist.
1763 3237 1787 3265 dc
1798 3235 1922 3266 Catabol.
1938 3235 1955 3264 l.
1973 3245 2013 3270 ¹4·
2028 3234 2070 3263 tit.
2084 3243 2108 3269 3.
2563 3247 2581 3259 ι

1374 3270 1396 3300 C
1407 3281 1454 3300 Αἰ·
1466 3282 1484 3300 A
1496 3283 1509 3300 B
1520 3283 1536 3301 o
1547 3284 1561 3301 1.
1570 3275 1583 3302 I
1592 3283 1608 3302 e
1620 3283 1638 3302 υ
1647 3283 1659 3302 s
1668 3296 1675 3307 ,
1698 3284 1724 3309 a,
1747 3283 1801 3303 um.
1828 3271 2028 3309 [vimnau]
2050 3270 2167 3301 Tertull.
2179 3271 2214 3300 de
2228 3270 2323 3300 Anima
2337 3278 2397 3307 cap.
2408 3274 2451 3303 28.
2471 3265 2526 3314 Soi-
2558 3266 2571 3290 θ
2590 3281 2603 3302 ῃ

1411 3319 1471 3338 mus
1481 3320 1577 3348 magos
1587 3311 1686 3342 elicere
1697 3311 1877 3349 explorandis
1885 3310 2003 3340 occultis
2017 3319 2067 3347 per
2079 3309 2248 3338 catabolicos
2265 3309 2289 3337 S<
2301 3308 2432 3345 paredros
2443 3307 2468 3335 δι
2478 3312 2523 3343 py-
2549 3316 2551 3338 ;

1411 3347 1540 3377 tlionicos
1555 3348 1671 3386 spiritus.
1709 3349 1834 3379 Turneb.
1850 3348 1955 3378 Advers.
1967 3352 2066 3377 26.2ι.
2090 3356 2139 3385 per
2159 3343 2334 3375 Catabolicos
2346 3343 2475 3382 intelligit
2484 3341 2524 3386 131·
2546 3345 2550 3366 ‚¹
2568 3376 2569 3382 ¹

1409 3384 1511 3452 ssssstps
1523 3387 1629 3453 gerziiosi
1651 3387 1725 3417 conf.
1744 3387 1813 3416 Vols.
1827 3386 1916 3424 Etym.
1933 3388 1959 3416 ἃ
1972 3384 2081 3416 Salmas.
2098 3385 2127 3414 in
2142 3384 2208 3414 Hist.
2221 3385 2286 3421 Aug.
2301 3393 2329 3421 p.
2348 3392 2392 3419 40·
2411 3383 2437 3412 ἃ
2453 3381 2522 3411 Sulc-

1457 3433 1471 3451 e
1485 3434 1540 3452 aur.
1586 3434 1618 3453 cc
1631 3425 1666 3454 es.
2548 3438 2549 3442 =
2580 3445 2601 3455 ..

1373 3459 1451 3489 ΟΛί·
1464 3472 1480 3489 A
1491 3471 1508 3489 c
1519 3471 1582 3490 Βοὴ
1596 3473 1611 3491 u
1623 3473 1642 3491 M
1653 3473 1666 3491 ii
1677 3472 1737 3498 Na,
1758 3472 1794 3492 es.
1816 3462 1834 3491 f.
1857 3455 2110 3497 [mezsxuopdfin]
2132 3459 2260 3488 Maeoriiae
2278 3458 2353 3494 regio
2365 3479 2372 3490 ³
2394 3466 2450 3486 1¹0n
2466 3463 2523 3492 ΡΝ·
2548 3459 2604 3496 wil

1410 3497 1455 3540 cul
1468 3498 1502 3528 ub
1514 3499 1637 3537 Epheso,
1658 3500 1799 3530 arboribus
1809 3508 1920 3543 carew,
1948 3498 2004 3527 vite
2016 3504 2143 3533 excepta,
2165 3506 2224 3533 quae
2235 3493 2520 3539 generofiffimiimfeiit

1373 3533 2339 3609 extingueretur&terta-...tirashiri..
2355 3542 2520 3607 ...aar
2546 3550 2548 3556 ’
2574 3584 2578 3586 ψ

1409 3612 1484 3676 celnod
1495 3613 1580 3642 colles
1592 3614 1620 3642 in
1631 3613 1718 3652 Mysia
1734 3613 1913 3651 producunt,
1942 3612 1976 3640 de
1995 3621 2050 3648 quo
2069 3617 2167 3648 praeter
2186 3609 2274 3639 Strab.
2286 3608 2304 3637 l.
2318 3617 2343 3637 c.
2368 3607 2435 3636 i’iin.
2449 3612 2521 3642 147·
2541 3605 2547 3657 j

1433 3657 1513 3679 itruv.
1528 3656 1554 3683 8.
1588 3674 1593 3680 .
2541 3658 2542 3663 ¹

1371 3685 1393 3714 C
1405 3696 1424 3714 A
1434 3696 1454 3714 'r
1464 3697 1482 3715 A
1494 3697 1510 3715 c
1519 3697 1532 3716 ir
1542 3660 1587 3722 1³1³,
1599 3692 1727 3717 drumm.
1743 3687 1803 3717 Asiae
1815 3686 1913 3725 populi
1927 3686 1999 3715 circa
2010 3685 2135 3719 Maeotin,
2144 3690 2174 3714 ut
2184 3684 2268 3713 docet
2278 3682 2518 3726 Plin.lib.§.ciip.7-
2540 3672 2542 3687 ¹

1371 3723 1393 3752 C
1405 3733 1451 3752 AT
1463 3734 1506 3753 Ac
1521 3735 1561 3753 Hk
1574 3730 1648 3755 {sis
1665 3748 1672 3759 ‚
1694 3727 1724 3754 is.
1748 3726 1765 3754 f.
1796 3724 1989 3762 [νιᾳτοὶχξησκ]
2010 3723 2048 3752 est
2070 3720 2215 3760 Usurpatio
2232 3721 2353 3750 nominis
2372 3720 2470 3762 aliens:
2490 3720 2520 3746 ut

1408 3770 1493 3797 quum
1505 3765 1668 3799 parricidam
1679 3764 1797 3792 dicimus
1808 3785 1816 3797 ,
1839 3763 1884 3799 qui
1896 3762 2001 3790 occidit
2015 3761 2141 3790 fratrem:
2165 3761 2191 3789 ἃ
2202 3758 2349 3797 piscinam,
2370 3767 2429 3795 quae
2437 3752 2518 3794 pisoes

2554 3697 2559 3705 t

2573 3775 2604 3797 nii

1408 3808 1466 3827 non
1481 3800 1570 3829 habet.
1603 3802 1667 3830 llaec
1677 3802 1768 3835 enim,
1792 3800 1839 3829 nisi
1850 3799 2020 3828 extrinsecus
2029 3798 2182 3833 sumerent,
2203 3797 2281 3826 suum
2292 3795 2517 3825 vocabulumnon
2573 3797 2603 3835 iis,

1407 3836 1551 3867 haberent.
1578 3839 1644 3868 Haec
1656 3840 1786 3868 Donatus.
1812 3838 1915 3875 Virg.7.
1935 3836 1995 3866 AEn.
2016 3840 2074 3879 ¹⁶4:
2537 3830 2540 3896 λ
2581 3828 2587 3874 Ι,

1488 3876 1623 3905 Autacres
1636 3878 1755 3906 tendunt
1765 3885 1852 3905 arcus.
1936 3875 2123 3908 UbiServius,
2145 3873 2242 3906 Acres,
2263 3869 2355 3899 fortes.
2378 3870 2403 3899 δι
2423 3867 2460 3897 est
2473 3865 2521 3896 Ca·
2576 3863 2604 3911 301

1407 3911 1551 3943 tachresis:
1572 3923 1638 3944 nain
1657 3915 1810 3945 acrimonia
1824 3911 1979 3943 mentisest.
2020 3911 2052 3941 V.
2073 3920 2183 3940 Aen.
2210 3908 2303 3940 festus
2315 3929 2323 3944 2
2343 3903 2518 3980 cameri-‘538’
2536 3900 2539 3975 i
2574 3898 2604 3989 'iiiii
