2600 4177
0 1395 5 1414 '1

455 97 484 131 C
580 94 609 131 A
703 98 727 132 P

58 171 199 210 Discutere
208 181 360 217 captiones.
382 178 439 207 Cic.
452 188 479 213 4.
491 177 572 207 Acad.
585 178 630 213 46.

59 212 211 253 Fx'piiczire.
234 219 292 246 Cic.
304 227 328 245 2.
341 217 375 245 de
386 216 476 244 ¹Divin.
488 225 532 248 41.

59 253 151 285 Habet
165 256 306 291 captiones
317 253 375 282 haze
386 253 530 282 sententia.
553 251 610 281 Cic.
620 252 648 280 in
659 252 750 282 Partit.
764 260 825 290 133.

58 291 193 322 inducere
202 292 227 320 se
238 293 266 320 in
276 291 429 327 captiones.
472 290 529 318 Cic.
542 299 567 318 2.
578 290 613 318 dc
623 290 772 325 Divin.4r.
801 291 856 320 Cur
870 292 951 329 igitur
971 301 1020 322 vos
1039 293 1172 323 inducitis

78 329 106 357 in
116 339 160 357 eas
172 329 315 366 captiones
325 349 333 361 ,
355 337 420 363 quas
433 335 577 364 nunquam
591 327 758 364 explicetis?
785 329 825 358 Al.
848 329 975 358 Induitis.

60 366 216 395 Occurrunt
226 366 367 402 captiones
376 374 473 394 omnes
484 365 578 393 Servio
589 365 616 393 in
633 366 710 393 omni
723 365 866 396 sententia.
899 367 957 396 Cic.
971 378 1012 396 ιο.
1024 368 1077 397 Att.
1092 377 1135 403 ις.

60 401 196 433 Resellere
204 403 355 440 captiones.
397 403 455 431 Cic.
469 400 504 431 de
517 401 593 437 FatO,
609 410 652 438 30.
677 402 783 432 Omnes
797 404 879 441 igitur
897 405 1054 440 hujusmodi
1067 406 1172 443 captio-

79 450 127 469 nes
144 441 244 469 eodem
257 440 342 468 modo
355 438 526 468 refelluntur.

59 478 175 515 Capt503
199 487 249 514 pro
260 477 443 506 Incommodo
453 476 507 505 sive
520 476 636 505 Damno.
659 476 741 506 Caius
754 477 811 507 inl.
825 478 870 507 sed
884 478 900 507 si
913 479 981 515 quis.
994 479 1027 508 D.
1040 479 1169 515 quemad.

77 516 180 544 testam.
192 525 265 552 aper.
296 514 374 551 Saepe
385 524 450 543 cum
460 523 558 551 magna
568 515 698 551 captione
713 524 727 543 a
740 515 820 545 rebus
836 516 933 545 nostris
944 526 1099 546 avocamur.
1140 517 1172 546 Et

76 552 161 581 Plaut.
176 552 258 582 Most.
271 561 295 588 3.
307 561 330 588 3.
349 562 388 587 ¹9·
411 554 444 580 At
455 553 530 580 enim
541 561 576 580 ne
607 552 654 580 uid
663 553 785 589 captioni
797 554 865 582 mihi
878 554 924 589 lit,
946 555 964 582 {i
976 555 1101 583 dederim
1110 554 1170 583 tibi.

80 589 146 619 Mea
157 590 248 627 captio
261 590 306 618 est.
329 589 387 618 Cic.
402 600 425 623 ς.
444 590 496 618 Att.
509 600 536 625 4.
576 590 595 618 A
609 612 615 618 .
646 590 724 618 Mera
744 591 835 627 captio
847 613 854 625 ,
876 592 904 619 in
927 591 1071 620 novitiinie
1089 592 1172 621 editis

78 627 143 657 Mea
153 628 255 656 cautio.
297 627 384 662 [Mea
395 627 488 664 captio
501 637 557 655 non
568 626 721 663 spernenda
736 626 819 657 lectio
830 629 945 658 videtur.
968 629 1088 658 innuere
1095 631 1172 659 enim

78 664 187 694 Tullius
197 665 306 694 videtur
316 686 324 699 ,
347 665 387 693 Ad
400 664 474 693 suam
486 665 608 693 fraudem
621 686 629 699 ,
648 665 837 702 jac-”turamque
848 668 988 703 pertinere
1003 667 1102 696 c'nartae
1113 668 1171 696 ino-

30 732 33 734 ,
78 702 152 740 piam
163 725 171 737 ,
193 703 228 731 de
240 711 293 739 qua
306 702 414 739 questus
426 702 515 731 fuerat
534 703 646 731 Atticus.
669 712 696 739 q.
710 703 735 731 d.
758 703 857 732 Meum
869 705 1000 733 damnum
1013 705 1058 733 est.

26 737 144 769 CA'P'rr
155 742 323 774 uNcuLA,
345 750 375 768 ae.
397 739 417 768 f.
437 739 583 775 [almi-nov]
605 740 704 768 dimin.
738 740 797 769 Cic.
818 751 859 776 ις.
875 742 928 771 Att.
940 752 964 778 7.
986 742 1097 771 Servius
1108 751 1172 771 vero

59 777 220 816 pacificator
227 787 292 806 cum
304 777 431 806 liberioio
441 777 489 806 suo
498 777 626 806 videntur
635 776 731 807 obiisse
745 778 913 816 legationem
923 801 931 815 ,
952 781 978 810 &
995 789 1093 809 omnes
1110 790 1174 818 cap*-

59 815 197 849 tiunculas
211 815 411 853 pertimescere.
436 812 471 844 al.
495 814 656 844 Librariclo.

59 852 96 882 Ut
109 863 124 882 a
135 853 225 882 Portio
239 853 340 882 dicitur
349 852 534 882 Portiuncula.
558 853 592 882 H.
608 853 647 882 St.

24 890 199 920 Cursus
209 901 229 919 u
239 900 282 919 LA
295 912 302 925 ,
323 900 353 920 ae.
374 891 392 919 f.
416 891 503 920 Idem.
525 896 566 925 ut,
588 889 727 928 llligantes
743 890 917 928 captensulae.
939 893 957 922 i.
972 902 995 922 e.
1019 892 1175 931 Sophisma-

60 934 86 957 ta
96 950 105 962 ,
125 929 199 966 apud
210 928 291 958 Mart.
305 927 412 966 Capell.
425 928 443 957 l.
457 939 483 963 4.
497 938 523 966 p.
541 937 601 964 135.

24 965 74 995 ca
84 975 97 994 Ρ
107 975 125 994 Τ
135 977 143 994 ι
155 970 171 996 ὃ
181 976 193 995 s
204 976 222 995 υ
233 976 245 995 s
256 988 263 1001 ,
285 976 301 995 a
313 988 321 1001 ,
342 976 399 995 um.
423 967 587 1002 [ἁπαπλὶς.
602 964 747 1000 πΦιςικᾷι]
769 966 828 1001 Adi.
855 967 1037 1005 Captionibus
1056 967 1110 997 sive
1126 967 1175 997 de-

60 1004 235 1041 ceptionibus
247 1003 356 1041 plenus.
396 1004 454 1033 Cic.
466 1012 517 1041 pro
528 1003 606 1033 Rosc.
618 1003 697 1032 Com.
709 1013 752 1040 52.
778 1004 843 1041 Quo
854 1006 924 1034 nihil
938 1006 1086 1044 captiosius
1097 1027 1106 1041 ,
1127 1015 1175 1035 ne-

60 1041 113 1077 q'ue
125 1041 268 1079 indignius
279 1041 334 1070 dici
345 1042 442 1079 potest.

60 1079 86 1108 O
100 1078 256 1108 societatem
268 1080 417 1116 captiosam
431 1081 456 1109 ἃ
470 1080 622 1116 indignam,
643 1078 692 1108 ubi
704 1077 773 1108 alter
793 1089 814 1108 H
824 1089 836 1109 s
845 1089 881 1108 ιο
891 1089 908 1108 o
918 1089 946 1119 o,
968 1081 1038 1112 alter
1049 1088 1174 1111 cecinna

60 1151 62 1154 y
78 1119 153 1155 quod
163 1119 194 1147 sit
207 1119 234 1148 in
246 1118 404 1148 societatem
415 1118 509 1148 affert!
533 1119 590 1148 Cic.
604 1126 656 1156 pro
673 1117 751 1148 Rosc.
766 1118 844 1148 Com.
860 1129 906 1154 29.

59 1155 152 1186 Genus
164 1156 385 1194 captiosrffinium
395 1157 626 1195 interrogationis.
648 1156 706 1185 Cic.
720 1167 746 1191 4.
762 1157 844 1187 Acad.
857 1167 903 1193 49.

59 1194 240 1230 interrogatio
253 1194 334 1224 fallax
344 1196 369 1224 S<
381 1194 511 1232 captiosa.
534 1195 591 1223 Cic.
605 1205 631 1230 4.
645 1194 729 1223 Acad.
741 1198 787 1229 46.

57 1231 236 1262 Probabilitas
247 1232 368 1269 captiosa
382 1240 409 1262 te
422 1232 501 1262 fallit.
525 1232 583 1262 Cic.
599 1241 622 1268 3.
637 1232 673 1261 de
684 1231 744 1261 Fin.
757 1241 801 1268 72.

55 1267 170 1300 Solvere
180 1271 308 1308 captiosa.
331 1271 387 1300 Cic.
406 1280 428 1300 1.
444 1270 479 1300 de
490 1270 577 1300 Finib.
593 1279 638 1299 21.

59 1307 234 1344 captiosum,
255 1318 306 1346 pro
322 1307 471 1338 Damnoso.
512 1307 570 1337 Cic.
592 1308 627 1336 de
646 1307 716 1336 Clar.
728 1307 805 1337 Orat.
822 1317 882 1343 195·
915 1308 1007 1345 Quam
1021 1308 1175 1347 captiosum

77 1345 143 1375 esset
154 1354 190 1383 po
214 1345 261 1375 ulo
275 1367 283 1381 ,
303 1346 379 1383 quod
390 1345 521 1383 scriptum
531 1345 615 1380 esset,
637 1345 758 1383 negligi,
778 1347 805 1375 δι
823 1347 959 1383 opinione
979 1349 1062 1384 quaeri
1077 1347 1175 1377 volun-

75 1384 156 1413 tates.
223 1383 307 1421 lpian.
336 1385 366 1412 in
387 1383 405 1413 1.
435 1384 452 1412 ii
468 1393 541 1413 cum.
563 1383 596 1413 D.
613 1383 699 1420 Quod
718 1390 809 1413 metus
830 1383 917 1414 causa.
940 1385 960 1422 ᾗ.
978 1395 1000 1421 ς.
1023 1385 1066 1416 Ne
1084 1392 1175 1415 metus

78 1428 161 1459 quem
175 1421 264 1459 passus
279 1421 337 1450 sum
348 1443 355 1455 ,
378 1421 447 1450 mihi
456 1421 594 1459 captiosus
609 1421 648 1451 sit.

0 1476 1 1487 ι
23 1458 214 1489 ΟΛΡΤιοςε
231 1482 238 1494 ,
260 1459 327 1488 Adv.
350 1459 529 1495 [ἀπα-ημᾶς]
561 1459 618 1488 Cic.
631 1470 657 1494 4.
671 1458 752 1487 Acad.
765 1468 809 1494 94.
831 1459 878 1490 Sic
895 1471 959 1495 me,
980 1461 1086 1498 inquit,
1108 1464 1174 1490 a‘nte

61 1496 212 1533 sustinebo,
233 1506 285 1526 nec
296 1497 401 1527 diutius
411 1497 531 1535 captiose
540 1497 719 1534 interroganti
729 1496 892 1534 respondeo.
918 1499 957 1528 Al.
978 1498 1171 1536 Respondebo.

1 1530 185 1570 feneus,
206 1535 246 1565 us.
271 1538 307 1564 'm-
331 1532 522 1571 [κφπῖληψις]
548 1535 613 1564 Ter.
634 1533 711 1564 Adel.
725 1543 748 1570 3.
762 1544 844 1571 4·34.
878 1536 1009 1566 Praeterea
1026 1544 1058 1566 ut
1077 1543 1175 1574 captus

62 1573 100 1602 est
110 1572 280 1602 servulorum
288 1582 346 1602 non
358 1573 455 1603 malus.
497 1572 550 1602 Ubi
560 1572 702 1607 Donatus,
724 1574 764 1601 An
775 1580 910 1610 quantum
922 1575 996 1612 capit
1006 1575 1114 1604 animus
1125 1574 1176 1603 ser-

60 1610 121 1640 vilis
134 1632 142 1646 ,
163 1617 271 1641 tantum
287 1620 344 1640 non
361 1610 450 1640 malus
462 1632 469 1645 ,
490 1611 663 1648 nequeiners
673 1610 765 1639 Geta?
787 1613 827 1640 An
838 1634 846 1646 ,
868 1619 899 1641 ut
918 1620 1016 1649 captus
1032 1612 1070 1641 est
1087 1612 1175 1641 serriu-

57 1648 166 1684 iorum,
187 1649 424 1686 quemadmodum
438 1648 508 1686 saepe
524 1649 674 1686 aucupium
686 1648 716 1677 in
735 1647 817 1678 servis
836 1649 973 1679 habendis
990 1650 1096 1679 bonum
1113 1659 1175 1679 eve-

57 1687 123 1716 nit‘?
144 1687 213 1716 utin
224 1692 306 1724 captu
318 1687 411 1716 avium
422 1708 430 1723 ,
451 1686 495 1716 vel
506 1686 625 1724 piscium
633 1709 640 1722 ,
662 1684 709 1715 vel
718 1686 836 1716 ferarum
847 1688 997 1725 plurimum
1008 1688 1118 1717 fortuna
1126 1687 1176 1716 do-

59 1724 187 1754 minatur.
227 1724 259 1754 Et
268 1725 323 1754 hoc
335 1724 418 1760 ideo,
439 1725 503 1762 quia
516 1724 623 1754 servum
638 1725 750 1753 evenire
766 1724 873 1754 bonum
887 1735 945 1754 non
963 1726 1031 1755 ratio
1049 1726 1086 1755 est
1098 1747 1107 1760 ,
1127 1731 1175 1754 aut

1 1775 6 1790 ·,
58 1768 157 1793 natura
169 1784 177 1797 ,
199 1762 246 1791 sed
257 1762 332 1792 casus
343 1763 399 1791 est:
424 1763 557 1800 utpotein
569 1771 597 1791 re
611 1761 747 1791 rarissima.
790 1762 824 1792 Ut
843 1763 873 1792 iit
883 1785 892 1799 ,
913 1771 944 1792 ut
957 1770 1054 1802 captus
1067 1763 1105 1793 est
1122 1762 1175 1792 ser-

54 1799 204 1835 vulorum,
225 1800 253 1829 id
265 1800 303 1829 est
312 1807 429 1830 eventus
438 1800 512 1829 estin
525 1799 613 1829 servis.
651 1799 690 1829 Ut
702 1806 816 1838 captus,
833 1802 884 1830 διο.
920 1802 938 1830 i.
954 1811 978 1830 e.
999 1802 1034 1831 Ut
1047 1801 1072 1830 se
1091 1801 1174 1830 habet

57 1838 185 1875 conditio
194 1838 340 1868 servorum.
382 1838 505 1867 Afranius
517 1839 546 1867 in
556 1837 711 1867 Simulante
723 1860 731 1872 ,
755 1838 796 1873 Is,
818 1846 849 1868 ut
862 1838 1002 1868 servorum
1013 1846 1110 1877 captus
1125 1839 1173 1874 est,

55 1874 190 1905 facillime
199 1876 285 1905 domo
299 1884 380 1913 atque
392 1876 481 1905 nostra
495 1875 598 1905 familia
610 1875 801 1913 provenditur.
842 1876 911 1914 Ergo
922 1877 1025 1915 Captus
1037 1899 1044 1910 ,
1065 1877 1175 1906 Sortem

57 1913 194 1950 intelligo.
223 1914 363 1943 Hastenus
373 1912 507 1943 Donatus.
549 1913 606 1943 Ci'c.
619 1923 644 1943 2.
665 1913 746 1943 Tusc.
759 1918 804 1948 63.
827 1914 914 1944 Graeci
930 1922 1023 1944 autem
1034 1915 1175 1950 homines,

59 1961 116 1981 non
127 1951 188 1981 satis
198 1952 310 1981 animosi
323 1974 331 1986 ,
351 1951 397 1981 sed
407 1952 558 1989 prudentes
567 1973 575 1986 ,
590 1957 621 1980 ut
632 1951 669 1980 est
684 1958 782 1990 captus
793 1952 939 1982 hominum
950 1975 958 1988 ,
978 1953 1050 1989 satis,
1067 1952 1174 1982 hostem

58 1988 180 2026 aspicere
193 1999 250 2018 non
264 1990 384 2027 possunt.
442 1990 508 2026 [Sic
518 1989 665 2027 distinguo.

61 2026 182 2064 Captus,
202 2026 291 2057 aliter.
333 2027 400 2056 Plin.
411 2027 461 2057 lib.
471 2038 515 2063 ²4-
529 2037 588 2065 cap.
606 2038 647 2056 ιο.
678 2027 742 2057 Flos
758 2027 946 2066 cujuscunque
963 2028 1072 2065 generis
1088 2029 1175 2058 trium

74 2065 226 2102 digitorum
237 2072 319 2103 captu
331 2087 339 2100 ,
362 2064 550 2103 dysenterieos
561 2067 587 2095 Sc
600 2064 692 2095 alvum
704 2066 788 2095 citam
799 2066 932 2096 emendat
943 2088 950 2100 ,
971 2067 1000 2094 in
1008 2066 1075 2095 vino
1090 2067 1176 2095 auste-

75 2112 108 2170 ἑο
119 2124 127 2138 ,
151 2102 192 2132 bis
204 2103 250 2132 die
270 2110 362 2170 potas.
402 2103 500 2133 Trium
516 2103 667 2141 digitorum
679 2110 793 2141 captum
805 2112 904 2140 vocat,
925 2104 1069 2141 Quantum
1086 2104 1175 2134 tribus

97 2151 102 2169 ι
123 2141 166 2170 itis
179 2150 209 2170 ca
219 2142 241 2169 ni
271 2148 317 2170 ote
343 2164 348 2170 .

61 2151 180 2216 Carinis,
200 2151 396 2217 firopeaptura,
417 2177 464 2208 seu
474 2178 621 2217 Captione.
644 2178 778 2216 Pompon.
792 2179 821 2208 in
838 2178 856 2209 l.
879 2179 939 2209 Nec
949 2180 1066 2217 emptio.
1089 2179 1123 2209 D.
1138 2180 1174 2209 de

75 2216 199 2246 contrah.
211 2218 296 2254 emp't.
338 2217 433 2253 Quum
447 2221 543 2255 captus
554 2217 672 2254 piscium
682 2217 727 2246 vel
738 2217 830 2246 avium
847 2224 992 2247 emeretur.
1035 2218 1067 2247 Et
1084 2217 1173 2248 Valer.

75 2254 153 2285 Max.
170 2264 194 2290 3.
212 2263 235 2290 3.
251 2262 320 2284 extr.
360 2255 448 2284 Virtus
459 2256 487 2283 in
499 2262 582 2292 captu
595 2254 733 2284 bonorum
751 2254 863 2284 suorum
875 2255 926 2285 tibi
943 2255 1054 2294 pondus
1073 2256 1177 2285 exami-

77 2292 202 2359 napdum
212 2293 363 2330 relinquit,
383 2294 415 2322 u't
426 2300 560 2329 quantum
572 2292 660 2322 subire
672 2294 766 2322 animo
775 2292 939 2329 sustinueris,
960 2300 1069 2323 tantum
1080 2300 1176 2324 tecum

77 2340 111 2360 au
124 2340 191 2360 eras.

0 2381 2 2387 ·
26 2366 194 2397 Carrarx
206 2368 282 2402 ‚icis
300 2368 320 2397 f.
339 2375 387 2404 ut,
408 2367 553 2406 Clysteres‚
564 2368 663 2397 virium
675 2369 820 2406 captrices.
840 2367 1006 2398 CzeLAurel.
1018 2369 1174 2407 Acut.².39.

0 2415 3 2418 ’
28 2404 226 2441 CAPTURA,
246 2416 276 2435 επ.
298 2406 316 2435 f.
338 2406 449 2442 [ἔχει]
470 2406 548 2436 Idem
569 2406 644 2442 quod
666 2406 774 2450 Captio.
804 2405 873 2435 Plin.
894 2406 942 2435 lib.
957 2416 999 2442 19.
1017 2416 1111 2445 capa.
1135 2408 1177 2437 Ad

57 2443 173 2481 piscium
185 2445 211 2474 &
221 2443 318 2473 alitum
328 2450 478 2481 capturam.
499 2444 544 2473 Sic
555 2466 562 2477 ,
585 2444 710 2481 Capturae
722 2443 857 2474 interesse.
890 2444 920 2473 V.
944 2455 953 2472 1
964 2453 984 2473 n
994 2454 1014 2473 T
1025 2455 1039 2474 E
1048 2456 1064 2474 R
1073 2455 1085 2474 s
1096 2455 1114 2474 u
1124 2456 1155 2475 M.

57 2481 192 2519 Captura,
214 2491 264 2519 pro
284 2482 324 2511 Re
338 2484 427 2519 capta.
470 2478 537 2511 Plin.
554 2480 602 2510 lib.
618 2492 658 2511 10.
675 2492 735 2520 cap.
749 2493 794 2518 40.
823 2482 914 2512 Platea
928 2483 1018 2520 capita
1031 2492 1175 2521 caprarum

76 2519 167 2549 morsu
179 2520 331 2557 corripiens
341 2542 348 2553 ,
367 2520 460 2549 donec
469 2528 611 2557 capturam
624 2526 798 2557 extorqueat.

0 2571 3 2585 ι
18 2556 21 2571 ’
59 2557 177 2595 Captura
188 2579 195 2591 ,
217 2567 267 2594 pro
278 2557 377 2587 Praeda.
416 2557 483 2587 Plin.
497 2558 544 2586 lib.
560 2567 600 2586 11.
612 2567 672 2595 cap.
683 2567 727 2593 24.
758 2558 855 2595 Quum
865 2567 930 2586 vero
940 2564 1053 2596 captura
1064 2559 1174 2595 incidit,

78 2599 159 2632 quarn
174 2594 292 2633 vigilans
302 2597 329 2625 ἃ
340 2601 449 2632 paratus
461 2595 496 2625 ad
505 2595 613 2624 cursum
627 2597 632 2624 !
658 2596 696 2624 De
705 2606 804 2625 araneo
813 2603 940 2625 venante.

58 2632 184 2671 capturae
191 2634 275 2662 etiam
286 2633 452 2662 dicebantur
462 2633 609 2663 Sordidi&
618 2633 736 2662 obscaeui
748 2634 871 2671 quaestus,
883 2633 928 2663 seu
939 2634 1091 2664 mercedes.
1107 2634 1172 2665 Sen.

75 2671 206 2701 Contrcv.
223 2681 246 2700 1.
260 2681 286 2700 2.
308 2671 410 2700 Manus
424 2678 552 2709 capturas
573 2671 646 2701 tulit.
676 2672 762 2700 modo
783 2672 909 2704 dixerat,
932 2671 1019 2701 Pretia
1031 2672 1115 2710 stupri
1131 2683 1177 2702 ac.

76 2709 178 2746 cepisti.
201 2708 233 2738 Et
244 2709 318 2738 Suet.
332 2708 415 2746 Calig.
427 2719 487 2747 cap.
498 2719 541 2744 40.
564 2707 599 2738 de
615 2709 794 2746 vestigalibus
802 2709 836 2738 ab
846 2719 879 2737 eo
888 2709 1175 2741 foediffimeinstitutis

77 2747 257 2777 &exercitis:
282 2746 320 2776 Ex
337 2747 514 2783 gerulorum,
536 2747 642 2784 inquit,
664 2747 770 2776 diurnis
787 2747 930 2784 quaestibus
945 2769 953 2782 ,
975 2757 1037 2785 pars
1058 2750 1173 2784 octava,

77 2794 111 2814 ex
120 2785 240 2822 capturis
250 2784 455 2822 prostitutarum
467 2790 600 2822 quantuni
610 2795 725 2821 quaeque
736 2794 793 2814 uno
808 2785 961 2814 concubitu
971 2792 1097 2821 mereret,
1118 2787 1175 2816 exi-

78 2822 199 2860 gebatur.
241 2823 272 2852 V.
295 2821 334 2851 ibi
349 2822 465 2852 Casaub.
481 2824 507 2852 ἀ
526 2822 645 2852 Taubm.
670 2824 705 2852 ad
728 2822 812 2859 Plaut.
833 2833 861 2860 p.
876 2833 956 2858 105¹·
979 2824 1025 2861 qui
1047 2824 1175 2856 Mendici

77 2861 161 2889 etiam
171 2861 267 2897 stipem
278 2882 286 2894 ,
312 2862 338 2890 δι
348 2860 513 2890 mercenarii
523 2859 605 2889 vilem
618 2860 806 2890 mercedulam
817 2860 965 2898 significare
976 2867 1100 2891 annotat.
1117 2863 1173 2899 Sic,

26 2932 31 2936 ¹
77 2894 218 2936 lnhpnesti
232 2897 301 2927 lucri
314 2904 426 2935 captura
434 2898 574 2927 invitatus.
598 2898 769 2928 Valenlllax.
783 2908 882 2933 9.4.1.

27 2934 235 2969 Charivus,
257 2946 288 2970 a,
311 2945 368 2965 um.
399 2933 600 2972 [camdus-m,
625 2933 797 2972 διςιἉηπἹΘ]
832 2936 892 2971 Adj.
921 2936 1024 2966 dicitur
1042 2936 1172 2968 Vinctus:

60 2974 132 3011 quod
144 2983 202 3003 non
219 2974 258 3003 sui
273 2974 336 3007 iuris
346 2974 386 3009 fit,
408 2974 455 3003 sed
469 2975 496 3002 in
512 2975 675 3011 potestatem
686 2974 798 3003 alterius
808 2974 943 3003 redac‘ms.
986 2974 1043 3003 Cic.
1056 2983 1080 3009 3.
1091 2975 1173 3005 Tusc.

61 3018 104 3049 54.
126 3011 203 3047 Nec,
226 3011 243 3040 si
254 3012 359 3048 aliquot
369 3012 448 3041 annis
457 3012 516 3049 post
528 3012 605 3041 idem
625 3012 674 3042 ille
689 3012 761 3042 liber
772 3011 889 3050 captivis
906 3011 1001 3041 missus
1011 3012 1095 3049 esset,
1115 3012 1175 3043 vul.

79 3049 189 3079 neribus
200 3049 357 3079 mederetur
366 3071 374 3085 ,
394 3049 442 3079 sed
452 3050 636 3079 cicatricibus.

58 3086 190 3126 CaptiVus
202 3109 210 3123 ,
231 3086 362 3117 absolute.
384 3086 456 3125 Virg.
470 3098 494 3122 9.
508 3087 570 3117 AEn.
584 3092 647 3124 27'3.

248 3140 285 3146 ·—
294 3125 469 3163 captivosque
482 3125 576 3161 dabit,
596 3126 698 3163 suaque
709 3124 840 3155 omnibus
853 3129 937 3154 arma.

59 3154 203 3201 Captivi&
217 3163 346 3193 dedititii.
369 3163 425 3193 cre.
438 3163 472 3192 aa
481 3163 554 3192 Brut.
570 3171 594 3198 ³.

59 3199 139 3237 Frugi
155 3202 180 3230 &
200 3201 356 3238 diligentes.
396 3201 454 3230 Cic.
467 3206 493 3235 8.
511 3201 630 3239 Philipp.
644 3211 687 3231 11.
722 3201 834 3232 Diutius
857 3199 1016 3231 servitutem
1034 3200 1152 3240 perpelli
1165 3223 1174 3238 ,

59 3248 159 3305 Tqugni
169 3239 270 3311 ejiptivi
284 3239 391 3305 frugis&
403 3239 549 3306 dilig6entes
561 3239 658 3269 solent.

86 3286 106 3305 ri
131 3286 161 3305 is.
202 3286 284 3305 uven.
300 3287 342 3305 10.
375 3284 410 3306 at.
427 3287 436 3306 1
479 3299 485 3306 .

59 3314 195 3343 Armenta.
219 3313 316 3344 Claud.
332 3325 355 3344 1.
367 3315 397 3343 in
407 3286 520 3353 Eu3trop.
536 3316 598 3351 14‘7.

59 3351 160 3385 ,Aurum
170 3352 319 3389 captivum.
349 3353 366 3382 i.
379 3363 402 3382 e.
425 3353 553 3390 Captum.
576 3353 651 3383 Curt.
664 3358 689 3386 8.
704 3361 730 3389 7.
746 3362 787 3383 ιι,

59 3387 172 3419 Brachia
183 3390 293 3427 captiva
307 3390 371 3419 dare
381 3391 508 3420 vinculis.
531 3391 594 3421 Sen.
609 3391 700 3422 OEth.
712 3399 739 3421 2.

60 3425 124 3456 lster
133 3428 265 3465 captivus.
287 3428 405 3458 Martial.
419 3428 468 3458 lib.
479 3437 503 3465 7.
516 3437 560 3466 79.

61 3462 152 3494 Mens.
174 3465 258 3495 Ovid.
272 3475 295 3495 1.
311 3467 400 3495 Amor.
414 3476 439 3495 2.
459 3476 503 3503 30.

65 3531 68 3537 ,
139 3502 171 3532 Et
182 3513 254 3532 nova
264 3505 372 3541 captiva
382 3504 494 3534 vincula
506 3510 602 3534 mente
614 3504 710 3534 feram.

62 3538 152 3569 Miles.
183 3540 281 3571 Claud.
293 3551 317 3571 2.
335 3542 364 3570 in
375 3542 488 3580 Eutrop.
506 3548 569 3577 582.

61 3575 145 3607 Navis
154 3579 272 3616 captiva.
313 3579 371 3609 Liv.
385 3589 427 3616 ²3-
441 3587 485 3616 39·
506 3581 548 3609 Ad
566 3579 726 3618 Philippum
745 3578 823 3609 navis
841 3577 968 3617 captiva,
996 3583 1053 3608 ‘una
1069 3578 1173 3616 exiis,

81 3624 140 3652 quae
153 3616 269 3646 Romam
277 3617 361 3646 miffie
373 3624 451 3646 erant
461 3639 469 3652 ,
490 3625 526 3646 ex
540 3618 617 3647 cursu
629 3617 739 3655 refugit.

62 3651 185 3719 {ecuniae
194 3656 308 3691 captivae
317 3656 416 3691 ingens
424 3655 534 3685 modus.
557 3655 633 3685 Curt.
647 3666 670 3691 ς.
685 3660 710 3686 6.
725 3661 751 3690 8.

83 3690 157 3720 isces.
178 3692 260 3721 Ovid.
281 3702 323 3728 13.
338 3693 482 3730 Met-932·
706 3722 707 3725 ,

63 3726 117 3757 Res
128 3750 135 3763 ,
157 3728 196 3758 Ab
208 3730 330 3760 hostibus
339 3737 427 3769 captae
439 3732 579 3761 dicuntur.
601 3729 671 3760 Plin.
683 3729 732 3759 lib.
745 3738 788 3766 33.
805 3738 865 3768 cap.
877 3738 900 3759 1.

62 3764 176 3804 Sanguis
187 3769 326 3805 captivus,
345 3779 396 3806 pro
411 3768 599 3807 Captivorum.
623 3768 694 3806 Virg.
712 3779 752 3796 ιο.
764 3767 826 3797 AEn.
841 3776 903 3802 520.
956 3793 960 3795 .
1091 3805 1094 3806 7

151 3804 323 3842 Captivoque
339 3807 397 3844 rogi
409 3806 558 3844 perfundat
577 3806 708 3843 sanguine
725 3806 859 3835 flammas.
954 3804 1008 3840 Et,
1029 3805 1177 3836 Civitatem

79 3842 214 3878 captivam
227 3843 420 3879 dicitCicero,
444 3845 513 3881 Quae
533 3844 698 3873 nefariorum
722 3846 747 3873 Sc
766 3842 960 3873 sceleratorum
978 3844 1180 3880 conjurationi.

82 3881 131 3908 bus
147 3879 255 3910 subdita
264 3882 311 3910 est.
370 3882 486 3918 [Immo
496 3883 611 3920 Capram
623 3904 630 3916 ,
653 3882 700 3915 nisi
714 3880 802 3910 fallor.

10 3955 17 3960 ·
60 3915 126 3947 Sitis
135 3918 242 3954 captiva
255 3939 263 3953 ,
283 3920 333 3957 'pro
347 3919 538 3958 Captivorum.
559 3919 680 3950 Martial.
691 3918 740 3949 lib.
756 3926 799 3948 ιι.
812 3921 858 3956 97.

117 3954 199 3985 Vor..
240 3955 251 3986 I

1589 104 1617 138 C
1718 106 1742 139 A
1844 107 1866 141 P
2318 121 2387 154 427

1457 194 1561 214 -non
1577 185 1660 213 debet
1672 207 1680 219 ,
1703 185 1842 214 summoto
1850 188 1910 217 cive
1925 210 1932 221 ,
1954 191 2077 218 ministro

1362 222 1504 259 Captivam
1519 223 1614 250 victrix
1627 223 1699 251 unda
1710 222 1799 252 levare
1810 224 1889 254 litim.

1267 258 1353 287 Vestis
1374 261 1492 296 captiva.
1535 260 1643 296 Vir-ga.
1666 261 1727 290 ffin.
1741 266 1803 298 765.
1824 272 1875 299 pro
1898 262 2095 300 Captivorum,
2117 264 2233 302 Captiva
2253 267 2384 298 ponitur:

1288 298 1313 324 ἃ
1327 298 1364 324 est
1377 305 1443 327 nota
1456 298 1591 333 loquutio.
1615 298 1733 327 Servius.
2253 301 2261 303 “

1268 333 1416 370 Captivum
1429 357 1436 368 ,
1457 344 1504 363 aut
1515 336 1659 371 Captivam
1670 336 1770 364 ducere
1781 336 1873 365 alicui.
1897 337 1994 366 Claud.
2005 347 2030 368 2.
2047 338 2082 368 de
2092 336 2172 377 Rapt.
2187 340 2306 378 Proserp.
2320 345 2383 376 264.

1363 371 1462 400 infelix
1475 372 1570 408 Stygio
1582 373 1669 401 ducor
1681 374 1789 410 captiva
1800 374 1942 411 Tyranno.

1269 406 1380 437 Donare
1392 410 1516 446 captivos
1528 409 1661 438 libertate.
1685 412 1759 440 Curt.
1775 422 1798 444 ς.
1814 421 1837 445 3.
1854 422 1895 447 ις.

1269 444 1377 474 Ducere
1389 446 1509 481 aliquem
1520 447 1548 474 in
1559 448 1709 484 triumpho.
1733 448 1791 478 Cic.
1804 449 1913 484 5.Fam.
1933 459 1975 480 ιι.

1269 481 1386 512 Necare.
1409 484 1466 512 (iic,
1484 493 1507 518 3.
1525 484 1560 512 de
1573 485 1635 513 Nat.
1651 485 1787 518 Deor.82.

1269 518 1399 548 Reddere
1410 530 1440 549 ca
1464 522 1546 549 tivos.
1570 522 1627 551 Cic.
1646 523 1761 552 hostie.
1778 529 1821 558 38.

1269 554 1418 596 Redimere
1428 531 1461 586 ab
1470 557 1600 587 hostibus.
1624 560 1723 589 Auctor
1735 561 1769 589 ad
1781 561 1881 591 Heren.
1892 560 1940 591 lib.
1955 572 1980 597 3.
1993 572 2019 593 2.

1232 593 1282 621 CA
1292 603 1305 636 ιζ
1316 604 1334 622 T
1345 605 1352 622 1
1363 596 1425 623 vir
1437 605 1454 623 A
1464 605 1476 623 s
1487 616 1494 627 .
1515 596 1573 624 fitis.
1595 596 1613 625 f.
1646 596 1859 633 [Μ’χιφιλωσ-ἰκ]
1881 599 1938 637 ipsa
1960 599 2119 629 vendicatio
2138 601 2220 639 capti.
2259 601 2348 631 Tacit.
2364 613 2387 637 ς.

1269 631 1337 660 Hist.
1355 641 1444 668 17.pr.
1473 633 1649 670 Quocunque
1670 635 1765 664 oculos
1785 635 1926 667 Romanus
1940 639 2108 674 intenderet,
2131 639 2321 677 captivitatem
2336 639 2390 669 cla-

1268 668 1391 705 demque
1402 691 1410 702 ,
1432 671 1457 698 &a
1467 670 1525 698 dir-21
1535 671 1630 699 omina
1642 671 1788 701 obversari.

1269 705 1430 735 Describere
1441 708 1640 743 captivitatem.
1663 710 1726 738 Sen.
1742 710 1824 746 Epist.
1839 717 1883 748 85.

1269 743 1361 772 Eximi
1374 744 1540 781 captivitatis
1553 747 1741 777 contumeliis.
1762 748 1852 778 Tacit.
1869 759 1910 778 12.
1926 751 1996 780 Ann.
2010 761 2053 786 5¹-
2064 759 2091 781 2.

1269 780 1386 810 Urbium
1396 782 1579 819 captivitates.
1603 783 1692 812 Tacit.
1704 794 1727 819 3.
1745 785 1811 815 Hist.
1825 797 1868 822 70.
1880 799 1906 821 4.

1233 818 1284 848 CA
1295 819 1381 847 rrr'v
1391 829 1408 847 o
1420 841 1428 852 ,
1447 822 1502 848 are.
1525 821 1674 856 Captivum
1686 822 1795 851 ducere.
1817 831 1846 851 ut
1857 824 2021 861 captivandi
2033 825 2180 863 cupiditas.
2204 827 2313 864 August.
2326 826 2386 858 civ.

1270 856 1321 885 Dei
1343 867 1384 885 ιι.
1406 857 1439 886 Et
1451 857 1527 893 Vulg.
1543 857 1657 895 interpr.
1674 859 1754 888 Rom.
1767 870 1848 895 7.23.
1888 863 1960 890 ilinc

1232 893 1256 923 C
1266 903 1284 923 Α
1293 903 1378 923 PTIV
1388 898 1404 922 Ᾰ
1413 904 1432 922 τ
1441 904 1458 922 o
1470 904 1485 922 R
1496 916 1504 929 ,
1524 895 1588 924 oris.
1611 905 1647 924 m.
1672 896 1755 926 Gloss‘.
1767 897 1812 927 Gr.
1821 897 1878 928 Lat.
1909 899 1941 928 Et
1954 900 2060 937 August.
2074 900 2157 938 Epist.
2175 911 2235 939 199.
2263 902 2392 940 Captiva-

1270 939 1344 961 tores
1356 937 1420 961 tuos
1432 933 1457 962 δι
1468 932 1681 970 depraedatores.

1232 969 1256 998 C
1267 979 1285 998 A
1297 979 1311 997 1>
1321 979 1340 997 τ
1350 980 1359 998 ι
1369 978 1442 1010 vAfr
1452 980 1461 998 1
1472 980 1488 998 o
1503 992 1511 1004 ,
1533 971 1603 1000 onis.
1625 972 1643 1000 s.
1676 971 1707 1000 V.
1732 971 1829 1001 Cellar.
1846 973 1936 1002 Antib.
1951 984 1978 1012 p.
1992 985 2034 1010 ις.

1234 1008 1256 1037 C
1267 1017 1285 1035 A
1294 1017 1308 1035 P
1317 1016 1336 1035 T
1345 1017 1363 1036 o
1375 1029 1383 1042 ,
1403 1008 1545 1043 [μάξπἹω.
1562 1006 1667 1045 (jugalia,
1682 1009 1740 1044 9rq90
1749 1009 1810 1036 <adm
1821 1032 1828 1045 ‚
1854 1008 2004 1046 Qffoltssm]
2025 1015 2079 1042 ire.
2100 1012 2236 1050 frequent.
2278 1015 2391 1052 [Signi-

1271 1044 1336 1073 ficat
1350 1066 1358 1079 ,
1381 1045 1495 1080 Venari,
1517 1046 1657 1082 Quaerere,
1679 1049 1793 1077 Sectari.
1839 1047 1986 1085 Potiusque
1997 1049 2215 1081 Desiderarivum
2230 1051 2284 1087 est,
2307 1046 2391 1090 quam

1271 1082 1537 1119 Frequentativum,
1559 1090 1592 1113 ut
1603 1084 1779 1115 observatum
1790 1084 1931 1116 TurntbO.
1957 1087 1986 1115 V.
2010 1088 2080 1118 Voss'.
2102 1090 2137 1119 de
2151 1089 2263 1127 Analog.
2282 1092 2390 1127 3.44.]

1270 1120 1358 1151 Ovid.
1371 1126 1397 1155 8.
1411 1120 1480 1150 Met.
1500 1127 1561 1156 198.

1462 1175 1498 1179 —
1509 1159 1596 1188 modo
1610 1169 1677 1196 quas
1688 1169 1756 1197 vaga
1765 1167 1889 1190 moverat
1900 1171 1978 1197 aura,

1363 1195 1499 1263 ffiffiibat
1508 1196 1617 1234 plumas
1627 1220 1636 1232 ,
1657 1197 1755 1227 flavam
1766 1199 1852 1228 modo
1864 1199 1968 1237 pollice
1979 1209 2071 1230 ceram

1398 1244 1415 1263 o
1440 1260 1442 1262 ,
1470 1241 1504 1263 at.

1270 1270 1430 1302 Adventum
1443 1272 1568 1307 alicujus.
1611 1272 1668 1302 Cic.
1683 1283 1724 1302 10.
1735 1273 1809 1303 Fam.
1825 1283 1868 1310 23.
1893 1273 2015 1311 Lepidus
2027 1275 2171 1313 desperato
2182 1276 2303 1308 adventu
2314 1287 2389 1316 meo,

1290 1319 1373 1347 quern
1382 1319 1440 1338 non
1455 1310 1633 1339 mediocriter
1643 1311 1790 1348 captabat,
1812 1311 1838 1341 se
1851 1322 1915 1342 cum
1928 1314 2049 1343 Antonio
2063 1315 2217 1350 conjunxit.

1270 1348 1368 1377 Aerem
1382 1347 1503 1378 auribus.
1527 1348 1589 1385 Virg
1613 1357 1635 1385 3.
1649 1349 1710 1379 AEn.
1725 1360 1786 1385 514·
1809 1350 1844 1379 de
1858 1350 1994 1380 Palinuro.

1364 1385 1494 1423 Explorat
1504 1392 1602 1415 ventos
1615 1408 1623 1421 ,
1649 1394 1731 1424 atque
1743 1387 1852 1416 auribus
1862 1398 1923 1417 aera
1933 1394 2034 1427 captat.
2117 1389 2250 1420 Naturale
2261 1393 2335 1421 enim
2343 1393 2391 1429 est,

1289 1427 1322 1490 gt
1337 1432 1415 1466 aqua
1425 1431 1502 1461 parte
1515 1424 1629 1454 flaturus
1646 1425 1684 1454 est
1695 1432 1811 1461 ventus,
1833 1426 1868 1455 ad
1888 1435 1950 1455 eam
1967 1427 2039 1456 auris
2060 1426 2174 1457 admota
2190 1429 2316 1466 frigidior
2334 1430 2388 1460 liar.

1309 1471 1407 1490 ervrus.

1270 1497 1385 1535 Aliquid
1395 1506 1507 1536 captare
1519 1499 1669 1529 ominibus.
1710 1500 1728 1529 i.
1744 1510 1768 1530 e.
1796 1500 1840 1537 De
1857 1501 1973 1537 alicujus
1984 1503 2023 1530 rei
2034 1507 2137 1531 eventu
2150 1504 2244 1533 omina
2264 1504 2316 1534 sive
2327 1516 2394 1543 prae-

1290 1535 1362 1572 sagia
1374 1536 1514 1575 colligere.
1547 1538 1622 1566 Suet.
1635 1537 1729 1567 Tiber.
1746 1548 1787 1575 14.
1810 1539 1954 1576 Praegnans
1965 1541 2041 1569 enim
2053 1540 2129 1569 Livia
2140 1562 2148 1575 ,
2169 1550 2233 1570 cum
2243 1552 2278 1571 an
2289 1553 2393 1573 marem

1292 1575 1399 1603 editura
1408 1575 1474 1604 esset
1482 1598 1490 1611 ,
1512 1576 1592 1605 variis
1602 1581 1725 1613 captaret
1735 1577 1878 1606 ominibus
1887 1599 1895 1611 ,
1912 1579 1964 1607 διε.

1270 1611 1465 1642 Assensionem.
1509 1613 1567 1643 Cic.
1582 1623 1605 1642 ι,
1618 1613 1653 1642 de
1665 1613 1772 1644 invent.
1788 1625 1800 1649 ς
1809 1624 1831 1644 ι.
1853 1615 1999 1652 Inductio,
2022 1616 2112 1646 oratio
2124 1617 2162 1646 est
2171 1627 2231 1656 quae
2243 1618 2325 1648 rebus
2335 1629 2394 1648 non

1291 1650 1382 1679 dubiis
1395 1657 1486 1688 captat
1499 1651 1678 1680 aisenlionem
1691 1653 1750 1688 ejus
1765 1653 1811 1689 qui
1823 1674 1831 1688 ,
1850 1654 1903 1682 ἃς.

1272 1687 1372 1717 Auram
1385 1687 1526 1718 libertatis.
1548 1688 1605 1719 Liv.
1618 1698 1643 1725 3.

1271 1725 1356 1754 Auras
1366 1726 1486 1756 naribus.
1512 1725 1585 1764 Virg.
1599 1737 1621 1756 1.
1634 1727 1732 1764 Georg.
1753 1728 1813 1762 139.

1269 1764 1354 1793 -Aura‘s
1366 1773 1476 1801 captare
1489 1765 1621 1794 dicuntur
1629 1765 1750 1794 venatici
1766 1775 1847 1795 canes
1860 1788 1867 1799 ,
1889 1775 1975 1804 quum
1988 1766 2135 1796 odorando
2152 1768 2265 1805 vestigia
2277 1767 2393 1805 sequun-

1290 1808 1333 1830 tur
1344 1801 1470 1831 serarum.
1494 1804 1558 1835 Sen.
1573 1802 1688 1840 Hippoi.
1704 1813 1727 1832 1.
1750 1803 1834 1833 Nunc
1847 1804 1949 1834 dimilii
1963 1815 2029 1834 nare
2039 1805 2131 1843 sagaci
2147 1814 2261 1844 captent
2276 1817 2363 1838 auras.

1271 1837 1356 1868 Basia.
1382 1840 1499 1869 Alarrial.
1514 1840 1562 1869 lib.
1579 1849 1603 1870 1.
1617 1852 1642 1876 4.

1271 1876 1509 1907 Benevolentiam.
1532 1878 1590 1908 Cic.
1607 1888 1629 1908 1.
1648 1878 1683 1908 ad
1695 1878 1796 1909 Heren.
1815 1885 1841 1914 8.

1273 1914 1400 1945 Coenam.
1428 1916 1604 1946 Martiaslib.
1618 1925 1643 1952 7.
1660 1926 1702 1952 19.

1273 1952 1472 1984 Commodum.
1495 1953 1609 1984 Callistr.
1624 1954 1682 1983 inl.
1698 1954 1775 1983 item.
1799 1952 1834 1984 D.
1851 1964 1885 1984 ex
1897 1955 1972 1992 quib.
1987 1955 2058 1985 caus.
2071 1958 2168 1993 major.

1273 1990 1491 2028 Compendium.
1532 1991 1686 2029 Tranquill.
1698 1992 1795 2023 Tiber.
1806 1998 1851 2029 48.
1875 1991 1917 2022 Ex
1931 1993 2007 2023 senio
2017 1997 2136 2025 mortem
2148 2017 2156 2032 ‚
2178 2002 2309 2026 exmorte
2319 2006 2396 2028 com.

1295 2029 1432 2064 pendium
1448 2036 1571 2067 captans.

1271 2065 1434 2096 Consilium.
1458 2067 1523 2097 Ter.
1536 2066 1605 2096 And.
1619 2076 1645 2097 2.
1659 2078 1685 2104 4.
1703 2077 1727 2097 1.

1271 2103 1513 2134 Dominationem.
1533 2105 1625 2135 Tacit.
1637 2116 1662 2142 4.
1680 2106 1751 2136 Ann.
1767 2112 1811 2142 57.
1835 2105 1900 2141 Quo
1913 2106 2038 2136 'facinore
2057 2106 2280 2141 dominatIcnem
2303 2118 2397 2149 capta.

1292 2142 1381 2176 verit,
1402 2143 1559 2180 expediam.

1271 2178 1405 2209 Pavorem
1417 2190 1451 2210 ex
1461 2181 1614 2218 praestantia
1623 2181 1717 2210 animi.
1741 2179 1860 2218 Quintil.
1872 2181 1921 2212 lib.
1933 2185 1958 2212 6.
1975 2192 2037 2220 cap.
2052 2193 2075 2214 1.

1271 2217 1353 2247 Feras
1364 2217 1476 2254 laqueis.
1499 2219 1570 2256 Virg.
1587 2229 1609 2247 1.
1621 2219 1718 2256 Georg.
1737 2229 1798 2254 139.

1272 2254 1368 2292 Frigcs
1378 2256 1450 2284 inter
1461 2256 1576 2285 flumina
1586 2257 1612 2286 8<
1623 2256 1722 2286 fontes.
1745 2257 1819 2294 Virg.
1834 2267 1856 2286 1.
1871 2257 1929 2287 Eel.
1943 2266 1986 2295 53.

1270 2293 1367 2322 Gloria
1385 2300 1519 2331 captatur.
1542 2294 1627 2323 Ovid.
1645 2305 1668 2330 ς.
1685 2295 1766 2324 Trist.
1782 2305 1805 2324 1.
1819 2305 1863 2332 75.

1272 2331 1403 2361 Gratiam.
1429 2332 1497 2361 Plin.
1514 2332 1541 2360 in
1554 2332 1652 2370 Paneg.
2015 2363 2017 2367 ‚

1271 2368 1478 2399 Haereditatem.
1500 2369 1564 2407 Uip.
1575 2371 1605 2398 in
1619 2370 1635 2399 l.
1655 2380 1676 2399 1.
1690 2370 1718 2399 in
1729 2370 1819 2408 princ.
1843 2370 1878 2401 D.
1900 2370 1917 2400 fi
1928 2371 1989 2408 quis
2001 2370 2065 2409 aliq.
2080 2372 2168 2403 bestat.
2185 2374 2293 2412 prohib.

1271 2406 1471 2444 impunitatem
1483 2407 1540 2437 fibi.
1564 2408 1626 2445 Uip.
1639 2407 1697 2437 inl.
1716 2418 1737 2437 1.
1754 2409 1775 2446 ἓ.
1798 2418 1863 2438 cum
1875 2411 1935 2447 quis
1947 2409 2078 2440 latrones.
2100 2411 2135 2441 D.
2156 2411 2191 2441 de
2204 2413 2373 2449 quxstionib.

1271 2444 1502 2475 Misericordiam.
1526 2445 1583 2474 Cic.
1594 2455 1619 2474 2.
1635 2445 1754 2484 Philipp.
1768 2450 1812 2480 86.

1271 2482 1367 2512 Mores
1379 2493 1475 2512 novos.
1504 2483 1589 2512 Plaut.
1599 2483 1676 2512 Trin.
1693 2494 1715 2512 1.
1729 2493 1754 2515 2.
1767 2493 1810 2521 37.

1271 2519 1401 2556 Muscas,
1423 2530 1476 2559 pro
1490 2521 1609 2556 Venari,
1630 2521 1759 2550 insidiari.
1800 2521 1876 2551 Suet.
1896 2522 1926 2551 in
1944 2520 2050 2553 Domit.
2070 2533 2131 2562 cap.
2144 2532 2168 2560 3.
2183 2535 2224 2562 pr.
2257 2526 2393 2563 Quotidie

1290 2558 1425 2588 secretum
1438 2558 1485 2588 fibi
1502 2559 1643 2588 horarium
1660 2559 1767 2588 sumere
1786 2559 1908 2588 solebat:
1931 2571 1984 2590 nec
2002 2562 2152 2599 quicquam
2172 2564 2293 2602 amplius
2313 2575 2395 2603 quarn

1289 2596 1397 2625 muscas
1409 2606 1440 2625 ca
1463 2602 1520 2626 tare
1534 2618 1542 2632 ,
1565 2607 1596 2626 ac
1608 2597 1668 2626 stilo
1678 2605 1818 2634 praeacuto
1832 2598 1981 2636 configere.

1270 2633 1392 2663 Nomen.
1434 2607 1492 2664 gie.
1509 2644 1550 2663 ιι.
1563 2634 1637 2664 Fam.
1645 2647 1671 2670 4.
1696 2634 1849 2672 Progressus
1861 2635 1918 2665 sum
1930 2637 1959 2665 in
1974 2636 2087 2674 Alpinos
2097 2647 2162 2667 cum
2173 2640 2311 2673 exercitu,
2333 2650 2393 2669 non

1271 2704 1274 2707 ‚
1291 2678 1347 2700 tam
1358 2681 1462 2701 nomen
1474 2672 1683 2709 imperatorium
1693 2681 1825 2711 captans,
1846 2683 1930 2710 quam
1948 2677 2065 2713 cupiens
2078 2676 2215 2707 militibus
2230 2678 2392 2708 satisfacere.

1270 2708 1367 2739 Nubes
1380 2711 1507 2739 &inania
1518 2717 1637 2748 captare.
1661 2710 1728 2740 Hor.
1740 2711 1769 2739 in
1785 2713 1845 2740 Arte
1862 2712 1934 2742 Poet.
1948 2722 2012 2747 230.

1351 2748 1404 2777 Aut
1414 2748 1482 2776 dum
1490 2748 1559 2777 vitat
1568 2748 1699 2783 humum,
1720 2749 1810 2778 nubes
1821 2749 1948 2779 &inania
1959 2757 2061 2788 captet.
2155 2752 2174 2782 i.
2188 2761 2212 2782 e.
2235 2753 2276 2782 Ad
2287 2753 2393 2783 coelum

1290 2785 1384 2815 evolet
1397 2795 1403 2815 :
1425 2786 1480 2815 hoc
1491 2786 1529 2814 est
1538 2808 1546 2821 ,
1570 2787 1662 2816 Nimis
1673 2787 1758 2816 ardua
1769 2789 1794 2817 ἃ
1804 2787 1932 2817 sublimia
1943 2789 2081 2818 moliatur.

1269 2823 1395 2853 Obsonia
1406 2830 1525 2861 captare.
1548 2824 1614 2853 Hor.
1627 2834 1653 2853 2.
1666 2824 1752 2854 Serm.
1763 2834 1788 2861 7.
1802 2830 1865 2854 206.

1351 2861 1421 2898 Quae
1432 2872 1517 2899 parvo
1530 2861 1598 2891 sumi
1610 2870 1753 2899 nequeunt
1763 2885 1770 2897 ,
1792 2862 1907 2893 obsonia
1917 2870 2020 2901 captas.

1269 2898 1461 2929 Occasionem.
1500 2899 1558 2929 Cic.
1570 2901 1606 2929 de
1617 2900 1708 2938 Asusp.
1722 2900 1803 2938 Resp.
1820 2911 1863 2936 ςς.
1887 2902 2024 2931 Dissident
2035 2902 2187 2940 principes,
2207 2908 2332 2941 captatur
2345 2913 2392 2933 oc.

1288 2937 1375 2966 calio:
1398 2938 1444 2974 qui
1456 2947 1513 2966 non
1524 2944 1632 2967 tantum
1645 2937 1746 2976 opibus
1758 2938 1870 2975 valent,
1891 2940 1985 2969 nescio
2002 2950 2083 2977 qnam
2103 2941 2241 2971 fortunam
2256 2950 2348 2970 tamen
2360 2951 2392 2972 ac

1288 2981 1399 3012 tempus
1412 2975 1572 3013 expectant.

1268 3012 1438 3042 Occaliones
1449 3014 1585 3048 majorum
1596 3023 1712 3051 operum
1723 3020 1844 3052 captare.
1879 3014 1949 3045 Cels.
1963 3014 2010 3045 lffi.
2025 3025 2047 3049 3.
2061 3025 2122 3053 cap.
2140 3022 2172 3049 18
2194 3026 2232 3053 pr.
2257 3015 2299 3046 De
2309 3017 2390 3054 phre-

1288 3051 1390 3080 niticis.
1435 3052 1522 3087 Atque
1531 3061 1566 3080 ex
1574 3052 1618 3081 his
1627 3052 1689 3090 ipsis
1702 3052 1748 3081 alii
1760 3051 1829 3081 nihil
1844 3053 1891 3081 nili
1912 3055 2018 3090 impetu
2035 3061 2154 3091 peccant
2165 3077 2172 3086 ,
2194 3054 2240 3083 alii
2255 3056 2338 3083 etiam
2351 3065 2391 3084 ar-

1287 3094 1330 3118 tes
1349 3087 1485 3118 adhibent
1498 3110 1506 3122 ,
1536 3089 1725 3127 summamque
1743 3090 1862 3128 speciem
1878 3090 2018 3125 sanis-atis,
2040 3093 2069 3126 ij]
2093 3092 2236 3128 captandis
2252 3093 2390 3123 maiorum

1286 3136 1403 3164 operum
1415 3126 1605 3156 occasionibus
1616 3150 1624 3161 ,
1648 3127 1775 3165 praebent
1785 3150 1793 3163 ,
1814 3128 1860 3157 sed
1872 3129 1946 3157 exitu
1962 3129 2217 3166 deprehenduntur.
2256 3131 2271 3165 [
2284 3130 2390 3160 mirum

1287 3174 1353 3193 vero
1369 3164 1539 3196 Phreniticos
1550 3165 1690 3201 Majorurn
1703 3174 1819 3202 operum
1830 3166 1988 3195 occationes
1997 3173 2106 3203 captare
2121 3189 2128 3197 .
2149 3167 2225 3203 quod
2237 3167 2272 3196 de
2284 3168 2389 3197 Caesare

1285 3202 1362 3238 Julio
1372 3202 1442 3231 dicit
1452 3202 1526 3232 Suet.
1542 3212 1602 3240 cap.
1617 3214 1642 3240 7.
1684 3204 1730 3232 Sic
1742 3213 1835 3233 tamen
1854 3213 1952 3233 omnes
1970 3211 2034 3232 ante
2047 3204 2213 3234 Lindenium
2230 3205 2389 3241 dederunt,

1286 3241 1332 3277 qui
1344 3240 1600 3277 primus‚incertuni
1613 3248 1704 3271 utrum
1716 3251 1750 3270 ex
1762 3241 1860 3271 Mffian
1870 3251 1903 3270 ex
1916 3241 2001 3277 sagaci
2012 3243 2181 3276 coniectura,
2193 3242 2331 3272 Malorum
2340 3254 2389 3281 op.

1285 3278 1523 3307 exhibuit.Solent
1531 3279 1672 3308 enimvero
1684 3279 1850 3308 insanientes
1861 3278 2113 3315 saepillime,callide
2125 3279 2196 3314 satis,
2207 3281 2251 3309 vel
2264 3282 2389 3311 nocendi

1268 3315 1498 3351 ‚custodibusmei
1507 3315 1635 3345 elabendi
1646 3326 1680 3350 ex,
1687 3317 1785 3346 vinclis
1793 3317 1950 3345 facultatem
1959 3317 2159 3352 quaerereflaec
2166 3318 2238 3347 mala
2247 3326 2388 3357 op.vocat.

1266 3353 1356 3383 Pisces
1366 3354 1510 3383 arundine.
1535 3354 1619 3383 Ovid.
1631 3360 1656 3388 S.
1673 3355 1742 3384 [liet.
1756 3364 1819 3390 217.

1267 3391 1387 3421 Plausus.
1430 3391 1487 3421 Cic.
1500 3392 1528 3420 in
1539 3392 1627 3422 Pison.
1640 3396 1684 3421 60.
1707 3392 1801 3421 inania
1810 3391 1872 3420 sunt
1888 3391 1950 3425 ista,
1974 3391 2043 3420 mihi
2060 3393 2160 3428 crede,
2183 3393 2389 3425 delectamenta

1287 3439 1368 3466 paene
1385 3437 1553 3467 puerorum:
1575 3429 1684 3467 captare
1692 3428 1819 3467 plausus,
1842 3428 1906 3458 ve'ni
1917 3438 1967 3466 per
1976 3430 2090 3466 urbem,
2113 3431 2237 3470 conspici
2248 3431 2333 3462 velle.

1268 3459 1374 3496 Puellas
1389 3475 1508 3504 captare.
1531 3467 1614 3496 Ovid.
1629 3480 1649 3496 ι.
1663 3468 1698 3496 de
1713 3469 1772 3495 Arte
1783 3468 1839 3495 Am.
1854 3475 1916 3501 351.

1269 3533 1271 3536 .
1360 3506 1421 3535 Nec
1430 3513 1541 3535 teneras
1553 3512 1644 3534 tutum
1656 3505 1694 3536 est
1706 3503 1813 3541 semper
1826 3511 1936 3541 captare
1950 3503 2064 3542 puellas.

1267 3541 1357 3573 Risus.
1395 3543 1453 3581 Cic,
1469 3553 1493 3572 2.
1509 3542 1590 3572 Tusc.
1605 3552 1647 3579 17.
1679 3540 1815 3579 Epicurus
1832 3551 1898 3571 vero
1912 3551 1944 3571 ea
1954 3543 2023 3572 dicit
2034 3564 2043 3579 ,
2064 3549 2096 3573 ut
2106 3543 2177 3574 mihi
2191 3545 2304 3582 quidem
2320 3546 2389 3577 risus

1268 3611 1270 3613 ,
1287 3588 1399 3619 captare
1410 3581 1545 3610 videatur.
1685 3610 1688 3614 ,

1267 3618 1431 3650 Sermonem
1442 3618 1568 3652 alicuius.
1608 3616 1673 3646 Ter.
1686 3615 1793 3646 Phorm.
1810 3628 1833 3651 ς.
1849 3621 1874 3647 6.
1889 3627 1934 3652 29.

1362 3657 1489 3685 Animam
1503 3655 1659 3692 compreiii,
1680 3665 1772 3683 aurern
1785 3655 1912 3685 admovi:
1935 3655 1972 3684 ita
1984 3656 2109 3686 animum
2120 3659 2194 3695 coepi
2204 3659 2349 3689 attendere
2359 3682 2368 3694 ,

1359 3695 1421 3724 Hoc
1430 3694 1524 3732 modo>
1532 3692 1687 3721 sermonem
1699 3700 1822 3730 captans.
1916 3693 1991 3722 conf·
2016 3696 2122 3730 Aerem,
2137 3698 2276 3728 Sonitum.
2292 3698 2387 3727 Voces.

1267 3732 1446 3764 solitudines.
1490 3730 1547 3759 Cic.
1564 3739 1586 3765 3.
1601 3730 1681 3759 Tusc.
1694 3736 1736 3759 ὃς.
1761 3730 1801 3759 Ex
1812 3731 1866 3760 hoc
1877 3731 1971 3760 evenit
1981 3754 1989 3767 ,
2008 3734 2081 3762 utin
2092 3733 2177 3763 animi
2188 3735 2330 3764 doloribus
2341 3735 2388 3763 alii

1286 3770 1449 3800 solitudines
1460 3775 1575 3804 captent
1586 3789 1594 3797 .
1618 3776 1648 3795 ut
1661 3768 1698 3797 air
1713 3768 1851 3798 Homerus
1862 3769 1897 3798 de
1915 3769 2131 3806 Bellerophonte
2142 3794 2149 3806 ,
2167 3774 2216 3802 &c

1267 3809 1397 3841 Somnos,
1409 3806 1543 3835 Dormire.
1553 3804 1689 3834 Coiumel.
1702 3805 1782 3842 lib.7.
1791 3816 1851 3844 cap.
1861 3817 1899 3835 io.
1912 3807 2136 3846 prodiisti-mque
2149 3811 2176 3838 in
2186 3809 2282 3846 pascua
2295 3810 2388 3839 medio

1287 3845 1596 3883 camp01>rocurnbat,&
1608 3844 1727 3880 quodam
1737 3852 1850 3874 veterno
1861 3844 1990 3882 pressum,
1998 3845 2109 3876 somnos
2122 3848 2211 3876 festivo
2222 3847 2276 3876 siffe
2286 3854 2387 3885 captet.

1269 3885 1398 3915 Sonitum
1408 3891 1472 3911 aure
1482 3882 1602 3910 admota.
1642 3882 1695 3910 Liv⁴
1713 3882 1759 3911 lib.
1775 3888 1817 3917 ³8-
1829 3893 1889 3920 cap.
1902 3893 1927 3918 7.
1960 3883 2077 3914 Silentio
2092 3886 2165 3915 fatto
2183 3885 2308 3923 pluribus
2322 3886 2390 3914 locis

1289 3930 1354 3952 aure
1365 3921 1478 3951 admota
1494 3918 1616 3949 sonitum
1626 3919 1796 3951 fodientium
1808 3921 1965 3957 captabant.

1791 3958 1875 3988 Hhh
1903 3969 1920 3989 2
2259 3959 2393 3997 Suffragia
