2600 4177
489 98 520 132 C
619 99 656 134 O
751 97 784 133 T

96 177 207 214 inines,
226 179 436 210 Alimilitudine
454 180 591 209 vermium
608 179 686 216 ligno
702 180 860 216 editorum,
883 180 930 218 qui
942 179 1008 210 com
1021 178 1205 218 appellantur.

104 215 171 245 Haec
183 217 238 247 ille.
280 218 362 248 Unde
371 221 397 247 ἅ·
407 218 593 251 Colliitiorum
604 217 710 246 familia
721 217 795 256 apud
807 218 948 248 Romanos
958 219 1031 247 dicta
1043 218 1089 246 est.

47 252 70 282 C
80 263 95 281 o
105 264 137 282 ss
148 265 200 290 its,
221 265 277 284 um.
298 266 335 286 m.
358 256 395 293 pl.
416 255 490 293 apud
503 252 622 284 Plinium
636 255 736 290 legitur
756 255 805 284 lib.
819 265 862 290 ιο.
874 266 935 293 cap.
952 266 993 290 η.
1015 254 1108 284 Cosses
1122 276 1131 289 ,
1160 253 1208 290 qui

87 291 114 318 in
127 291 203 328 ligno
215 293 378 327 nascuntur,
399 292 494 321 sanant
507 292 600 320 ulcera
608 293 712 322 omnia.
737 292 768 323 V.
790 293 889 331 Scalig.
903 295 937 322 ad
949 293 1014 323 Fest.

50 326 139 371 Coss
149 339 166 357 u
177 339 249 359 'rrffl
263 330 408 359 Tabernae.
448 330 486 365 Q.
507 329 568 358 Cic.
584 333 626 359 16.
644 330 716 359 Fam.
729 340 774 366 27.
790 338 859 360 extr.
884 331 954 361 Nam
965 331 1005 359 isti
1019 330 1074 359 duo
1089 330 1135 358 vix
1148 328 1212 357 sunt

86 365 184 402 digni,
206 368 306 404 quibus
317 368 394 397 alteri
406 366 547 396 Caesenam
562 389 570 401 ,
591 368 670 397 alteri
683 368 906 398 Cossutianarum
923 368 1101 397 tabernarum
1113 366 1213 396 sunda-

88 410 183 433 menta
194 406 298 434 credas.
338 405 432 441 Quem
444 404 540 434 locum
551 404 588 434 sic
599 407 717 443 exponit
726 406 875 436 Turnebus
886 428 893 440 ‚
915 405 1080 436 Cossutianae
1090 404 1212 433 tabernae

86 440 275 472 Coffutiorum
285 442 362 471 fuere
373 464 381 476 ‚
403 448 451 471 aut
459 443 545 472 etiam
556 442 684 473 Coffutiae
694 466 702 479 ,
724 453 807 481 quam
824 444 872 473 fibi
889 450 1053 481 praetextato
1069 441 1214 479 desponsa-

86 483 143 508 tam
155 480 243 509 (.Iaesar
253 501 261 513 ,
281 486 313 508 υ.
323 481 348 509 81
358 489 374 508 a
384 480 520 509 Suetonio
531 481 649 510 relatum
658 482 697 510 est
706 504 714 515 ,
735 481 846 511 dimisit.
883 482 1018 511 Dicuntur
1028 486 1122 510 autem
1141 487 1171 509 ut
1187 480 1214 508 &

88 516 211 546 Caeditiae
222 517 342 546 tabernae
352 518 428 554 apud
440 518 557 547 Festum.
598 519 640 548 De
654 519 765 549 Caesena
776 541 785 554 ,
806 520 869 548 vide
883 519 931 549 suo
945 519 1018 548 loco.

51 551 100 582 Co
111 564 123 582 s
133 564 179 583 TA
188 576 196 587 .,
217 564 248 583 ae.
271 554 290 583 f.
311 552 462 591 [manvi]
484 556 558 585 Nota
568 556 665 587 dictio.
687 557 773 587 Plaut·
782 556 879 587 Pseud.
894 567 919 587 1.
929 566 956 587 2.
967 567 993 593 4.
1014 556 1056 586 Ita
1071 554 1159 593 plagis
1169 563 1216 584 co-

88 591 133 621 stae
143 591 248 622 callent
280 592 353 630 Virg.
366 603 388 622 1.
400 593 501 631 Georg.
512 603 577 629 273.

167 629 247 666 Saepe
259 629 323 659 oleo
337 632 410 660 tardi
423 632 508 661 costas
516 633 634 669 agitator
646 632 739 667 aselli,

89 666 276 733 Clitelll'ilibus
288 675 335 698 aut
343 676 440 699 onerat
449 670 551 708 pomis.
634 670 690 701 Ubi
706 670 818 701 Servius
829 691 838 706 ‚
857 671 911 700 Aut
926 678 1020 700 revera
1037 667 1131 699 Costas
1141 689 1149 704 ‚
1170 674 1218 698 aut

187 715 223 734 as.

88 741 332 781 Diriperetergora
342 745 431 774 costis.
453 744 527 782 Virg.
544 754 567 774 1.
580 745 643 775 AEn.
655 753 688 774 21
696 755 719 780 ς.

89 778 179 810 Exuta
190 781 293 811 vellera
306 783 387 812 costis
398 782 497 813 leonis.
519 782 605 812 Ovid.
618 793 643 818 9.
662 783 746 820 Epist.
767 791 830 811 111.

90 817 182 848 Fricat
191 819 287 849 arbore
303 821 401 850 costas.
427 821 501 858 Virg.
515 829 540 855 3.
554 820 654 859 Georg.
668 825 733 857 25⁶·
755 820 790 850 de
799 819 857 850 sue.

89 855 217 886 Onerare
228 857 316 901 costas
328 858 412 888 aselli.
443 858 474 888 V.
496 857 586 896 supra.

90 893 202 932 Ruptae.
221 895 297 939 'Virg.
310 907 336 931 4.
350 896 448 934 Georg.
463 899 526 931 556-

90 931 251 962 Transabut
264 934 334 963 ensis
343 934 441 963 costas.
462 934 531 964 Stat.
542 943 569 963 2.
583 933 676 964 Theb.
689 943 716 969 9.

90 969 223 1001 Transadi
246 972 265 1000 it
274 971 344 1001 ensis
354 972 469 1001 adactus
478 972 575 1001 costas.
597 971 668 1008 Virg.
681 982 708 1007 9.
720 971 782 1002 ffin.
793 979 859 1008 432.

92 1007 182 1038 Costae
194 1031 202 1045 ‚
223 982 328 1038 {arinis
337 1010 481 1039 interdum
494 1009 558 1040 sunt
570 1019 603 1039 ea
612 1009 770 1053 S-tatumina
780 1011 806 1040 &
815 1009 993 1053 firmamenta
1005 1030 1013 1044 ‚
1034 1008 1135 1046 quibus
1144 1008 1225 1038 tabu-

110 1045 200 1077 larum
208 1056 359 1085 compages
368 1048 563 1078 connee‘titut:
586 1054 617 1078 ut
627 1057 657 1077 in
667 1057 741 1084 equo
753 1047 879 1083 TrOJano
889 1055 966 1077 canit
980 1046 1054 1083 Virg.
1065 1057 1090 1076 2.
1103 1047 1165 1077 [En.
1179 1050 1222 1076 16.

286 1101 324 1106 —
339 1085 465 1122 sectaque
478 1086 610 1115 intexunt
618 1085 710 1115 abiete
719 1085 815 1115 costas.
897 1086 916 1114 i.
930 1095 955 1114 e.
977 1084 1133 1114 statumina
1146 1085 1226 1114 tabu-

109 1120 151 1151 las
158 1130 320 1188 cquinexura
329 1124 404 1153 intus
417 1124 548 1154 intexunt
562 1124 588 1153 ei
598 1123 685 1162 operi.
725 1124 771 1154 Sic
782 1123 863 1153 Costa
875 1145 884 1160 ,
905 1123 984 1154 Ratis
1001 1122 1099 1153 lacerae
1109 1132 1125 1153 a
1136 1122 1225 1153 Persio

91 1169 185 1241 <32⁵3ss
195 1161 472 1229 nziztti'irumssusgiihblib
485 1207 527 1236 13.
539 1207 601 1236 cap.
613 1207 640 1234 9.
670 1199 690 1229 i.
701 1207 726 1228 e.
750 1198 857 1229 Latera.

92 1235 183 1266 Aheni
195 1237 284 1267 costae.
306 1237 379 1276 Virg.
394 1247 420 1274 7.
437 1236 500 1267 AEn.
512 1240 578 1272 463.

93 1273 175 1303 Costa
182 1276 287 1305 montis
295 1297 303 1311 ‚
325 1275 408 1305 Latus
418 1274 531 1304 montis.
554 1273 623 1303 Pers.
641 1283 666 1302 1.
684 1273 740 1303 Sat.
754 1284 802 1310 95.

175 1312 222 1342 Sic
232 1314 336 1343 costam
345 1313 431 1350 longo
442 1311 625 1342 subduximus
636 1312 795 1349 Apennino.
878 1312 896 1342 i.
907 1322 932 1342 e.
953 1311 1101 1342 Subtiliter
1118 1311 1228 1342 abstuli-

109 1359 177 1380 mus
188 1352 336 1389 Apennino
345 1350 511 1389 particulam
522 1349 604 1378 dorso
614 1349 660 1379 seu
677 1350 744 1386 jugo
762 1350 943 1386 continuam,
964 1350 1033 1379 sicut
1050 1350 1124 1379 costa
1141 1350 1180 1379 est
1198 1350 1229 1379 in

56 1425 83 1457 c
115 1397 233 1434 corpore
244 1389 376 1420 humano.
386 1387 560 1456 Hinqiyulgo
570 1388 691 1433 dicimus
700 1391 738 1415 La
747 1389 806 1424 coste
816 1389 883 1455 fesga
894 1396 1036 1423 montagne‚
1048 1390 1074 1418 &
1086 1390 1128 1454 UG
1138 1387 1227 1424 costau.

89 1436 182 1531 ‘3235
184 1436 330 1503 1ἷῖἑέρἓ
350 1427 693 1508 ἓὲἲρέ.ἐέ,.ἕρῗέῗῖ”ἔὲἑ
699 1426 1230 1501 {0t2z0‘101235ffufsse‘33'}12052‘213:

57 1512 204 1584 0113ὲέ18111
213 1504 284 1584 ἔξω
291 1503 618 1576 Ipnggudsspscentes
627 1540 700 1570 circa
711 1539 838 1570 Maeotim
849 1539 1007 1570 incolentes
1017 1561 1025 1575 ‚
1046 1548 1164 1577 quarum
1173 1548 1231 1569 me-

99 1586 184 1608 minit
194 1577 298 1609 Plinius
312 1579 360 1609 lib.
372 1582 399 1608 6.
417 1588 479 1618 cap.
490 1587 517 1615 7.

57 1615 214 1646 Cos'run
224 1638 233 1652 ‚
255 1617 274 1647 i.
296 1628 324 1647 n.
346 1617 392 1647 vel
413 1617 511 1647 Cosa*
521 1625 578 1651 us,
598 1616 617 1646 i.
640 1616 660 1645 f.
682 1611 798 1651 [κὲςῶε]
816 1615 914 1645 Herbae
926 1624 1021 1653 genus.
1043 1614 1112 1644 Plin.
1129 1614 1229 1645 libas.

98 1663 160 1722 52.
178 1664 219 1684 12.
242 1655 334 1699 Radix
344 1655 412 1723 clpsti
422 1655 500 1723 gugu
513 1654 624 1721 fervegs
632 1675 640 1689 ‚
662 1653 749 1683 odore
760 1654 866 1697 eximio
876 1675 895 1721 ,p
904 1654 1004 1720 frptice
1015 1652 1080 1720 aliaAs
1090 1652 1192 1720 iliqautili.
1211 1691 1230 1698 ..

158 1702 307 1723 aemenium
317 1704 351 1723 co
378 1704 435 1723 um.
485 1703 525 1722 or.
555 1715 562 1722 .
608 1701 675 1722 arm.
690 1702 714 1720 1.
764 1714 770 1721 .
800 1702 817 1720 i.
831 1701 855 1721 e.
898 1701 926 1721 er
938 1700 1027 1721 icum:
1081 1700 1096 1720 c
1118 1700 1232 1721 aernenu

119 1731 195 1760 enim
207 1731 290 1762 Persae
301 1732 369 1762 dieti
379 1753 387 1767 ,
408 1732 442 1761 ab
456 1702 623 1761 Achaehiene
633 1739 708 1767 rege.
724 1702 813 1759 ⁴U4nde
824 1729 938 1759 Costum
948 1730 1033 1758 venit.
1057 1729 1154 1758 Acron.

62 1767 87 1798 C
95 1768 113 1798 ὅ
122 1771 160 1798 εἴ(
170 1779 187 1797 ir
196 1778 215 1798 A
226 1791 235 1804 ,
258 1769 302 1799 vel
324 1769 345 1799 C
353 1779 370 1798 o
380 1779 392 1800 s
400 1780 419 1799 u
430 1779 447 1798 a
457 1779 477 1798 A
487 1791 496 1804 ‚
517 1777 548 1798 ae.
571 1768 592 1796 f.
613 1769 629 1804 [
642 1767 760 1804 κόπρῳ]
780 1767 871 1797 Insula
881 1769 920 1797 eit
934 1768 1016 1796 maris
1030 1766 1232 1796 Mediterranei

99 1816 188 1845 prope
203 1808 322 1837 Africam
333 1830 342 1842 ,
363 1808 409 1837 cui
419 1808 512 1837 vicina
522 1806 562 1836 est
573 1805 677 1835 Gaulos
688 1827 696 1839 ,
718 1807 745 1835 &a
758 1805 866 1836 Melita.
889 1807 991 1836 Auitor
1001 1805 1172 1844 Pomponius
1181 1805 1231 1835 lib.

101 1854 129 1875 2.
140 1855 166 1881 7.
188 1847 215 1875 &
227 1845 294 1875 Plin.
305 1845 355 1875 lib.
370 1856 394 1878 ς.
410 1855 471 1884 cap.
485 1854 510 1881 7.
532 1844 618 1874 Ovid.
629 1853 654 1880 3.
671 1843 737 1873 Fast.
752 1847 814 1881 5⁶7·

179 1883 292 1914 Fertilis
303 1884 343 1913 est
353 1883 453 1914 Melite
463 1905 473 1919 ,
492 1882 577 1912 sterili
586 1883 680 1911 vicina
688 1881 796 1919 Cosyrae

235 1921 326 1952 Insula
335 1944 344 1957 ‚
366 1932 449 1959 quam
458 1921 556 1959 Lybici
567 1920 693 1949 verberat
700 1921 776 1950 unda
787 1919 860 1950 freti.

61 1959 87 1990 C
97 1960 114 1989 6
124 1968 136 1989 s
144 1969 165 1988 v
173 1968 189 1988 R
200 1970 210 1988 1
222 1982 231 1996 ‚
251 1969 342 1989 orum.
364 1970 401 1989 m.
424 1956 570 1996 [Κοσύςοι]
590 1958 710 2001 Scythiae
717 1958 816 1996 populi
827 1980 836 1995 ‚
857 1958 892 1988 ab
903 1957 1019 1989 Emodis
1029 1957 1174 1989 montibus
1186 1965 1234 1996 pa-

104 2007 168 2028 rum
183 1997 333 2036 distantes,
353 1997 389 2029 de
400 1997 502 2036 quibus
512 1996 582 2027 Plin.
592 1996 642 2026 lib.
657 2000 683 2026 6.
696 2005 758 2034 cap.
773 2005 816 2034 17.

503 2061 533 2096 C
625 2060 661 2096 Ο
756 2059 788 2095 T

65 2108 230 2139 CorANA
242 2131 252 2146 ,
281 2110 314 2140 V.
335 2118 503 2141 coToNA.

67 2147 245 2177 CoTAssrA
257 2170 266 2183 ,
287 2148 319 2179 V.
341 2158 417 2178 cos.

62 2185 90 2214 C
97 2189 115 2215 ὃ
125 2194 167 2215 'rii
175 2195 188 2215 s
197 2207 205 2221 ,
227 2184 356 2224 [κώπας]
375 2187 405 2216 in
416 2185 586 2217 Mauritania
600 2184 770 2214 occidentali
781 2188 915 2214 extrema.
949 2183 981 2214 V.
1003 2183 1093 2214 Strab.
1107 2183 1158 2213 lib.
1171 2191 1199 2220 7.

63 2223 88 2253 C
97 2227 144 2254 ὅτ
154 2233 174 2252 Η
183 2233 199 2252 o
209 2234 229 2253 N
239 2246 248 2261 ,
267 2225 340 2255 onis.
359 2224 378 2254 f.
400 2224 526 2261 [Kei9w]
548 2222 644 2253 Insula:
657 2223 764 2260 exiguae
779 2232 886 2252 nomen
896 2244 904 2259 ,
925 2232 986 2259 quae
999 2221 1086 2260 Byrsae
1097 2221 1238 2260 Carthagi-

102 2261 240 2292 niensium
252 2264 309 2293 arci
317 2262 494 2299 subjacebat,
518 2262 619 2299 Euripo
629 2262 803 2290 circumdata
817 2261 1052 2297 circumquaque,
1074 2260 1180 2289 navalis
1196 2259 1238 2288 rei

104 2299 184 2330 usum
194 2301 330 2338 praebens.
353 2302 453 2330 Auctor
461 2299 550 2330 Strab.
560 2299 607 2329 lib.
623 2308 664 2336 ¹7·
675 2299 788 2329 Servius
796 2308 863 2328 vero
873 2299 902 2328 in
910 2298 980 2328 illud
992 2298 1063 2335 Virg.
1071 2309 1092 2327 1.
1106 2297 1204 2333 JEn43
1213 2307 1238 2327 1.

156 2337 212 2368 Hic
221 2346 318 2377 portus
329 2339 376 2369 alii
386 2338 525 2368 effodiunt
537 2347 544 2368 ε
573 2337 670 2366 Portus
681 2346 764 2366 manu
776 2337 862 2366 factos
877 2337 1019 2366 Cothonas
1034 2336 1127 2366 vocari
1139 2335 1237 2365 afferit.

105 2375 150 2406 Est
160 2377 186 2406 ἃ
197 2376 309 2406 Cothon
318 2399 325 2413 ,
347 2377 442 2407 Genus
451 2375 546 2415 poculi
558 2375 652 2405 fictilis
662 2397 670 2408 .
692 2384 809 2413 parvum
823 2375 937 2412 quidem
946 2396 954 2409 ‚
976 2374 1023 2403 sed
1035 2374 1158 2403 militurn
1177 2372 1239 2402 usui

123 2414 443 2445 accommodatissimum
454 2436 463 2450 ,
484 2420 515 2444 ut
531 2414 608 2451 quod
619 2413 697 2442 nullo
709 2414 824 2451 negotio
836 2413 931 2450 gestari
944 2411 1052 2450 posset,
1073 2413 1100 2442 ἃ
1121 2412 1153 2441 in
1171 2420 1239 2450 pera

124 2453 238 2482 militari
250 2453 430 2483 circumferri.
455 2453 587 2482 Auctores
599 2451 698 2482 Suidas
712 2452 738 2481 &
751 2451 900 2481 Athenaeus
911 2450 961 2481 lib.
977 2459 1021 2481 11.

107 2490 224 2521 C5thon
235 2489 359 2528 [Κόθυν]
371 2491 409 2521 est
418 2491 475 2520 Viri
485 2500 591 2520 nomen
601 2489 676 2528 apud
687 2489 734 2520 Sil.
746 2493 772 2519 6.
787 2494 850 2525 358.

189 2531 366 2566 Ante‚omnes
377 2530 476 2559 doetus
490 2528 582 2567 pelagi
595 2529 743 2565 refiorque
754 2528 855 2557 carinae

189 2567 309 2606 Puppim
319 2574 397 2606 aptat
405 2567 572 2604 clavumque
587 2566 708 2596 Cothon.
792 2565 826 2594 Et
834 2574 861 2594 2.
877 2567 940 2600 164.

71 2606 95 2636 C
104 2607 121 2636 ὅ
130 2615 150 2635 τ
159 2615 179 2635 Η
189 2616 207 2635 u
218 2616 234 2635 11
243 2616 262 2635 Ν
272 2616 290 2635 u
298 2615 311 2635 s
320 2628 329 2642 ‚
348 2607 366 2635 i.
387 2615 425 2635 m.
448 2603 615 2642 [η’θυςνῶι]
635 2603 773 2633 Cothurni
787 2602 851 2633 sunt
867 2602 1063 2632 Calceamenta
1077 2601 1222 2632 venatoria
1231 2623 1241 2639 ‚

110 2654 189 2674 crura
200 2654 311 2682 quoque
318 2644 470 2673 vincientia
481 2652 488 2672 t
511 2652 630 2679 quorum
640 2642 729 2680 quivis
741 2648 822 2680 aptus
834 2641 872 2671 est
884 2641 993 2678 utrique
1004 2640 1079 2678 pedi.
1104 2639 1173 2670 Haec
1182 2640 1243 2670 Ser-

109 2683 171 2712 vius
181 2683 216 2711 ad
231 2692 254 2712 1.
267 2682 329 2712 AEn.
344 2691 407 2719 341·
417 2681 448 2711 V.
461 2681 560 2711 Erasm.
571 2681 650 2710 infra.
673 2679 732 2710 Cic.
746 2689 769 2715 3.
781 2680 817 2709 de
828 2680 886 2708 Fin.
897 2683 943 2714 46.
966 2678 1002 2708 Ut
1014 2679 1031 2707 li
1044 2677 1243 2709 cothurnilaus

108 2720 157 2750 illa
166 2720 234 2750 effet
243 2742 252 2756 ,
273 2720 308 2750 ad
319 2720 422 2758 pedem
439 2725 503 2757 apte
521 2719 674 2748 convenire
683 2740 692 2753 ‚
712 2727 804 2755 neque
822 2717 906 2747 multi
925 2717 1057 2747 cothurni
1076 2717 1174 2754 paucis
1194 2726 1243 2747 an-

109 2764 314 2797 teponerentur
324 2780 332 2794 ,
354 2767 408 2787 nec
424 2757 545 2792 majores
555 2756 721 2786 minoribus.

109 2797 264 2827 Cothurnis
274 2795 440 2826 succinctus.
462 2795 596 2825 Patercul.
609 2795 656 2824 lib.
670 2804 696 2824 2.
708 2799 753 2827 8²-
766 2799 836 2822 extr.
859 2792 955 2822 De‘M.
971 2792 1101 2823 Antonio.

108 2835 287 2870 Cofflurnus,
307 2834 536 2864 Calceamentum
551 2833 724 2863 sublevatum
734 2831 847 2861 subere:
871 2840 927 2869 quo
939 2830 1069 2860 mulieres
1081 2829 1243 2868 grandiores

128 2878 289 2912 appareant.
311 2872 414 2908 Juven.
426 2875 452 2902 6.
464 2872 521 2901 Sat.
535 2881 597 2908 ςος.

384 2926 422 2931 -
434 2910 600 2947 breviorque
608 2909 721 2939 videtur

204 2947 319 2986 Virgine
328 2947 454 2985 Pygmaea
466 2970 474 2983 ,
495 2947 579 2978 nullis
592 2948 689 2984 adjuta
703 2945 858 2976 cothurnis.

203 2986 327 3016 Puniceo
338 2986 420 3016 stabis
430 2985 503 3016 suras
511 2987 619 3016 evindta
631 2985 780 3015 cothurno.

110 3025 271 3056 Cothurnos
288 3024 445 3054 induebant
461 3024 599 3062 tragoedi,
620 3032 706 3060 quum
730 3023 759 3051 in
780 3021 890 3051 theatro
907 3020 1029 3051 fabulam
1046 3020 1133 3050 acturi
1152 3025 1240 3050 erant.

131 3062 276 3131 Ungelpro
286 3062 350 3101 ipsis
366 3062 512 3101 Tragoedis
522 3084 531 3099 ‚
552 3063 579 3093 &
587 3071 639 3100 pro
651 3060 715 3090 Alto
726 3060 842 3090 dicendi
854 3068 957 3097 genere
968 3059 1153 3097 accipiuntur.
1165 3057 1242 3096 Virg-

152 3124 158 3131 .
194 3110 209 3130 c
224 3123 229 3130 .
243 3110 285 3130 10.

130 3107 149 3136 8
191 3136 257 3168 Sola
266 3137 433 3176 Sophoclaeo
440 3143 487 3168 tua
496 3137 620 3167 carmina
628 3136 714 3175 digna
723 3135 873 3165 cothurno.

192 3176 277 3207 Hunc
285 3176 359 3206 socci
368 3186 469 3214 cepere
481 3176 583 3214 pedem
594 3197 602 3209 ,
623 3173 795 3212 grandesque
806 3173 948 3203 cothurni.

112 3215 285 3253 Cecropius,
305 3214 541 3252 StilusTragicus.
565 3213 632 3243 Hor.
646 3222 673 3242 2.
687 3212 778 3241 Carm.
795 3221 819 3240 1.
834 3220 879 3240 12.
1172 3247 1178 3255 .

112 3253 192 3321 Βὸῐο
202 3253 342 3282 cothurno
350 3252 466 3283 reserare
475 3250 581 3289 aliquid
591 3273 599 3288 ,
616 3251 635 3280 i.
644 3261 669 3281 e.
686 3250 866 3288 Tragoediam
874 3258 1046 3287 componere
1055 3248 1092 3279 de
1102 3258 1132 3278 re
1143 3247 1244 3286 aliqua.

162 3292 219 3321 vid.
253 3314 259 3320 .
278 3292 370 3321 Amor.
384 3301 406 3320 1.
457 3314 462 3319 .
585 3304 589 3307 >

112 3300 305 3369 Sophoci³aeus.
329 3301 451 3359 Martiis
459 3328 508 3358 lib.
523 3338 548 3364 ς.
561 3336 605 3362 31.
623 3328 650 3357 &
662 3325 736 3364 Virg.
745 3331 772 3361 8.
785 3325 879 3362 Eclog.
894 3334 939 3355 1ο.

113 3368 235 3406 Tragici.
260 3367 327 3397 Hor.
341 3376 364 3396 1.
379 3366 466 3396 Serm.
479 3377 501 3401 ς.
514 3369 560 3402 64.

111 3406 214 3437 Innixa
229 3404 424 3442 inusatragicis
434 3404 588 3434 cothurnis.
610 3402 694 3432 Ovid.
707 3412 734 3437 4.
753 3401 789 3431 de
800 3401 879 3431 Pont.
894 3403 938 3430 16.
953 3409 1004 3435 41.

115 3444 230 3481 Nitique
238 3443 385 3473 cothurno.
409 3442 476 3471 Hor.
486 3443 515 3471 in
524 3442 585 3471 Arte
594 3441 671 3470 Poet.
683 3446 748 3474 ²80-

116 3481 247 3512 Herculis
258 3481 421 3520 personam,
442 3481 468 3510 8<
479 3479 632 3510 cothurnos
644 3478 800 3508 infantibus
811 3482 916 3513 aptare.
939 3476 1060 3513 Quintil.
1072 3474 1123 3506 lib.
1135 3477 1163 3505 6.
1182 3484 1244 3515 cap.

138 3529 162 3549 1.
181 3518 389 3548 Proverbialiter
402 3518 489 3552 dixit,
510 3527 561 3556 pro
569 3527 604 3547 eo
619 3517 696 3554 quod
706 3516 744 3545 est
756 3514 901 3553 applicare
913 3524 971 3543 non
984 3514 1190 3543 convenientia.

116 3556 278 3588 Versatilior
287 3557 436 3586 cothurno.
477 3556 611 3593 Adagium
626 3577 635 3590 ,
656 3555 732 3592 quod
744 3553 867 3590 usurpari
888 3551 956 3581 solet
975 3552 1005 3581 in
1024 3552 1179 3581 Hominem
1199 3561 1249 3588 pa-

137 3604 200 3625 rum
213 3595 385 3624 constantem
396 3617 403 3629 ,
422 3593 585 3630 lubricaque
595 3592 651 3622 fide
659 3614 668 3628 ,
688 3598 736 3621 aut
746 3592 792 3629 qui
801 3593 914 3620 incertae
927 3591 952 3620 δι
963 3590 1093 3628 ancipitis
1103 3589 1142 3618 est
1152 3589 1248 3619 faetio-

137 3633 198 3663 nis:
218 3632 400 3662 fimilitudine
415 3633 497 3661 dudla
512 3641 527 3660 a
539 3630 729 3661 calceamento
741 3629 817 3667 quod
830 3628 918 3657 Graeci
939 3627 1044 3664 269³ng
1058 3649 1065 3662 ,
1087 3627 1177 3656 Latini
1189 3637 1249 3657 mu-

137 3677 196 3701 tata
206 3670 328 3700 litterula
339 3671 516 3700 Cothurnum
524 3676 644 3704 vocant,
666 3678 721 3704 quo
731 3677 791 3697 mos
811 3673 869 3696 erat
884 3666 1134 3736 wgoediarum
1149 3665 1250 3695 astori-

135 3708 198 3739 bus.
239 3708 303 3738 Erat
311 3715 405 3738 autem
417 3707 655 3746 quadrangulum,
677 3707 703 3735 Sc
717 3704 845 3735 utrilibet
858 3714 892 3734 co
972 3704 1032 3733 iens
1053 3704 1137 3746 pedi,
1159 3703 1248 3747 quod:

138 3757 194 3783 que
202 3746 247 3776 vel
257 3748 356 3775 dextro
366 3747 411 3776 vel
425 3746 527 3775 linistro
537 3751 647 3782 poterat
656 3743 875 3773 accommodari.
915 3742 1014 3771 Suidas
1022 3741 1100 3770 addit
1110 3741 1249 3777 ejusmodi

137 3784 219 3815 fuiffe
233 3807 241 3820 ,
262 3791 307 3851 1111ἓ
300 3785 364 3814 viris
374 3785 477 3822 pariter
485 3793 517 3814 ac
525 3783 689 3813 mulieribus
699 3787 874 3819 congrueret.
896 3780 973 3818 quod
982 3780 1095 3809 testatur
1105 3778 1177 3809 illud
1188 3779 1249 3809 Ma-

137 3833 216 3854 ronis
235 3833 256 3852 1.
310 3832 336 3851 u.
347 3832 410 3857 34¹-

200 3860 360 3898 Virginibus
372 3860 465 3898 Tyriis
473 3869 534 3890 mos
544 3858 582 3888 est
592 3858 693 3895 gestare
706 3857 863 3896 pharetram
874 3877 882 3891 ,

201 3898 399 3936 Purpureoque
415 3898 470 3928 alte
489 3898 561 3927 suras
582 3897 687 3925 vincire
705 3895 856 3924 cothurno.
937 3891 1130 3922 Theramenes
1156 3892 1252 3922 rhetor

139 3936 310 3970 Atheniensis
321 3958 330 3973 ,
349 3937 459 3968 Prodici
467 3936 531 3968 Chii
541 3934 708 3974 discipulus,
729 3940 878 3972 propterea
895 3938 1010 3962 vocatus
1020 3930 1059 3961 est
1068 3929 1232 3961 Cothurnus
1241 3951 1251 3966 ,

937 2944 1012 2982 Virg.
1026 2953 1052 2982 7.
1071 2943 1130 2974 Ecl.
1145 2952 1190 2981 3²-

926 3134 992 3164 Hor.
1004 3135 1033 3164 in
1041 3134 1105 3164 Arte
1118 3133 1245 3168 Poet.80.

1045 3173 1082 3202 de
1098 3171 1207 3202 lambo.

1673 89 1703 123 C
1799 91 1834 125 Ο
1932 90 1964 125 T
2370 101 2440 137 709

1324 173 1400 211 quod
1412 171 1485 209 quasi
1498 171 1608 201 duabus
1621 169 1727 200 sederet
1735 170 1825 206 sellis,
1847 171 1924 200 idem
1937 173 1963 200 δι
1973 170 2071 208 populi
2085 193 2093 205 .
2113 172 2139 201 Sc
2159 172 2271 207 triginta
2281 175 2370 204 virum
2380 186 2442 213 par-
2472 196 2476 197 ν

1325 211 1542 240 tihusstudens:
1566 216 1594 238 ut
1607 218 1682 238 nunc
1693 209 1793 245 hujus,
1815 219 1891 238 nunc
1911 209 1985 238 illius
2002 209 2130 238 factionis
2151 212 2205 239 elle
2221 213 2376 248 videretur,
2397 213 2442 242 vel

1328 251 1423 286 potius
1434 248 1583 284 utriusque.
1624 247 1701 277 Male
1713 247 1990 276 audiithocnomine
2001 246 2112 276 Marcus
2129 248 2211 276 etiam
2232 249 2351 279 Tullius.
2392 251 2442 280 Ni-

1330 286 1369 315 hil
1381 294 1471 314 auten:
1483 293 1574 319 vetat,
1596 295 1651 321 quo
1667 285 1759 315 minus
1771 285 1901 323 adagium
1917 286 1947 314 in
1962 285 2065 313 bonam
2086 285 2207 313 trahatur
2224 294 2345 322 partem:
2370 295 2400 317 ut
2423 288 2442 318 ii

1332 325 1391 360 quis
1406 325 1551 353 hominem
1562 323 1690 352 facilibus
1703 323 1845 358 moribus,
1867 325 1893 353 &
1912 323 2033 360 quadam
2051 322 2157 359 ingenii
2173 322 2354 359 dexteritate.
2375 335 2458 355 cumv

1329 362 1584 397 quovishominum
1597 370 1697 396 genere
1707 367 1929 400 congruentem,
1950 358 2056 395 κέῗυςνιν
2073 359 2205 397 appellet.
2225 370 2307 396 quani
2330 363 2366 391 ob
2379 373 2444 392 cau.

1331 399 1388 427 sam
1409 399 1547 428 Homerus
1566 397 1687 436 Ulyssem
1700 400 1848 433 γηλόφων
1872 399 1962 433 dixit,
1983 397 2060 436 quod
2074 397 2199 434 quamvis
2213 398 2360 435 personam
2378 407 2444 438 apte

1331 445 1438 473 gereret
1448 459 1455 470 ,
1476 437 1557 465 ducis
1568 457 1576 469 ,
1599 437 1722 465 mendici
1735 459 1743 472 ,
1764 437 1979 474 patrisfamilias.
2003 434 2104 465 Erasm.

1275 472 1350 503 Co'r
1360 484 1378 503 Η
1390 485 1405 503 υ
1419 484 1433 502 it
1445 484 1464 502 N
1474 477 1488 502 λ
1502 483 1520 502 1·
1531 484 1548 502 υ
1558 483 1569 501 s
1581 494 1589 508 ,
1609 483 1640 507 a,
1662 483 1719 503 uni.
1742 475 1804 508 Adi.
1827 471 2013 511 [κοῖοςνωτδς]
2033 472 2212 503 Μ311ἰῑ11.1111.
2225 483 2249 509 ς.
2261 483 2286 507 ς.

1393 512 1506 555 Grande
1515 511 1673 540 cothurnati
1685 522 1760 549 pone
1770 513 1896 542 Maronis
1907 521 1987 550 opus.
2066 511 2096 541 h.
2108 520 2134 541 e.
2164 510 2286 541 Grandia
2302 512 2329 542 δι
2342 512 2397 542 alta
2406 511 2448 541 1ο-

1314 556 1435 585 quentis.

1316 586 1383 616 Deae
1403 587 1584 616 cothurnatae.
1607 586 1692 616 Ovid.
1705 597 1730 621 ς.
1741 586 1808 617 Fast.
1822 593 1886 623 ³48·

1316 626 1414 654 Sermo
1426 625 1618 654 cothurnatus.
1643 624 1768 654 Macrob.
1782 626 1892 655 Saturn.
1909 634 1934 663 7.
1951 636 1976 661 ς.

1317 661 1409 692 Vates.
1432 663 1517 692 Ovid.
1532 671 1557 691 2.
1574 664 1663 691 Amor.
1679 668 1721 696 18.
1737 668 1779 697 ¹8.

1278 699 1301 730 C
1310 709 1328 729 o
1338 709 1357 727 T
1367 710 1386 728 Η
1398 710 1415 729 u
1426 710 1441 729 a
1451 710 1470 729 N
1479 709 1527 729 Αἰ·
1536 709 1559 733 it,
1578 700 1644 729 Adv.
1668 700 1799 738 Compar.
1824 701 1959 730 Ammian.
1974 705 2019 734 28.
2035 709 2058 729 r.
2081 699 2155 730 Cum
2166 700 2360 730 cothurnatius
2373 699 2450 730 stilus

1317 738 1483 775 procederet
1494 737 1672 774 lacrymosus.
1710 738 1740 766 V.
1761 738 1800 767 ibi
1814 738 1960 767 Valesium.
2001 738 2054 767 Alii
2071 737 2169 773 legunt
2181 739 2392 768 Cothurnarius.

1279 775 1303 805 C
1313 786 1330 804 o
1341 784 1359 803 r
1367 785 1386 803 H
1399 786 1414 804 u
1424 786 1440 804 R
1449 785 1469 804 N
1479 785 1498 804 A
1508 785 1528 803 T
1539 785 1548 802 1
1557 785 1574 803 o
1585 796 1594 809 ,
1615 775 1686 804 onis.
1712 776 1732 804 f.
1753 776 1873 806 Tertull.
1887 776 1947 805 adv.
1960 775 2070 805 Valent.
2082 786 2141 814 cap.
2162 786 2204 813 ¹3·
2215 785 2286 806 extr.
2310 776 2368 806 Alia
2376 782 2453 806 trans

1319 813 1449 850 liparium
1461 813 1640 843 cothurnatio
1650 813 1697 841 est.
1738 813 1821 850 Quasi
1831 824 1846 843 a
1856 813 1944 843 verbo
1959 814 2143 843 Cothurnare.

1282 851 1305 881 C
1313 853 1332 880 ὁ
1342 860 1360 878 τ
1370 860 1387 879 Η
1396 855 1413 879 si
1423 861 1437 879 R
1448 861 1466 880 υ
1475 861 1487 880 s
1497 873 1505 886 ,
1527 848 1690 887 [x65s3&-]
1711 851 1834 880 Hesiodo
1845 862 1863 880 ε.
1875 861 1937 886 302.
1951 851 2054 881 dicitur
2064 852 2152 882 Fucus
2165 851 2221 880 sine
2229 851 2327 881 aculeo
2338 868 2348 882 ‚
2368 861 2454 889 quem

1320 889 1409 917 cauda
1423 889 1534 918 videtur
1545 888 1685 917 occultare
1695 911 1704 923 ,
1726 889 1754 917 id
1766 889 1806 918 est
1817 888 1915 917 κώθων
1929 888 1956 917 όν
1965 890 1996 926 τῇ
2007 886 2064 927 ‘'wi‘-
2087 889 2127 919 Ex
2139 889 2204 919 Caei.
2215 889 2265 919 lib.
2278 899 2301 926 3.
2313 899 2373 928 cap.
2387 899 2433 927 30·

1283 926 1413 956 Corma
1433 927 1535 965 Alpes,
1557 925 1590 955 V.
1614 935 1791 957 cornus.

1283 965 1510 999 Co'ricucA,
1533 963 1563 993 V.
1587 973 1658 993 cos.

1274 1003 1307 1032 =C
1316 1012 1333 1030 o
1344 1011 1364 1029 T
1375 1012 1384 1030 1
1394 1011 1408 1030 a
1417 1012 1450 1030 rtr
1460 1024 1468 1037 ,
1487 1011 1578 1032 orum.
1601 1012 1639 1032 m.
1660 1002 1734 1032 inter
1755 1001 1953 1032 celeberrimos
1967 1002 2090 1040 Scythiae
2104 1002 2226 1041 populos
2240 1009 2422 1034 numerantur
2439 1013 2457 1034 a

1322 1039 1392 1069 Plin.
1407 1039 1454 1069 lib.
1467 1043 1494 1070 6.
1511 1049 1543 1070 ca
1567 1062 1572 1069 .
1590 1050 1599 1069 1
1626 1062 1632 1069 .

1284 1077 1470 1113 Corium,
1490 1049 1621 1114 quagivisl
1633 1087 1649 1107 a
1670 1078 1767 1115 Quoto
1787 1079 1815 1108 &
1837 1077 1890 1107 Die
1910 1087 1976 1108 com
1998 1084 2117 1114 01131111,
2149 1088 2200 1117 per
2218 1088 2236 1107 c
2255 1080 2282 1109 δι
2295 1088 2354 1108 11011
2371 1088 2421 1116 per
2435 1090 2461 1115 Q

1321 1115 1502 1145 scribendum
1517 1115 1571 1144 eise
1586 1116 1701 1152 quidam
1711 1138 1720 1151 ,
1740 1122 1773 1146 ut
1788 1115 1950 1145 ViCtorinus
1991 1126 2006 1145 e
2028 1117 2237 1154 orthographia
2248 1139 2256 1151 ,
2277 1117 2437 1146 existimant
2447 1139 2458 1153 ,

1322 1155 1387 1190 quia
1396 1160 1472 1182 tanta
1481 1153 1520 1182 est
1536 1153 1656 1183 affinitas
1671 1154 1742 1183 inter
1754 1163 1772 1183 c
1788 1155 1815 1184 &
1832 1165 1870 1190 Q,
1891 1160 1922 1183 ut
1940 1164 1968 1190 Q
1979 1155 2009 1183 in
2023 1164 2041 1183 c
2055 1155 2154 1183 mutari
2167 1154 2250 1184 facile
2268 1156 2404 1192 patiatur,
2426 1161 2459 1185 ut

1322 1192 1430 1228 Sequor
1441 1213 1448 1226 ‚
1471 1191 1600 1228 secutu83
1623 1191 1748 1228 Loquor,
1770 1192 1897 1228 locutus,
1920 1191 1993 1228 Quis
2003 1213 2011 1227 ‚
2032 1193 2121 1228 cujus.
2163 1192 2244 1221 Unde
2265 1192 2384 1229 Quintil.
2406 1193 2458 1223 lib.

1327 1240 1351 1259 1.
1371 1229 1490 1259 Institut.
1513 1229 1666 1267 Frigidiora
1677 1230 1718 1260 his
1730 1230 1784 1259 alia
1793 1252 1801 1265 ,
1823 1236 1855 1259 ut
1875 1230 2018 1268 Quicquid
2028 1251 2036 1265 ‚
2056 1240 2075 1259 c
2093 1236 2219 1267 quartam
2237 1230 2321 1260 habet
2333 1252 2341 1266 ‚
2361 1240 2398 1260 ne
2418 1231 2462 1261 in.

1323 1274 1464 1305 terrogare
1474 1267 1516 1297 bis
1525 1268 1685 1297 videremur
1697 1278 1704 1297 ;
1724 1269 1751 1298 &
1764 1268 1876 1297 Cotidie
1886 1290 1894 1303 ,
1914 1278 1974 1297 non
1987 1267 2126 1304 Quotidie
2140 1289 2148 1303 ‚
2169 1274 2200 1297 ut
2215 1268 2246 1297 sit
2257 1269 2336 1305 Quot
2349 1269 2460 1300 diebus.

1325 1306 1429 1336 Verum
1441 1305 1565 1342 haecJam
1576 1306 1648 1335 inter
1660 1306 1728 1344 ipsas
1737 1306 1857 1344 ineptias
1867 1312 2051 1335 evanuerunt.
2093 1305 2126 1335 V.
2149 1316 2195 1342 qu
2203 1316 2221 1334 o
2229 1316 2249 1334 T
2258 1317 2267 1334 ι
2275 1316 2294 1335 D
2303 1317 2312 1335 1
2322 1316 2345 1335 13.

1288 1343 1477 1379 COTHAA,
1498 1354 1529 1373 ae.
1550 1344 1569 1373 f.
1592 1343 1692 1373 Insula.
1713 1343 1824 1374 Festus:
1847 1344 1958 1374 Cotiliae
1971 1344 2048 1374 lacus
2063 1343 2231 1381 appellatur,
2253 1344 2462 1381 quodineoest

1327 1381 1416 1412 insula
1426 1382 1529 1412 Cotilia
1543 1382 1687 1411 nominata
1698 1392 1713 1411 a
1725 1381 1837 1411 Graecis.
1873 1381 1903 1411 V.
1926 1381 2027 1419 Scalig.
2043 1383 2069 1411 &
2087 1381 2185 1411 Dacer.

1288 1420 1313 1450 C
1323 1423 1339 1450 δ
1348 1430 1368 1449 T
1376 1431 1386 1450 1
1397 1430 1416 1449 Ν
1426 1431 1450 1449 m
1461 1442 1469 1456 ,
1489 1421 1505 1456 [
1512 1417 1632 1456 itmz‘mq]
1654 1420 1768 1449 Montes
1779 1419 1895 1457 quidam
1906 1419 2011 1449 suntin
2023 1419 2156 1458 Hispania
2171 1419 2273 1450 Baetica
2284 1442 2292 1456 ,
2313 1421 2343 1450 in
2360 1420 2464 1457 quibus

1330 1468 1366 1488 aes
1378 1468 1433 1488 una
1444 1459 1566 1496 gignitur
1576 1459 1602 1487 &
1613 1467 1719 1487 aurum.
1741 1459 1845 1488 Auctor
1856 1458 1954 1488 St‘rabo
1966 1458 2014 1487 lib.
2030 1466 2054 1493 3.

1291 1496 1485 1532 C6TiNus,
1507 1496 1525 1526 i.
1547 1496 1565 1525 f.
1587 1496 1732 1532 [xo'maee]
1764 1495 1882 1525 oleastri
1901 1505 2009 1533 genus,
2038 1505 2094 1534 quo
2117 1494 2326 1534 Olympionicae
2346 1505 2465 1527 corona.

1329 1535 1438 1564 bantur.
1477 1534 1586 1563 Aristot.
1609 1532 1770 1566 Φιλοςὲφοινον
1780 1534 1913 1572 appellat.
1925 1556 1932 1564 .

1330 1573 1375 1602 Est
1386 1576 1412 1602 &
1425 1573 1517 1602 frutex
1527 1572 1583 1601 hoc
1595 1573 1711 1601 nomine
1732 1572 1761 1600 in
1782 1573 1951 1609 Apennino,
1972 1571 2009 1601 ad
2027 1571 2199 1601 lineamenta
2215 1571 2302 1601 modo
2321 1571 2467 1610 conchylii

1350 1611 1445 1640 colore
1457 1610 1577 1649 insignis.
1599 1611 1701 1639 Auetor
1712 1609 1783 1639 Plin.
1795 1609 1842 1639 lib.
1856 1613 1897 1639 16.
1912 1619 1973 1647 cap.
1989 1615 2031 1643 18·

1292 1649 1317 1679 C
1327 1651 1344 1679 ὅ
1354 1659 1373 1678 1·
1383 1660 1392 1678 i
1403 1659 1423 1678 N
1432 1659 1452 1678 υ
1462 1658 1495 1678 ss
1505 1659 1523 1677 A
1534 1670 1543 1684 ,
1561 1658 1592 1678 ae.
1614 1647 1635 1677 f.
1657 1647 1749 1677 Insula
1758 1670 1767 1684 ,
1788 1648 1818 1676 in
1828 1657 1881 1685 qua
1895 1649 1973 1685 prius
1986 1647 2052 1677 urbs
2066 1647 2188 1677 Gadium
2205 1648 2267 1677 fuit.
2307 1647 2349 1677 De
2364 1648 2417 1678 hac
2431 1649 2469 1679 lic

1331 1687 1401 1717 Plin.
1414 1686 1464 1717 lib.
1478 1697 1506 1722 4.
1520 1695 1582 1724 cap.
1592 1695 1638 1715 22.
1660 1685 1784 1715 Vocatur
1792 1686 1827 1715 ab
1837 1686 1950 1724 Ephoro
1965 1687 1991 1715 &
2002 1685 2159 1721 Philistide,
2181 1685 2311 1724 Erythea,
2332 1696 2347 1715 a
2357 1686 2467 1717 Timaeo

1332 1724 1484 1761 &Silenm
1505 1723 1700 1762 Aphrodisias,
1720 1724 1756 1753 ab
1768 1724 1910 1762 indigenis
1922 1724 2051 1760 Junonis.
2092 1723 2230 1759 Maiorem
2247 1724 2371 1753 Timaeus
2388 1725 2468 1754 Coti.

1330 1763 1438 1793 nulsam
1448 1763 1522 1798 apud
1529 1772 1579 1792 eos
1590 1769 1716 1791 vocatam
1728 1762 1767 1791 ait
1777 1784 1785 1797 7
1807 1762 1892 1791 nostri
1909 1761 2055 1792 Tartesson
2074 1761 2219 1800 appellarit
2230 1785 2236 1796 ,
2260 1762 2339 1791 Poeni
2358 1762 2446 1793 Gadir
2456 1785 2467 1799 ,

1333 1802 1370 1830 ita
1386 1801 1488 1832 Punica
1499 1801 1594 1839 lingua
1603 1800 1698 1838 sepem
1710 1800 1893 1837 significante.
1933 1800 1973 1830 Al.
1996 1807 2127 1837 corrupte
2141 1799 2302 1830 Continusa.

1294 1839 1318 1870 C
1328 1844 1345 1870 ὅ
1355 1850 1372 1868 r
1380 1851 1389 1869 1
1399 1850 1411 1869 s
1422 1850 1439 1869 c
1448 1841 1465 1869 ὅ
1476 1850 1491 1867 1.
1501 1850 1510 1868 1
1518 1850 1543 1867 AE
1552 1861 1559 1874 ,
1581 1838 1788 1875 [Ka-nomadas]
1810 1838 1959 1877 Oppidum
1978 1838 2017 1867 est
2036 1838 2203 1867 Sabinorum
2212 1860 2222 1873 ‚
2243 1839 2272 1867 in
2291 1848 2347 1875 quo
2361 1838 2470 1876 frigidae

1331 1888 1408 1915 aquae
1420 1877 1502 1913 sunt,
1522 1886 1559 1906 ex
1576 1875 1678 1913 quibus
1696 1877 1743 1913 qui
1761 1882 1914 1915 perpotant
1925 1898 1934 1912 ,
1955 1875 1999 1905 vel
2016 1876 2046 1905 in
2065 1875 2120 1906 illis
2138 1876 2302 1914 aliquandiu
2312 1876 2410 1906 sedent
2421 1900 2430 1915 ,
2450 1887 2468 1908 a

1331 1916 1437 1946 morbis
1447 1914 1662 1953 quamplurimis
1669 1921 1810 1944 curantur.
1832 1915 1935 1944 Auc'tor
1948 1914 2045 1944 Strabo
2056 1913 2104 1944 lib.
2118 1925 2144 1950 ς.

1295 1954 1345 1985 Co
1355 1965 1374 1983 τ
1384 1957 1395 1983 i
1404 1964 1417 1984 s
1425 1963 1472 1983 oN
1482 1975 1490 1989 ,
1512 1953 1576 1983 onis
1589 1954 1614 1982 &
1626 1953 1710 1983 ontis.
1731 1952 1816 1990 Regis
1826 1952 1960 1983 Getarum
1969 1962 2075 1981 nomen
2085 1952 2162 1990 apud
2172 1952 2249 1982 Suet.
2263 1953 2329 1989 Aug.
2342 1961 2396 1990 cap
2422 1957 2470 1985 62.

1334 1992 1466 2022 Horatius
1477 1991 1585 2021 Dacum
1597 1997 1680 2020 vocat
1691 1999 1716 2027 3.
1732 1990 1823 2020 Carm.
1834 1996 1861 2026 8.
1875 1996 1918 2025 ¹8·
1940 1991 2018 2028 quod
2030 1989 2107 2020 Getae
2117 2000 2134 2021 a
2147 1990 2279 2021 Romanis
2291 1990 2360 2020 Daci
2369 1991 2472 2029 appel-

1334 2031 1474 2065 larentur,
1495 2035 1528 2059 ut
1540 2029 1611 2058 dicit
1622 2028 1692 2058 Plin.
1704 2039 1731 2064 4.
1743 2038 1787 2064 14.

1293 2069 1475 2103 CoroNA,
1496 2066 1541 2097 vel
1557 2067 1766 2102 CocroNA,
1786 2065 1840 2095 {ive
1859 2065 1990 2096 Corvo
2002 2075 2071 2096 NA:
2103 2071 2135 2096 ut
2151 2065 2198 2095 alii
2210 2065 2311 2096 volunt
2323 2088 2332 2101 ‚
2354 2066 2471 2097 corr.

1332 2117 1381 2136 NA
1392 2128 1400 2142 ,
1422 2105 1583 2135 velCocT
1595 2106 1639 2134 RN
1650 2114 1688 2141 A,
1707 2104 1759 2134 sive
1771 2104 1975 2140 Corum,
1997 2107 2087 2134 6111111.
2107 2114 2136 2134 n.
2158 2104 2196 2142 pl.
2219 2103 2367 2140 [nd-Ham]
2388 2105 2471 2136 Ficus

1333 2153 1426 2183 parva:
1436 2153 1533 2181 genus.
1562 2142 1631 2172 Plin.
1640 2142 1689 2172 lib.
1703 2151 1746 2180 13.
1760 2152 1821 2180 cap.
1834 2153 1859 2178 ς.
1880 2142 1959 2180 Syria
1969 2143 1999 2170 in
2012 2141 2132 2171 ficorum
2145 2151 2248 2180 genere
2259 2141 2345 2172 habet
2355 2144 2472 2180 caricas,

1336 2185 1363 2214 ἃ
1375 2183 1499 2212 minores
1510 2182 1570 2217 eius
1581 2180 1692 2218 generis
1701 2202 1709 2216 ‚
1731 2190 1793 2218 quae
1804 2186 1907 2209 cotona
1923 2185 2033 2209 vocant.
2055 2179 2176 2210 Martini.
2186 2179 2234 2209 lib.
2245 2188 2272 2216 7.
2287 2189 2329 2215 52.

1432 2220 1572 2255 Parvaque
1581 2228 1646 2248 cum
1657 2219 1735 2247 canis
1744 2225 1884 2248 venerunt
1892 2224 1994 2247 cotana
2001 2218 2108 2255 prunis.
2205 2219 2223 2247 A
2232 2219 2344 2248 Corone
2356 2219 2425 2249 urbe
2435 2219 2474 2250 sic

1334 2258 1485 2298 appellata.
1507 2256 1693 2287 Scribendum
1702 2256 1786 2295 igitur
1795 2255 1906 2286 Cotona
1918 2255 2035 2294 simplici
2048 2264 2077 2285 τ.
2102 2255 2181 2286 idem
2192 2255 2312 2286 Martial.
2321 2256 2471 2295 lib.13.28.

1413 2296 1481 2326 Haec
1494 2295 1546 2324 tibi
1555 2304 1616 2331 quae
1629 2300 1703 2324 torta
1713 2301 1850 2323 venerunt
1857 2293 1972 2323 condita
1980 2299 2091 2330 menta,

1468 2333 1497 2363 Si
1508 2333 1615 2369 majora
1629 2332 1723 2362 forent
1734 2333 1850 2362 coctana
1861 2353 1870 2366 ‚
1891 2331 1962 2361 ficus
1970 2337 2037 2361 erat.

1528 2386 1566 2391 —
1576 2380 1632 2408 quo
1641 2380 1731 2408 pruna
1739 2372 1764 2400 &
1772 2371 1891 2399 coctana
1902 2375 1998 2399 vento.

1336 2417 1383 2447 33.
1398 2411 1424 2440 &
1435 2409 1529 2439 Barth.
1542 2408 1576 2438 ad
1588 2408 1654 2438 Stat.
1665 2408 1732 2438 silv.
1743 2418 1771 2445 p.
1784 2418 1849 2444 419.

1297 2448 1432 2479 CoroN
1443 2457 1486 2477 izA
1496 2469 1504 2483 ‚
1530 2456 1561 2477 ae.
1584 2446 1603 2476 f.
1624 2444 1771 2483 [σύμφυσιν
1786 2444 1917 2480 meeber]
1938 2455 1954 2474 a
1970 2443 2085 2474 Venetis
2103 2444 2178 2475 dieta
2195 2445 2250 2475 fuit
2261 2446 2365 2481 herba,
2386 2456 2473 2484 quam

1336 2485 1408 2515 Galli
1427 2489 1520 2513 Harum
1532 2484 1679 2523 appellant
1691 2506 1698 2519 ‚
1718 2483 1814 2513 similis
1835 2483 1944 2513 Cunilae
1961 2483 2075 2512 bubulae
2085 2505 2093 2520 ,
2113 2488 2172 2512 tota
2193 2484 2309 2513 odorata
2319 2506 2327 2520 ,
2349 2485 2473 2522 capitula

1335 2524 1442 2554 habens
1451 2523 1542 2562 thymi
1554 2545 1564 2558 ,
1587 2522 1677 2552 dulcis
1685 2522 1824 2559 alioqui&
1833 2521 1905 2551 fitim
1913 2520 2023 2552 sedans.
2044 2521 2076 2550 V.
2099 2521 2169 2551 Plin.
2182 2521 2229 2551 lib.
2239 2526 2284 2552 26.
2301 2532 2363 2560 cap.
2374 2532 2401 2558 7.

1299 2562 1530 2596 ΟὸτὸΝιιυΜ,
1552 2562 1570 2590 i.
1590 2570 1620 2590 n.
1642 2554 1795 2596 [κνδὶῖνιον]
1815 2560 1913 2590 Genus
1930 2559 2020 2597 pon-ii.
2061 2559 2131 2589 Plin.
2148 2559 2198 2589 lib.
2214 2571 2254 2596 ις.
2277 2570 2339 2598 cap.
2355 2570 2396 2590 11.
2420 2561 2473 2592 His

1337 2601 1466 2639 proxima
1476 2599 1665 2638 amplitudine
1673 2597 1745 2627 mala
1753 2607 1814 2635 quae
1824 2607 1958 2629 vocamus
1966 2604 2087 2627 cotonea
2100 2619 2110 2633 ,
2132 2599 2158 2627 ἀ
2170 2597 2259 2627 Graeci
2267 2599 2396 2636 cydonea
2405 2621 2413 2633 ,
2434 2609 2472 2630 ex

1338 2639 1421 2668 Creta
1439 2637 1527 2667 insula
1538 2637 1663 2667 advet‘ta.
1683 2637 1845 2666 incurvatos
1860 2636 1977 2666 trahunt
1993 2645 2103 2666 ramos:
2125 2636 2335 2673 prohibentque
2349 2637 2475 2668 crescere

1337 2682 1494 2715 parentem.
1534 2675 1615 2705 Plura
1629 2684 1728 2704 eorum
1739 2683 1850 2712 genera.
1891 2674 1934 2703 De
1948 2674 2005 2703 hoc
2014 2673 2096 2712 plura
2109 2674 2175 2704 vide
2184 2674 2260 2712 apud
2277 2674 2367 2705 Ruell.
2379 2675 2428 2706 lib.
2446 2686 2473 2707 1.

1341 2724 1405 2753 cap.
1417 2723 1462 2751 7²-
1505 2713 1768 2744 V.sTRuri-11A.

1301 2753 1324 2784 C
1335 2763 1352 2782 o
1360 2763 1380 2782 τ
1388 2763 1408 2781 T
1419 2763 1439 2781 A
1449 2773 1458 2788 ,
1480 2762 1511 2782 ae.
1534 2751 1554 2781 f.
1575 2751 1724 2789 Oppidum
1736 2750 1806 2779 olim
1816 2750 1870 2780 fuit
1878 2750 1907 2779 in
1919 2748 2088 2780 Mauritania
2097 2771 2106 2785 .,
2126 2749 2198 2779 ultra
2209 2749 2357 2780 columnas
2367 2751 2474 2782 Hercu.

1339 2791 1373 2820 lis
1383 2791 1464 2820 situm
1473 2812 1481 2826 ,
1503 2799 1581 2820 nunc
1591 2789 1629 2819 est
1639 2788 1725 2826 Tingi
1738 2812 1747 2824 ,
1766 2789 1910 2826 quondam
1921 2787 1954 2818 ab
1967 2788 2220 2818 Antaeoconditum
2229 2810 2238 2823 ,
2260 2789 2354 2826 postea
2365 2799 2381 2819 a
2391 2789 2475 2820 Clau-

1339 2829 1389 2897 {libo
1400 2828 1504 2858 Caesare
1517 2850 1526 2863 ,
1546 2837 1633 2866 quum
1642 2827 1786 2857 coloniam
1795 2827 1918 2863 faceret,
1939 2825 2114 2864 appellatum
2133 2825 2276 2857 Traducta
2295 2826 2379 2862 Julia.
2401 2828 2472 2858 Plin.

1352 2878 1359 2896 1
1383 2890 1389 2896 .
1422 2876 1472 2896 .ca
1495 2889 1502 2896 .
1515 2876 1540 2896 1.

1302 2907 1327 2938 C
1335 2916 1352 2935 o
1360 2915 1381 2934 ’r
1390 2878 1437 2934 1qu
1446 2927 1455 2939 ,
1474 2877 1609 2940 {xci-Hae]
1628 2903 1796 2941 Cognomen
1806 2902 1898 2940 gentis
1911 2901 2036 2932 Aureliae.
2076 2901 2106 2931 L.
2118 2901 2244 2932 Aurelius
2256 2901 2340 2932 Cotta
2350 2902 2473 2939 Orator,

1341 2944 1464 2980 quicum
1475 2942 1601 2981 Sulpicio
1612 2941 1710 2979 aequali
1723 2940 1829 2970 disserit
1843 2940 1919 2978 apud
1937 2940 2104 2970 Ciceronem
2117 2940 2146 2969 in
2160 2940 2279 2977 dialogis
2295 2941 2331 2969 de
2346 2941 2424 2970 Orat.
2441 2942 2473 2971 in

1340 2989 1460 3020 praetura
1469 2981 1560 3019 legem
1568 2980 1633 3010 tulit
1645 3002 1653 3016 ,
1674 2986 1706 3009 ut
1714 2979 1813 3009 liceret
1822 2977 2034 3016 Tribunispleb.
2056 2978 2127 3008 alios
2139 2979 2265 3015 accipere
2277 2979 2448 3015 magistratus
2461 3001 2472 3014 ,

1341 3020 1419 3057 quod
1429 3019 1491 3057 lege
1504 3018 1587 3048 Sullae
1597 3018 1629 3047 iis
1640 3025 1699 3047 erat
1709 3017 1883 3055 ademptum.
1925 3016 1999 3046 Alter
2014 3015 2044 3046 C.
2057 3015 2185 3046 Aurelius
2199 3016 2297 3051 Cotta,
2314 3018 2392 3052 cujus
2414 3017 2475 3054 -pas-

1342 3058 1391 3087 sim
1408 3057 1538 3087 meminit
1548 3056 1648 3086 Cicero
1657 3056 1685 3085 in
1698 3055 1775 3085 libris
1786 3056 1821 3084 de
1830 3055 1950 3084 Oratore
1961 3076 1968 3089 ‚
1990 3055 2017 3084 ἃ
2028 3054 2057 3083 in
2068 3054 2141 3084 Brut.
2156 3064 2221 3084 202.
2254 3054 2326 3084 Cum
2337 3054 2432 3084 multis
2443 3055 2449 3083 i
2454 3065 2473 3084 n

1342 3096 1414 3125 locis
1427 3117 1435 3131 ,
1454 3102 1515 3125 tum
1531 3095 1682 3133 praesertim
1700 3095 1733 3123 iis
1748 3093 1856 3126 verbis,
1879 3092 2042 3122 Inveniebat
2059 3093 2192 3130 (inquit)
2212 3100 2293 3122 acute
2310 3093 2408 3127 Cotta,
2428 3093 2474 3122 di-

1342 3135 1424 3164 cebat
1435 3143 1505 3172 pure
1513 3143 1545 3163 ac
1555 3133 1661 3162 solute:
1684 3133 1709 3162 &
1721 3139 1752 3163 ut
1759 3132 1795 3160 ad
1806 3131 1996 3160 infirmitatem
2006 3129 2123 3160 laterum
2136 3130 2306 3168 perscienter
2312 3131 2474 3160 contentio.

1341 3181 1408 3202 nem
1418 3181 1533 3201 ornnem
1543 3170 1701 3206 remiserat3
1719 3170 1760 3199 'sic
1771 3170 1806 3198 ad
1815 3170 1914 3199 virium
1927 3168 2149 3198 imbecillitatem
2159 3190 2167 3203 ‚
2187 3168 2300 3198 dicendi
2312 3178 2474 3198 accommo-

1342 3210 1426 3240 dabat
1434 3219 1532 3247 genus.
1570 3208 1647 3239 Nihil
1659 3214 1717 3238 erat
1726 3208 1754 3236 in
1761 3208 1822 3244 ejus
1831 3208 1959 3236 oratione
1971 3206 2019 3236 nisi
2032 3206 2167 3236 fincerum
2177 3228 2186 3241 ,
2206 3206 2277 3235 nihil
2292 3207 2339 3235 nisi
2351 3207 2472 3243 siccum,

1342 3255 1426 3286 atque
1437 3248 1549 3281 sanum,
1569 3249 1622 3277 eze.
1649 3247 1680 3276 V.
1703 3246 1838 3275 Pedianus
1849 3246 1878 3274 in
1890 3245 1968 3275 Orat.
1982 3255 2033 3282 pro
2044 3245 2074 3275 C.
2086 3245 2172 3275 Corn.
2185 3246 2211 3274 ἃ
2224 3246 2252 3273 in
2271 3244 2299 3274 L.
2314 3245 2401 3273 Pison.
2424 3246 2474 3282 qui

1341 3293 1397 3316 tres
1416 3285 1512 3316 fratres
1535 3285 1616 3315 fuisse
1635 3285 1719 3314 docet
1735 3284 1776 3314 M.
1788 3284 1820 3314 C.
1835 3285 1862 3314 ἃ
1877 3283 1906 3313 L.
1919 3284 2011 3322 priore
2031 3283 2096 3313 loco
2109 3282 2138 3312 L.
2151 3289 2243 3313 autem
2256 3282 2366 3312 Cottam
2377 3284 2475 3313 aueto-

1342 3335 1401 3354 rem
1413 3324 1482 3362 legis
1493 3324 1645 3360 judiciariae
1656 3323 1732 3351 facit.

1342 3363 1464 3393 Fuerunt
1473 3372 1506 3391 eo
1581 3369 1709 3399 tempore
1722 3361 1747 3390 ἃ
1758 3359 1805 3388 alii
1817 3360 1905 3388 Cottae
1914 3359 1989 3389 duo:
2012 3359 2092 3388 Unus
2106 3359 2146 3388 M.
2161 3358 2286 3388 Aurelius
2302 3358 2403 3396 Cotta,
2424 3360 2474 3397 qui

1361 3406 1459 3431 contra
1471 3398 1510 3430 Mi
1561 3398 1823 3429 'dateminfeliciter
1834 3398 1986 3434 pugnavit,
2007 3397 2112 3426 Sullam
2122 3396 2221 3426 Caesari
2229 3397 2399 3427 conciliavit.
2428 3398 2473 3428 Al-

1361 3445 1406 3469 ter
1418 3439 1447 3468 L.
1462 3437 1662 3471 Aurunculeius
1671 3437 1752 3465 Cotta
1761 3457 1770 3471 ,
1791 3434 1897 3465 familia
1918 3434 2030 3472 plebeia
2040 3457 2049 3469 ,
2070 3434 2187 3472 Legatus
2199 3434 2309 3464 Caesaris
2321 3436 2350 3464 in
2361 3436 2450 3466 Gallia
2461 3459 2472 3471 ,

1362 3478 1423 3514 qui,
1443 3476 1548 3505 insidiis
1560 3476 1767 3504 circumventus
1777 3496 1786 3509 ,
1807 3473 1841 3502 ab
1850 3473 2014 3510 Ambiorigis
2025 3473 2105 3502 ducis
2113 3473 2238 3502 exercitu
2250 3473 2412 3504 interfectus
2421 3475 2471 3504 est.

1342 3514 1432 3545 Cottae
1443 3515 1510 3543 dieti
1521 3521 1654 3552 putantur
1670 3510 1714 3539 mi
1733 3507 1758 3539 ἓῖ
1771 3515 1845 3543 κότε,
1866 3512 1942 3548 quod
1962 3511 2125 3545 iracundus,
2147 3512 2173 3540 δι
2187 3511 2243 3539 oris
2258 3512 2329 3540 torvi
2347 3512 2433 3542 fuerit
2448 3513 2473 3541 is

1361 3554 1408 3589 qui
1420 3553 1620 3618 ρ1ἰπί1υεξο113
1636 3551 1689 3580 fuit
1710 3549 1882 3588 appellatus:
1906 3550 2031 3586 quamvis
2049 3548 2132 3579 κότΘ-
2145 3548 2266 3586 simplici
2285 3558 2320 3585 T,
2345 3551 2372 3580 Sc
2390 3551 2473 3580 Cotta

1363 3592 1401 3620 du
1425 3591 1470 3618 lici
1490 3590 1528 3619 cri
1551 3597 1620 3619 atur.

1344 3628 1374 3658 L.
1387 3601 1471 3658 ἅπτει
1482 3635 1620 3656 veterator
1629 3625 1749 3655 habitus.
1772 3624 1830 3654 Cic.
1842 3625 1873 3654 in
1884 3624 1959 3654 Brut.
1971 3629 2019 3658 82.

1307 3667 1330 3697 C
1340 3677 1357 3696 o
1368 3676 1414 3694 ττ
1423 3676 1447 3694 pa
1458 3687 1466 3700 ‚
1487 3662 1608 3701 [xci-Hau]
1629 3663 1728 3702 Populi
1754 3664 1828 3692 circa
1859 3662 1986 3692 Maeotim
2009 3661 2183 3698 habitantes,
2204 3672 2324 3700 quorum
2342 3664 2475 3694 meminit

1346 3704 1415 3734 Plin.
1428 3704 1473 3732 lib.
1489 3707 1514 3732 6.
1528 3713 1559 3733 ca
1584 3725 1590 3732 .
1620 3725 1626 3731 .

1308 3742 1330 3772 C
1339 3752 1356 3772 o
1365 3752 1384 3771 T
1393 3751 1438 3770 To
1447 3750 1466 3769 Ν
1477 3750 1497 3769 A
1506 3763 1515 3775 ‚
1536 3713 1580 3770 aep
1590 3712 1616 3769 f?
1631 3738 1719 3776 Regio
1734 3737 1898 3767 Carmaniae.
1939 3736 2008 3766 Plin.
2019 3736 2066 3766 lib.
2082 3740 2107 3766 6.
2121 3747 2182 3776 cap.
2191 3747 2236 3775 23.
2258 3739 2346 3776 Regio
2358 3745 2449 3768 autem
2459 3759 2472 3774 ‚

1308 3818 1332 3848 C
1346 3790 1381 3809 ex
1392 3789 1444 3816 qua
1452 3780 1532 3816 piper
1539 3776 1841 3843 {lnonoxylislintribus
1851 3775 1972 3805 Becaren
1978 3775 2153 3812 convehunt,
2163 3778 2472 3811 vooeerooeona.&c.

1339 3826 1497 3847 OTTONA
1566 3839 1572 3845 .
1595 3823 1760 3844 COTONA.

1308 3856 1331 3886 C
1339 3865 1356 3884 ο
1368 3865 1387 3884 ’1-
1395 3864 1415 3883 τ
1424 3855 1439 3883 Κ
1448 3864 1462 3882 a
1473 3864 1492 3883 υ
1501 3838 1531 3888 ε’,
1554 3855 1572 3883 i.
1594 3851 1766 3889 [κύ-ΗΛΘ]
1787 3850 1874 3880 AEnea
1884 3849 1979 3888 phiala
1987 3872 1997 3886 ,
2019 3859 2100 3887 quam
2110 3853 2223 3889 perac'to
2233 3851 2363 3881 convivio
2373 3850 2474 3880 mensae

1346 3894 1492 3930 imponere
1502 3891 1628 3920 solebant
1637 3891 1704 3920 vino
1715 3889 1830 3927 plenam
1841 3910 1849 3923 ‚
1871 3888 1975 3917 deinde
1985 3889 2016 3917 in
2025 3889 2134 3926 minora
2143 3889 2242 3927 pocula
2252 3890 2286 3917 ab
2293 3889 2351 3918 alto
2360 3888 2475 3917 miscen-

1346 3937 1389 3961 tes
1399 3952 1407 3967 ,
1425 3929 1527 3960 sonum
1537 3929 1619 3959 edere
1631 3950 1639 3965 ‚
1660 3926 1812 3965 quisiillisu
1830 3927 1920 3962 major
1930 3927 2061 3956 ederetur
2070 3948 2079 3962 ,
2099 3927 2251 3958 abamaiiis
2262 3927 2346 3957 amari
2357 3926 2381 3954 se
2392 3936 2477 3963 augu.

1815 3964 1839 3994 U
1851 3975 1867 3994 u
1878 3975 1895 3994 u
1909 3974 1925 3994 u
1950 3973 1963 4000 3
2335 3964 2475 3993 rabanrur.

2120 2330 2154 2362 Et
2161 2330 2264 2367 Juven.
2277 2340 2302 2368 3.
2313 2332 2372 2362 Sat.
2383 2337 2430 2369 83.

2080 2367 2112 2399 V.
2135 2369 2251 2400 Casaub.
2269 2369 2305 2399 ad
2324 2370 2424 2400 Athen.
2444 2379 2471 2408 ς.
