2604 4222
582 71 620 106 AE
714 68 750 104 Ο
847 66 876 101 L

177 157 241 188 ΖΕΝ
251 167 296 187 ou
306 167 343 191 A,
365 165 395 184 ae.
419 152 546 189 [Αἰνόνη]
567 152 669 181 Civitas
683 149 785 187 Illyrici
796 171 804 184 ,
825 147 903 182 cujus
915 142 1043 174 meminit
1056 141 1127 184 Plin.
1143 139 1193 168 lib.
1208 148 1232 174 3.
1249 148 1298 184 ⁰4²
1306 148 1328 167 1.

179 195 212 226 AE
222 205 240 224 N
252 205 268 224 o
277 204 288 223 s
303 216 311 229 ,
333 191 440 226 Αἰνῶ]
462 190 609 228 Oppidum
622 189 747 218 Thraciae
756 187 874 216 liberum
888 193 953 212 cum
963 179 1091 217 Polydori
1101 177 1230 221 tumulo,
1252 177 1333 219 bico-

218 241 286 261 num
302 230 442 266 quondam
458 229 542 265 regio.
580 227 668 256 Verba
684 225 746 255 sunt
759 224 826 253 Plin.
838 222 885 251 lib.
903 231 943 248 11.
966 228 1026 260 cap.
1046 228 1071 252 4.
1095 216 1222 258 Straboni
1232 213 1333 243 Poltio-

218 269 278 299 bria
292 268 401 297 dieitur.
425 265 546 295 Hermos.
562 265 591 293 in
601 265 666 294 Plin.
688 264 780 294 AEnon
790 261 864 297 prius
874 269 890 286 a
903 256 1048 286 conditore
1067 253 1244 283 Poltiobriam
1255 261 1336 290 voca-

220 307 307 342 bant,
327 307 448 341 itemque
465 303 642 340 Absynthum.
665 310 740 330 nunc
753 299 837 337 ffinos
858 295 983 338 ab'IEno
1004 301 1102 327 amne,
1124 292 1170 328 qui
1192 290 1268 319 secus
1287 288 1336 318 Os-

221 344 278 374 sam
297 350 422 372 montem
440 341 559 370 labitur:
591 340 643 369 sive
667 338 699 367 ab
714 337 786 366 AEno
807 336 903 371 (J'ynaei
918 332 1007 360 fratre.
1046 329 1143 359 Strabo
1157 351 1165 365 ,
1186 327 1337 367 Apollodo-

225 392 270 412 rus
310 390 409 410 caeteri.

189 404 297 452 ffiuo’s
317 441 324 453 ,
347 416 473 454 [Αἰνῶ]
492 414 594 445 Differt
612 423 627 442 a
644 411 762 449 Mytho,
783 410 801 438 i.
820 418 843 437 e.
865 406 986 437 Fabula:
1009 406 1073 442 quia
1087 405 1183 439 AEiios,
1199 410 1231 433 ut
1241 402 1339 432 Aristo-

224 457 324 496 phanis
335 456 498 492 interpretes
507 453 630 490 produnt
644 450 678 478 ad
696 448 776 485 Vesp.
791 456 870 481 1251.
892 455 950 474 non
959 444 1051 481 pueris
1061 443 1232 477 concinatur,
1244 440 1291 470 sed
1302 440 1338 468 ad

226 496 299 524 viros
319 493 460 529 dirigitur:
490 500 542 519 nec
558 487 753 518 consolatorius
774 484 861 514 modo
880 483 917 513 est
929 506 936 517 ,
956 482 1003 511 sed
1018 482 1198 520 paraeiieticus
1217 487 1337 517 quoque.

226 533 366 562 Admonet
376 530 451 559 enim
461 530 487 558 &
496 528 596 556 docet:
619 525 695 561 quod
703 523 855 553 Hesiodum
866 520 958 552 secisse
972 518 1226 549 animadvertimus.
1246 517 1339 546 AEnon

226 570 289 599 sunt
304 569 350 606 qui
364 566 513 605 apologum
529 565 761 600 interpretentur,
782 562 849 589 item
869 558 1047 597 proverbium
1066 556 1242 594 quandoque.
1272 553 1337 583 Cael.

228 608 319 643 Antiq.
331 606 404 634 Lect.
422 604 469 632 lib.
490 613 532 637 15.
553 610 612 637 cap.
627 606 670 633 28.
710 599 788 628 Idem
807 597 854 627 lib.
869 603 913 632 28.
924 607 983 634 cap.
995 607 1021 631 4.
1045 595 1091 624 Gri
1113 595 1181 623 lium
1195 593 1248 622 alio
1259 601 1340 621 voca-

228 645 296 674 bulo
307 643 398 673 ffinon
411 642 508 670 dicunt
522 649 528 667 :
551 638 627 675 quod
637 647 671 667 ex
680 637 822 666 Eustathio
835 636 881 665 est.
921 634 968 664 Uti
984 632 1090 671 apudC
1104 631 1233 661 earchum
1246 640 1251 658 :
1274 629 1338 664 Vir,

227 693 285 712 nori
302 682 355 716 vir3
377 680 450 713 avis,
476 686 529 706 nec
541 683 635 705 tamen
648 675 723 711 avis,
744 674 868 712 lignum,
892 682 950 702 non
972 671 1095 708 lignum,
1116 669 1204 707 lapis,
1228 677 1285 697 non
1303 666 1341 695 la-

227 721 280 758 pis.
318 717 512 755 Significantur
526 723 591 743 vero
611 713 686 742 haec:
716 712 882 746 Eunuchus,
903 709 1078 748 vespertilio,
1099 707 1202 740 ferula,
1224 713 1338 744 pumeX.

229 756 347 794 Quintil.
362 755 409 783 lib.
422 765 444 790 5.
454 762 513 790 cap·
526 762 567 781 11.
589 750 682 781 IEnon
694 750 781 780 Graeci
790 756 908 779 vocant:
932 748 1087 777 nostrorum
1098 745 1212 783 quidam
1229 753 1288 773 non
1302 742 1340 771 sa·

178 86 224 120 90

228 805 263 824 ne
276 799 387 830 recepto
399 801 427 820 in
443 790 521 820 usum
530 789 645 818 nomine
654 787 893 827 Apologationem.

189 833 222 864 ΗΞ
230 842 249 861 Ν
259 842 277 860 u
286 843 302 859 L
312 841 328 859 u
338 841 360 859 M
369 852 377 863 ,
399 829 450 858 Vas
458 838 493 858 ex
501 837 553 857 aere
565 837 689 866 parvum.
711 826 811 856 Festus.
853 824 987 861 [Videtur
1001 820 1179 851 scribendum
1192 816 1337 848 Aenulum.

189 870 300 939 ῙΕζυέ
309 878 331 941 TI
338 878 356 935 iE
364 877 451 941 ΝηῖΜΙζ
461 901 567 938 Αἷνῶι]
587 902 673 932 Mons
692 901 730 931 est
747 899 923 939 Cephaleniae
932 921 940 933 ,
962 899 992 927 in
999 907 1054 934 quo
1066 894 1172 926 AEnaesii
1185 894 1260 930 Jovis
1271 900 1341 923 tem-

224 945 304 983 plum
314 943 369 978 est,
389 942 456 972 teste
466 940 600 971 Strabone
618 941 647 969 in
660 940 786 974 decimo,
808 939 886 973 cujus
897 939 923 966 Sc
938 936 1015 965 Leon
1025 934 1154 963 meminit
1170 933 1200 961 in
1215 933 1337 969 πτςίπλῳ,

226 984 253 1012 Sc
270 981 414 1012 Demosth.
436 979 463 1008 ἐν
479 982 567 1012 λιμέσι.
602 978 671 1008 Item
686 977 821 1007 Hesiodus
839 976 894 1004 hoe
911 973 1032 1003 carmine
1045 994 1053 1008 ,

302 1020 356 1045 ἕνθ’
376 1021 399 1045 ὀί
411 1030 436 1053 γε
450 1014 559 1054 όῐῖχὲσ-θην
578 1015 656 1052 αἱνηίῳ
675 1011 826 1049 ὑψιμέἔανῗιε
928 1012 955 1041 h.
977 1020 1002 1040 e,

298 1056 520 1093 Fundebantque
535 1064 631 1093 preces
641 1053 739 1085 AEneio
752 1050 919 1081 altitonanti.
1001 1047 1042 1077 Ab
1055 1047 1127 1078 AEno
1138 1047 1214 1076 enim
1225 1045 1341 1076 AEneius

187 1095 385 1169 Aglgflgssss’t.a’
406 1141 463 1161 um.
497 1127 659 1167 [302225&v]
679 1128 712 1158 ab
728 1126 775 1157 AEs
792 1126 851 1156 aeris
872 1125 993 1159 factum,
1014 1123 1061 1152 sed
1080 1131 1102 1151 ae
1114 1120 1225 1160 diphth.
1245 1120 1338 1151 divisa.

187 1209 209 1239 A
217 1171 262 1238 {VN
272 1181 352 1244 rixas?
358 1180 412 1237 ἔνιὲ
419 1179 463 1237 SlE
471 1216 492 1235 N
502 1216 521 1235 u
530 1216 551 1235 M
561 1227 569 1240 ,
590 1205 609 1234 i.
630 1213 657 1232 n.
679 1203 757 1233 Idem
766 1201 847 1269 xquod
857 1200 1000 1234 Alienum,
1021 1198 1074 1229 sive
1085 1196 1139 1227 Vas
1156 1196 1238 1234 super
1245 1195 1341 1225 focum

246 1247 371 1281 endens,
391 1252 424 1274 ut
438 1254 507 1281 aqua
519 1244 550 1272 in
561 1252 595 1272 eo
614 1241 728 1271 calefiat.
823 1238 897 1268 Paul.
912 1237 972 1274 JCt.
986 1237 1020 1266 D.
1042 1246 1085 1272 33.
1104 1242 1124 1264 t.
1139 1245 1165 1272 7.
1186 1235 1204 1263 l.
1219 1240 1259 1268 18.
1277 1234 1297 1270 ᾗ.
1313 1242 1339 1269 3.

252 1285 279 1314 bi
290 1284 473 1314 Torrentinus
485 1283 512 1311 ἃ
525 1279 683 1310 Haloander
701 1279 857 1313 aheneum3
878 1276 924 1305 sed
933 1274 1122 1305 Gothofredus
1132 1295 1140 1308 ,
1160 1279 1192 1303 ut
1207 1272 1338 1301 diximus.

224 1323 304 1352 Adde
314 1321 436 1351 eundem
445 1319 507 1349 adl.
523 1324 565 1355 38.
577 1319 597 1355 §.
611 1327 637 1347 2.
650 1316 678 1346 ff.
691 1316 725 1346 de
737 1316 844 1345 Adrion.
857 1319 943 1351 empt.
963 1314 989 1342 Sc
1005 1311 1088 1341 vend.

187 1360 316 1395 AENus,
337 1361 355 1388 i.
377 1369 414 1388 m.
435 1356 588 1387 Germaniae
605 1355 724 1388 fluvius,
746 1354 792 1391 qui
806 1354 836 1382 in
847 1351 1008 1381 Danubium
1021 1349 1160 1384 defertur,
1179 1346 1341 1377 Vindelicos

223 1398 352 1429 aNorico
362 1396 560 1426 discriminans.
582 1392 706 1423 Hermol.
717 1393 747 1421 in
755 1391 824 1421 Plin.
845 1389 961 1419 Ptolem.
974 1398 1000 1418 2.
1015 1398 1057 1417 11.
1075 1389 1102 1417 δι
1117 1395 1159 1416 12.

681 1468 719 1504 AE
818 1468 854 1503 O

177 1539 298 1580 'AEonA
316 1547 370 1577 fuit
383 1568 391 1582 ,
411 1545 478 1576 teste
487 1543 610 1574 Homero
628 1543 658 1572 iri
672 1551 714 1571 10.
728 1539 826 1579 Odyss.
841 1539 897 1569 filia
908 1537 981 1569 AEoli
993 1547 1027 1567 ex
1035 1535 1152 1574 Lepatra
1160 1535 1288 1572 conjuge.

183 1585 331 1621 ΙΕοιιΑ,
352 1595 383 1614 ae.
404 1584 423 1613 s.
454 1582 584 1619 [Αἰολέα]
604 1580 695 1611 Insula
706 1578 786 1609 IEoli.
805 1578 938 1616 Stephan.
959 1575 1036 1605 aliter
1051 1572 1213 1611 Strongyle,
1234 1581 1290 1602 uria
1305 1579 1341 1601 ex

223 1623 330 1661 septem
345 1621 451 1652 AEoliis.
474 1620 543 1650 Plin.
554 1619 600 1648 lib.
617 1629 639 1654 3.
658 1628 718 1656 cap.
731 1628 756 1652 9.

220 1660 317 1692 AEoliae
334 1659 437 1689 insulae.
476 1658 506 1688 V.
527 1657 650 1687 AEolides
667 1654 770 1685 insulae.
807 1653 920 1687 AEoiiae,
940 1651 975 1681 ab
991 1649 1071 1680 AEolo
1084 1650 1131 1687 qui
1148 1648 1186 1677 ibi
1197 1648 1338 1685 regnavit,

239 1704 272 1728 ut
291 1700 318 1729 St
335 1697 475 1727 Vulcaniae
493 1706 509 1726 a
525 1695 650 1725 Vulcano
665 1694 713 1732 qui
728 1693 768 1722 ibi
787 1691 927 1721 officinam
942 1687 1065 1719 habuisse
1084 1688 1193 1718 dicitur.
1218 1687 1289 1724 Virg.
1312 1695 1336 1714 1.
1376 1714 1387 1726 s

239 1736 414 1804 AE11JE504liain
427 1772 512 1802 venit.
533 1771 579 1800 hic
595 1769 669 1799 vasto
686 1778 734 1797 rex
751 1767 846 1798 AEolus
860 1772 940 1796 antro

292 1811 440 1841 Lueiantes
458 1816 571 1844 ventos,
591 1807 822 1845 tempestatesque
838 1805 949 1834 sonoras

291 1849 412 1888 Imperio
430 1848 550 1886 premit,
579 1856 610 1875 ac
621 1845 719 1874 vinclis
735 1846 760 1874 S:
772 1853 880 1873 carcere
899 1842 997 1871 frenat.

181 1888 357 1920 AEomcus
368 1910 375 1921 ‚
405 1897 439 1921 a,
473 1895 530 1914 um,
561 1885 621 1920 Adj,
654 1878 813 1918 [numinis]
847 1880 921 1910 Hinc
938 1880 1077 1916 digamma
1097 1875 1238 1906 AEolicum
1262 1874 1338 1914 apud

219 1925 338 1963 Quintil.
355 1925 401 1954 lib.
416 1935 438 1953 1.
448 1934 507 1961 cap.
522 1934 548 1958 4.
577 1922 611 1951 Et
620 1920 724 1950 rursum
747 1930 806 1957 cap.
823 1923 849 1948 6.
880 1918 943 1947 Sive
953 1914 1001 1946 illa
1009 1926 1043 1945 ex
1053 1914 1154 1945 Graecis
1165 1920 1225 1943 orta
1240 1914 1338 1943 tracte-

218 1973 296 1998 mus,
318 1973 378 2000 qua*
396 1962 458 1992 suiit
466 1961 603 1999 plurima,
623 1959 818 1997 praecipueque
835 1956 942 1988 AEolica
954 1955 1064 1984 ratione
1078 1951 1225 1982 declinata.
1266 1951 1337 1980 Vide

220 2001 349 2031 Burman.
366 2000 400 2030 ad
418 2000 471 2029 loc.
489 2009 515 2037 p.
537 2009 581 2036 79.

177 2040 360 2073 IEOLiDAE,
382 2033 537 2074 [manhu]
558 2035 641 2066 Ovid.
668 2045 694 2070 9.
718 2033 787 2063 Met.
813 2036 875 2069 506.

288 2077 323 2106 At
339 2086 397 2106 non
419 2074 534 2106 AEolidae
549 2073 684 2103 thalamos
699 2072 817 2100 timuere
839 2069 971 2099 sororum.
1030 2064 1196 2096 Machareus
1216 2064 1288 2094 AEoli
1306 2063 1337 2093 fi-

214 2115 269 2144 lius
283 2124 348 2144 cum
359 2114 467 2143 Canace
475 2112 566 2141 sorore
575 2109 738 2145 concubuit,
757 2111 782 2139 Sc
800 2118 834 2137 ex
845 2118 877 2137 ea
884 2107 974 2136 filiurn
983 2104 1110 2142 suscepit.
1140 2102 1233 2140 Byblis
1242 2108 1337 2131 autem

215 2152 305 2182 Cauni
313 2152 404 2181 fiatris
414 2160 506 2180 amore
513 2150 640 2187 capta,ad
648 2148 727 2178 suum
733 2147 820 2176 scelus
828 2142 1106 2181 elevandum,plurali
1113 2150 1230 2170 numero
1239 2141 1334 2169 utitur.

179 2189 213 2220 JE
222 2200 239 2219 o
248 2202 264 2218 L
274 2191 286 2219 ῐ
296 2200 313 2218 D
324 2200 337 2218 a
347 2200 358 2219 s
369 2212 376 2224 ,
398 2199 435 2218 m.
457 2190 471 2224 [
487 2183 594 2216 mamam
606 2187 618 2223 ]
639 2194 793 2224 patronym.
809 2184 961 2222 Epitheton
974 2180 1073 2219 Ulyssis
1083 2179 1157 2217 apud
1170 2178 1240 2215 Virg.
1262 2178 1336 2207 Nam

215 2227 341 2257 Anticliae
353 2227 424 2256 filius
434 2226 471 2255 est
482 2248 489 2261 ,
507 2235 568 2262 quie
583 2231 647 2253 ante
657 2224 759 2253 Laertae
769 2223 880 2260 nuptias
894 2221 966 2250 clam
977 2228 1042 2248 cum
1055 2217 1171 2255 Sisypho
1190 2215 1262 2246 AEoli
1277 2215 1335 2244 filio

216 2265 380 2333 concubigt,
390 2264 465 2308 unde
474 2262 579 2301 Ulyffes
589 2268 670 2292 natus
686 2261 732 2291 est.
754 2260 817 2290 Hoc
828 2260 854 2289 ei
867 2258 943 2297 apud
954 2257 1037 2287 Ovid.
1055 2265 1096 2293 13·
1118 2255 1188 2285 Met.
1202 2263 1244 2291 31.
1267 2254 1336 2290 Ajax

215 2310 301 2334 etiam
319 2313 336 2332 o
370 2308 418 2332 icit
428 2324 436 2335 ,

338 2313 376 2363 —J-
395 2340 472 2377 Quid
485 2338 617 2376 sanguine
637 2342 727 2366 cretus
746 2334 894 2373 Sisyphio?

215 2378 287 2409 illud
299 2378 370 2416 Virg.
388 2382 413 2407 6.
435 2378 498 2408 AEn.
513 2386 573 2412 529.

289 2416 419 2446 Hortator
438 2415 571 2444 scelerum
587 2412 720 2443 ffiolides.

216 2453 341 2485 Miserius
353 2452 483 2484 ffiolides.
523 2451 596 2489 Virg.
614 2454 639 2480 6.
661 2449 724 2480 AEn.
744 2452 805 2484 164.

233 2495 235 2497 ’
288 2491 429 2521 Misenum
443 2489 572 2521 ffioliden
584 2511 591 2523 ,
613 2498 668 2525 quo
686 2497 743 2516 non
767 2484 936 2524 praestantior
950 2482 1017 2514 alter

289 2529 352 2559 AEre
369 2530 441 2558 ciere
454 2529 545 2561 viros«,
566 2527 741 2562 Martemque
758 2523 911 2554 accendere
929 2530 1019 2551 cantu.
1102 2519 1178 2549 Bene
1193 2517 1335 2549 Misenum

235 2567 305 2597 dicit
313 2567 499 2597 Tubicinem:
520 2564 579 2603 Ipse
596 2564 635 2593 est
644 2564 720 2592 enim
730 2563 777 2600 qui
794 2562 894 2591 dicitur
904 2559 976 2589 filius
985 2557 1064 2588 fuisse
1072 2557 1164 2588 AEoli:
1187 2557 1251 2594 quia
1268 2566 1335 2586 con-

233 2605 284 2634 stat
292 2605 390 2634 sonum
401 2607 647 2633 omnemexvento
657 2602 751 2630 creari.
785 2599 894 2629 Servius
912 2598 942 2627 in
953 2597 1025 2628 illud
1041 2606 1066 2634 3.
1078 2596 1141 2627 AEn.
1153 2604 1215 2633 239.

288 2659 326 2665 —
346 2643 394 2672 (lat
413 2642 520 2679 signum
535 2639 645 2678 specula
660 2638 783 2668 Misenus
798 2637 832 2666 ab
853 2636 908 2666 alta

289 2681 352 2712 AEre
372 2690 448 2710 cavo.

213 2717 345 2757 Sisyphus
363 2717 503 2752 AEolides,
523 2716 595 2746 AEoli
609 2715 690 2745 filius.
712 2713 780 2744 Hor.
793 2722 818 2743 2.
843 2711 933 2741 Carni.
952 2721 996 2747 14.
1009 2719 1054 2740 20.

288 2773 326 2777 —
345 2756 546 2792 damnatusque
564 2753 642 2790 longi

251 2794 384 2832 Sisyphus
401 2793 525 2823 IEolides
546 2791 656 2821 laboris.

176 2832 209 2863 ΖΕ
219 2842 261 2860 0L
271 2843 280 2860 1
290 2843 308 2861 n
319 2842 354 2861 ss
371 2831 465 2860 insiilae
475 2853 482 2866 ,
502 2831 541 2859 ait
557 2824 752 2859 Diodoruslib.
765 2830 791 2856 6.
808 2835 868 2863 cap.
883 2832 905 2860 3.
947 2824 1061 2862 Septem
1069 2822 1132 2853 sunt
1141 2830 1259 2852 numero
1273 2821 1333 2857 (so-

213 2869 257 2899 lus
271 2870 381 2899 Servius
393 2878 496 2898 novem
511 2868 599 2903 facit)
620 2864 766 2902 Strongyle
776 2887 784 2901 ,
809 2864 972 2899 Euonyma,
993 2862 1113 2899 Didyme
1123 2883 1131 2895 ,
1153 2859 1330 2895 Phoenicusa,

214 2908 295 2937 Sacra
316 2908 328 2943 (
345 2907 418 2936 hanc
436 2906 483 2936 alii
493 2906 587 2935 Graeca
601 2913 670 2934 voce
690 2903 803 2932 Hieram
818 2900 977 2939 appellant)
998 2899 1147 2934 Vulcania,
1168 2898 1280 2935 Lipara,
1302 2898 1331 2926 in

214 2955 269 2981 qua
288 2945 327 2974 est
348 2944 474 2980 ejusdem
493 2943 615 2972 nominis
630 2941 734 2971 civitas.
787 2940 852 2969 Sitae
868 2944 961 2967 autem
975 2937 1038 2966 sunt
1059 2938 1131 2966 inter
1144 2936 1250 2966 Italiam
1265 2935 1332 2965 Sici-

213 2983 333 3021 liamque
348 2984 424 3012 recto
438 2981 526 3011 cursu.
565 2980 672 3009 Distant
686 2989 701 3007 a
719 2977 813 3008 Sicilia
836 2982 950 3006 centum
965 2975 1162 3012 quinquaginta
1178 2974 1264 3003 ferme
1283 2974 1334 3002 sta-

215 3021 285 3055 diis,
307 3030 385 3059 pares
405 3020 526 3049 invicem
543 3016 743 3055 magnitudine.
785 3015 885 3045 Earum
900 3014 1020 3042 maxima
1036 3013 1153 3042 circuitu
1170 3010 1333 3049 cornplerfti-

214 3064 259 3087 tur
271 3059 355 3088 stadia
370 3064 484 3087 centum
504 3055 711 3094 quinquaginta.
764 3053 861 3090 lgnem
876 3051 1009 3080 haetenus
1024 3050 1192 3080 evomebant
1214 3057 1328 3078 omnes:

214 3106 328 3132 quarum
351 3102 458 3125 meatus
490 3104 592 3130 oraque
610 3093 682 3129 ignis
706 3091 791 3120 etiam
811 3099 887 3118 nunc
909 3088 1041 3118 visuntur.
1089 3088 1120 3116 In
1137 3086 1281 3124 Strongyle
1299 3096 1331 3116 ac

212 3133 293 3163 Sacra
312 3134 456 3171 hucusque
473 3142 509 3162 ex
522 3138 599 3161 terrae
613 3130 691 3159 hiatu
707 3134 806 3158 ventus
821 3127 942 3164 erumpit
955 3149 962 3161 ,
984 3128 1010 3156 Sc
1029 3126 1112 3155 foetor
1130 3126 1242 3162 ingens:
1270 3134 1332 3154 eru-

216 3173 272 3201 ἀεῖ
295 3181 404 3209 quoque
424 3180 535 3200 arenam
558 3168 719 3207 lapidesque
738 3167 834 3204 igneos
849 3164 1000 3203 permultos
1016 3173 1022 3193 z
1054 3163 1291 3200 quemadmodum
1304 3164 1331 3192 Sc

215 3209 303 3239 AEtnae
316 3209 425 3239 accidit.
463 3207 589 3238 Asserunt
608 3204 756 3239 nonnulli,
777 3209 883 3233 meatus
899 3202 952 3231 esse
972 3201 1160 3230 subterraneos
1172 3222 1180 3235 ,
1196 3199 1229 3229 ab
1250 3200 1331 3229 AEtna

215 3247 251 3276 ad
268 3247 315 3276 has
333 3245 449 3282 insulas,
487 3248 513 3276 ἃ
531 3245 575 3274 his
599 3244 729 3273 omnibus
748 3241 866 3271 eandem
886 3240 979 3276 ignem
996 3238 1116 3276 spirandi
1137 3236 1244 3267 causam
1265 3237 1328 3267 esse.

214 3283 271 3314 Has
290 3284 399 3321 insuper
416 3283 516 3313 insulas
524 3283 638 3312 tradunt
647 3280 715 3310 olim
731 3279 848 3309 desertas
863 3277 958 3307 fuisse:
981 3277 1027 3305 sed
1043 3276 1171 3313 Liparum
1191 3275 1331 3312 quendam

214 3321 330 3352 Ausonis
348 3323 417 3359 regis
435 3322 523 3351 silium
540 3331 555 3350 a
573 3319 699 3349 fratribus
716 3317 892 3347 dissidentem
904 3337 912 3350 ,
942 3325 977 3345 ex
992 3314 1071 3344 Italia
1092 3323 1157 3342 cum
1178 3312 1268 3350 longis
1285 3322 1332 3341 na-

213 3359 293 3389 vibus
308 3359 422 3389 advecta
436 3360 528 3388 secum
549 3358 670 3387 militum
687 3366 721 3386 co
743 3356 783 3391 ia,
805 3355 839 3384 ad
858 3351 973 3382 insulam
986 3350 1136 3390 appulisse:
1159 3360 1219 3387 quae
1238 3349 1272 3378 ab
1295 3360 1330 3379 eo

214 3396 314 3434 Lipara
326 3396 357 3425 sit
376 3407 409 3434 ap
432 3396 528 3426 ellata:
550 3397 635 3433 inque
657 3404 689 3423 ea
719 3394 745 3423 ui
771 3392 894 3422 nominis
913 3389 981 3419 urbe
1003 3389 1138 3422 condita,
1163 3386 1330 3424 reliquarum

216 3445 327 3472 quoque
347 3434 406 3463 insu
420 3444 496 3463 arum
517 3443 595 3472 agros
615 3431 773 3462 excoluisse.
821 3430 861 3460 Eo
878 3427 1054 3461 senescente,
1082 3425 1178 3456 AEolus
1198 3425 1330 3462 Hippotae

215 3482 282 3502 cum
295 3472 375 3501 sociis
392 3471 556 3509 quibusdam
576 3472 605 3500 in
620 3471 746 3508 Liparam
762 3477 849 3506 quum
866 3465 1001 3497 venisset:
1024 3464 1130 3502 sumpta
1144 3472 1230 3492 uxore
1240 3462 1330 3500 Lipari

215 3510 270 3540 filia
284 3531 292 3545 ,
322 3510 363 3539 his
385 3509 560 3546 postmodum
581 3508 676 3538 insulis
689 3507 843 3544 imperavit.
891 3504 990 3533 Verum
1006 3502 1118 3540 Liparus
1132 3510 1217 3537 quum
1236 3501 1265 3528 in
1280 3501 1332 3529 lta-

214 3548 280 3577 liam
292 3548 388 3577 reverti
406 3553 538 3584 cuperet,
559 3547 635 3581 juxta
649 3546 811 3575 Surrentum
829 3542 919 3573 tenuit
929 3541 1008 3575 loca,
1032 3539 1132 3576 quibus
1147 3548 1247 3575 magna
1264 3548 1329 3567 eum

215 3585 297 3614 laude
321 3585 439 3622 praefuit.
485 3583 639 3613 Defuncius
666 3583 768 3612 deinde
782 3604 790 3617 ,
824 3591 857 3611 ac
879 3577 1024 3617 magnifice
1040 3575 1179 3615 sepultus,
1210 3575 1331 3604 honores

215 3622 342 3652 heroicos
353 3622 387 3651 ab
405 3621 504 3651 incolis
523 3621 656 3649 assecutus
675 3620 720 3649 est.
761 3619 873 3650 AEolum
886 3627 951 3647 vero
966 3616 1009 3652 (is
1024 3615 1061 3645 est
1075 3614 1110 3644 ad
1132 3623 1214 3650 quem
1231 3612 1330 3642 fabulae

213 3659 336 3697 Ulyssem
351 3667 487 3688 errantem
499 3658 635 3688 divertisse
654 3658 788 3693 tradunt)
811 3657 912 3692 justum
927 3664 958 3684 ac
971 3654 1050 3692 pium
1068 3651 1185 3682 extitisse
1199 3651 1327 3688 legimus,

214 3699 242 3727 δι
258 3707 320 3734 erga
336 3697 456 3735 hospites
470 3696 680 3734 perhumanum.
718 3695 849 3724 Praeterea
861 3693 929 3723 velis
949 3692 990 3722 uti
1014 3697 1110 3720 nautas
1130 3689 1235 3718 docuit.
1273 3688 1331 3716 (ib-

211 3734 364 3764 servatione
381 3734 468 3771 ignis,
500 3734 547 3770 qui
567 3733 643 3762 venti
660 3733 747 3762 futuri
767 3732 853 3761 essent
871 3730 1008 3769 praedixit.
1046 3728 1127 3758 Unde
1144 3729 1171 3756 &
1192 3725 1270 3755 illum
1292 3725 1331 3754 sa-

213 3772 285 3801 bulee
301 3778 446 3801 ventorum
467 3778 611 3808 potentem
632 3770 734 3799 dixere.
788 3770 834 3800 Ob
854 3769 986 3799 eximiam
1000 3767 1059 3803 ejus
1076 3766 1208 3806 pietatem
1223 3786 1231 3800 ,
1258 3763 1330 3792 Deo-

212 3820 275 3839 rum
288 3810 393 3839 amicus
414 3810 451 3838 est
465 3809 632 3838 nominatus.

173 3849 298 3880 AEoLis
309 3869 316 3882 ,
337 3847 399 3876 idis.
422 3846 440 3876 f.
475 3846 605 3882 [Αἰολὶς]
624 3850 781 3883 patronym.
799 3843 826 3872 h.
843 3854 867 3873 e.
888 3843 962 3875 ffioli
978 3842 1034 3872 filia
1049 3840 1094 3871 vel
1110 3837 1210 3878 neptis.
1246 3836 1330 3868 Ovid.

216 3896 257 3916 ιι.
279 3885 349 3916 Met.
375 3894 436 3921 574.

1061 2330 1166 2361 Author
1179 2329 1288 2360 Servius
1304 2328 1336 2358 in

1820 55 1858 92 AE
1953 56 1977 91 Ρ
2075 55 2108 92 Υ

1503 136 1588 167 AEolis
1604 136 1709 166 interea
1726 144 1867 167 tantm-iim
1886 138 1979 175 ignara
2002 139 2138 168 malorum

1498 176 1667 217 *Dinuinerat
1689 178 1793 205 noc'ses.

1432 212 1537 285 Rhodis?
1559 212 1850 288 gggiooflessespmto
1874 214 2020 250 adjacens:
2051 213 2138 251 Mysia
2154 211 2304 250 [quondam
2323 208 2460 250 appellata
2475 212 2543 244 Prin.

1436 271 1587 330 AEoiis‘vel
1596 270 1702 322 ffisilia,
1723 288 1761 318 est
1778 288 1866 326 Regio
1882 289 2039 318 Graecorum
2052 289 2080 318 iri
2092 289 2150 317 Asia
2166 288 2237 317 inter
2250 288 2355 317 Ioniam
2370 289 2395 317 ἂ
2408 287 2546 320 Troadem

1454 327 1525 392 mac-⁶<
1550 325 1852 398 Ἐξιέοἶὶὶιὲἰὲυιῐξυᾙαι
1864 327 1957 364 lingua
1966 337 2020 356 una
2030 337 2064 356 ex
2072 326 2205 356 Dialec‘tis
2216 326 2382 356 Graecorum.
2404 326 2474 356 Plin.
2496 326 2544 356 lib.

1398 400 1432 433 PE
1442 375 1484 429 οἳ
1495 373 1553 435 esp,
1568 385 1624 429 uni.
1644 410 1681 444 m.
1698 386 1890 439 iis-Regionis
1901 402 1975 431 illius
1984 401 2089 438 Populi.
2127 401 2219 432 AEoies
2235 402 2306 430 inter
2320 401 2372 430 tria
2391 400 2548 436 Graecorum

1438 449 1537 476 genera
1547 438 1629 467 refert
1640 438 1735 468 Cicero
1750 451 1799 477 pro
1810 440 1907 469 Flacco
1921 449 1964 477 27.
2002 439 2106 470 ffiolios
2120 447 2202 469 vocat
2211 439 2331 468 Velleius
2347 450 2369 468 1.
2381 450 2407 474 4.
2416 450 2442 475 4.

1399 477 1432 507 JE
1442 487 1458 504 o
1468 488 1484 504 L
1494 488 1501 504 1
1513 486 1562 519 us,
1581 486 1595 504 a
1605 498 1612 512 ,
1623 486 1678 520 um:
1690 478 1842 520 [niom‘bw]
1862 478 1924 513 Adj.
1937 477 1971 520 ab
1981 476 2090 507 IEolide
2100 478 2221 514 regione.
2244 477 2310 506 Hor.
2328 489 2352 513 4.
2367 477 2456 506 Carni.
2468 486 2491 514 3.
2505 488 2545 509 12.

1511 514 1631 550 Fingeut
1647 514 1738 544 Iholio
1754 525 1875 545 carmine
1891 514 2024 544 nobilem.
2126 515 2181 544 Ubi
2197 515 2349 558 Porpliyrio
2363 537 2370 550 ,
2386 514 2476 558 AEolio
2494 522 2550 546 car.

1438 552 1573 595 min-eita
1591 551 1696 581 dkstum
1714 554 1827 591 accipe,
1849 560 1879 583 ut
1893 553 1910 581 si
1930 553 2052 587 diceret,
2073 551 2171 590 Lyrico
2195 562 2333 582 carmine:
2356 562 2419 590 quia
2438 553 2550 590 quidam
2569 557 2578 559 ”

1439 589 1529 626 Lyrici
1545 597 1635 626 poetae
1647 611 1654 624 ,
1676 596 1707 618 ut
1722 591 1840 625 Alcaeus,
1870 590 1977 621 ffiolica
1992 590 2111 619 dialecio
2125 591 2211 627 magis
2233 590 2270 619 usi
2288 590 2359 619 sunt.
2396 590 2467 620 Sane
2493 591 2559 622 Ho-.

2066 627 2168 657 Lesbos
2186 633 2280 657 autem
2303 628 2333 657 in
2351 627 2442 657 AEolia
2463 629 2550 667 regio.
2575 627 2582 631 ”

1438 628 1533 693 ratiti}k
1540 626 1662 656 Alcaeum
1682 627 1812 658 Lesbium
1830 630 1953 658 imitatus
1969 628 2014 657 est.

1439 674 1522 742 ssdgs
1537 687 1642 732 iEoiiae.
1663 702 1730 732 Hor.
1749 713 1775 733 2.
1794 703 1884 733 Carm.
1898 708 1994 739 ¹3-28·
2017 703 2034 732 i.
2057 712 2082 731 e.
2105 701 2356 739 Carmenlyricum.

1439 739 1517 777 Lyra.
1540 740 1624 769 Ovid.
1649 750 1693 770 21.
1720 741 1802 779 Epist.
1829 752 1870 777 15.
1889 751 1952 770 200.
1975 740 2081 770 Domit.
2099 740 2206 770 Calder.
2228 740 2332 775 ffiolia,
2363 741 2381 770 i.
2396 750 2420 770 e.
2443 739 2548 772 Lesbia.

1459 779 1532 807 Nam
1546 778 1648 807 Lesbos
1657 778 1743 808 insula
1751 779 1857 809 AEolica
1873 780 1926 808 est:
1947 780 2006 808 imo
2015 778 2183 809 IEolicarum
2196 779 2282 807 ferme
2294 778 2403 807 urbium
2413 784 2551 817 metropo-

1457 816 1507 851 lis,
1530 823 1561 844 ut
1576 815 1668 845 scribit
1685 817 1799 853 Strabo,
1820 818 1866 854 qui
1884 817 1982 846 author
2000 817 2039 846 est
2056 815 2191 846 ffiolicam
2214 824 2326 853 gentem
2345 826 2472 854 magnam
2488 817 2552 846 fuis-
2577 835 2582 841 ι

1457 853 1501 887 se,
1523 855 1550 883 «Sc
1569 863 1618 897 per
1629 860 1716 883 totam
1737 855 1824 884 ferme
1843 855 1977 885 Graeciam
1995 861 2167 892 evagantem.
2229 853 2257 883 V.
2280 853 2350 884 Plin.
2364 858 2390 884 6.
2406 864 2431 885 2.
2453 853 2550 885 Lesbia

1455 898 1549 921 autem
1559 892 1612 920 fuit
1625 892 1746 930 Sappho.

1438 928 1585 958 Plectrum.
1606 929 1728 968 Propert.
1746 929 1792 960 lib.
1805 941 1830 961 2.
1845 939 1868 966 3.
1883 940 1925 967 19.

1439 965 1540 997 Puella.
1563 967 1630 996 Hor.
1644 978 1669 1003 4.
1691 968 1780 997 Carni.
1794 978 1873 1004 9.12.
1897 968 1915 998 i.
1938 978 1961 998 e.
1983 968 2096 1006 Sappho
2107 967 2213 997 Lesbia.

1401 1005 1435 1037 IE
1444 1008 1461 1034 ὁ
1471 1016 1487 1033 L
1496 1015 1513 1033 u
1523 1014 1551 1039 s,
1573 1006 1590 1034 i.
1600 1015 1636 1034 m.
1659 1006 1673 1041 [
1686 1006 1809 1041 Αὐλῶν]
1830 1007 1849 1036 F
1852 1006 1915 1036 ilius
1929 1007 2004 1042 Jovis
2012 1016 2047 1035 ex
2061 1005 2153 1035 Acesta
2166 1005 2219 1034 five
2233 1003 2365 1042 Sergesta.
2380 1003 2435 1034 filia
2444 1004 2551 1043 Hippo·
2568 994 2571 999 ¹

1440 1050 1475 1072 tae
1486 1042 1600 1078 Troiani
1610 1065 1618 1078 ,
1639 1053 1653 1072 a
1663 1053 1718 1087 quo
1730 1044 1831 1073 dicitur
1838 1044 2022 1082 Hippotades.
2032 1043 2128 1073 ·Ovid.
2142 1053 2184 1079 14.
2205 1043 2274 1072 Met.
2293 1051 2356 1077 224.

1506 1080 1617 1124 *ffiolon
1635 1081 1814 1120 Hippotaden
1825 1082 2005 1112 cohibentem
2015 1091 2124 1110 carcere
2134 1087 2241 1110 ventos.
2324 1080 2378 1109 Hic
2389 1081 2512 1117 regnavit
2521 1082 2551 1112 in

1439 1117 1545 1162 IE'olia,
1567 1120 1593 1149 Sc
1603 1122 1711 1162 invenit
1718 1120 1854 1149 rationem
1871 1126 2027 1150 ventorum.
2067 1119 2187 1148 Proinde
2199 1124 2345 1148 ventorum
2356 1128 2403 1147 rex
2418 1120 2444 1148 ἃ
2454 1126 2551 1149 ventiis

1440 1157 1541 1186 dicitur
1552 1163 1673 1194 apoetis.
1710 1157 1836 1187 Servius:
1858 1157 1971 1193 AEolus,
1991 1165 2023 1186 ut
2034 1156 2118 1185 Varro
2133 1157 2203 1186 dicit
2217 1179 2225 1192 ,
2259 1155 2319 1185 Rex
2328 1155 2381 1184 fuit
2393 1155 2550 1193 insulsi-um,

1440 1204 1475 1224 ex
1498 1204 1613 1231 quarum
1630 1195 1737 1224 nebulis
1757 1197 1784 1225 ἃ
1804 1195 1882 1225 fumo
1900 1195 2041 1225 Vulcaniae
2058 1194 2166 1229 insulae,
2193 1194 2347 1232 praediceris
2361 1193 2453 1222 futura
2469 1192 2552 1225 flabra

1439 1239 1587 1262 ventorum
1597 1254 1605 1268 ,
1626 1233 1660 1261 ab
1679 1234 1816 1271 imperitis
1833 1233 1903 1263 visus
1917 1234 1955 1262 est
1968 1239 2066 1262 ventos
2084 1232 2113 1261 in
2129 1231 2175 1261 sua
2189 1232 2323 1269 potestate
2336 1232 2464 1261 retinere.

1438 1269 1535 1302 ffiolus
1548 1280 1597 1299 rex
1606 1270 1768 1314 Tuscorum.
1790 1271 1832 1301 De
1841 1281 1896 1308 quo
1905 1271 2065 1301 Plutarchus
2075 1270 2103 1298 in
2113 1269 2257 1299 Parallelis.
2280 1278 2357 1298 num.
2372 1275 2417 1303 28.

1438 1308 1534 1351 JEolos
1553 1309 1624 1352 duos
1638 1310 1743 1338 faciunt
1759 1309 1922 1339 Direchidas
1938 1309 2013 1347 apud
2028 1308 2127 1344 Janum
2143 1307 2308 1337 Parrhasium
2319 1328 2326 1341 ,
2360 1308 2386 1336 8<
2413 1306 2552 1339 Diodorus

1457 1345 1601 1375 Sicoslib.
1615 1357 1638 1380 ς.
1650 1356 1710 1385 cap.
1729 1350 1754 1376 6.
1778 1349 1841 1384 &7.
1860 1347 1999 1382 Priorem,
2020 1344 2146 1375 Hellenis
2163 1345 2260 1374 silium.
2310 1343 2435 1374 Hellenis
2457 1351 2551 1377 autem

1456 1390 1535 1422 pater
1549 1384 1602 1413 fuit
1619 1383 1782 1415 Deucalion.
1819 1385 1999 1414 Posteriorerii
2013 1406 2021 1418 ,
2041 1383 2173 1421 Hippotae
2191 1392 2226 1413 ex
2248 1381 2422 1425 Menalippe.
2462 1383 2552 1419 Hujus
2568 1400 2573 1404 ι
2603 1398 2604 1402 ’

1456 1422 1614 1460 posterioris
1627 1421 1712 1451 filiam
1730 1424 1821 1452 Arnen
1838 1422 1997 1461 compressit
2006 1422 2049 1451 Ne
2071 1429 2163 1451 tunus.
2213 1421 2277 1458 Qua
2292 1420 2327 1449 de
2346 1430 2375 1449 re
2392 1420 2551 1458 indignatus

1456 1467 1534 1498 pater
1542 1459 1738 1497 Metapontino
1749 1461 1859 1490 cuidam
1870 1462 1917 1498 qui
1932 1466 1993 1490 tum
2004 1470 2035 1489 ca
2048 1470 2065 1488 u
2083 1459 2248 1494 advenerat,
2269 1459 2361 1488 Arnen
2377 1467 2408 1487 ea
2424 1458 2485 1496 lege
2499 1465 2552 1488 tra<
2603 1483 2604 1487 ,

1455 1498 1542 1533 didit,
1570 1505 1602 1527 ut
1619 1498 1817 1536 Metapontum
1831 1498 1908 1528 illam
1927 1498 2054 1528 deferret.

2100 1497 2166 1534 Quo
2182 1497 2289 1532 delata,
2319 1496 2445 1533 geminos
2467 1506 2504 1534 pe
2524 1506 2552 1526 e-
2602 1511 2604 1515 ¹

1455 1536 1508 1571 rit,
1530 1535 1657 1571 AEolum,
1679 1538 1705 1566 &
1719 1536 1867 1566 Boeotum:
1897 1546 1981 1573 quem
2022 1542 2148 1578 ropterea
2166 1534 2296 1564 Boeotum
2317 1534 2388 1563 dixit
2405 1535 2481 1571 quod
2501 1536 2567 1563 izi-¹
2603 1543 2604 1554 ³

1454 1574 1508 1602 tim
1527 1580 1624 1603 natum
1643 1575 1714 1604 intra
1733 1573 1818 1603 boum
1837 1574 1973 1604 stabulum
1994 1584 2008 1603 a
2029 1574 2133 1609 jecerit.
2175 1573 2261 1609 Quod
2277 1573 2360 1610 igitur
2378 1572 2450 1601 inter
2465 1571 2550 1601 boves

1454 1612 1508 1641 fuit
1522 1613 1641 1642 nutritus
1657 1612 1761 1642 Bootus
1775 1633 1784 1648 ,
1805 1614 1832 1642 ἃ
1850 1612 1944 1650 postea
1962 1612 2076 1641 Boeotus
2091 1611 2130 1640 est
2147 1609 2320 1649 appellatus,
2341 1616 2373 1639 ut
2396 1610 2482 1640 tradit
2497 1610 2554 1641 Eu-v

1474 1649 1583 1679 horion.

1432 1687 1529 1718 AEolus
1547 1693 1640 1725 pater,
1660 1686 1756 1717 AEolus
1773 1687 1944 1726 imperiosus.
1965 1687 2032 1717 Stat.
2050 1697 2091 1716 10.
2108 1685 2201 1717 Theb.
2212 1694 2276 1722 240.

1432 1725 1528 1755 AEolus
1546 1725 1739 1763 tempestatum
1758 1735 1815 1754 rex.
1838 1726 1910 1763 Virg.
1933 1735 1955 1754 1.
1979 1725 2041 1754 AEn.
2065 1735 2127 1760 145.

1394 1761 1566 1798 AEomus,
1589 1763 1648 1799 Adj.
1671 1763 1839 1799 [Alimon]
1859 1763 1931 1800 Virg.
1948 1774 1972 1800 5.
1993 1764 2056 1793 ffin.
2077 1771 2142 1800 791.

1591 1817 1628 1822 —
1647 1801 1731 1830 maria
1748 1801 1842 1830 omnia
1858 1801 1932 1830 coelo

1429 1877 1463 1908 Μ
1505 1838 1635 1906 Μὲΐευίῑ,
1655 1837 1753 1869 AEoliis
1776 1839 1963 1877 nequicquam
1985 1838 2055 1868 freta
2076 1836 2217 1876 procellis.

1464 1883 1498 1906 et.
1517 1887 1532 1906 2
1554 1887 1580 1906 2.

1502 1915 1630 1945 Protinus
1644 1913 1740 1944 AEoliis
1750 1913 1915 1951 Aquilonem
1930 1913 2037 1944 claudit
2055 1915 2085 1943 in
2106 1913 2200 1943 antris.

1429 1953 1576 2021 Tffianniis
1590 1952 1716 2020 ffighus'
1737 1951 1764 1981 h.
1787 1961 1811 1981 e.
1841 1951 1937 1983 IEoliis
1952 1950 2102 1981 insularum
2119 1951 2272 1981 AEoliarum
2296 1959 2354 1981 rex.
2392 1950 2478 1981 Ovid.
2502 1961 2544 1989 14.

1484 1998 1518 2020 et.
1530 2001 1594 2026 224.
1632 1994 1670 2019 'c.

1430 2029 1522 2058 Senex
1535 2051 1543 2063 ,
1565 2028 1696 2066 Sisyphus
1709 2027 1781 2058 AEoli
1794 2027 1874 2057 filius.
1898 2027 1962 2057 Sen.
1984 2026 2101 2065 Hippol.
2115 2036 2158 2056 12.

1392 2067 1426 2098 AE
1437 2077 1453 2096 o
1465 2068 1621 2102 ersLA,
1637 2076 1667 2095 ae.
1688 2066 1706 2095 f.
1729 2065 1867 2095 Vitruvius
1875 2065 1923 2095 lib.
1939 2075 2031 2103 1.cap.
2043 2069 2068 2094 6.
2090 2064 2175 2094 Fiunt
2184 2063 2331 2102 AEolipylae
2352 2074 2443 2100 aereae,
2464 2073 2546 2095 cavae.

1430 2105 1479 2134 Hae
1496 2104 1600 2134 habent
1619 2105 1756 2142 punstum
1768 2103 1984 2141 angustiffimum
1995 2126 2002 2138 ,
2024 2113 2079 2140 quo
2094 2112 2170 2140 aquae
2187 2102 2387 2131 infunduntur:
2409 2102 2548 2132 collocan-

1429 2148 1529 2180 turque
1537 2142 1572 2171 ad
1580 2143 1691 2179 ignem:
1725 2143 1751 2177 ὃς
1765 2148 1913 2179 antequam
1923 2141 2058 2170 calescant
2069 2163 2077 2176 ,
2114 2150 2172 2169 non
2185 2140 2291 2169 habent
2301 2139 2391 2169 ullum
2402 2140 2545 2178 spiritum:

1431 2180 1545 2209 simulac
1555 2188 1648 2209 autem
1659 2180 1763 2209 fervere
1776 2180 1930 2217 coeperint,
1951 2179 2076 2208 efficiunt
2085 2179 2121 2207 ad
2130 2179 2224 2216 ignem
2234 2178 2430 2207 vehementem
2438 2179 2545 2208 flatum.

1429 2218 1571 2261 Hactenus
1584 2218 1687 2247 Vitruv.
1700 2216 1792 2246 'Porro
1818 2217 1897 2246 dietae
1912 2216 1974 2246 sunt
1993 2216 2138 2254 AEolipylae
2149 2238 2158 2251 ,
2180 2216 2251 2253 quasi
2268 2217 2339 2242 midas
2357 2212 2459 2246 πύλαις
2480 2217 2498 2245 i.
2519 2226 2545 2246 e.

1430 2256 1503 2286 AEoh
1520 2258 1572 2285 sive
1583 2255 1658 2285 venti
1675 2261 1771 2293 portae.
1812 2255 1876 2291 Qua
1886 2254 1989 2292 figura,
2010 2264 2099 2291 quave
2109 2253 2324 2288 materiariam,
2355 2254 2432 2290 parvi
2445 2254 2546 2290 refert,

2422 1837 2509 1869 Ovid.
2523 1846 2546 1868 1.

1429 2294 1498 2323 dum
1513 2304 1584 2337 cavae
1605 2294 1674 2328 sirit,
1694 2293 1880 2330 exiguumque
1897 2292 2017 2322 habeant
2028 2292 2152 2321 foramen
2163 2314 2170 2326 ,
2192 2301 2241 2330 per
2261 2290 2337 2328 quod
2351 2291 2439 2321 infusa
2457 2302 2545 2329 aqua,
2572 2310 2573 2314 =

1429 2332 1496 2361 durii
1510 2333 1544 2361 ad
1556 2342 1650 2369 ignem
1664 2330 1806 2360 collocatae
1814 2331 1919 2359 fervere
1932 2331 2070 2367 coeperint
2079 2352 2088 2365 ,
2108 2330 2205 2359 tandiu
2224 2330 2320 2358 flatum
2330 2328 2440 2364 efficiat,
2455 2330 2547 2359 donec
2563 2364 2566 2365 .

1430 2370 1564 2436 qssi'icquid
1584 2370 1659 2399 intus
1675 2368 1779 2398 habent
1803 2369 1926 2397 humoris
1943 2390 1951 2404 ,
1973 2368 2005 2397 sit
2021 2368 2128 2397 fervore
2160 2367 2339 2403 exhaustum,
2362 2368 2388 2396 &
2410 2368 2440 2396 iri
2470 2377 2548 2397 auras

1429 2418 1444 2436 a
1466 2414 1536 2436 ierit.

1389 2446 1450 2478 AEo
1460 2455 1489 2480 N,
1501 2446 1570 2475 finis.
1581 2454 1617 2474 ni.
1638 2444 1715 2481 [αἰὼν
1727 2444 1741 2478 ]
1758 2443 1899 2486 Seculum,
1912 2443 2057 2477 aeternitas,
2069 2442 2199 2472 mundus.
2220 2442 2338 2472 Tertull.
2355 2442 2390 2472 de
2398 2442 2546 2481 Praescript.

1429 2492 1546 2526 cap..49.
1568 2483 1652 2513 Istum
1669 2491 1774 2512 aeonem
1790 2491 1819 2509 in
1838 2481 2025 2510 defectionem
2040 2481 2151 2510 facium.
2189 2480 2294 2510 Eadem
2310 2489 2366 2509 vox
2383 2480 2488 2510 ibidem
2500 2490 2547 2510 oc·

1428 2529 1513 2564 currit
1525 2522 1621 2564 &cap
1636 2530 1679 2557 33.
1692 2529 1735 2563 34.
1758 2519 1891 2556 &saepiiis
1911 2519 1946 2548 de
1957 2518 2060 2549 Fabula
2073 2529 2116 2554 30.
2127 2518 2258 2554 AEoniini,
2283 2517 2339 2547 scil.
2351 2518 2473 2548 Deorum
2487 2529 2546 2556 par-

1426 2565 1479 2588 tim
1495 2568 1613 2588 marium
1625 2581 1633 2593 ,
1654 2563 1752 2595 partim
1772 2555 1972 2592 foemellarum,
1994 2556 2152 2592 cujusmodi
2168 2556 2271 2586 AEonas
2287 2556 2368 2585 finxit
2387 2556 2547 2586 Valentinus

1426 2596 1582 2626 haereticus.
1604 2596 1677 2626 conf.
1702 2595 1837 2624 irenaeum
1856 2604 1881 2623 2.
1900 2606 1925 2629 4.

1389 2634 1423 2666 ,ΗΞ
1432 2645 1449 2663 0
1458 2645 1470 2663 s
1485 2657 1492 2669 ⁷
1518 2636 1533 2670 [
1544 2634 1641 2669 ΑιΘ-ι]
1663 2632 1809 2670 Typhonis
1818 2632 1871 2661 fuit
1878 2632 1948 2661 filius
1962 2653 1970 2666 ,
1992 2641 2077 2668 quein
2086 2631 2199 2669 quidam
2208 2630 2331 2660 scribunt
2338 2631 2454 2669 Paphon
2461 2630 2546 2670 Cypri
2575 2642 2578 2643 ⁷

1427 2673 1571 2739 fivilgatetm
1577 2671 1730 2702 condidisse
1742 2692 1750 2707 ‚
1774 2679 1838 2701 cum
1849 2676 1943 2700 tamen
1951 2670 2003 2700 sint
2010 2671 2057 2707 qui
2064 2669 2150 2708 Paphi
2160 2669 2347 2707 Pygmalionis
2354 2669 2403 2698 filii
2412 2680 2482 2708 opus
2491 2668 2544 2700 esse

1439 2720 1478 2740 cri
1500 2720 1534 2739 an
1549 2733 1554 2740 .

1878 2785 1916 2821 ΖΕ
2011 2784 2036 2820 Ρ

1389 2860 1444 2892 AEr
1455 2869 1473 2890 A
1483 2871 1499 2889 L
1508 2872 1517 2890 r
1526 2870 1546 2890 u
1555 2868 1566 2890 s
1575 2883 1582 2896 ,
1605 2866 1691 2898 quum
1704 2869 1719 2889 e
1737 2866 1821 2903 regno
1839 2857 1886 2888 suo
1895 2856 1986 2887 fuisset
1997 2854 2126 2900 expulsus
2137 2878 2145 2891 ,
2175 2856 2303 2901 Herculis
2317 2866 2371 2896 ope
2384 2862 2467 2894 atque
2479 2864 2544 2900 ope·
2555 2867 2566 2874 ³

1426 2909 1454 2928 ra
1474 2899 1609 2928 restitutus
1626 2899 1673 2927 est.
1713 2897 1745 2927 ln
1759 2906 1837 2933 cujus
1855 2895 1985 2925 beneficii
2002 2904 2164 2923 memoriam
2178 2917 2186 2930 ,
2211 2896 2236 2924 ei
2252 2905 2309 2931 jam
2319 2895 2400 2925 rebus
2415 2895 2544 2924 humanis

1427 2938 1499 2966 circii
1510 2937 1618 2966 OEtam
1632 2936 1780 2974 defuneto,
1801 2934 1915 2971 gratiam
1926 2933 2063 2962 reddidit:
2087 2933 2190 2970 quippe
2204 2933 2308 2970 Hylum
2320 2934 2390 2962 inter
2404 2933 2464 2968 ejus
2473 2933 2544 2962 filios
2595 2942 2599 2966 ¹.

1425 2981 1492 3003 natu
1506 2975 1637 3009 majorem
1647 2996 1654 3009 ,
1676 2973 1825 3011 adoptavit.
1850 2972 1929 3014 Isque
1940 2971 2018 3007 regni
2028 2970 2226 2999 successionem
2238 2970 2372 3009 suscepit,
2395 2972 2421 3000 ἃ
2431 2971 2488 2999 nati
2497 2980 2544 3000 na·
2594 2965 2604 3000 ἐῖ

1425 3019 1515 3042 torum
1528 3034 1536 3047 ,
1558 3014 1585 3042 δε
1596 3013 1641 3049 qui
1651 3012 1684 3040 ab
1696 3020 1729 3040 eo
1740 3009 1876 3048 progeniti
1890 3010 1975 3038 suere.
2004 3008 2099 3037 Strabo
2112 3008 2159 3037 lib.
2172 3019 2197 3043 9.

1386 3050 1420 3080 ΖΕ
1430 3061 1443 3078 Ρ
1453 3054 1468 3079 ἓ
1479 3061 1496 3079 Α
1507 3073 1514 3085 ,
1536 3060 1566 3079 ae.
1590 3047 1744 3085 [Α’ίπειῶ]
1778 3047 1846 3076 Urbs
1861 3046 1986 3076 Laconiae
1996 3068 2003 3081 ,
2033 3056 2092 3082 quae
2107 3048 2133 3076 ἃ
2153 3045 2259 3075 Thoria
2273 3045 2345 3075 dic‘ia
2370 3045 2408 3074 est
2422 3068 2430 3080 ,
2450 3045 2543 3075 Pheris

1425 3088 1616 3121 contermina,
1637 3087 1684 3115 sita
1704 3086 1730 3114 in
1752 3085 1860 3114 excelso
1876 3084 1966 3119 colle,
1987 3083 2062 3112 unde
2079 3084 2183 3122 AEpea,
2204 3084 2222 3113 i.
2243 3093 2267 3114 e.
2291 3084 2369 3113 Celsa
2384 3090 2544 3121 nuncupata

1425 3126 1471 3155 est.
1488 3125 1575 3155 Strab.
1587 3124 1633 3153 lib.
1648 3130 1673 3157 8.
1691 3133 1716 3160 p.
1733 3132 1796 3158 249.

1424 3164 1468 3193 Est
1481 3166 1506 3193 ὁὶ
1518 3163 1601 3200 Cypri
1613 3162 1677 3191 urbs
1687 3161 1790 3198 ffipeia,
1809 3160 1844 3189 de
1855 3169 1908 3196 qua
1918 3158 2078 3188 Plutarchus
2089 3159 2116 3187 iii
2125 3159 2227 3188 Solone
2238 3168 2245 3195 ;
2267 3160 2294 3189 ἃ
2304 3157 2358 3187 alia
2372 3158 2459 3188 Cretae
2467 3157 2542 3197 apud
2563 3185 2570 3190 ,
2602 3178 2604 3185 .

1443 3201 1607 3238 Byzantium
1625 3199 1721 3236 Steph.
1738 3197 1848 3227 urbium
1864 3196 2067 3235 &populorum
2082 3196 2250 3234 scriptorem.

1386 3239 1419 3269 AE
1431 3248 1567 3268 Puri-iu
1579 3247 1607 3271 s,
1628 3247 1660 3271 a,
1683 3246 1737 3265 um.
1760 3235 1820 3270 Adj.
1838 3236 1905 3264 Stat.
1921 3246 1947 3270 4.
1973 3232 2063 3264 Theb.
2084 3239 2147 3269 296.

1497 3275 1635 3342 {lssptliiittios
1645 3275 1719 3304 idem
1730 3273 1810 3302 ardor
1819 3283 1896 3309 agros
1905 3295 1913 3306 ,
1934 3274 1960 3302 ἃ
1972 3272 2108 3309 l‘sopliida
2120 3271 2219 3301 celsam

1423 3352 1502 3381 ducis
1515 3324 1629 3380 isoiiiine
1644 3354 1825 3386 nuncupatos.
1850 3348 2003 3385 lliquoque
2018 3345 2255 3390 lirciidifepopull.
2278 3345 2311 3375 al.
2334 3346 2468 3383 AEpytius.

1385 3389 1418 3420 AE
1429 3400 1442 3418 i>
1451 3400 1467 3418 o
1477 3401 1493 3417 L
1503 3400 1511 3417 i
1522 3399 1540 3418 o
1549 3400 1569 3417 M
1578 3409 1586 3424 ,
1607 3389 1635 3417 ii.
1651 3397 1679 3416 n.
1702 3387 1839 3417 Sarmatiae
1848 3386 1987 3423 Europaeae
1998 3385 2062 3415 urbs
2072 3408 2079 3420 ,
2101 3395 2173 3414 circa
2180 3385 2277 3415 fluvios
2287 3383 2390 3421 Tyrum
2398 3386 2424 3413 ἃ
2433 3385 2537 3414 Istrum.
2564 3402 2567 3404 -

1424 3427 1454 3456 V.
1476 3427 1544 3456 Plin.
1557 3438 1583 3462 4.
1596 3435 1637 3455 12.

1384 3464 1419 3494 AE
1429 3475 1442 3493 P
1452 3476 1459 3492 i
1470 3474 1489 3493 T
1498 3474 1535 3493 os
1547 3483 1554 3499 ,
1577 3465 1656 3493 Areas
1668 3462 1843 3498 fuitgenere:
1880 3460 1968 3489 Heros
1980 3460 2081 3489 nobilis
2092 3459 2164 3489 inter
2171 3459 2281 3488 Graecos
2295 3481 2302 3494 ,
2321 3459 2368 3496 qui
2381 3456 2417 3488 ad
2425 3458 2538 3495 Trojam

1423 3503 1539 3540 profesti
1555 3501 1625 3530 sunt.
1663 3499 1747 3535 Cujus
1762 3498 1890 3527 meminit
1900 3498 2011 3527 Homer.
2027 3509 2050 3527 2.
2073 3497 2150 3527 Iliad.
2171 3501 2234 3532 604.

1384 3539 1417 3570 AE
1427 3550 1441 3568 Ρ
1451 3551 1466 3568 υ
1479 3550 1535 3574 Lo,
1562 3539 1713 3568 Histrorum
1723 3546 1779 3570 rex,
1795 3536 1842 3571 qui
1851 3536 1958 3573 oppido
1977 3536 2006 3564 in
2016 3536 2091 3573 quod
2110 3535 2284 3572 confugerat,
2302 3532 2335 3562 ab
2350 3533 2482 3563 Romanis
2496 3542 2538 3563 ca-

1422 3583 1471 3614 pto
1481 3599 1488 3612 ,
1504 3577 1611 3613 trajecit
1625 3576 1695 3605 ferro
1707 3575 1802 3612 pechis
1815 3595 1823 3608 ,
1842 3583 1876 3602 ne
1890 3572 1968 3603 vivus
1981 3581 2131 3611 caperetur.
2154 3572 2211 3601 Liv.
2238 3583 2260 3606 ς.
2279 3571 2346 3600 Dec.
2356 3570 2403 3600 lib.
2420 3581 2442 3600 1.

1383 3614 1417 3644 JE
1427 3625 1439 3642 1²
1449 3625 1466 3643 γ
1477 3637 1484 3649 ,
1507 3615 1522 3650 [
1537 3613 1627 3649 Α’ίπυ]
1652 3613 1720 3642 Urbs
1730 3611 1927 3641 Messeniorum
1940 3634 1947 3645 ,
1972 3611 2114 3648 quondam
2124 3610 2172 3639 sub
2182 3609 2301 3639 Nestoris
2315 3609 2424 3638 ditione
2433 3630 2441 3644 ,
2458 3609 2536 3644 cujus

1421 3653 1551 3681 meminit
1562 3652 1698 3681 Homerus
1709 3660 1733 3679 2.
1750 3649 1825 3679 Iliad.
1847 3654 1908 3683 538.
1927 3649 1978 3678 sive
1994 3649 2083 3678 Boeot.
2094 3659 2137 3684 99.

1494 3689 1564 3719 Inde
1578 3689 1678 3718 vadum
1686 3686 1783 3725 Alphei
1793 3686 1918 3723 Thryon,
1939 3686 2001 3716 altis
2015 3686 2135 3715 turribus
2152 3685 2230 3722 AEpy.

1420 3736 1448 3764 p.
1462 3736 1525 3762 241.
1564 3724 1646 3756 Urbis
1655 3735 1759 3755 nornen
1770 3724 1856 3762 AEpy,
1877 3724 1904 3753 h.
1926 3734 1950 3753 e.
1973 3724 2115 3759 Sublime,
2136 3733 2170 3752 ex
2180 3732 2214 3751 co
2225 3721 2299 3760 quod
2309 3720 2348 3750 illi
2359 3722 2407 3750 situ
2419 3719 2537 3750 naturali

1421 3764 1543 3793 obvenit.
1566 3764 1632 3793 Stat.
1645 3776 1671 3799 4.
1693 3761 1783 3792 Theb.
1808 3767 1867 3793 1520.

1495 3803 1565 3838 Quat
1575 3802 1700 3839 Thryon,
1718 3802 1744 3830 ἃ
1753 3799 1865 3828 summis
1876 3798 2008 3834 ingestum
2019 3798 2161 3827 montibus
2170 3797 2250 3835 IEpy.

1381 3837 1415 3871 IE
1425 3849 1438 3867 i’
1447 3839 1465 3868 i*
1474 3849 1494 3867 i·
1504 3849 1542 3878 us
1556 3860 1563 3873 ,
1591 3839 1608 3868 i.
1631 3849 1666 3868 m.
1689 3837 1888 3868 Messeniorum
1900 3846 1946 3864 rex
1956 3858 1964 3871 ,
1985 3836 2118 3865 educatus
2135 3837 2164 3864 in
2176 3832 2287 3863 Arcadia
2295 3833 2370 3871 apud
2378 3839 2534 3862 maternum

1420 3886 1501 3906 avum
1524 3876 1688 3914 Cypselum,
1717 3884 1834 3913 regnum
1867 3876 2014 3912 paternum
2038 3874 2113 3903 eaede
2143 3872 2325 3910 Polyphontis
2353 3871 2532 3907 recuperavit.

1715 3310 1767 3340 Ubi
1786 3310 1960 3340 Lactantius:
1983 3310 2138 3346 Ilipliitios:
2160 3310 2301 3338 civitatem
2320 3304 2365 3338 vel
2380 3314 2507 3338 montem
2524 3317 2541 3338 a
2561 3327 2563 3334 κ
2601 3316 2604 3339 t

2350 3683 2436 3713 Strab.
2450 3683 2497 3712 lib.
2510 3688 2537 3716 8.
2586 3682 2587 3713 i

2373 3907 2531 3945 Aponodor.
2584 3902 2589 3926 Γ
2602 3888 2604 3903 ³
