2600 4177
466 116 496 151 C
585 117 621 152 O
713 117 751 151 M

96 196 277 226 Committere
293 197 357 227 sein
374 197 457 226 fidem
469 197 593 233 alicujus.
631 196 694 226 Ter.
709 198 778 235 prol.
792 198 861 228 Hec.
879 207 922 234 ς3.

188 235 316 264 Studium
334 235 410 264 suum
423 257 430 269 ,
453 236 476 263 8(
488 235 553 263 sein
566 234 678 263 vestram
690 237 827 265 commisit
839 236 931 266 fidem.

97 270 279 337 Cplmgiittere
288 273 313 302 se
325 274 352 301 in
363 273 477 302 tutelam
489 272 606 307 alicujus
623 281 657 301 ex
668 274 771 302 eodem
784 274 918 304 Terentio
930 297 938 310 ,
960 273 1031 304 Vide
1052 283 1070 303 τ
1079 283 1125 304 υτ
1133 284 1147 304 a
1156 285 1172 304 r.
1183 284 1214 304 A.

146 330 152 336 .
191 317 208 338 t.

99 344 130 374 ln
141 347 293 376 custodiam
306 354 390 385 caput
398 347 486 376 suum.
508 346 593 375 Plaut.
606 346 678 376 Rud.
695 356 717 382 3.
730 358 754 377 2.
770 359 779 377 i
791 360 811 378 i.

180 384 260 414 More
271 385 384 421 antiquo
399 385 429 413 in
440 384 593 413 custodiam
605 384 682 413 suuni
694 386 893 416 commiserunt
908 394 1000 425 caput.

98 418 177 450 Fidei
188 422 304 457 alicujus
316 422 514 451 commendare
526 422 551 450 8<
564 424 738 452 committere
753 424 786 452 se.
827 424 891 454 Ter.
908 425 977 454 Eun.
998 436 1023 461 ς.
1036 433 1062 454 2.
1075 433 1120 462 47.

193 459 250 496 Ego
261 469 306 488 me
316 467 369 488 tua:
380 459 550 488 commendo
561 460 585 489 ἃ
595 468 742 489 comnirtto
753 461 827 490 fidei.

97 495 222 562 lnxgeniis
235 497 454 534 conietsturaeque
479 496 635 534 aliquorum
652 498 756 534 aliquid
775 500 959 530 committere.
994 500 1053 530 Cic.
1072 509 1124 538 pro
1135 499 1216 531 Rosc.

141 543 208 563 mer.
226 543 286 569 123.

97 569 207 608 Populo
214 571 240 600 se
250 571 433 601 committere.
455 571 513 601 Cic.
525 581 575 609 pro
587 571 680 601 Domo
691 582 737 608 49.

98 607 225 637 Potestati
249 608 365 643 alicuius
385 609 600 647 Rempublicam
619 612 644 639 ἃ
658 620 732 640 arma
749 610 848 648 populi
866 612 1053 643 committere.
1085 612 1145 643 Cio.
1165 622 1217 652 pro

119 645 220 675 Milon.
259 647 319 682 [V.
342 651 386 679 653.
405 650 431 676 &r
449 657 493 684 70.
517 647 599 685 paulo
613 648 700 678 aliter.

99 683 219 713 Publicis
233 684 363 721 praesidiis
378 686 402 714 ἃ
415 687 496 715 armis
506 685 531 714 se
544 686 732 716 committere.
753 685 811 715 Cic.
824 696 874 724 pro
886 686 988 718 Milon.

98 721 214 750 Causam
226 722 317 751 alicui.
343 722 400 751 Cic.
417 733 438 752 1.
452 724 487 752 de
500 725 576 753 Orat.
592 733 652 760 174.

98 758 218 788 Confilia
227 759 273 788 sua
286 760 378 789 alicui.
401 761 459 790 Cic.
475 772 498 796 ς.
517 761 590 789 Verr.
604 766 628 789 6.

98 796 185 826 Curas
198 796 256 826 suas
266 799 377 826 auribus
390 798 514 828 alterius.
535 799 598 828 Sen.
617 797 732 836 Hippoi.
746 809 771 835 ς.

98 833 392 865 Delit‘tumhominum
401 836 517 866 fortunae
527 837 642 873 judicio,
666 837 724 866 Cic.
735 847 787 875 pro
799 836 909 868 Cluent.
922 848 985 875 129.

98 871 250 910 Epistolam
262 873 354 902 alicui.
380 874 438 904 Cic.
453 885 474 904 i.
492 876 544 904 Att.
559 884 600 903 io.

98 910 338 940 Existimationem
347 921 378 940 ac
388 911 462 949 spem
476 912 589 950 reliquae
601 911 662 941 vitae
671 911 766 941 alicui.
788 912 846 942 Cic.
861 924 911 951 pro
923 914 1020 952 Quint.
1031 919 1076 948 98.

97 947 227 978 Habenas
238 951 413 979 committere
424 972 432 985 ,
455 950 611 980 permittere
622 950 737 984 regendi
747 951 921 988 potestatem.
944 954 1007 981 Seii.
1022 951 1137 987 Medea,
1153 960 1176 981 ι.

96 986 226 1053 HSonores
236 989 411 1017 committere
422 987 515 1018 alicui.
551 987 570 1018 i.
590 998 615 1017 e.
637 987 740 1017 Officia
762 988 905 1019 honorata.
938 990 1037 1020 Claud.
1059 991 1087 1019 in
1100 989 1215 1019 Laudib.

137 1034 210 1054 eren.
227 1034 288 1060 194.

96 1061 281 1092 incommoda
293 1063 338 1093 sua
350 1064 456 1098 legibus
469 1063 624 1100 &judiciis
639 1063 697 1092 Cic.
711 1071 736 1100 3.
756 1064 879 1099 Verr.82.
890 1064 918 1095 h.
930 1074 954 1095 e.
972 1065 1116 1101 Judicium
1130 1065 1165 1095 de
1176 1065 1219 1094 in-

119 1101 276 1129 commodis
291 1102 444 1131 fecundum
458 1102 532 1139 leges
543 1104 699 1139 expectare.

98 1136 214 1167 Litteras
229 1138 321 1168 alicui.
362 1141 421 1168 Cic.
438 1150 461 1168 1.
475 1141 528 1169 Att.
544 1149 587 1168 xo.
615 1139 655 1168 Ita
668 1148 760 1176 neque
779 1139 905 1170 Achaicis
923 1140 1106 1178 hominibus,
1126 1149 1218 1178 neque

119 1175 264 1213 Epiroticis
276 1177 359 1214 paulo
374 1177 517 1207 liberiores
528 1177 631 1206 litteras
644 1179 820 1206 committere
829 1180 928 1209 audeo.

97 1212 270 1250 Magistratus
280 1214 416 1251 aliquibus
427 1216 613 1244 committere.
635 1215 693 1244 Cic.
706 1225 757 1251 pro
769 1216 858 1246 Plano.
872 1222 917 1246 ⁶1.

97 1249 200 1280 Oscula
210 1253 384 1282 committere
398 1253 506 1290 linguae.
529 1253 612 1282 Ovid.
631 1262 672 1287 ις.
688 1252 770 1290 Epist.
788 1262 848 1288 131.

191 1289 294 1319 Oscula
306 1290 444 1327 cognosco
455 1312 463 1325 ,
486 1300 545 1327 quae
556 1298 585 1319 tu
598 1291 774 1320 committere
787 1290 905 1329 linguae,

226 1329 351 1364 Aptaque
361 1327 506 1358 consueras
515 1329 642 1365 accipere
651 1350 658 1360 .
679 1335 743 1366 apta
754 1329 831 1359 dare.

98 1363 170 1394 Rem
179 1374 307 1403 magnam
318 1365 517 1403 difficilemque
531 1366 623 1395 alicui.
645 1367 705 1395 Cic.
720 1376 762 1403 13.
775 1367 849 1397 Fam.
863 1378 888 1403 ς.

98 1401 170 1432 Rem
180 1404 206 1432 8<
216 1404 300 1433 vitani
312 1403 404 1433 alicui.
426 1403 492 1433 Hor.
504 1413 530 1433 2.
541 1404 627 1433 Serm.
639 1414 666 1441 7.
682 1408 727 1440 ⁶7·

96 1440 265 1478 Suffragium
285 1443 311 1471 ἃ
326 1442 546 1477 jurisdictionem
558 1442 649 1472 alicui.
690 1442 754 1471 Sen.
770 1443 805 1472 de
816 1443 911 1473 Benef.
924 1443 974 1473 lib.
987 1451 1013 1473 2.
1025 1453 1085 1482 cap.
1100 1451 1144 1480 25.
1166 1443 1219 1474 His

118 1478 192 1516 ipsis,
206 1489 274 1516 quos
282 1489 415 1509 vocamus
424 1480 545 1514 insanos,
566 1479 725 1518 suffragium
737 1482 762 1510 Sc
774 1481 993 1516 jurisdictionem
1005 1482 1217 1511 committimus.

98 1515 180 1546 Vices
190 1516 248 1546 suas
257 1516 349 1547 alicui.
371 1519 387 1547 i.
399 1527 422 1547 e.
440 1518 530 1548 Partes
539 1517 597 1547 suas
610 1528 673 1547 cum
684 1518 739 1547 alio
750 1527 931 1549 commutare.
952 1520 1111 1550 Sen.OEth.
1124 1530 1218 1556 v.149.

190 1554 389 1592 Commifitque
401 1557 476 1585 vices
488 1556 598 1585 Lucifer
608 1556 733 1594 Hespero
742 1577 751 1592 ,

190 1592 224 1622 Et
237 1592 306 1623 soles
318 1594 405 1623 vetuit
414 1593 493 1622 Delia
502 1594 617 1623 tardior.

99 1628 201 1668 Caput,
225 1631 268 1660 vel
277 1631 399 1665 Collum,
415 1631 530 1661 tonsori.
571 1631 638 1661 Hor.
653 1632 682 1661 in
696 1632 760 1661 Arte
778 1631 853 1662 Poet.
868 1641 930 1668 301.
960 1632 1020 1662 Cic.
1036 1643 1060 1668 5.
1077 1631 1160 1662 Tusc.
1174 1636 1218 1668 58.

121 1668 286 1705 Quinetiam
298 1670 445 1700 netonsori
458 1669 563 1699 collum
573 1671 777 1705 committeret,
797 1671 914 1701 tondere
925 1670 994 1701 filias
1006 1671 1066 1701 suas
1075 1671 1181 1700 docuit.

97 1706 168 1737 Crus
178 1707 316 1736 commisit
328 1708 427 1745 laqueo
440 1707 567 1738 volucris.
590 1708 673 1738 Ovid.
690 1718 701 1737 1
710 1718 732 1738 1.
747 1708 817 1739 Met.
830 1718 875 1746 74.

98 1744 210 1774 Litteris
223 1746 400 1775 committere
411 1745 526 1783 aliquid.
549 1746 608 1775 Cic.
623 1757 649 1782 4.
664 1747 716 1775 Att.
733 1756 755 1774 1.

98 1783 214 1812 Amores
225 1782 287 1813 suos
294 1784 413 1813 tabellis.
437 1784 519 1814 Ovid.
531 1793 555 1814 1.
569 1784 662 1813 Amor.
675 1794 717 1813 1².
731 1793 776 1813 21.

97 1819 283 1850 Committere
297 1828 409 1859 gnatam
420 1821 495 1851 suam
509 1831 624 1851 uxorem
636 1821 729 1851 alicui.
751 1821 815 1851 Ter.
827 1822 897 1851 And.
918 1831 942 1851 1.
957 1831 980 1857 ς.
993 1825 1019 1852 6.

293 1861 403 1896 —quid
414 1860 547 1889 Chremes
559 1881 567 1894 ,
590 1860 636 1896 qui
646 1860 796 1896 denegarat

179 1896 215 1926 Se
224 1898 432 1927 commissurum
441 1898 510 1927 mihi
521 1903 632 1935 gnatam
641 1897 714 1927 suam
726 1899 863 1928 uxorem?
884 1898 914 1927 id
924 1897 1060 1927 mutavit?

97 1933 281 1965 Committere
291 1936 321 1964 in
331 1936 479 1965 discrimen
493 1945 579 1973 remp.
622 1935 681 1965 Liv.
695 1941 720 1969 8.
735 1945 779 1970 3²-
803 1935 899 1972 Quum
909 1946 954 1965 me
968 1936 1082 1965 incertis
1093 1935 1221 1974 auspiciis

119 1973 278 2010 profectum
293 1974 327 2002 ab
338 1974 423 2002 domo
436 1973 543 2009 scirem,
555 1980 649 2002 utrum
663 1974 733 2003 mihi
745 1973 860 2003 turbatis
870 1973 1050 2011 religionibus
1061 1973 1178 2012 Respub.
1191 1975 1221 2003 in

117 2010 266 2039 discrimen
277 2012 480 2041 committenda
489 2011 574 2040 fuerit
584 2033 592 2046 ,
615 2021 650 2041 an
662 2011 782 2049 auspicia
792 2012 944 2049 repetenda
953 2013 966 2040 ?

99 2047 285 2079 Committere
296 2049 322 2078 se
334 2049 362 2078 iri
374 2048 658 2087 praecipitemlocum.
699 2049 726 2079 h.
744 2059 768 2078 e.
792 2049 940 2087 Expoiiere
958 2051 983 2079 ἃ
1002 2049 1179 2078 committere
1194 2048 1221 2078 se

115 2086 253 2125 periculo.
293 2087 352 2116 Cic.
363 2099 390 2122 4.
405 2088 487 2116 Acad.
502 2091 547 2121 68.
568 2086 608 2116 Ita
629 2087 704 2116 enim
721 2086 839 2116 finitima
857 2087 919 2116 sunt
942 2087 1006 2116 falsa
1025 2088 1114 2121 veris,
1133 2096 1222 2125 eaque

120 2134 182 2161 quae
193 2125 297 2162 percipi
309 2125 422 2163 possunt
441 2125 483 2161 (si
493 2125 581 2154 modo
590 2135 622 2154 ea
632 2125 695 2154 sunt
707 2126 848 2162 quaedam:
870 2126 926 2161 jam
945 2127 1021 2154 enim
1041 2125 1221 2161 videbimus)

116 2170 150 2192 ut
159 2169 254 2191 tamen
266 2164 296 2191 in
308 2164 480 2200 praecipitem
495 2162 591 2192 locum
604 2173 661 2192 nori
676 2163 778 2192 debeat
789 2163 815 2192 se
824 2163 930 2200 sapiens
944 2163 1127 2192 committere.

96 2199 283 2230 Committere
292 2200 355 2230 sein
369 2201 467 2231 aciem.
507 2200 603 2238 Liv.7.
626 2201 668 2230 Ibi
680 2201 744 2237 quia
759 2210 802 2230 res
821 2201 891 2230 trahi
909 2200 1022 2238 segnitia
1042 2201 1199 2230 Graecorum
1211 2222 1221 2235 ‚

114 2248 174 2268 non
183 2238 422 2268 committentium
441 2238 468 2269 se
485 2239 516 2267 in
532 2239 640 2275 aciem,
661 2239 843 2274 videbantur,
865 2238 1037 2269 Dictatorem
1049 2261 1056 2274 ,
1073 2240 1125 2268 ἃς.
1145 2238 1221 2268 conf.

117 2285 135 2306 2
157 2298 163 2305 .
179 2286 189 2305 i
199 2285 221 2306 1.

96 2285 282 2344 Coinmittere
297 2313 324 2344 se
339 2314 369 2343 in
383 2313 565 2352 conspertum
577 2314 687 2353 populi.
721 2313 779 2344 Cic.
792 2317 817 2343 6.
834 2313 910 2344 Verr.
923 2317 968 2343 26.
1000 2313 1032 2343 Iii
1053 2313 1153 2352 Populi
1167 2314 1223 2343 Ro-

115 2353 192 2382 mani
205 2353 318 2389 quidem
328 2352 509 2389 conspectum
517 2362 572 2390 quo
583 2363 630 2382 ore
643 2362 692 2382 vos
706 2352 898 2382 commifistis‘?
921 2352 998 2382 Idem
1006 2357 1031 2385 8.
1048 2353 1100 2381 Att.
1113 2361 1155 2389 17.
1178 2352 1222 2381 Ne

115 2390 179 2419 duae
189 2389 314 2428 legiones
322 2390 377 2420 fine
388 2390 538 2421 Picentinis
550 2391 712 2421 cohortibus
728 2391 758 2419 in
774 2390 954 2428 conspectum
965 2390 1077 2419 Caesaris
1093 2390 1222 2419 commit-

117 2433 252 2458 terentur.

96 2466 281 2496 Committere
292 2465 318 2495 se
331 2466 359 2494 in
371 2465 512 2496 Senatum.
551 2466 644 2503 Cic.3.
658 2466 693 2504 Q.
707 2465 766 2495 frat.
784 2475 810 2496 2.
832 2465 929 2503 Quum
949 2465 1083 2495 Gabinius
1100 2475 1224 2502 quacun-

114 2514 170 2542 que
178 2504 308 2534 veniebat
318 2526 325 2538 ,
346 2504 519 2542 triumphum
528 2503 555 2534 se
564 2504 702 2542 postulare
714 2503 840 2538 dixisset,
863 2503 1009 2541 subitoque
1028 2504 1119 2532 bonus
1132 2503 1223 2541 Impe—

114 2550 189 2572 rator
198 2544 285 2572 ηοᾶιι
294 2543 323 2570 in
333 2542 440 2577 urbem,
462 2542 581 2572 hostium
589 2543 682 2581 plane,
696 2541 842 2575 invasisset.
862 2542 892 2570 in
899 2542 1031 2571 Senatum
1043 2541 1069 2570 se
1078 2551 1136 2570 non
1145 2551 1221 2571 com-

116 2581 254 2610 mittebat.
292 2579 414 2616 [Deeffe
424 2580 491 2617 quid
502 2581 621 2610 videtur.
659 2581 701 2610 An
720 2579 849 2610 Hostium
859 2579 944 2618 plane
953 2589 1031 2609 more
1039 2601 1049 2616 ,
1069 2578 1115 2609 vel
1127 2579 1221 2609 Noctu

115 2618 221 2648 Urbem
233 2640 241 2654 ,
259 2624 290 2647 ut
298 2618 419 2647 hostium
430 2619 474 2648 &c
483 2618 497 2647 ²?

48 2663 50 2666 ’
98 2656 173 2686 Aulis
184 2656 290 2694 magnis
300 2655 326 2685 se
336 2656 524 2686 committere.
546 2655 644 2686 Claud.
658 2665 684 2686 2.
697 2655 727 2685 in
742 2655 857 2694 Eutrop.
873 2660 935 2693 548.

97 2693 235 2724 Fortunae.
258 2693 316 2723 Cic.
328 2704 354 2729 9.
372 2695 423 2722 Art.
439 2705 465 2728 4.

94 2731 200 2770 Frigori
214 2731 326 2769 aliquid.
366 2730 498 2769 Celsrlib.
508 2734 535 2761 6.
547 2741 608 2770 cap.
623 2736 666 2766 18.
688 2731 884 2768 Praecipueque
900 2731 931 2760 id
947 2729 1027 2760 ulcus
1035 2730 1122 2760 multa
1129 2730 1219 2761 calida

113 2779 184 2807 aqua
193 2770 347 2799 fovendum
356 2770 412 2804 est,
433 2769 638 2806 velandumque
648 2791 656 2804 ,
676 2779 768 2806 neque
783 2769 877 2807 frigori
890 2769 1136 2799 committendum.

93 2807 191 2839 Hiemi
204 2809 229 2838 ἂ
240 2807 369 2837 fluetibus
381 2807 415 2836 se.
458 2807 516 2837 Cic.
527 2818 553 2843 4.
567 2808 639 2837 Verr.
651 2817 695 2842 91.
719 2807 812 2836 Hiemi
825 2806 1008 2843 fluctibusque
1021 2806 1074 2836 sese
1090 2807 1218 2837 commit-

112 2851 174 2876 tere
184 2845 282 2875 maluit
292 2867 300 2881 ,
321 2855 404 2883 quani
414 2854 473 2874 nori
482 2845 558 2875 istam
574 2854 757 2876 communem
770 2844 929 2875 Siculorum
943 2844 1152 2883 tempestatem,
1174 2855 1219 2876 ca-

115 2883 324 2921 lamitatemque
337 2884 432 2913 vitare.

93 2921 191 2953 ltineri
201 2921 228 2951 se
239 2922 426 2951 committere.
446 2920 479 2950 V.
501 2919 585 2957 paulo
598 2921 660 2959 post
671 2943 679 2956 ,
700 2920 759 2950 Viis
767 2919 842 2950 hisce
853 2941 861 2956 ,
876 2920 930 2950 &a

93 2959 196 2990 Labori
215 2959 260 2995 se,
281 2959 356 2989 aestui
369 2961 422 2988 διο.
463 2958 533 2988 eels.
542 2958 591 2988 lib.
605 2968 629 2988 r.
645 2968 707 2996 cap.
719 2968 746 2988 2.
767 2959 868 2996 Siquis
888 2957 1011 2987 interdiu
1028 2956 1055 2987 se
1068 2957 1215 3001 implevit:

113 2998 173 3034 post
185 2997 281 3027 cibum
290 3006 381 3034 neque
391 2997 590 3034 frigori,neque
599 2997 683 3031 aestui,
698 3006 789 3033 neque
797 2996 886 3026 labori
897 2996 924 3025 se
935 2996 1020 3026 debet
1031 3001 1215 3026 committere.

51 3061 63 3075 ⁴.
93 3035 170 3066 Mari
179 3035 301 3072 aliquem
313 3035 499 3064 committere.
521 3034 625 3064 Lucan.
641 3045 665 3070 ς.
678 3039 742 3069 691.

92 3073 272 3110 Navigationi
283 3073 310 3102 se
318 3073 504 3102 committere.
525 3072 585 3103 Cic.
599 3075 642 3102 16.
659 3072 734 3102 Fam.
748 3074 774 3101 6.

93 3111 189 3142 Nocti.
212 3111 298 3141 Ovid.
313 3120 355 3147 13.
371 3110 440 3140 Met.
455 3119 519 3146 342.
715 3119 808 3153 —cur
816 3108 1015 3147 audetUlysses

175 3149 218 3178 Ire
229 3157 279 3187 per
289 3148 421 3178 excubias
430 3170 439 3184 ,
460 3149 486 3178 δι
498 3148 526 3177 se
535 3148 710 3178 committere
721 3148 818 3177 nocti?

63 3199 74 3210 ¹
91 3186 195 3224 Pelago
205 3192 293 3217 ratem
304 3186 489 3216 committere.
512 3186 579 3216 Hor.
595 3196 618 3215 i.
630 3186 720 3215 Carm.
737 3194 761 3220 3.
775 3195 818 3214 11.
1015 3222 1021 3228 .

91 3224 220 3255 Periculo
234 3224 348 3254 litteras.
388 3223 447 3253 Cic.
463 3233 486 3254 1.
501 3225 555 3253 Att.
571 3232 613 3260 13.
634 3224 690 3254 Sed
703 3233 759 3252 non
771 3222 984 3252 committendae
995 3221 1134 3259 ejusmodi
1143 3224 1215 3261 peri·

112 3262 196 3298 culo,
216 3269 248 3292 ut
259 3268 306 3292 aut
316 3262 447 3297 interire,
468 3268 516 3291 aut
529 3262 641 3300 aperiri,
662 3262 848 3298 autintercipi
865 3260 976 3298 posti-ir.
1016 3260 1057 3290 De
1069 3261 1175 3292 litteris.

91 3300 222 3331 Periculo
232 3300 340 3335 mortis,
353 3306 401 3329 aut
410 3299 546 3330 servitutis
553 3299 581 3329 se
593 3301 781 3329 committere.
801 3300 900 3329 Cicero
911 3308 963 3336 pro
976 3297 1047 3335 Lege
1057 3299 1155 3330 Manil.
1169 3309 1213 3337 31.

92 3338 177 3369 Ponti
186 3338 242 3368 sese
256 3338 440 3368 committere.
474 3337 524 3367 Per
533 3344 650 3375 pontem
661 3338 780 3367 tramite.
802 3338 876 3374 Virg.
891 3345 915 3373 3.
932 3336 1033 3374 Georg.
1046 3342 1090 3374 78.

93 3376 184 3406 Ponto
192 3376 220 3406 se
230 3376 415 3406 committere.
444 3376 462 3405 i.
475 3385 499 3406 e.
524 3376 605 3406 Mari.
628 3376 687 3405 Cic.
698 3376 727 3404 iri
740 3378 813 3404 Arat.
911 3412 916 3418 ·
938 3412 944 3417 .

91 3414 221 3445 Portibus
229 3414 406 3444 committere
415 3413 441 3443 se
452 3423 510 3443 non
519 3413 669 3444 audebant.
692 3412 757 3443 Caes.
768 3422 793 3450 3.
805 3411 874 3443 Bell.
885 3411 965 3442 Civil.
978 3415 1023 3442 60.

92 3449 204 3490 Pugnai.
227 3452 310 3482 Ovid.
322 3462 364 3487 14.
376 3452 448 3481 Met.
461 3456 523 3488 3⁶²·

92 3489 172 3521 Rixae
181 3490 208 3520 se
221 3490 405 3520 committere.
429 3489 532 3519 Lucan.
545 3489 580 3519 ad
590 3488 678 3519 Pison.
696 3493 757 3524 187.
775 3499 778 3502 ’
857 3525 863 3531 .
1017 3515 1020 3516 .
1057 3524 1064 3532 ·
1104 3525 1111 3532 .

92 3529 151 3558 Soli
160 3529 294 3566 aperienti
306 3527 332 3557 se
342 3529 527 3557 committere.
542 3527 663 3557 Celslib.
672 3524 924 3564 1.cap.2.Hab1tare
935 3534 1000 3554 vero
1012 3524 1131 3555 aedificio
1144 3525 1214 3557 luci—

112 3566 162 3601 do,
175 3566 323 3603 perflatum
332 3566 464 3600 aestivum,
475 3565 624 3594 hibernum
633 3564 720 3593 solem
735 3563 865 3598 habente,
872 3572 969 3592 cavere
978 3563 1163 3593 meridianum
1174 3564 1215 3594 so·

110 3603 186 3640 lem,
207 3604 379 3633 matutinum
390 3605 416 3633 &
426 3603 613 3641 vespertinum
626 3603 721 3640 frigus,
742 3603 865 3637 itemque
879 3610 959 3630 auras
972 3601 1122 3630 fluminum
1131 3609 1214 3640 atque

112 3642 270 3679 stagnorum
278 3663 287 3677 ,
311 3642 484 3679 minimeque
494 3640 593 3671 nubilo
608 3640 678 3670 caelo
690 3639 739 3669 soli
749 3639 886 3678 aperienti
897 3638 924 3669 se
934 3640 1119 3669 committere.

93 3679 194 3709 Vento.
219 3679 303 3708 Ovid.
317 3688 341 3715 3.
364 3679 430 3709 fast.
446 3689 507 3716 57⁹·

92 3716 190 3748 Ventis
200 3717 285 3746 vitam
295 3718 481 3747 committere.
503 3716 576 3754 Virg.
592 3725 635 3745 ιο.
647 3715 708 3745 AEn.
721 3718 765 3749 68.
882 3752 889 3758 ⁰

174 3755 282 3785 Hortari
292 3753 436 3784 summus?
457 3760 505 3784 aut
521 3755 608 3784 vitam
625 3753 802 3783 committere
812 3758 903 3782 ventis
915 3753 929 3781 ⁶?

113 3793 279 3823 &inanibus
293 3791 384 3822 rebus.
407 3793 526 3822 Servius.

835 3729 873 3735 ·-
882 3723 941 3743 non
954 3712 1080 3751 linquere
1091 3715 1175 3745 castra

1023 3753 1042 3782 i.
1050 3762 1076 3783 e.
1096 3753 1214 3783 incertis

44 3825 45 3835 ¹
93 3829 191 3860 Ventis
203 3830 312 3859 undase
321 3830 467 3860 commisit.
490 3829 630 3859 Ovid.11.
647 3828 716 3858 Met.
730 3836 792 3864 51²·
824 3826 858 3857 al.
880 3826 1004 3857 Admisit.

92 3867 150 3898 viis
170 3868 244 3897 hisce
262 3877 314 3906 ego
333 3877 378 3896 me
397 3868 590 3903 committam,
617 3867 664 3903 qui
681 3868 732 3895 &c.
755 3867 795 3895 ire
814 3874 873 3894 non
895 3865 954 3894 suni
971 3864 1073 3894 ausus?
1094 3865 1151 3896 Cic.
1168 3875 1212 3896 12.

109 3905 232 3943 Philipp.
242 3915 287 3941 24.
308 3905 378 3935 Ibid.
401 3906 486 3942 paulo
502 3905 579 3943 post,
601 3902 1130 3946 Possumneigitursatishvidericautus,
1150 3903 1212 3934 satis

109 3944 254 3980 providus,
276 3943 295 3972 si
305 3952 349 3973 me
359 3943 423 3973 huic
433 3944 534 3979 itineri,
545 3949 602 3972 tam
614 3942 722 3976 infesto,
735 3948 846 3978 tamque
858 3940 1013 3978 periculoso
1022 3941 1187 3970 commisero
1197 3943 1211 3971 '3

91 3981 274 4050 Committiire
285 4003 294 4018 ,
314 3979 504 4018 [ωθὶςειῶοιι.
522 3979 684 4019 συμέάῶειν]
705 3980 744 4009 est
759 3980 801 4009 Ad
820 3988 946 4018 pugnam
972 3980 999 4010 ἃ.
1016 3979 1054 4009 ad
1071 3986 1213 4011 concerta-

131 4019 214 4050 Vox..
248 4040 256 4050 .

1236 2323 1250 2333 l

1720 125 2020 164 COM
2364 144 2431 178 593

1328 202 1586 233 tioneniexhibere.
1628 205 1711 235 Unde
1724 225 1731 236 ‚
1754 206 1899 236 Comniitti
1918 207 2104 245 gladiatorum
2125 210 2200 246 paria
2218 211 2380 241 dicebantur
2402 214 2431 241 in

1329 239 1493 274 spectaculis
1509 244 1533 271 ἃ
1547 242 1714 273 Athletarum
1727 246 1926 274 certaminibus
1936 268 1944 281 ,
1967 246 1984 274 i.
1999 256 2022 275 e.
2046 247 2083 275 Ad
2097 247 2307 283 digladiandum
2319 250 2432 286 copula-

1328 278 1348 319 ri
1363 281 1580 321 confirmarique.
1623 283 1697 310 Suet.
1711 283 1745 311 de
1764 282 1833 311 Cliir.
1846 284 1936 311 Grani.
1954 293 1993 319 ιτ.
2018 284 2056 312 Ad
2073 286 2250 315 exercitanda
2265 287 2431 316 discentium

1329 324 1440 358 ingenia
1453 319 1650 351 irqiialesinter
1665 319 1690 349 se
1702 321 1876 349 committere
1887 320 1997 350 solebat.
2021 322 2147 352 Budaeus.
2178 323 2206 352 V.
2230 324 2307 362 supra
2320 325 2433 354 Animos

1330 361 1514 383 conuitiltese.

1312 387 1493 431 Committere
1504 393 1574 421 inter
1584 392 1610 421 se
1623 415 1630 427 ,
1652 393 1753 423 Mutuo
1765 395 1870 424 irritare
1883 417 1890 430 ,
1913 396 1938 424 8<
1948 396 1981 425 ad
1995 395 2134 425 dissidium
2148 397 2299 434 impellere,
2320 400 2345 428 Sc
2357 400 2432 434 quasi

1332 436 1360 454 in
1374 429 1516 472 quoddam
1530 438 1668 459 certamen
1681 433 1828 462 adducere.
1869 432 1942 462 Suet.
1956 435 1984 462 in
1997 434 2081 471 Ca'lig.
2095 444 2155 472 cap.
2171 438 2213 470 56.
2246 435 2306 465 Nec
2322 437 2432 467 cessavit

1330 472 1366 491 ex
1378 474 1411 492 co
1423 468 1561 495 ermimari
1571 468 1689 497 alterum
1704 470 1780 499 alteri
1795 492 1803 505 ,
1824 477 1906 506 atque
1919 472 1990 500 inter
2003 472 2028 500 se
2039 481 2138 502 omnes
2154 473 2340 504 committere.

1312 500 1418 530 Fratres
1429 505 1605 533 committere
1615 507 1696 535 odiis.
1720 507 1818 537 Claud.
1834 518 1856 536 i.
1872 508 1899 536 in
1917 509 2026 546 Eutrop.
2040 515 2103 543 28²·

1312 537 1420 567 Bellum
1431 542 1621 584 committere,
1646 543 1780 574 Suscitare
1791 545 1895 574 belluni
1913 547 1984 575 inter
2000 548 2070 576 duos
2086 547 2216 585 populos.
2257 548 2327 578 Inde
2338 571 2345 583 ,
2373 549 2434 579 Bel-

1330 576 1389 605 lum
1404 579 1579 621 commissum
1591 580 1664 616 apud
1678 581 1785 612 Livium
1798 604 1805 617 ,
1827 584 1855 611 id
1866 584 1904 611 est
1925 586 1936 619 (
1952 592 1982 613 ut
1998 585 2080 621 vulgo
2095 586 2216 621 dicunt)
2234 595 2325 621 guerra
2336 594 2436 623 aperta:

1331 623 1417 656 quum
1430 616 1630 660 xil-iqiia‘injuria
1642 617 1788 649 laceiiente
1798 620 1903 650 bellum
1918 622 1987 651 inter
1999 623 2069 651 duos
2080 623 2202 660 populos
2215 624 2347 659 irritatur,
2369 634 2434 660 qua·-

1332 652 1406 686 iiquc
1417 653 1510 690 reipsa
1521 655 1671 684 inducitur.
1713 656 1770 686 Liv.
1782 668 1827 686 21.
1843 668 1887 693 40.
1902 666 1970 688 extr.
1993 660 2049 689 Sed
2060 661 2097 689 ita
2112 661 2223 690 liirsitan
2233 662 2345 697 decuit,
2369 671 2436 692 cum

1331 689 1469 732 foederum
1480 698 1593 735 ruptore
1606 692 1679 721 duce
1689 703 1721 723 ac
1736 695 1843 732 populo
1853 717 1860 729 ,
1882 696 1950 725 deos
1961 698 2032 735 ipsos
2044 720 2052 732 ‚
2074 698 2129 728 fine
2142 699 2262 727 humana
2271 710 2335 737 ope,
2355 710 2435 730 com-

1332 735 1442 768 mittere
1459 737 1491 757 ae
1514 730 1659 766 profligare
1676 730 1799 761 bellum:
1822 742 1874 762 nos
1890 743 1982 763 aurem
1997 757 2003 770 ,
2025 736 2072 772 qui
2088 736 2240 765 secundum
2256 738 2324 767 deos
2339 739 2436 767 violati

1330 763 1425 807 iunius
1435 787 1442 797 ,
1464 766 1640 795 comiiiilsuni
1651 777 1682 796 ac
1694 771 1868 815 profligatum
1880 772 2027 802 conficere.
2058 773 2098 802 Ex
2110 773 2220 803 Budaeo.

1311 800 1495 832 Commissum
1516 803 1637 838 bellum,
1668 807 1802 843 wvrfiiaspf
1827 806 1968 846 m'nspt&,
2000 808 2193 848 υθιςάβμςῷι,
2226 809 2435 849 συγκςυόρᾷυῶι,

1331 841 1520 875 α-υνταίςιχθεὶς.
1543 842 1578 871 Η.
1593 842 1632 871 St.

1312 876 1472 907 Certamen.
1494 878 1552 908 Liv.
1565 888 1611 914 23.

1310 913 1454 958 judicium
1463 917 1656 946 committitur.
1698 917 1756 947 Cic.
1768 928 1819 956 pro
1828 919 1909 950 Rosc.
1923 922 2011 951 Amer.
2027 932 2070 953 ιι.
2092 923 2190 962 Longo
2201 924 2348 955 intervallo
2361 926 2434 962 judi.

1331 962 1405 981 cium
1414 962 1486 982 inter
1497 954 1616 984 Sicarios
1630 954 1684 984 hoc
1694 956 1814 993 primum
1825 959 2018 989 committitur.

1311 989 1430 1019 Manum
1441 991 1523 1020 alicui
1537 993 1721 1022 committere.
1746 993 1817 1031 Virg.
1836 1005 1877 1025 n.
1891 997 1951 1026 [En.
1965 1002 2010 1026 60.

1380 1065 1385 1070 Ι
1434 1043 1472 1049 ——
1482 1029 1576 1058 deliste
1590 1040 1704 1060 manum
1716 1033 1894 1062 committere
1906 1034 2030 1064 Teucris.
2121 1037 2138 1065 i.
2154 1046 2180 1066 e.
2201 1037 2309 1067 Bellum
2321 1039 2433 1070 inferre.

1309 1064 1437 1109 Praelium
1446 1068 1637 1103 committere,
1659 1078 1710 1106 pro
1726 1069 1860 1107 Incipere.
1899 1071 1963 1101 caes.
1976 1081 2001 1102 2.
2018 1072 2085 1102 Bell.
2100 1073 2170 1103 Gall.
2189 1085 2229 1111 19.
2256 1076 2365 1113 Equites
2384 1087 2438 1107 no-

1329 1103 1374 1132 stri
1390 1113 1462 1147 ‘cum
1481 1105 1670 1135 funditoribus
1689 1106 1885 1147 sagittariisque
1903 1109 2010 1140 flumen
2037 1111 2207 1149 transgressi,
2229 1122 2294 1143 cuin
2312 1114 2435 1146 hostium

1330 1147 1457 1178 eqnitatu
1470 1143 1597 1180 praelium
1609 1145 1817 1175 commiserunt.

1309 1177 1406 1208 Praelia
1414 1181 1599 1210 committere.
1623 1182 1712 1211 Vale-r.
1724 1186 1750 1212 6.
1767 1184 1865 1221 Argon.
1877 1192 1922 1220 31.

1311 1216 1405 1246 Praelia
1416 1219 1592 1248 committere
1602 1219 1689 1249 versu.
1712 1220 1796 1251 Ovid.
1809 1222 1838 1251 in
1849 1222 1911 1252 Ibin
1921 1244 1930 1258 ‚
1954 1231 2000 1260 43.

1310 1254 1443 1292 Pugnam.
1472 1256 1576 1286 Sillib.
1590 1263 1616 1291 8.
1628 1261 1691 1292 619.

1310 1290 1413 1337 Ludos.
1453 1293 1513 1323 Cic.
1530 1304 1552 1328 3.
1570 1295 1605 1332 Q.
1622 1295 1682 1325 frat.
1692 1306 1719 1331 4.
1742 1296 1809 1327 Haec
1820 1296 1910 1333 scripsi
1926 1298 1961 1327 ad
1975 1308 2051 1328 viii
2069 1298 2129 1329 Ca'l.
2147 1300 2288 1331 Novemb.
2314 1313 2369 1340 quo
2387 1304 2436 1335 die

1330 1330 1390 1359 ludi
1403 1332 1660 1363 committebantur.
1701 1334 1817 1365 Sueton.
1831 1336 1862 1364 in
1871 1335 1969 1365 Claud.
1982 1345 2028 1366 21.
2050 1337 2192 1368 Circenses
2207 1341 2291 1369 etiam
2308 1341 2439 1379 frequen.

1329 1369 1410 1397 terin
1425 1369 1555 1399 Vaticano
1566 1371 1704 1401 commisit
1718 1393 1726 1407 ‚
1746 1373 1798 1402 &c.

1310 1406 1518 1444 Spectaculum.
1557 1407 1605 1438 Liv
1627 1419 1651 1438 2.
1667 1414 1710 1444 36.
1744 1410 1828 1440 Ludis
1852 1420 1935 1441 mane
1956 1411 2065 1442 servum
2090 1413 2205 1451 quidam
2223 1415 2435 1454 paterfamiliae,

1331 1445 1458 1488 nondum
1470 1446 1615 1476 commisso
1628 1447 1642 1475 s
1658 1449 1804 1484 ettaeulo,
1826 1448 1874 1478 sub
1890 1450 1969 1479 furca
1991 1450 2090 1480 caesum
2111 1452 2207 1480 medio
2228 1461 2323 1490 egerat
2339 1456 2434 1486 circo:

1316 1484 1417 1519 ‚coepti
1433 1483 1498 1512 inde
1508 1484 1565 1512 ludi
1575 1506 1583 1520 ,
1605 1494 1637 1514 ve
1651 1493 1679 1514 ut
1690 1495 1722 1514 ea
1738 1496 1780 1515 res
1795 1487 1864 1515 nihil
1875 1487 1909 1516 ad
1920 1488 2082 1525 religionem
2094 1489 2277 1526 pertinuisset.

1311 1519 1586 1587 Vffibabcommittere
1596 1524 1677 1552 caecis
1689 1525 1780 1553 modis
1789 1546 1797 1560 ,
1819 1524 1948 1563 AEnigma
1959 1536 2127 1564 proponere,
2139 1527 2255 1557 obscure
2262 1528 2350 1566 loqui.
2370 1531 2438 1562 Sen.

1368 1568 1394 1587 ie
1417 1581 1423 1587 .
1443 1568 1466 1588 1.

1310 1595 1497 1640 Committere
1508 1596 1613 1633 aliquid
1634 1600 1839 1635 [πληιιμελέν]
1860 1600 1977 1630 Peccare
1987 1623 1996 1637 ,
2017 1601 2090 1632 male
2103 1612 2191 1640 agere.
2217 1603 2275 1634 Cic.
2289 1614 2311 1634 1.
2330 1605 2436 1642 Verre.

1332 1634 1391 1702 {go
1403 1640 1562 1702 etianAEquae
1573 1643 1603 1665 tu
1615 1636 1671 1666 sine
1692 1637 1773 1666 Verre
1794 1640 1954 1668 commilisti
1966 1660 1975 1675 ‚
2001 1639 2076 1669 Verri
2097 1641 2209 1670 crimini
2232 1642 2346 1673 daturus
2362 1643 2434 1676 sum.

1357 1682 1407 1709 irg.
1426 1682 1448 1702 i.
1498 1683 1525 1701 n.
1540 1683 1602 1708 2³5-

1406 1710 1485 1747 Quid
1498 1721 1576 1740 meus
1587 1711 1687 1741 AEneas
1697 1712 1726 1741 in
1736 1718 1764 1741 te
1780 1715 1958 1744 committere
1965 1719 2073 1744 tantum
2081 1737 2091 1751 ,

1408 1748 1486 1785 Quid
1498 1748 1586 1778 Troes
1598 1751 1734 1786 potuere?

1313 1785 1378 1815 Non
1387 1787 1488 1816 timent
1499 1788 1546 1824 qui
1557 1787 1626 1816 nihil
1638 1788 1844 1818 commiserunt.
1867 1789 1925 1820 Cic.
1939 1800 1989 1828 pro
2000 1790 2099 1820 Milon.
2117 1794 2162 1827 63.

1313 1823 1575 1890 Nlonimpulsione,
1597 1835 1693 1855 verum
1711 1828 1925 1857 ratiocinatione
1946 1829 2049 1865 aliquid
2067 1829 2252 1860 committere.
2274 1830 2331 1860 Cic.
2347 1839 2373 1861 2.
2399 1832 2439 1862 de

1349 1869 1444 1892 nvent.
1456 1872 1467 1891 1
1493 1885 1499 1891 .

1313 1871 1497 1929 Conimitter7e
1508 1900 1712 1938 contralegeni.
1752 1902 1812 1932 Cic.
1826 1913 1876 1940 pro
1887 1903 1996 1933 Cluent.
2009 1913 2055 1939 9²-
2079 1904 2134 1934 Sed
2147 1904 2194 1933 ille
2205 1905 2311 1936 idcirco
2319 1906 2361 1936 his
2370 1907 2440 1946 legi-

1333 1937 1384 1966 bus
1394 1938 1600 1968 condemnatus
1607 1940 1646 1968 est
1655 1961 1663 1974 ,
1684 1941 1865 1976 quodcontra
1877 1942 1958 1971 aliam
1968 1942 2061 1979 legem
2075 1942 2258 1973 commiserat.

1311 1974 1496 2006 Committere
1508 1977 1594 2005 multa
1604 1977 1632 2005 in
1646 1978 1714 2007 deos
1727 2000 1734 2012 ,
1755 1981 1782 2008 ok
1794 1979 1931 2010 homines.
1955 1980 2013 2010 Cic.
2027 1989 2051 2017 3.
2067 1980 2140 2011 Verr.
2151 1984 2177 2011 6.

1314 2013 1499 2043 Adulterium.
1522 2014 1641 2051 Quintil.
1655 2015 1702 2044 lib.
1715 2025 1740 2053 7.
1757 2026 1818 2055 cap.
1830 2026 1855 2054 ³·

1315 2051 1438 2081 Caedem.
1461 2052 1548 2081 Ovid.
1563 2062 1606 2087 54.
1627 2053 1708 2090 Epist.
1722 2064 1765 2089 59.

1313 2088 1444 2127 Culpam.
1485 2089 1544 2119 Cic.
1561 2095 1602 2119 16.
1621 2091 1696 2120 Fam.
1713 2101 1754 2121 12.
1777 2092 1879 2122 Graves
1897 2092 1988 2124 solent
2002 2093 2170 2124 offensiones
2187 2093 2242 2124 effe
2256 2103 2292 2126 ex
2312 2095 2443 2133 gravibus

1333 2127 1436 2156 morbis
1451 2149 1460 2163 ,
1481 2127 1499 2156 si
1512 2137 1572 2165 quae
1580 2128 1663 2166 culpa
1673 2129 1816 2160 commissa
1825 2131 1872 2160 est.

1314 2164 1467 2195 Delictum.
1488 2165 1554 2195 Cres.
1563 2174 1589 2202 7.
1601 2166 1670 2196 Bell.
1683 2166 1753 2196 Gall.
1764 2179 1792 2203 4.

1313 2202 1441 2232 Facinus.
1464 2202 1530 2233 Caes.
1546 2212 1570 2239 3.
1592 2203 1660 2233 Bell.
1675 2204 1756 2234 Civil.
1770 2209 1815 2236 60.

1314 2240 1473 2280 Flagitium.
1493 2241 1554 2270 Cic.
1567 2241 1603 2270 de
1613 2242 1685 2272 Clar.
1697 2242 1776 2272 Orat.
1790 2253 1855 2280 ²²9·

1316 2277 1463 2309 Fraudem.
1486 2279 1553 2309 Hor.
1569 2289 1592 2308 1.
1608 2280 1698 2310 Carm.
1712 2287 1757 2315 28.
1772 2291 1817 2319 31.

1315 2315 1418 2354 Jurgia.
1440 2316 1526 2347 Plaut.
1539 2317 1616 2347 Men.
1632 2328 1656 2352 ς.
1670 2328 1695 2348 2.
1706 2328 1751 2348 21.

1407 2355 1465 2384 Nisi
1488 2356 1557 2392 quid
1575 2356 1711 2385 commissi
1731 2356 1814 2394 jurgii
1827 2356 1867 2386 est
1883 2356 1970 2388 causa.

1333 2391 1456 2422 Gronov.
1480 2393 1537 2423 Nisi
1547 2399 1594 2422 aut
1605 2395 1671 2430 quid
1683 2395 1790 2424 comiffi
1799 2417 1807 2430 ,
1829 2400 1876 2425 aut
1886 2396 1956 2433 jurg-

1316 2429 1499 2460 Maleficium.
1521 2431 1578 2460 Cic.
1591 2441 1641 2469 pro
1652 2432 1731 2461 Rosc.
1746 2435 1833 2462 Amer.
1848 2437 1892 2462 62.

1314 2468 1436 2498 Multam
1445 2470 1623 2499 committere
1635 2492 1643 2504 ,
1667 2470 1778 2507 Aliquid
1789 2470 1878 2500 facere
1886 2471 1962 2508 quod
1972 2470 2067 2502 multae
2075 2470 2215 2502 solvendae
2223 2472 2257 2502 fit
2265 2472 2434 2506 obnoxium.

1334 2506 1411 2536 Varr.
1429 2506 1477 2536 lib.
1490 2517 1515 2536 2.
1532 2507 1568 2536 de
1582 2507 1613 2537 R.
1625 2508 1659 2537 R.
1684 2508 1712 2537 V.
1736 2518 1885 2544 MULTA,
1908 2518 1940 2538 ae.

1314 2544 1479 2574 Nefandum
1496 2545 1610 2581 aliquid.
1633 2546 1720 2575 Ovid.
1735 2557 1761 2582 9.
1776 2546 1845 2576 Met.
1858 2549 1924 2583 625.

1314 2582 1438 2612 Nefarias
1446 2592 1497 2612 res.
1520 2582 1578 2612 Cic.
1592 2589 1616 2612 ό.
1632 2583 1753 2621 Philipp.
1767 2594 1792 2613 2.

1314 2619 1426 2650 Rixam.
1467 2620 1524 2649 Liv.
1537 2631 1561 2656 ς.
1573 2631 1616 2657 25-
1628 2631 1670 2658 pr.
1693 2622 1760 2651 Haec
1771 2631 1857 2659 quum
1867 2621 1952 2652 foedis
1963 2621 2161 2653 certaminibus
2170 2629 2317 2660 agerentur
2328 2646 2336 2659 ,
2357 2625 2436 2656 nulla

1333 2667 1377 2687 res
1384 2658 1436 2687 alia
1445 2659 1573 2688 manibus
1587 2667 1742 2696 temperare
1754 2662 1865 2697 plebem
1875 2661 1993 2696 cogebat
2007 2682 2014 2695 ,
2039 2670 2119 2697 quam
2133 2662 2208 2699 quod
2221 2662 2270 2692 ubi
2281 2663 2346 2692 rixae
2359 2673 2438 2693 com-

1331 2697 1478 2726 mittendae
1492 2696 1570 2726 causa
1580 2697 1684 2726 clamor
1692 2705 1767 2726 ortus
1775 2698 1860 2734 eil'et,
1881 2699 2042 2736 principes,
2056 2700 2107 2728 &a

1314 2733 1411 2763 Scelus
1422 2744 1562 2771 magnum.
1585 2735 1642 2764 Cic.
1655 2745 1704 2772 pro
1715 2735 1783 2765 Sull.
1794 2741 1820 2765 6.

1314 2772 1405 2801 Simili
1420 2772 1539 2810 impulsu
1551 2772 1656 2810 aliquid
1667 2774 1853 2803 committere.
1876 2773 1934 2803 Cic.
1944 2783 1969 2803 2.
1982 2774 2019 2803 de
2028 2773 2136 2803 invent.
2147 2783 2191 2803 20.

2083 2357 2137 2388 iiiii
2150 2358 2270 2396 regunt..
2299 2360 2435 2399 Adjurgii.

1281 2836 1287 2839 ,
1313 2809 1379 2839 Non
1390 2811 1614 2846 committerent,
1626 2810 1668 2840 vel
1678 2811 1876 2847 Quamobrem.
1900 2812 1959 2841 cic.
1968 2822 1989 2841 r.
2003 2812 2109 2846 Offigi.
2133 2812 2192 2841 Nec
2202 2812 2388 2844 committere.
2398 2820 2432 2844 ut

1288 2885 1290 2887 .
1331 2847 1484 2884 aliquando
1494 2847 1647 2878 dicendum
1657 2848 1697 2884 sit,
1711 2849 1775 2878 Non
1789 2857 1924 2887 putaram.
1947 2850 2026 2880 Idem
2037 2859 2062 2885 3.
2083 2850 2141 2880 Off.
2165 2851 2341 2880 'Considerate
2350 2852 2435 2882 debes

1332 2886 1404 2915 nihil
1423 2886 1473 2915 tibi
1494 2886 1549 2916 esse
1564 2887 1819 2923 committendum,
1841 2888 2023 2925 quamobrem
2043 2897 2158 2922 eorum,
2182 2898 2252 2923 quos
2272 2888 2383 2924 laudas,
2406 2898 2436 2919 te

1330 2933 1390 2952 non
1403 2923 1576 2991 limilliimum
1585 2925 1716 2963 praebeas.
1755 2924 1817 2955 Cic.
1831 2935 1874 2955 ιι.
1888 2925 1962 2956 Fam.
1974 2936 2018 2955 20.
2039 2926 2074 2955 Se
2085 2935 2142 2954 non
2151 2925 2205 2954 esse
2214 2926 2434 2964 commissurum,

1330 2968 1399 2990 'utto
1426 2972 1432 2990 1
1463 2972 1479 2990 0
1504 2969 1534 2991 it.

1311 2998 1379 3066 Nson
1388 2969 1684 3066 cgmpmittainposthac
1694 3023 1703 3036 ,
1724 3006 1808 3031 utine
1819 3000 1945 3031 accusare
1951 2999 1989 3030 de
1999 2999 2177 3039 epistolarum
2186 3001 2250 3039 negl
2274 3014 2277 3021 =
2317 3002 2356 3032 tia
2373 3003 2438 3041 pose

1343 3047 1373 3067 is.
1422 3038 1455 3066 ic.
1471 3048 1493 3067 1.
1509 3040 1562 3067 Att.
1575 3049 1599 3074 5.
2178 3062 2179 3065 ,

1311 3075 1388 3112 Qiia
1396 3076 1532 3112 commisi,
1541 3083 1626 3106 utine
1637 3076 1798 3108 defraudes:
1821 3076 1856 3106 ad
1866 3085 1929 3106 eam
1945 3085 2004 3105 rem
2023 3075 2135 3105 affectas
2150 3077 2233 3106 viam.
2255 3077 2342 3109 Plaut.
2355 3079 2434 3109 Men.

1331 3125 1357 3147 4.
1373 3122 1398 3150 3.
1414 3123 1456 3142 12.
2399 3120 2403 3121 ⁷

1310 3150 1377 3218 Neon
1387 3151 1562 3220 congnigam
1572 3173 1580 3187 ,
1601 3158 1633 3181 ut
1647 3151 1664 3181 sn
1677 3152 1832 3190 defugerim
1842 3174 1852 3188 ,
1873 3152 1924 3182 tibi
1938 3150 2048 3182 causam
2061 3151 2182 3189 aliquam
2199 3152 2264 3182 dem
2280 3153 2434 3184 recusandi.

1355 3198 1390 3218 ic.
1402 3199 1425 3218 2.
1463 3200 1477 3219 e
1521 3196 1571 3220 rat.
1582 3198 1646 3226 233.

1310 3226 1396 3294 Nlolle
1405 3237 1562 3266 quenquam
1571 3228 1663 3257 civem
1673 3228 1851 3258 committere
1858 3248 1870 3264 ,
1890 3232 1922 3256 ut
1930 3233 2019 3256 morte
2029 3226 2191 3257 multandus
2198 3227 2237 3257 fit.
2261 3228 2319 3259 Cic.
2332 3234 2356 3264 8.
2371 3229 2433 3260 Phi.

1329 3274 1330 3277 ¹
1342 3275 1349 3293 i
1394 3287 1400 3294 .
1420 3275 1462 3302 ις.

1311 3275 1428 3333 Nofiipest
1438 3311 1532 3333 meum
1543 3304 1722 3334 committere
1731 3308 1780 3338 ut,
1794 3304 1846 3332 ὅτε.

1330 3342 1370 3370 est
1379 3351 1492 3377 mcum,
1514 3342 1601 3378 quiin
1615 3341 1762 3370 scribendo
1782 3340 1914 3377 (ursoles
1930 3340 2079 3374 admirari)
2099 3346 2208 3370 tantum
2228 3342 2367 3372 industriae
2382 3354 2431 3380 po.

1330 3387 1405 3412 riam,
1417 3380 1637 3414 committere,ut
1647 3378 1832 3407 inscribendo
1843 3378 1988 3416 negligens
1997 3377 2075 3407 fuisse
2088 3378 2200 3408 videar:
2217 3380 2428 3415 praesertim.&c.

1309 3416 1377 3447 Non
1391 3416 1484 3454 placet
1497 3417 1580 3447 nobis
1591 3417 1766 3446 committere
1783 3424 1821 3445 ut.
1858 3415 1919 3445 Cic.
1931 3422 1956 3449 8.
1967 3418 2021 3445 Ae.
2040 3425 2083 3451 ις.
2106 3415 2192 3452 Quod
2203 3427 2288 3453 quum
2301 3419 2338 3447 ita
2346 3420 2430 3455 esset,

1327 3464 1384 3484 nec
1395 3455 1464 3484 mihi
1476 3477 1483 3490 ,
1509 3464 1562 3484 nec
1572 3455 1645 3484 fratri
1657 3464 1735 3488 meo,
1756 3463 1809 3483 nec
1818 3454 1949 3490 cuiquam
1961 3454 2114 3483 amicorum
2126 3453 2231 3491 placuit
2241 3458 2429 3493 committere,

1330 3500 1362 3522 ut
1371 3493 1511 3523 temeritas
1522 3494 1611 3521 nostra
1619 3502 1677 3521 non
1692 3492 1779 3520 solum
1789 3492 1872 3521 nobis
1882 3513 1890 3527 ,
1911 3491 1958 3520 sed
1970 3492 2055 3520 eriam
2068 3491 2186 3530 Reipub.
2206 3501 2331 3524 noceret.

1309 3529 1376 3560 Non
1389 3531 1485 3568 putavi
1499 3540 1563 3559 eum
1572 3530 1627 3559 else
1635 3528 1844 3560 commissurum
1851 3536 1891 3558 ut.
1912 3529 1970 3559 Cic.
1983 3535 2008 3563 8.
2021 3531 2072 3558 Att.
2088 3538 2112 3565 3.

1309 3568 1343 3598 Id
1355 3569 1393 3597 est
1403 3568 1546 3598 sordidum
1562 3569 1598 3597 ad
1610 3568 1730 3603 famam,
1752 3568 1928 3597 committere
1943 3574 1973 3597 ut
1991 3566 2132 3597 accusator
2154 3569 2310 3599 nominere.
2333 3569 2390 3600 Cic.
2403 3579 2431 3601 2.

1330 3606 1389 3636 Off.
1405 3617 1448 3639 ςο.

1307 3643 1554 3674 Committendum
1571 3653 1627 3672 non
1639 3643 1743 3680 putavi,
1758 3643 1836 3680 prius
1845 3643 1934 3672 urtice.
1949 3641 2027 3671 Cic.i
2037 3651 2059 3671 1.
2072 3641 2147 3671 Fam.
2158 3643 2275 3673 20.Haec
2283 3655 2369 3679 quum
2385 3657 2431 3676 au·²

1327 3682 1425 3711 diss'em
1438 3704 1446 3717 ,
1468 3684 1492 3710 ἃ
1503 3682 1559 3716 jani
1571 3682 1600 3710 in
1613 3682 1711 3710 itinere
1719 3681 1802 3709 essem
1816 3702 1823 3714 ,
1843 3680 2081 3709 committendum
2095 3690 2152 3709 non
2169 3684 2286 3719 putavi,
2306 3685 2381 3721 prius
2401 3690 2431 3714 ut

1329 3719 1412 3757 Alpes
1422 3719 1625 3753 transgrederer
1635 3728 1716 3748 auam
1724 3719 1790 3756 quid
1800 3717 1879 3747 isthic
1889 3725 2013 3754 ..geretur
2022 3739 2029 3752 ,
2049 3718 2156 3748 scirem.

1309 3757 1414 3787 Vereor
1425 3758 1602 3786 committere
1611 3764 1658 3788 ut.
1678 3758 1729 3786 See.
1752 3756 1810 3785 Cic.
1827 3766 1848 3785 i.
1865 3756 1900 3785 de
1912 3756 2003 3793 regib.
2019 3764 2061 3791 37.

1308 3796 1432 3827 Alicuius
1447 3795 1563 3823 consilio
1573 3795 1749 3823 commissum
1762 3793 1816 3823 esse
1828 3800 1858 3822 ut
1872 3816 1879 3829 ,
1898 3795 1948 3823 Sec.
1974 3792 2030 3822 Cic.
2046 3803 2068 3822 i.
2081 3795 2135 3823 Att.
2153 3803 2197 3830 13.

1298 3833 1490 3862 Committere
1502 3833 1536 3861 de
1544 3832 1749 3861 existimatione
1758 3831 1903 3860 suaa'licui.
1915 3832 2002 3865 Cic.5.
2019 3831 2087 3860 Verr.
2098 3841 2156 3868 137.
2169 3833 2243 3863 Tum
2254 3834 2302 3864 iste
2311 3841 2393 3872 negat
2401 3833 2427 3864 se

1326 3871 1364 3899 de
1377 3871 1580 3899 existimatione
1594 3870 1640 3899 sua
1650 3871 1777 3906 cuiquam
1787 3891 1795 3905 ,
1813 3869 1861 3898 nisi
1873 3869 1927 3899 suis
1934 3868 2154 3899 commissurum.

1311 3908 1514 3942 Committere,
1534 3907 1707 3941 Confiscare,
1727 3907 1791 3936 fisco
1801 3907 1959 3937 attribuere.
2002 3907 2099 3936 Paulus
2119 3909 2147 3937 in
2167 3908 2185 3937 l.
2206 3908 2317 3937 debitor
2338 3919 2424 3939 meus.

1326 3945 1360 3975 D.
1376 3953 1468 3982 negot.
1480 3945 1544 3982 gest.
1567 3945 1656 3974 Veluti
1668 3946 1683 3974 si
1696 3945 1853 3982 periculum
1872 3952 1946 3980 erat,
1968 3954 2005 3974 ne
2019 3946 2122 3983 praedia
2140 3947 2168 3974 in
2186 3946 2329 3983 publicum
2350 3956 2426 3975 coni-

1323 3984 1501 4014 mitterentur
1511 4004 1521 4020 ,
1542 3992 1579 4014 ne
1593 3993 1680 4022 poena
1690 3984 1979 4053 trajectigigefpecuniae
1995 3990 2162 4021 augeretur,
2182 3991 2230 4014 aut
2245 3993 2282 4013 ex
2298 3993 2426 4052 compff-

2344 4031 2384 4052 mi
2408 4032 2425 4052 o

1887 3302 1945 3332 Cic.
1959 3311 1982 3338 3-.
1996 3301 2069 3331 Fam.
2081 3311 2108 3337 9.
2131 3301 2204 3332 Nam
2222 3304 2349 3341 profecto
2374 3315 2431 3336 nori
