2604 4222
198 174 266 207 240
337 176 341 179 “
614 160 639 192 Α
736 156 767 191 R
861 156 885 188 B

238 243 324 273 Datus
336 241 435 271 arbiter
446 245 516 271 'inter
526 233 639 278 aliquos.
680 238 738 267 Cic.
755 247 776 265 ι.
792 236 827 264 (le
837 234 930 271 Legib.
947 240 988 269 53.
1028 230 1087 267 Ego
1100 229 1184 266 plane
1194 227 1296 257 vellem
1309 235 1353 256 me

257 281 388 310 arbitrum
399 281 469 309 inter
480 281 621 315 antiquam
632 276 807 306 Academiam
824 275 848 302 δε
858 274 1002 302 Zenonem
1014 269 1119 297 datum.

240 318 374 347 Postulai’e
389 318 529 346 arbitrum.
552 318 609 344 Cic.
626 324 676 352 pro
688 314 789 342 Caecin.
805 320 846 345 19.
1015 335 1021 342 ,

240 357 338 386 Dicere
347 356 466 392 aliquem
479 355 626 387 arbitrum,
645 361 694 389 pro
702 352 838 387 §trimete-
861 347 927 376 Hor.
941 354 965 373 2.
979 343 1068 373 Carm.
1084 352 1108 378 7.
1122 351 1166 375 23.

400 409 437 414 ——
447 402 529 429 quein
543 393 631 419 Venus
641 389 769 418 arbitrum
781 387 856 414 dicet
867 382 981 411 bibendi
991 382 1005 409 ‘?
1087 380 1225 410 Arbitrum
1240 377 1356 407 bibendi

264 437 358 465 vocnt,
380 440 462 467 quem
474 430 552 468 prisci
566 428 802 463 Modipemtorem
818 421 956 450 dicebaut.

247 471 369 498 Annona·
388 470 495 497 arbiter.
527 469 592 495 Stat.
603 476 628 499 4.
639 463 710 500 Si‘lv.
727 472 751 496 9.
766 470 806 493 ig.

246 507 350 536 Forma:
365 507 472 535 arbiter.
503 504 586 534 Ovirl.
602 500 735 537 15.r.piit.
750 509 790 533 14.
807 501 850 530 ὀί),
873 533 878 538 ¹
973 531 978 536 ⁸

245 546 369 574 statuere
381 545 520 572 arbitrum.
543 542 601 570 Cic.
618 543 720 573 15..¹ltt.
735 546 775 570 1³-
810 535 914 563 Hirtius
924 532 1055 561 arbitrum
1073 539 1116 560 me
1132 529 1284 565 statuebat,
1301 537 1360 557 nort

266 583 350 611 modo
362 582 441 612 liuius
452 581 490 609 rei
504 602 511 613 ,
533 578 578 607 sed
594 577 679 605 totius
689 573 853 603 Consulatus
866 571 914 600 sui.

248 621 364 657 Adigere
384 616 523 647 arbitrum.
566 616 594 643 V.
616 622 742 642 Anrco.
1228 638 1232 642 ὁ

246 658 311 687 Sine
323 653 540 691 :irbitr'isaliquld
552 655 650 681 facere.
692 649 708 678 i.
731 659 754 677 e.
777 648 842 677 Sine
851 643 1059 680 teste,Nemine
1075 642 1119 673 vel
1137 642 1249 671 vidente
1258 640 1302 670 vel
1315 650 1361 669 au-

265 695 369 724 cliente.
392 694 475 722 Plaut.
491 695 569 728 Capr.
583 700 607 718 2.
623 699 644 717 1.
665 697 706 724 17.
731 687 822 715 Unum
835 692 947 714 exorare
960 689 1008 712 vos
1019 682 1097 711 sinite
1109 691 1167 710 nos.
1195 691 1218 708 r.
1237 679 1266 708 id
1281 679 1362 715 quid-

266 742 330 761 nam
339 732 397 761 est?
418 741 442 759 c.
456 738 485 760 ut
495 730 547 758 sine
559 727 630 756 hisce
638 724 759 759 arbitris,
780 731 861 760 atque
873 721 951 751 vobis
964 743 971 755 ,
997 720 1077 749 nobis
1090 719 1159 747 dctis
1169 717 1301 754 loquendi
1315 726 1362 744 co-

264 771 349 808 piam.
370 770 428 798 Liv.
446 779 468 796 1.
482 778 527 802 41.
544 763 682 800 Tanaquil
692 764 762 792 inter
773 760 923 790 tumultum
934 759 1027 789 claudi
1038 768 1065 786 re
1077 758 1140 786 ‘iam
1154 757 1238 790 iubet,
1247 755 1363 783 arbitros

269 808 351 841 ejicit.
394 808 411 835 i.
431 816 453 834 e.
482 803 694 834 silultitudiriem
710 800 806 838 populi
824 799 1007 827 admirantem
1018 770 1084 833 quii&
1097 796 1135 824 rei
1146 792 1286 824 accidilset
1295 792 1362 822 Tar-

269 846 364 882 quinio
375 843 543 872 moribundo
556 863 563 875 ,
582 841 675 876 ejicit,
697 838 801 875 nequid
818 838 854 866 de
870 845 897 865 re
912 834 1118 872 cognoscerent.

250 883 375 912 Remotis
384 881 490 910 arbitris
503 881 536 908 de
548 888 620 908 novo
632 877 747 909 consilio
760 885 847 913 agere.
869 874 925 903 Liv.
937 883 961 902 2.

249 921 353 950 inferre
365 919 390 948 se
403 919 531 947 inlocum
542 918 598 950 sine
608 915 724 945 arbitris.
754 914 772 942 i.
790 923 814 942 e.
837 913 902 941 Sine
914 909 1072 940 comitibus.
1094 907 1149 936 Liv,
1172 915 1250 936 1.21.
1271 904 1362 934 Lucus

268 966 334 991 erat,
350 967 431 994 quem
444 956 570 985 medium
577 964 611 984 ex
624 962 713 991 opaco
723 952 804 990 specu
815 951 875 979 fons
889 949 1003 986 perenni
1012 946 1115 983 rigabat
1126 955 1194 981 aqua
1207 954 1212 973 :
1234 953 1288 980 quo
1300 943 1365 980 quia

268 995 389 1033 persaepe
403 995 493 1023 Numa
510 994 564 1022 sine
575 992 682 1021 arbitris
694 1014 701 1027 ,
722 989 840 1019 velutad
851 985 1022 1024 congressum
1033 986 1091 1013 deae
1102 984 1127 1012 se
1139 982 1274 1011 inserebat
1286 1003 1294 1015 ,
1314 980 1364 1009 Ca-

269 1034 371 1062 moenis
383 1039 447 1061 eum
457 1032 551 1061 lucum
566 1030 688 1059 sacravit.

250 1071 290 1101 Ab
304 1071 412 1100 arbitris
432 1077 553 1099 remotus
570 1069 664 1097 locus:
688 1068 732 1101 Sc,
753 1064 825 1094 Loca
840 1063 873 1092 ab
888 1061 994 1091 arbitris
1010 1059 1103 1088 libera.
1126 1059 1144 1088 i.
1160 1068 1183 1087 e.
1205 1055 1366 1094 Interpella-

268 1109 375 1138 toribus
390 1108 491 1138 crebris
508 1107 638 1136 carentia.
660 1104 718 1134 Cic..
730 1113 755 1140 7.
775 1103 847 1131 Verr.
864 1106 924 1135 185.
966 1100 1083 1127 Amoeno
1097 1097 1178 1131 sane,
1200 1097 1226 1124 ὃς
1246 1094 1279 1123 ab
1296 1093 1366 1123 arbi-

269 1148 316 1176 tris
327 1146 515 1176 remotolcco.
556 1144 642 1174 [dein.
657 1153 698 1178 ις.
721 1142 773 1170 Art.
789 1150 811 1168 1.
834 1139 900 1168 Haee
913 1136 974 1166 loca
984 1137 1095 1165 venusta
1105 1134 1182 1169 sunt,
1203 1132 1297 1162 abdita
1310 1139 1368 1161 cere

270 1193 298 1214 te
311 1195 316 1214 :
339 1186 364 1214 Sc
376 1184 462 1222 siquid
474 1182 590 1212 scribere
600 1181 667 1210 velis
678 1202 685 1214 ,
707 1179 740 1208 ab
751 1178 856 1207 arbitris
867 1175 962 1204 libera.

213 1224 387 1254 AssssxTRA
399 1245 406 1257 ,
432 1232 461 1250 τε.
485 1222 502 1250 f,
528 1220 593 1249 Hor.
606 1218 695 1256 Epod.
713 1228 736 1253 5.
751 1227 794 1251 49.
896 1229 933 1233 —-—
950 1211 967 1240 ὅ
986 1210 1068 1240 rebus
1086 1210 1155 1240 meis

331 1261 397 1290 Non
413 1259 537 1289 infideles
557 1258 663 1287 arbitrae
743 1254 809 1283 Nox
834 1254 861 1281 ἃ
880 1251 977 1280 Diana.

214 1300 465 1341 Atargatis,
486 1306 508 1325 e.
533 1297 547 1332 [
563 1291 701 1325 Alaun-17&
717 1292 731 1328 ]
752 1298 797 1325 ut,
820 1287 959 1319 Arbitralis
974 1286 1116 1323 judicatio.
1139 1284 1264 1314 macrob.
1277 1293 1302 1321 7.
1323 1283 1370 1312 Sar

255 1344 327 1366 turn.
347 1345 407 1373 cap.
424 1346 446 1366 i.
490 1334 525 1363 Ut
534 1342 598 1368 ergo
610 1333 681 1361 inter
700 1338 726 1359 te
739 1331 764 1358 ἃ
775 1328 902 1357 Vectium
913 1325 956 1355 vel
974 1323 1094 1353 arbitrali
1109 1323 1283 1359 judicatione
1294 1331 1370 1352 corn..

253 1384 357 1412 ponam
369 1396 377 1407 ‚
398 1373 517 1411 aperiam
529 1371 642 1409 quidem
652 1366 835 1407 philosophiae
846 1364 1030 1393 tricliniorum
1042 1362 1122 1390 sores.

215 1413 236 1442 A
245 1423 262 1441 R
272 1423 285 1440 u
294 1421 332 1440 1¹1*
342 1422 358 1440 R
368 1421 387 1440 Α
399 1422 419 1440 Μ
430 1421 443 1439 E
452 1420 470 1439 ri
482 1419 500 1438 'r
510 1420 527 1438 u
536 1421 556 1438 Μ
565 1431 573 1444 ,
595 1409 609 1444 [
626 1405 708 1434 ‹lius-m
723 1407 737 1440 ]
760 1404 884 1441 Quidam
895 1411 946 1440 pro
958 1400 1084 1434 Arbitrio,
1106 1399 1133 1428 h.
1153 1408 1178 1427 e.
1201 1397 1300 1427 Arbitri
1312 1397 1372 1427 sen-

254 1451 342 1479 tentia
361 1449 500 1486 usurpant.

217 1488 288 1518 ARB
299 1499 307 1515 1
317 1497 336 1516 Τ
346 1497 361 1516 R
372 1498 390 1515 A
401 1497 417 1515 i<
428 1498 436 1514 1
446 1497 462 1514 υ
472 1496 484 1515 S
498 1508 505 1520 ‚
525 1495 540 1513 a
554 1506 562 1519 Ἴ
583 1493 640 1513 um,
662 1476 832 1518 [dlasrnmisss
849 1479 864 1513 ]
884 1483 916 1506 ut
927 1499 934 1511 ,
956 1476 1040 1505 Poena
1049 1473 1188 1504 arbitraria
1200 1495 1207 1509 ,
1230 1472 1301 1510 Qiae
1311 1476 1370 1502 noti

254 1524 466 1559 leuestututaest
479 1546 486 1557 ,
508 1522 554 1551 sed
568 1521 667 1555 iudicis
675 1519 788 1549 arbitrio
798 1516 900 1545 relicta.
926 1514 1011 1544 Piaur.
1029 1512 1127 1549 Amph.
1150 1522 1173 1540 1.
1188 1521 1210 1540 1.
1223 1516 1286 1540 216.
1308 1511 1372 1540 Hoc

253 1563 367 1601 quidem
381 1562 505 1600 profecto
516 1566 620 1589 certum
628 1558 683 1593 est,
712 1564 770 1586 non
782 1555 819 1585 est
829 1553 1012 1583 arbitrarium.
1034 1550 1104 1581 Gell.
1118 1555 1159 1584 18.
1176 1559 1218 1580 ιο,
1239 1548 1370 1579 Remiffio

254 1601 402 1635 naturalis,
423 1609 480 1628 non
494 1598 640 1627 arbitraria.

215 1640 237 1670 A
247 1649 263 1668 R
272 1650 286 1667 s
296 1648 332 1667 ιτ
342 1649 358 1667 rt
367 1648 387 1666 A
399 1648 413 1666 iz
425 1649 434 1666 1
444 1648 460 1666 0
472 1659 479 1671 ,
506 1636 572 1665 Adv.
595 1636 609 1670 [
625 1631 800 1665 ὃιοατηπκός]
820 1629 907 1659 Plaut.
920 1627 996 1657 Poen.
1014 1636 1038 1662 3.
1056 1637 1079 1662 5.
1091 1635 1136 1661 42.
1166 1624 1251 1654 Nunc
1260 1623 1308 1662 pol
1319 1633 1371 1661 ego

254 1678 323 1717 perii
333 1682 424 1710 certo,
445 1674 519 1704 haud
529 1672 681 1702 arbitrario.
712 1669 766 1698 Ubi
776 1669 920 1706 interpres,
931 1665 1014 1695 Haud
1022 1664 1174 1697 arbitrariO,
1187 1663 1252 1692 Non
1265 1662 1349 1691 dubie
1361 1684 1370 1697 ‚

255 1715 327 1752 quasi
337 1715 392 1749 jam
407 1714 472 1742 dato
482 1711 610 1740 arbitrio:
634 1709 651 1738 i.
669 1718 692 1737 e.
716 1707 859 1736 Sententia
869 1704 971 1734 arbitri.
1012 1704 1083 1732 Nain
1107 1701 1288 1730 Arbitrarium
1304 1700 1372 1728 dici-

252 1759 297 1782 tur
308 1774 316 1788 ,
336 1762 420 1789 quum
430 1750 521 1780 adliuc
529 1759 569 1778 res
580 1748 655 1786 apud
670 1745 802 1775 arbitrum
814 1744 924 1781 geritur.
962 1741 1036 1771 Dum
1053 1746 1146 1769 autem
1157 1739 1247 1776 agitur
1256 1760 1265 1774 ,
1282 1738 1311 1766 in
1321 1738 1373 1766 du-

254 1791 302 1819 bio
317 1793 368 1819 eit:
400 1789 463 1826 quia
474 1795 536 1817 ante
552 1786 691 1816 arbitrium
701 1783 790 1822 potest
800 1782 900 1811 arbiter
910 1789 960 1818 pro
971 1779 1106 1817 opinione
1121 1777 1263 1814 Judicare,
1284 1785 1371 1813 quum

253 1829 338 1858 totius
357 1828 395 1857 rei
411 1826 509 1855 habeat
523 1824 692 1854 facultatem.

216 1867 238 1897 A
249 1877 264 1895 R
274 1877 289 1895 s
298 1876 338 1894 1'1'
346 1876 361 1894 R
371 1870 387 1894 Ᾰ
398 1875 417 1893 T
425 1875 442 1893 u
453 1874 464 1893 s
477 1887 484 1898 ,
505 1865 545 1892 sis.
567 1863 582 1898 [
595 1860 678 1897 ὴγηκφ
691 1860 707 1895 ]
727 1857 871 1892 Voluntas,
891 1854 1026 1885 sententia
1037 1852 1139 1883 arbitri.
1162 1851 1219 1881 Cic.
1237 1851 1268 1880 in
1274 1849 1369 1887 Lael.3.

255 1904 339 1938 Cuius
350 1902 542 1941 disputationis
553 1899 700 1930 sententias
711 1897 851 1926 memoriae
862 1894 1008 1924 mandavi:
1032 1902 1098 1930 quas
1117 1892 1148 1920 in
1164 1890 1220 1920 hoc
1234 1889 1307 1920 libro
1323 1898 1372 1918 ex-

254 1942 334 1980 posui
350 1951 413 1970 meo
431 1940 567 1969 arbitratu.

251 1980 324 2010 Fieri
334 1978 437 2016 aliquid
450 1978 565 2011 alicuius
577 1975 716 2006 arbitratu.
741 1972 759 2002 l.
769 1974 812 2009 43.
832 1969 865 2000 D.
879 1970 914 1999 de
923 1968 998 1999 verb.
1010 1967 1096 2006 signif.

255 2017 363 2055 Loquar
373 2026 436 2045 meo
450 2016 590 2045 arbitratu.
612 2014 704 2042 Cic.2.
723 2011 758 2040 de
767 2010 843 2039 Orat.
861 2017 921 2037 102.

253 2055 402 2093 Responde
414 2054 541 2083 arbitratu
559 2062 632 2081 ineo.
655 2050 713 2079 Cic.
727 2060 752 2084 4.
776 2048 811 2077 de
824 2045 947 2077 Finib.2.

253 2094 383 2123 Vendere
401 2092 530 2121 arbitratu
546 2090 601 2119 suo.
633 2088 691 2118 Cic.
703 2091 728 2116 6.
749 2086 822 2115 Verr.

252 2132 286 2163 ln
297 2132 433 2160 ditionem
451 2132 476 2160 8<
487 2129 649 2158 arbitratum
661 2125 739 2155 alteri
749 2124 776 2153 se
784 2123 896 2153 dedere.
917 2121 1003 2151 Plaut.
1017 2119 1116 2157 Amph.
1134 2127 1156 2148 1.
1173 2127 1196 2148 1.
1210 2123 1271 2153 103.

334 2169 502 2205 Deduntque
514 2167 539 2196 se
554 2188 562 2202 ,
583 2166 677 2195 divina
686 2164 861 2198 humanaque
875 2160 969 2189 omnia
981 2181 988 2194 ,
1009 2157 1106 2187 urbem
1123 2157 1149 2186 ἃ
1159 2155 1270 2189 liberos,

333 2207 365 2236 ln
377 2207 511 2236 ditionem
524 2212 605 2241 atque
618 2204 647 2232 in
662 2201 822 2230 arbitratum
834 2221 842 2235 ,
862 2198 956 2227 cuneti
966 2219 973 2232 ,
994 2195 1131 2226 Thebano
1142 2193 1258 2231 populo.

215 2249 236 2278 Λ
246 2257 262 2275 a
272 2256 286 2274 B
296 2254 334 2274 ιγ
344 2255 360 2273 a
370 2256 379 2273 1
391 2255 408 2273 u
419 2256 437 2273 M
453 2266 460 2279 ,
481 2244 498 2272 i.
515 2253 542 2271 n.
565 2242 642 2271 ldem
654 2239 729 2277 quod
742 2237 901 2268 Arbitratus.
922 2235 980 2264 Cic.
994 2244 1018 2264 2.
1041 2234 1113 2261 Verr.
1125 2238 1168 2268 38.
1199 2231 1239 2260 Ad
1249 2229 1371 2260 nostruin

254 2283 397 2313 arbitrium
410 2282 610 2316 libidinemque
631 2277 845 2308 adversariorum
855 2275 944 2303 minas
956 2272 1109 2302 eludemus.

253 2322 389 2358 Navigare
406 2320 440 2349 ad
450 2319 527 2348 suurn
540 2317 689 2346 arbitrium.
721 2315 779 2343 Cic.
791 2323 817 2350 7.
835 2313 908 2341 Verr.
924 2315 967 2346 96.

253 2359 368 2389 Ponitur
380 2359 462 2387 etiam
472 2366 520 2395 pro
531 2356 608 2385 Nutu
620 2356 646 2384 ὃ(
662 2353 818 2383 Voluntate.
839 2356 887 2385 ut,
911 2348 967 2378 Sub
980 2346 1092 2377 arbitrio
1106 2343 1221 2375 deiesse.
1244 2343 1328 2374 Ovid.
1344 2353 1367 2380 ς.

253 2397 446 2466 Inrgiliitsiiiiigi
464 2433 579 2468 alicujus
595 2430 699 2460 venire.
730 2427 813 2457 Ovid.
828 2437 851 2462 5.
862 2424 944 2463 Epist.
958 2426 1002 2461 36.

254 2474 296 2503 Ad
310 2473 452 2502 arbitrium
463 2470 541 2500 suum
552 2470 699 2499 adducere.
740 2466 771 2494 V.
792 2475 811 2493 A
822 2474 840 2493 r>
851 2474 869 2492 o
880 2474 897 2492 υ
908 2472 957 2492 co.

255 2512 296 2540 Ad
306 2510 447 2540 arbitrium
460 2509 536 2538 suum
548 2506 672 2537 scribere.
704 2503 762 2533 Cic.
779 2513 801 2531 1.
814 2503 849 2531 de
860 2501 920 2531 F‘m.
935 2503 960 2529 6.

255 2549 388 2579 Conferre
403 2547 495 2576 omnia
504 2547 538 2575 ad
549 2545 691 2575 arbitrium
703 2541 823 2571 alterius.
865 2539 896 2568 V.
919 2547 960 2567 co
969 2547 990 2566 N
1000 2546 1058 2565 rim
1067 2542 1094 2565 o.
1330 2562 1331 2565 Ἴ

255 2587 414 2620 Arbitrium,
434 2585 509 2621 quod
520 2584 602 2616 vulno
616 2582 750 2611 Placitum
760 2577 958 2619 &Appetitum
967 2575 1095 2604 dicimus.
1121 2572 1178 2603 Cic.
1193 2574 1218 2602 6.
1230 2571 1303 2601 Verr.
1326 2570 1371 2600 Ne

274 2622 570 2653 mulierumnobilium
582 2622 607 2650 ὃς
622 2617 802 2649 formosarum
812 2622 914 2653 gratia,
936 2622 1051 2651 quarum
1071 2612 1119 2641 iste
1140 2610 1253 2640 arbitrio
1272 2609 1371 2639 Praetu-

274 2672 332 2691 ram
345 2672 392 2699 per
402 2661 551 2690 triennium
563 2658 676 2696 gesserat
685 2679 693 2692 ,
715 2657 766 2685 &Q
1008 2677 1009 2681 ,

255 2700 355 2729 Vivere
367 2700 401 2727 ad
413 2698 527 2727 aliorum
537 2697 678 2725 arbitrium
691 2717 699 2730 ,
720 2702 777 2722 non
787 2692 822 2721 ad
832 2691 918 2719 suum.
951 2688 1008 2722 Cic.
1024 2698 1074 2726 pro
1084 2687 1195 2717 Muren.
1212 2696 1254 2721 19.

255 2738 296 2804 Ag
308 2737 428 2767 nostrum
439 2735 582 2775 arbitrium
592 2734 793 2768 libidinemque
802 2729 914 2759 eludere
924 2727 1020 2763 judicii
1031 2725 1265 2765 expectationem.
1280 2722 1368 2752 Cic.2.

299 2786 348 2805 err.
364 2784 405 2809 30-

255 2814 296 2844 Ad
307 2813 450 2842 arbitrium
463 2810 540 2840 suum
551 2818 663 2839 movere
676 2811 782 2837 mentes
791 2804 959 2833 auditorum.
988 2801 1047 2831 Cic.
1060 2811 1086 2831 2.
1099 2801 1134 2830 de
1149 2800 1226 2830 Orat.
1240 2808 1285 2836 70.
1306 2798 1351 2828 Sic
1361 2819 1369 2833 ,

276 2852 316 2880 Ad
330 2851 473 2880 arbitrium
486 2848 597 2877 alterius
634 2855 750 2876 erorare.
791 2842 869 2872 ldem
885 2842 913 2870 in
925 2840 1017 2869 Vatin.
1031 2843 1075 2869 26.

254 2889 349 2920 Homo
360 2889 399 2917 sui
410 2887 522 2916 arbitrii.
560 2885 600 2914 Bu
623 2894 684 2913 aeus.
715 2883 830 2911 Sueton.
852 2880 881 2908 in
892 2878 1007 2908 Tiberio
1024 2886 1083 2915 cap.
1103 2881 1143 2909 18.
1174 2875 1290 2913 Semper
1304 2873 1371 2902 alifis

273 2927 312 2957 sui
330 2926 452 2960 arbitrii,
482 2929 687 2959 contentusque
704 2919 729 2949 se
747 2928 820 2952 uno,
841 2924 909 2946 tunc
934 2922 1032 2953 praeter
1056 2913 1287 2944 consuetudinem
1305 2921 1371 2941 cum

273 2965 398 3003 pluribus
409 2964 444 2992 de
453 2963 560 2992 ratione
571 2960 635 2989 belli
648 2956 874 2988 communicavit.

254 3002 374 3034 Arbitrio
392 3011 455 3030 meo
467 3004 680 3036 transponantur
695 2994 785 3025 verba.
828 2992 932 3030 Lipsius
946 2991 977 3020 in
984 2990 1074 3021 Ta'cit.
1087 2998 1149 3025 324.
1172 2998 1222 3027 pro
1234 3010 1242 3024 ,
1263 2987 1311 3017 Me
1326 2995 1373 3016 au-

254 3038 490 3108 Aff‘ffistffflffisgtg
500 3079 600 3103 nutum
610 3071 722 3102 alterius
732 3075 822 3101 totum
832 3067 859 3098 se
868 3067 972 3105 fingere
984 3067 1009 3096 Sc
1019 3064 1240 3095 accommodare.
1270 3062 1329 3093 Cic.
1343 3063 1372 3091 in

273 3117 346 3146 Brut.
362 3126 377 3145 2
400 3138 406 3143 .

255 3154 332 3183 Nutu
345 3155 370 3183 δι
381 3127 495 3182 ‘Arbitrio
506 3149 557 3179 Dei
568 3147 661 3178 or'nnia
671 3150 812 3183 reguntur.
835 3143 893 3173 Cic.
904 3150 954 3179 pro
964 3138 1043 3170 Rosc.
1053 3140 1142 3170 Amer.
1156 3148 1216 3175 131.

254 3192 414 3221 Secundum
426 3189 569 3219 arbitrium
579 3189 660 3215 tuuin
672 3184 752 3213 testes
762 3181 844 3212 dabo.
867 3180 925 3210 Cic.
938 3189 963 3215 7.
976 3178 1048 3207 Verr.
1064 3181 1122 3213 163.

255 3229 402 3258 Arbitrium
420 3236 499 3257 tuum
519 3226 558 3254 sit.
591 3224 649 3253 Cic.
663 3233 704 3257 ις.
736 3223 787 3250 Att.
801 3229 841 3255 13.
880 3217 1044 3247 Orationem
1056 3216 1105 3245 tibi
1115 3214 1173 3244 mili
1185 3224 1191 3243 ε
1214 3214 1273 3251 ejus
1284 3214 1372 3243 custo.

273 3267 382 3296 diendae
392 3268 418 3296 Sc
433 3263 606 3302 proferendae
619 3260 762 3295 arbitrium
772 3266 852 3287 tuum
864 3255 903 3285 sit.

256 3303 378 3333 Arbitriis
390 3302 544 3341 dispensare
559 3298 663 3329 omnia.
686 3296 769 3327 Ovid.
781 3296 814 3324 ad
830 3294 935 3323 Liviam
947 3300 1008 3329 371.

255 3342 403 3371 Arbitrium
414 3341 491 3370 suum
503 3340 541 3368 est
552 3339 586 3367 de
598 3338 666 3374 Rep.
691 3335 748 3364 Cic.
762 3334 796 3363 ad
808 3333 880 3362 Brut.
897 3333 938 3360 ι6.
979 3327 1064 3364 Quod
1075 3333 1167 3356 autem
1181 3326 1232 3355 tibi
1242 3336 1306 3356 cum
1319 3327 1373 3356 An-

273 3380 351 3408 tonio
363 3379 489 3416 privatim
503 3376 622 3406 odium‘?
646 3381 748 3410 nempe
758 3371 820 3408 quia
832 3367 986 3408 postulabat
1002 3366 1061 3395 haec
1070 3387 1077 3399 ,
1099 3365 1214 3393 salutem
1222 3364 1255 3393 ab
1265 3363 1291 3393 se
1302 3365 1370 3401 peti,

273 3418 422 3453 precarium
434 3426 484 3444 nos
495 3413 716 3444 incolumitatem
726 3409 826 3439 habere
837 3418 853 3436 a
864 3405 962 3444 quibus
973 3403 1029 3442 ipse
1040 3402 1195 3432 libertatem
1206 3401 1368 3439 accepisset:

273 3454 327 3483 esse
337 3453 477 3482 arbitrium
490 3452 567 3482 suum
578 3451 613 3480 de
622 3450 692 3487 Rep.

252 3492 409 3525 Arbitrium,
420 3491 545 3520 Potestas.
567 3488 625 3518 Liv.
634 3499 660 3524 4.
671 3485 738 3516 Bell.
751 3482 861 3514 Maced.
891 3480 1004 3511 Scilicet
1024 3478 1042 3508 si
1054 3477 1144 3515 legem
1156 3476 1281 3515 Oppiam
1291 3476 1369 3506 abro-

272 3529 397 3566 gaveritis
407 3550 414 3563 ,
436 3538 492 3556 iion
505 3527 583 3556 vestri
596 3525 700 3554 arbitrii
711 3523 772 3553 erit.

252 3567 400 3595 Arbitrium
415 3565 489 3594 urbis
498 3563 634 3593 Romulus
645 3562 736 3592 habet.
769 3559 852 3590 Ovid.
865 3568 890 3593 4.
903 3554 969 3586 Fast.
983 3559 1046 3589 818.

251 3603 399 3632 Arbitrium
411 3603 512 3631 secreta
524 3601 656 3637 loquendi
668 3600 773 3636 eripere
792 3596 883 3626 alicui.
906 3593 990 3623 Ovid.
1002 3603 1029 3627 4.
1048 3589 1118 3620 Met.
1132 3597 1195 3623 224.

251 3641 399 3670 Arbitrium
412 3639 448 3668 rei
459 3639 574 3672 alicuius
586 3638 639 3667 esse
649 3635 873 3675 penesaliqucrn.
903 3630 988 3661 Ovid.
1002 3639 1025 3665 3.
1047 3627 1128 3666 Epist.
1140 3626 1233 3656 Sabin.
1245 3634 1291 3662 ²7-

332 3678 374 3706 Te
392 3686 477 3715 penes
496 3676 638 3705 arbitrium
655 3675 750 3703 nostrae
769 3674 886 3709 vitaeque
904 3669 1044 3705 necisque.

251 3714 398 3745 Arbitrium
418 3714 612 3746 honorarium,
633 3713 650 3740 i.
669 3722 693 3740 e.
715 3711 881 3740 l'ra'torium.
915 3707 1036 3749 Cic.pro
1049 3702 1135 3745 Rosc..
1144 3701 1224 3730 Com.
1240 3710 1281 3735 ις.
1307 3699 1367 3729 Per„

270 3753 335 3782 inde
347 3762 378 3781 ac
390 3751 406 3780 si
418 3753 445 3780 in
455 3751 526 3780 hanc
535 3749 680 3779 formulam
695 3749 789 3777 omnia
799 3747 904 3783 judicia
914 3744 1047 3781 legitima,
1060 3749 1154 3770 omnia
1163 3738 1272 3768 arbitria
1281 3738 1368 3767 hono.

270 3790 338 3819 raria
352 3812 359 3823 ,
380 3789 474 3818 omnia
485 3788 574 3816 oiiicia
585 3786 732 3815 domestica
744 3807 751 3819 ,
774 3783 903 3814 conclusa
914 3784 940 3812 δε
953 3776 1151 3818 comprehensa
1158 3776 1217 3805 sint.

252 3828 417 3860 Arbitrium,
441 3824 716 3859 Facultasjudicandi
726 3822 827 3851 arbitro
835 3822 907 3850 data.
950 3818 1030 3848 Unde
1041 3840 1048 3853 ,
1072 3815 1218 3846 Arbitrium
1229 3813 1362 3849 recipere.

270 3864 359 3902 Ulp.l.
377 3874 417 3898 ¹4·
441 3863 473 3891 D.
494 3863 528 3891 de
540 3861 657 3897 receptis
674 3860 789 3889 arbitris.
830 3856 968 3895 Rccipill'e
983 3863 1075 3885 autem
1095 3852 1238 3883 arbitrium
1254 3850 1364 3879 videtur

267 3904 311 3937 (ut
321 3901 418 3931 Pedius
430 3899 475 3928 lib.
488 3909 512 3933 9.
528 3899 611 3932 dixit)
633 3898 679 3934 qui
698 3897 798 3932 judicis
810 3904 900 3933 partes
917 3894 1050 3931 suscepit,
1072 3891 1212 3932 finemque
1228 3887 1364 3917 sententia

266 3941 312 3969 sua
331 3937 521 3968 controversiis
539 3935 728 3971 impositurum
744 3934 899 3970 pollicetur.
942 3933 1030 3967 Atque
1049 3931 1079 3958 in
1099 3929 1149 3958 hae
1165 3926 1364 3965 lignificatione

264 3977 380 4016 ponitur
389 3982 448 4004 toto
459 3973 540 4003 titulo
556 3972 654 4009 Digest.
674 3974 700 4000 i&
710 3971 822 4000 Codicis
832 3971 866 4000 de
879 3970 1009 4006 Receptis
1022 3967 1139 3997 arbitris.

1423 3590 1446 3619 A
1457 3599 1472 3617 R
1483 3599 1497 3616 s
1508 3597 1569 3617 ira
1579 3596 1647 3616 ANS
1658 3607 1666 3621 ,
1687 3586 1765 3614 antis.
1790 3583 1882 3613 Partic.
1905 3582 2001 3617 justin.
2017 3591 2039 3610 1.
2054 3591 2078 3615 9.
2095 3590 2137 3609 io.

1422 3628 1444 3656 A
1456 3637 1469 3654 R
1481 3636 1494 3654 s
1505 3633 1666 3654 rTRA'rUS
1678 3645 1685 3657 ,
1716 3622 1802 3652 Idem.
1833 3619 1940 3650 Sallust.
1957 3618 2083 3655 jugurth.
2100 3627 2160 3655 cap.
2173 3620 2215 3650 69.
2253 3615 2415 3652 Jugurtliam
2433 3608 2485 3641 esse
2503 3607 2554 3639 arbi
2568 3640 2569 3644 ,

1422 3739 1490 3769 Ain
1502 3748 1543 3767 oa
1554 3759 1562 3772 ‚
1583 3737 1663 3766 Piscis
1683 3736 1720 3765 est
1737 3736 1766 3764 in
1785 3735 1900 3765 Oceano
1920 3732 2058 3761 Gaditano
2070 3752 2078 3765 ‚
2099 3737 2155 3759 tam
2171 3728 2251 3758 vastis
2261 3719 2408 3765 *dispansus
2422 3722 2519 3758 ramis,
2538 3726 2567 3762 ui*
2584 3751 2586 3756 ,

1420 3813 1442 3842 A
1453 3822 1468 3841 R
1480 3823 1493 3840 s
1504 3823 1562 3846 ou,
1584 3813 1646 3841 oris.
1668 3811 1686 3840 f.
1710 3812 1724 3846 [
1740 3806 1846 3844 δῖνῷον,
1867 3809 1889 3844 xj
1915 3804 2018 3841 RQ&-
2035 3806 2049 3841 ]
2071 3804 2203 3834 Generale
2222 3811 2324 3832 nomen
2335 3801 2372 3830 est
2383 3823 2391 3835 ‚
2412 3801 2437 3829 Sc
2453 3793 2553 3840 appella·
2567 3803 2569 3807 ’

1868 140 1895 173 A
1990 135 2021 170 R
2117 136 2141 169 B

1447 222 1522 254 inter
1535 222 1683 252 Arbitrium
1692 222 1783 250 aurem
1796 219 1968 255 &Judicium
1979 215 2165 246 differentiam
2179 214 2299 244 ostendit
2312 214 2370 243 Cic.
2383 215 2411 244 in
2429 215 2503 246 Oiat.
2516 220 2563 255 pro
2586 215 2589 224 ¹

1467 261 1547 291 Rosc.
1559 260 1638 289 Com.
1654 269 1693 287 ro.
1717 257 1830 287 Causam
1843 256 2005 294 perdidisti,
2026 261 2173 292 propterea
2188 252 2263 289 quod
2280 252 2355 280 aliud
2370 253 2407 281 est
2422 254 2552 289 judicium
2586 254 2588 285 i

1467 299 1545 329 aliud
1559 297 1708 327 arbitrium.
1746 295 1907 331 judicium,
1928 293 1965 322 est
1980 292 2106 331 pecuniae
2129 298 2230 319 certae:
2261 288 2422 324 arbitrium,
2442 278 2562 323 incertae:
2585 293 2589 324 l

1470 338 1510 366 Ad
1524 336 1659 372 judicium
1674 334 1728 362 hoe
1747 334 1832 361 modo
1848 332 1990 365 venimus,
2012 335 2044 359 ut
2053 335 2140 357 totam
2151 328 2226 356 litem
2239 333 2286 356 aut
2303 325 2476 358 obtineamus
2488 350 2496 364 ‚
2520 336 2565 360 ant
2586 326 2588 365 i
2602 343 2604 346 ·

1471 376 1638 404 amittamus.
1680 371 1720 400 Ad
1733 371 1874 399 arbitrium
1891 370 1945 398 hoc
1960 369 2053 398 auimo
2064 367 2171 394 adimus
2184 387 2192 400 ,
2213 372 2245 393 ut
2263 373 2353 401 neque
2372 365 2459 401 nihil,
2479 376 2565 405 neque
2602 383 2604 388 .

1471 418 1579 441 rantum
1591 415 1724 446 quantum
1737 407 1932 445 pullulavimus
1941 429 1948 441 ,
1970 405 2178 440 consequamur.
2586 396 2587 402 ¹
2600 402 2604 411 ¹

1452 450 1603 479 Arbitrium
1615 449 1708 476 tamen
1727 446 1802 484 apud
1819 445 1908 474 bonos
1925 444 2070 475 authores,
2092 441 2219 478 &ipsum
2235 448 2344 477 quoque
2360 438 2520 470 Ciceronem
2529 448 2567 473 et⁴
2586 439 2604 475 ἵε

1470 489 1526 516 iam
1538 496 1587 523 pro
1600 484 1711 520 Judicio
1719 484 1832 521 ponitur
1844 493 1850 512 :
1885 481 2031 519 prasertim
2043 480 2071 508 in
2082 479 2114 507 iis
2125 478 2221 507 caussis
2231 500 2239 512 ,
2260 478 2289 505 in
2298 476 2400 514 ,quibus
2410 477 2449 506 Ex
2458 477 2510 508 fide
2520 478 2567 509 bo.
2584 476 2590 502 Ῑ
2602 483 2604 486 “

1472 532 1509 554 ‘ua
1529 523 1633 553 solebat
1655 522 1736 550 addi:
1759 521 1845 550 veluti
1866 519 1992 553 Tutelae,
2013 517 2157 549 Mandati,
2178 515 2318 547 Fiduciae.
2339 515 2389 544 Pro
2407 514 2496 550 socio,
2516 516 2569 549 Rei
2584 515 2604 540 l:

1472 562 1578 592 uxoriae
1590 583 1597 593 ,
1620 559 1672 589 &sl
1684 569 1743 594 quae
1755 559 1816 588 sunt
1828 559 1935 595 generis
1945 555 2080 591 ejusdem.
2120 554 2187 582 Non
2205 553 2281 590 quod
2291 553 2367 581 idem
2386 551 2417 581 lit
2430 553 2565 587 judicium
2583 539 2604 596 i}

1474 602 1501 629 r&
1512 599 1667 628 Arbitrium,
1685 597 1733 626 sed
1750 596 1825 633 quod
1839 596 1897 625 liaec
1907 595 2010 631 judicia
2024 591 2150 630 proxime
2160 591 2195 620 ad
2203 598 2329 619 naturam
2345 589 2517 620 arbit-riorum
2528 602 2567 624 ac,
2583 593 2604 630 i*

1475 637 1586 666 cedant.
1608 635 1637 665 ln
1647 635 1687 664 his
1700 635 1775 663 enim
1788 634 1899 669 judiciis
1909 655 1916 666 ,
1938 630 2174 668 quemadmodum
2186 629 2212 658 ἃ
2224 629 2252 657 in
2265 627 2386 658 arbitrio,
2404 627 2500 657 Praetor
2509 631 2566 660 nul·
2582 602 2604 670 ii

1474 675 1530 704 lam
1540 679 1642 702 certam
1652 672 1799 701 formulam
1809 669 2018 709 praeseribirsed
2030 677 2143 696 omnem
2152 666 2316 704 potestatem
2329 675 2363 694 ex
2374 675 2451 702 aequo
2460 668 2485 696 &
2494 666 2564 698 bono

1473 711 1618 748 judicandi
1628 710 1767 746 judicibus
1779 709 1891 738 liberam
1902 706 2042 743 relinquit.
2076 705 2134 734 Cic.
2148 714 2172 740 3.
2198 703 2255 734 Off.
2269 704 2313 740 70.
2326 703 2406 739 deQ
2429 704 2564 737 Scaevolas:
2587 690 2604 742 s

1473 750 1615 779 Summam
1627 748 1683 777 vim
1696 748 1806 777 dicebat
1816 746 1869 776 esse
1886 747 1916 775 in
1935 744 2067 773 omnibus
2081 743 2113 772 iis
2125 742 2240 773 arbitriis
2251 764 2258 776 ,
2270 742 2299 769 in
2311 741 2410 777 quibus
2429 741 2566 774 adderetur

1477 787 1517 853 {rx
1527 786 1679 853 ᾖεῖὃὲοιιιι.
1719 786 1769 815 Hae
1780 791 1873 814 autem
1884 782 1981 814 caussae
1997 781 2062 811 alias
2077 780 2184 818 semper
2194 780 2250 809 fere
2265 779 2376 814 Judicia
2394 780 2566 817 appellantur.
2593 750 2604 814 ii

1503 846 1508 851 .
1525 834 1549 860 3.
1613 847 1618 853 .
1632 828 1677 852 61.
2586 835 2587 838 =

1457 863 1576 893 Arbitrio
1594 871 1644 900 pro
1665 861 1740 890 socio
1759 859 1955 889 condemnare.

1997 857 2015 886 i.
2041 866 2065 886 e.
2094 855 2216 891 Judicio.
2259 854 2317 883 Cic.
2339 864 2389 891 pro
2412 853 2508 890 Quint.
2528 865 2565 894 13·
2594 879 2596 883 ,

1479 900 1560 937 Quasi
1572 900 1646 936 liqui
1658 899 1818 936 magnafide
1829 898 1988 933 societatem
2002 900 2128 931 gererent
2143 915 2151 927 ,
2175 892 2288 922 arbitrio
2297 901 2347 929 pro
2359 891 2433 921 socio
2447 893 2570 925 condem.

1478 939 1537 967 nari
1558 937 1684 966 solerent.
1719 937 1762 965 Est
1781 942 1872 965 autem
1882 934 1942 963 *nate
1956 932 2064 963 concisa
2075 931 2195 965 locutio,
2216 929 2437 968 quaeintegrasic
2446 929 2567 963 effertur:
2594 923 2599 941 '¹

1477 975 1672 1042 {Ondemnfffi
1683 974 1794 1003 arbitrio
1805 973 1857 1003 sive
1873 973 1978 1009 judicio
1988 993 1996 1007 ,
2025 970 2101 1008 quod
2116 968 2244 999 adversus
2252 967 2358 997 socium
2368 977 2419 1005 pro
2430 967 2502 997 socio
2511 968 2570 1001 con-

1502 1021 1600 1042 itutum
1612 1022 1626 1041 e
1652 1034 1658 1041 .

1458 1051 1575 1081 Arbitria
1585 1051 1675 1079 facere
1693 1049 1727 1079 de
1744 1049 1845 1086 aliquo.
1885 1049 1904 1078 i.
1922 1058 1946 1077 e.
1965 1047 2103 1082 Judicare.
2126 1044 2193 1074 Hor.
2201 1055 2227 1079 4.
2242 1042 2332 1072 Carm.
2345 1051 2371 1080 7.
2387 1051 2431 1073 22.

1541 1089 1612 1117 Cum
1627 1087 1711 1116 semel
1731 1087 1865 1116 occideris
1877 1108 1884 1121 ,
1911 1087 1937 1115 ἃ
1955 1086 1990 1114 de
2009 1091 2037 1113 te
2055 1083 2201 1122 splendida
2214 1082 2311 1111 Minos

1539 1126 1647 1155 Fecerit
1662 1125 1781 1154 arbitria.
1885 1125 1903 1153 i.
1921 1133 1945 1152 e.
1967 1122 2064 1159 Quum
2082 1121 2118 1151 de
2138 1127 2167 1150 te
2184 1119 2330 1158 splendide
2347 1127 2380 1148 ac
2407 1118 2489 1157 digne
2505 1117 2578 1158 judii-
2596 1115 2597 1120 ¹

1479 1165 1583 1193 caverit
1599 1164 1702 1193 Minos.
1738 1162 1868 1200 Porphvr.
2584 1169 2585 1174 ¹

1456 1202 1611 1232 *Arbitrium
1621 1201 1678 1231 litis
1690 1202 1719 1229 in
1730 1210 1827 1230 omnes
1838 1200 1970 1236 trajicere.
2005 1197 2088 1227 Ovid.
2108 1205 2150 1226 12.
2163 1195 2232 1225 Met.
2245 1198 2308 1232 627.

1620 1256 1657 1260 —-
1677 1239 1702 1268 ἃ
1720 1239 1863 1268 arbitrium
1880 1238 1936 1267 litis
1950 1235 2060 1272 trajecit
2083 1236 2112 1263 in
2134 1243 2240 1263 omnes.

1461 1277 1612 1307 Arbitrium
1626 1278 1693 1306 item
1711 1277 1824 1314 ponitur
1838 1285 1888 1313 pro
1908 1274 2052 1304 Sententia
2070 1282 2151 1310 quam
2170 1272 2270 1300 arbiter
2289 1269 2393 1300 electus
2412 1262 2572 1307 pronuntiat.
2588 1283 2589 1294 2

1480 1316 1581 1346 Festus.
1605 1315 1752 1344 Arbitrium
1761 1314 1861 1343 dicitur
1870 1313 2003 1342 sententia
2014 1321 2074 1348 quae
2086 1310 2118 1339 ab
2129 1310 2230 1338 arbitro
2240 1309 2380 1338 statuitur:
2405 1308 2572 1342 Arbitrarium
2588 1304 2591 1309 ’

1481 1361 1575 1383 autem
1584 1375 1591 1388 ,
1616 1362 1680 1382 cum
1693 1352 1784 1382 adhuc
1802 1361 1844 1381 res
1856 1351 1930 1390 apud
1940 1350 2071 1379 arbitrum
2083 1349 2193 1386 geritur.
2242 1347 2276 1376 Et
2286 1347 2314 1375 in
2326 1345 2377 1375 hae
2384 1345 2571 1383 significatione

1481 1392 1616 1434 accipitur
1628 1390 1685 1420 inl.
1700 1390 1867 1419 societatem.
1893 1398 1936 1426 77.
1963 1388 1996 1417 D.
2009 1396 2059 1425 pro
2068 1386 2156 1423 socio.
2174 1387 2201 1415 ὃ(
2215 1385 2244 1414 in
2256 1384 2275 1414 l.
2295 1384 2374 1413 idem
2384 1383 2479 1422 Pomp.
2493 1386 2575 1421 ¹4⁸&

1482 1430 1579 1467 passim
1588 1429 1621 1458 D.
1635 1429 1669 1458 de
1679 1434 1782 1466 recept.
1799 1427 1890 1456 arbitr.
2546 1419 2547 1422 ’

1463 1467 1614 1497 Arbitrium
1630 1489 1638 1502 ,
1659 1475 1709 1503 pro
1725 1466 1845 1495 Praemio.
1865 1465 1924 1494 Cic.
1941 1464 1971 1493 in
1981 1463 2069 1493 Pison.
2083 1471 2128 1491 21.
2150 1461 2255 1490 Eodem
2271 1461 2301 1489 in
2314 1464 2459 1497 tempore,
2480 1460 2572 1492 eodem

1484 1507 1510 1535 Sc
1530 1505 1585 1534 loci
1601 1504 1713 1541 vestigio
1729 1505 1755 1534 δε
1771 1503 1904 1541 temporis
1919 1525 1927 1537 ,
1954 1501 2064 1531 arbitria
2081 1509 2139 1529 non
2160 1500 2216 1528 mei
2234 1498 2322 1528 solum
2336 1519 2343 1532 ,
2364 1498 2411 1527 sed
2432 1498 2522 1535 patriae
2537 1498 2576 1530 fii«

1482 1544 1555 1572 neris
1571 1541 1709 1571 abstulisti.
1749 1541 1828 1571 Idem
1852 1540 1912 1578 post
1932 1540 2000 1570 Red.
2032 1540 2062 1567 in
2078 1538 2169 1567 Senat.
2193 1547 2236 1574 17.
2290 1536 2387 1572 Quum
2405 1535 2456 1564 tibi
2473 1536 2545 1568 arb‘r

1482 1581 1592 1615 funeris
1612 1580 1796 1609 solvebantur.
1840 1578 1919 1608 ldem
1933 1588 1984 1617 pro
2003 1577 2095 1606 Domo
2116 1574 2163 1604 sua
2181 1580 2226 1610 98.
2276 1574 2455 1611 Complorata
2475 1573 2574 1604 arbi·

1485 1625 1612 1656 petentes
1624 1618 1739 1647 funeris.
1775 1617 1806 1645 V.
1830 1617 1915 1646 Graev.
1930 1616 1964 1645 ad
1975 1615 2026 1651 loc.
2527 1612 2529 1615 '

1464 1652 1596 1687 Liberum
1613 1656 1757 1685 arbitrium
1768 1655 1839 1684 dixit
1849 1654 1906 1683 Liv.
1923 1660 1954 1683 ut
1964 1653 2040 1682 vides
2050 1654 2078 1681 in
2092 1652 2214 1681 dictione
2236 1660 2270 1679 1.1
2280 1659 2319 1679 Biz
2329 1659 2345 1678 R
2359 1649 2510 1684 adJeetivoz
2527 1658 2546 1687 p

1502 1703 1538 1724 uo
1554 1693 1851 1723 Voluntatemliberam
1865 1693 1933 1721 dicit
1941 1691 1998 1720 Cio.
2009 1691 2044 1720 de
2055 1690 2137 1725 fato,
2162 1699 2206 1719 20.
2247 1688 2305 1725 Qui
2322 1687 2504 1716 introducunt
2522 1699 2549 1713 κ
2572 1713 2573 1716 ,

1495 1743 1571 1762 arum
1580 1732 1676 1761 seriem
1690 1731 1884 1769 sempiternam
1897 1752 1904 1765 ,
1925 1730 1954 1758 hi
1963 1736 2088 1758 mentem
2099 1727 2221 1757 hominis
2234 1726 2377 1755 voluntate
2394 1724 2479 1754 libera
2487 1724 2533 1763 spo
2544 1725 2550 1731 '

1485 1776 1541 1801 tarn
1553 1769 1710 1799 necessitate
1720 1769 1769 1798 fati
1779 1769 1951 1798 devinciunt.

1464 1809 1583 1853 Arbitrio
1602 1808 1649 1837 suo
1665 1817 1766 1837 carere.
1788 1806 1845 1836 Cic.
1858 1807 1887 1835 in
1908 1804 1999 1835 Parad.
2016 1815 2039 1840 ς.
2093 1804 2123 1834 Si
2143 1803 2256 1832 servitus
2273 1801 2305 1831 sit
2325 1801 2417 1837 (sicut
2434 1800 2495 1836 est)
2517 1800 2550 1834 ob

1484 1847 1591 1876 dientia
1598 1846 1675 1875 fracti
1683 1845 1768 1875 animi
1778 1844 1910 1880 &abjecti
1919 1866 1927 1879 ,
1949 1845 1974 1873 Sc
1985 1842 2097 1872 arbitrio
2108 1842 2226 1871 carentis
2237 1840 2296 1876 suo,
2318 1839 2378 1877 quis
2393 1845 2476 1876 neget
2487 1848 2556 1869 omn

1482 1885 1556 1914 leves
1575 1883 1629 1913 esse
1650 1883 1762 1913 servos‘.>

1426 1923 1473 1954 Aa
1483 1932 1542 1951 ssir
1552 1932 1566 1951 r.
1576 1932 1609 1950 ιιι
1619 1932 1637 1950 u
1647 1932 1668 1950 M
1680 1943 1688 1955 ,
1710 1922 1727 1950 i.
1764 1920 1842 1950 idem
1857 1919 1933 1957 quod
1948 1918 2108 1947 Arbitrium.
2140 1916 2294 1946 Poniturin
2306 1914 2324 1944 l.
2339 1924 2364 1951 9.
2384 1914 2419 1944 D.
2437 1913 2564 1952 quisatird

1465 1971 1526 1998 cog.
1548 1960 1579 1990 In
1591 1959 1655 1989 Pan.
1668 1959 1740 1989 Flor.
1756 1959 1785 1988 in
1802 1957 1919 1995 vulgatis
1938 1957 1976 1985 est
1993 1956 2150 1986 Arbitrium.

1427 2000 1688 2032 Aamrrmrro,
1709 1997 1779 2026 onis.
1799 1996 1833 2026 f.·
1859 1995 1946 2025 idem.
1968 1994 2036 2023 Gell.
2060 2004 2159 2030 13.19.

1427 2038 1701 2070 ArzssrTaAToR,
1722 2035 1787 2065 oris.
1806 2044 1842 2063 m.
1867 2031 1942 2062 Publ.
1964 2032 2065 2062 Victor.
2106 2031 2137 2061 V.
2157 2028 2265 2060 Reines.
2284 2028 2334 2067 Ep.
2365 2039 2425 2066 559.

1426 2077 1498 2105 Ass
1509 2083 1717 2108 [TRATRIX‚
1739 2073 1797 2102 icis.
1819 2072 1838 2101 f.
1860 2069 2103 2100 TertullianadV.
2121 2069 2208 2099 Marc.
2230 2077 2255 2097 2.
2271 2076 2313 2096 12.
2578 2091 2579 2095 ,

1425 2115 1634 2146 Λιιιιιτιιοιι,
1656 2108 1811 2147 [amm]
1831 2110 1880 2138 ari.
1909 2109 2050 2143 Statuere,
2077 2108 2218 2144 judicare,
2238 2105 2400 2135 existimare.
2422 2103 2486 2142 Ulp.
2505 2099 2579 2134 ἰιιι]Ἰ

1463 2150 1545 2180 Die'm
1564 2149 1694 2187 proferre.
1716 2149 1738 2186 §.
1760 2147 1778 2177 si
1798 2147 1857 2185 q'uis
1875 2146 2054 2183 litigatorum.
2085 2146 2115 2175 D.
2137 2144 2172 2174 rie
2191 2150 2294 2181 recept.
2315 2143 2395 2172 arbit.
2450 2142 2535 2180 Siquis
2547 2140 2579 2171 liii

1461 2189 1621 2230 rigatorunr
1630 2187 1764 2222 defuerit,
1786 2186 1849 2223 quia
1859 2194 1908 2223 per
1919 2194 1983 2214 eum
1993 2184 2098 2213 factum
2107 2183 2145 2213 est
2166 2191 2220 2220 quo
2231 2182 2324 2210 minus
2337 2180 2482 2210 arbitretur
2495 2201 2503 2216 ‚
2521 2182 2579 2218 pr-*i'

1463 2235 1500 2255 na
1519 2229 1719 2255 committetur.
2576 2230 2577 2234 ¹

1462 2264 1599 2299 Arbitror,
1621 2263 1743 2292 Verbum
1759 2261 1832 2291 testis
1849 2261 1939 2297 jurati.
1962 2259 2020 2289 Cic.
2042 2269 2093 2296 pro
2115 2258 2194 2288 Font.
2209 2260 2254 2286 26.
2295 2255 2387 2286 Credo
2407 2256 2468 2285 haec
2484 2254 2559 2285 eade·

1482 2302 1710 2332 Inducioniai·um
1728 2300 1758 2329 iri
1775 2300 1934 2329 testimonio
1951 2297 2072 2327 timuisse
2098 2303 2144 2325 aut
2162 2293 2291 2333 cogitasse
2309 2317 2317 2329 ,
2346 2295 2393 2332 qui
2413 2294 2531 2332 primum
2547 2291 2565 2322 il

1482 2339 1532 2369 lud
1548 2339 1682 2382 verbum,
1704 2336 1979 2368 consideratissimum
1995 2336 2090 2364 nostrae
2116 2333 2344 2367 consuetudinis,
2366 2331 2487 2361 Arbitror
2505 2331 2518 2368 (
2541 2339 2566 2360 u

1483 2381 1535 2407 ‘nos
1550 2384 1633 2406 etiam
1651 2384 1718 2406 tunc
1734 2377 1855 2408 utimur,
1877 2385 1961 2411 quum
1982 2384 2014 2402 ea
2033 2373 2152 2402 dicimus
2165 2371 2265 2407 jurati,
2296 2380 2356 2408 quie
2378 2336 2559 2407 compermqi
2575 2377 2577 2398 J

1481 2416 1598 2458 bemus,
1624 2425 1685 2451 quae
1706 2414 1755 2452 ipsi
1780 2413 1927 2449 vidimus)
1958 2422 1994 2441 ex
2021 2418 2082 2440 toto
2104 2409 2262 2439 testimonio
2281 2407 2329 2437 suo
2356 2407 2477 2443 sustulit,
2501 2412 2543 2444 atq
2564 2420 2575 2427 ..

1484 2463 1578 2482 omniu
1591 2453 1617 2481 se
1633 2453 1698 2482 scire
1711 2453 1791 2481 dixit.
2530 2448 2537 2461 “
2575 2455 2576 2458 ¹

1464 2491 1610 2522 Arbitrabo
1621 2513 1628 2526 ,
1643 2490 1772 2519 ¹futurum
1787 2490 1820 2519 ab
1838 2489 1963 2524 Arbitro,
1984 2497 2012 2517 as
2028 2498 2035 2522 ς
2071 2486 2223 2522 antiquum.
2244 2483 2329 2514 Plaut.
2356 2482 2442 2513 Stich.
2460 2493 2483 2512 1.
2497 2488 2522 2512 α.
2533 2485 2575 2516 88

1484 2529 1627 2558 Probiores
1641 2538 1705 2557 vero
1717 2527 1890 2557 arbitrabunt
1901 2549 1908 2560 ,
1930 2526 1947 2554 si
1960 2525 2054 2564 probis
2070 2523 2226 2553 narraveris.
2267 2522 2385 2551 Nonius.
2476 2525 2479 2533 ¹
2573 2515 2582 2546 i>

1465 2567 1594 2610 Arbitrari
1607 2588 1615 2601 ,
1647 2568 1661 2602 [
1678 2567 1802 2600 ηγὲωθαι,
1831 2561 1967 2600 ληέζειθσᾳ
1984 2565 1997 2599 ]
2033 2561 2142 2599 (inquit
2169 2560 2316 2595 Perottus)
2350 2559 2388 2588 est
2405 2557 2557 2596 Existimant
2573 2550 2575 2591 i

1484 2608 1510 2635 &
1525 2605 1620 2634 Arbitri
1632 2604 1755 2634 officium
1768 2603 1806 2632 est
1815 2602 1944 2639 Judicare
1956 2624 1964 2637 ,
1987 2611 2044 2630 non
2055 2599 2212 2638 proutjuris
2227 2598 2265 2633 sic,
2285 2597 2332 2626 sed
2344 2596 2464 2634 proutid
2471 2605 2539 2633 aeqw

1483 2642 1538 2672 esse
1550 2642 1695 2672 existimet.
1735 2641 1792 2670 Cic.
1806 2645 1831 2670 6.
1844 2641 1917 2669 Verr.
1931 2645 1975 2673 8¹-
2011 2639 2039 2668 Si
2050 2639 2105 2667 hoc
2115 2636 2189 2674 quod
2197 2635 2245 2665 abs
2256 2643 2283 2664 te
2294 2634 2401 2672 postulo
2411 2656 2418 2669 ,
2441 2634 2530 2663 minus
2541 2641 2564 2662 a

1483 2681 1606 2710 officium
1616 2687 1695 2709 tuum
1705 2680 1842 2717 pertinere
1852 2677 2032 2707 arbitrabere:
2054 2674 2199 2705 succedam
2216 2683 2267 2711 ego
2281 2673 2397 2702 vicarius
2408 2678 2456 2702 tuo
2465 2669 2574 2701 muneri

1483 2718 1628 2756 suscipiam
1639 2725 1730 2756 partes
1742 2740 1749 2752 ,
1771 2726 1836 2754 quas
1850 2715 1954 2745 alienas
1971 2714 2024 2743 esse
2042 2711 2198 2743 arbitrabar.
2530 2731 2531 2734 ,

1465 2757 1503 2786 Ut
1516 2756 1647 2790 arbitror,
1669 2765 1719 2794 per
1729 2754 1903 2793 parenthesin
1920 2753 2046 2791 positum.
2087 2751 2146 2780 Cic‘.
2166 2760 2189 2778 1.
2213 2749 2248 2777 de
2263 2748 2358 2777 Divin.
2372 2758 2399 2783 4.
2439 2746 2504 2776 Haec
2524 2714 2580 2783 (ui

1482 2804 1534 2862 {tgo
1551 2794 1686 2860 arbgtror)
1706 2801 1812 2823 veteres
1827 2801 1918 2822 rerum
1937 2791 2024 2828 magis
2041 2788 2147 2818 eventis
2172 2787 2289 2822 moniti,
2315 2795 2397 2823 quam
2413 2784 2517 2814 ratione
2531 2782 2564 2812 do

1513 2843 1520 2861 i
1540 2842 1589 2870 pro
1612 2841 1698 2861 avere.

1466 2871 1628 2900 Arbitrari&
1640 2868 1756 2899 Censere
1769 2890 1777 2904 ‚
1801 2867 1877 2897 idem
1889 2866 1964 2904 apud
1974 2866 2110 2902 antiquos.
2152 2864 2271 2898 Nonius,
2294 2861 2412 2891 Censere
2425 2856 2554 2890 &Arbitra
2570 2862 2575 2894 ξ

1483 2915 1588 2943 veteres
1597 2908 1765 2945 cognatione
1780 2905 1909 2942 quadam,
1931 2904 2003 2933 socia
2016 2913 2047 2932 ac
2060 2902 2155 2932 similia
2166 2902 2219 2931 eise
2228 2901 2310 2930 verba
2319 2899 2474 2928 voluerunt.
2495 2895 2571 2927 Van(

1483 2946 1520 2975 'de
1532 2946 1591 2974 Vita
1600 2946 1666 2983 Pop.
1677 2945 1756 2974 Rom.
1767 2943 1814 2972 lib.
1826 2952 1852 2972 2.
1892 2941 1987 2979 Itaque
2001 2941 2076 2978 quod
2088 2940 2138 2969 bos
2147 2940 2261 2969 arbitros
2276 2938 2449 2967 instituerunt
2463 2932 2553 3002 popiuli

1484 2983 1610 3014 censores
1623 2982 1805 3021 appellarunt.
1850 2980 1927 3010 Idem
1937 2981 2013 3009 enixu
2023 2978 2096 3007 valet
2104 2977 2214 3007 censere
2231 2979 2257 3007 ἃ
2269 2975 2399 3005 arbitrari.
2430 2973 2492 3003 Ter.
2531 2978 2573 3001 ec.

1485 3033 1511 3057 4.
1530 3032 1552 3050 1.
1567 3031 1609 3058 13.
1644 3021 1683 3050 Ex
1692 3028 1747 3056 quo
1759 3017 1851 3048 censes
1862 3040 1869 3052 ,
1891 3018 1939 3046 nili
1956 3027 1990 3046 ex
2009 3016 2058 3045 illo
2072 3017 2117 3045 cui
2133 3016 2196 3044 data
2214 3015 2252 3044 est
2270 3019 2391 3051 nuptum
2402 3009 2532 3041 obsecro?
2548 3011 2575 3042 ι’ἶ,

1485 3059 1569 3088 credo
1580 3081 1588 3094 ,
1610 3067 1701 3095 neque
1721 3057 1791 3086 adeo
1806 3056 1928 3085 arbitrari
1941 3055 2024 3092 patris
2035 3054 2073 3083 est
2085 3053 2172 3082 aliter.
2570 3044 2575 3058 '¹

1465 3098 1605 3132 Arbitror,
1627 3097 1662 3125 de
1674 3104 1701 3125 re
1712 3096 1825 3124 inc-crta.
1855 3093 1919 3123 Ter.
1930 3093 1999 3122 Eun.
2014 3103 2035 3121 1.
2053 3102 2078 3121 2.
2095 3101 2137 3128 30.
2160 3101 2183 3120 P.
2198 3089 2353 3119 Civemne‘?
2373 3096 2402 3116 T.
2419 3084 2538 3115 arbitror.
2570 3086 2571 3089 ’

1465 3135 1599 3165 Arbitrari
1610 3157 1618 3169 ,
1639 3133 1791 3164 Observare
1802 3133 1827 3161 ὁὶ
1837 3131 1970 3168 respicere
1983 3130 2050 3167 quid
2061 3136 2155 3166 agatur
2162 3135 2210 3158 aut
2221 3126 2337 3156 dicatur.
2358 3125 2441 3154 Plaut.
2456 3120 2575 3162 Aulula}

1487 3184 1510 3202 ι.
1524 3177 1593 3202 extr.
1616 3171 1689 3202 Hinc
1698 3180 1749 3208 ego
1759 3170 1814 3198 huc
1826 3171 1852 3198 Sc
1863 3167 1930 3197 illuc
1944 3175 2053 3205 potero,
2067 3167 2133 3204 quid
2147 3172 2236 3202 agant,
2257 3164 2419 3194 arbitrarier.
2568 3160 2573 3194 ξ.

1465 3210 1593 3241 Arbitrari
1605 3232 1613 3246 ,
1634 3208 1783 3246 aliquando
1794 3207 1831 3236 est
1841 3206 2012 3236 Constituere
2028 3227 2035 3239 ,
2056 3204 2261 3240 modumque&
2272 3202 2407 3231 rationein
2423 3221 2431 3235 ,
2453 3197 2570 3236 quasiqii

1483 3250 1600 3278 formam
1610 3247 1701 3285 operis
1720 3247 1835 3275 statuere
1848 3246 1873 3273 ἃ
1885 3243 2065 3281 praescribere.
2098 3241 2228 3271 Proculus
2239 3241 2267 3269 in
2279 3239 2296 3269 l.
2316 3248 2373 3274 113.
2405 3237 2438 3267 D.
2455 3237 2490 3266 de
2504 3244 2570 3265 ver·¹

1483 3286 1539 3316 obl.
1572 3285 1668 3321 Quum
1682 3283 1824 3322 stipulatus
1847 3281 1895 3310 sim
1906 3292 1921 3310 a
1932 3281 2044 3310 Proculo
2056 3280 2073 3308 si
2085 3289 2155 3317 opus
2169 3279 2299 3308 arbitratu
2313 3286 2376 3305 meo
2387 3283 2450 3305 ante
2469 3271 2546 3308 Cal-J
2563 3276 2576 3298 s-

1483 3325 1542 3353 nias
1562 3323 1692 3353 effectum
1711 3330 1768 3350 non
1787 3320 1818 3349 sit
1834 3342 1841 3354 ,
1872 3328 2002 3357 poenam,
2034 3320 2084 3347 &12.
2135 3317 2166 3346 Et
2185 3316 2269 3354 paulo
2288 3314 2420 3349 inferius,
2439 3310 2546 3349 Quonia
2560 3323 2573 3334 ι’

1483 3368 1607 3391 mortuus
1628 3360 1763 3398 (inquit)
1784 3357 1906 3387 arbitrari
1924 3366 1979 3385 non
2003 3353 2141 3394 potuisset.

1463 3400 1592 3429 Arbitrari
1606 3419 1614 3433 ‚
1636 3399 1665 3426 in
1678 3395 1781 3434 passiva
1795 3394 1991 3432 significatione
2002 3416 2010 3428 ,
2031 3404 2081 3431 pro
2092 3391 2235 3422 AEllimari.
2258 3388 2351 3419 Caecil.
2371 3387 2444 3426 apud
2453 3384 2576 3416 Priscian

1480 3448 1507 3475 p.
1525 3447 1587 3473 792.
1610 3436 1649 3465 Ex
1664 3435 1771 3472 scriptis
1781 3442 1894 3467 eorum,
1915 3433 1961 3468 qui
1974 3433 2030 3460 veri
2040 3430 2211 3460 arbitrantur.
2240 3428 2304 3465 Ulp.
2324 3426 2343 3455 l.
2359 3436 2400 3455 12.
2424 3426 2444 3462 §.
2458 3434 2481 3460 3.
2498 3420 2572 3456 D.d‹.

1482 3475 1559 3512 relig.
1572 3476 1597 3504 Sc
1608 3473 1709 3510 sumpt.
1731 3473 1862 3509 Sumptus
1871 3470 1976 3499 funeris
1988 3469 2152 3498 arbitrantur
2160 3476 2211 3505 pro
2222 3465 2398 3495 facultatibus
2408 3483 2416 3497 ,
2439 3461 2483 3491 vel
2490 3458 2559 3498 digni
2578 3463 2579 3466 ’

1480 3520 1536 3542 tate
1552 3512 1685 3541 defunt‘ti.
1726 3509 1910 3539 Hotomanus.

1461 3550 1559 3580 Fidem
1575 3548 1696 3578 arbitrari
1722 3547 1825 3580 alicui,
1849 3546 1865 3574 i.
1890 3555 1913 3574 e.
1938 3543 2053 3574 Habere.
2084 3542 2168 3572 Plaut.
2184 3539 2350 3575 Bacchid.3.
2367 3542 2391 3568 6.
2406 3548 2447 3573 ¹4·

2177 3578 2298 3609 Nemine
2318 3576 2470 3606 arbitrante.

1459 3664 1522 3692 trati
1534 3661 1698 3700 procedunt.
1735 3658 1878 3689 Invenitur
1893 3659 1919 3686 ὁὶ
1935 3657 1962 3685 in
1985 3655 2182 3693 significatione
2193 3653 2296 3692 passiva
2320 3651 2395 3690 apud
2405 3649 2473 3681 Gell.
2489 3657 2511 3677 ι.
2526 3653 2551 3682 13
2568 3681 2569 3685 Ἰ

1460 3702 1570 3738 Anceps
1581 3699 1693 3736 quaestio
1704 3708 1719 3727 a
1730 3695 1915 3736 prudentibus
1929 3694 2056 3723 arbitrata
2066 3693 2112 3722 est.

1458 3776 1560 3804 fretum
1572 3783 1713 3811 nunquam
1724 3771 1855 3809 ingressus
1865 3770 1998 3798 credatur.
2040 3768 2145 3799 Autlior
2155 3766 2223 3795 Plin.
2236 3765 2283 3794 lib.
2295 3775 2321 3800 9.
2342 3773 2402 3801 cap.
2418 3773 2444 3795 4.

1458 3850 1534 3880 tione
1543 3851 1603 3885 ejus
1617 3849 1689 3878 Vires
1700 3856 1808 3886 quoque
1820 3848 1844 3876 &
1855 3845 1993 3879 hederas,
2015 3845 2040 3873 ἃ·
2051 3843 2205 3872 Arundines
2215 3862 2222 3875 ‚
2245 3842 2270 3870 Sc
2282 3839 2413 3869 Sall-stum
2421 3841 2552 3866 contineri
2566 3841 2567 3845 ¹

1458 3887 1520 3921 JCti
1542 3886 1706 3916 existimant.
1734 3885 1802 3914 Plin.
1817 3881 1992 3922 prooem.lib.
2007 3891 2049 3910 12.
2070 3882 2270 3915 Summumque
2286 3886 2388 3906 munus
2404 3871 2507 3904 nomini
2523 3869 2553 3900 da
2579 3899 2586 3911 ἵ

1461 3931 1540 3961 tum,
1562 3924 1670 3953 arbores
1687 3923 1821 3960 sylvaeque
1838 3919 2068 3956 intelligebantur.
2108 3917 2179 3954 Virg.
2196 3926 2221 3946 2.
2241 3915 2340 3952 Georg.
2354 3918 2416 3950 278.
2570 3911 2572 3915 ’

1611 3977 1648 3982 ——
1668 3971 1720 3990 nec
1738 3960 1824 3989 secius
1840 3957 1930 3987 omnis
1947 3958 1975 3985 in
1995 3965 2116 3994 unguem
2509 3979 2514 3988 ,
2559 3967 2578 3986 ,ν

2395 3990 2399 3994 ’
2424 3979 2563 4016 Arboribus
2579 3999 2581 4002 ⁴

1801 4058 1814 4065 x
