2604 4222
191 101 259 141 358
646 94 671 129 B
768 94 802 128 O
906 90 941 126 N

231 177 344 206 Habent
354 176 486 207 benetibi
496 176 642 215 principia.
660 175 723 205 Ter.
736 175 843 203 Pliorni.
855 183 881 202 2.
894 182 918 202 2.
934 178 978 206 82.

231 214 344 245 Habent
355 215 409 244 hoc
420 215 517 244 melius
528 215 552 244 se
564 232 574 248 r
587 213 678 251 quod,
694 215 744 242 &a
787 212 843 240 Cic.
860 220 901 239 11.
915 212 966 239 Att.
981 218 1005 244 7.
1025 207 1186 237 Extremum
1201 208 1238 237 est
1246 216 1343 237 eorum

251 252 448 320 q&uiinliichaia
457 252 533 282 sunt:
555 253 574 282 ii
586 258 679 281 tamen
692 249 741 287 ipsi
756 249 781 278 se
795 250 848 278 hoc
862 247 962 277 melius
972 246 1076 275 liabent
1086 255 1166 282 quam
1177 255 1227 275 nos
1238 267 1246 281 ,
1268 246 1343 282 quod

231 292 468 365 Habrgruetsle’q‘iiisffi
477 327 590 365 optime.
630 325 690 354 Cic.
703 335 728 359 4.
747 324 781 353 de
794 323 853 352 Fin.
865 327 907 359 38.
936 320 973 350 Ut
983 321 999 350 si
1012 321 1119 350 cultura
1128 321 1225 349 vitium
1238 342 1247 354 ,
1264 320 1343 354 cujus

248 367 304 395 hoc
317 370 416 395 munus
428 366 465 394 est
476 387 483 400 ‚
506 371 536 395 ut
545 365 645 395 efficiat
654 370 684 392 ut
693 362 756 392 vitis
767 371 830 391 cum
840 360 963 398 partibus
973 358 1026 388 suis
1037 360 1166 387 omnibus
1177 367 1259 395 quarn
1273 358 1346 395 opti-

250 413 295 432 me
310 403 335 432 se
347 403 453 432 habeat.

231 441 360 470 Habitare
374 440 454 469 bene.
476 439 547 476 Nep.
564 448 608 474 25.
625 446 665 473 13.
684 447 707 466 1.

231 478 272 508 Ire
283 478 381 508 melius
394 477 495 507 dicitur
503 486 554 505 res.
595 475 653 505 Cic.
667 485 710 510 14.
729 474 782 503 Art.
799 482 841 508 ις.
861 472 966 510 Incipit
974 481 1018 502 res
1029 469 1127 502 melius
1141 471 1180 501 ire
1196 480 1278 508 quam
1292 480 1343 508 pu-

229 523 459 590 Jssi'liiliiieqaliquem
473 551 554 580 bene.
576 549 661 579 Plaut.
679 548 759 578 Most.
772 559 799 583 4.
815 557 839 583 3.
854 557 898 582 42.

229 591 394 627 Juvantibus
409 590 479 619 bene
493 589 553 618 diis.
575 587 633 616 Liv.
646 590 672 616 6.
700 585 819 623 Collegae
831 585 978 622 imperium
988 583 1015 613 se
1027 594 1084 613 non
1098 583 1174 622 posse
1187 582 1340 621 impedire:

249 629 303 658 diis
315 629 386 658 bene
395 626 551 663 juvantibus
566 631 657 662 ageret
670 625 745 655 Quod
759 634 773 653 e
788 623 904 661 Republ.
918 623 1039 652 duceret.

228 666 408 703 Longinquus
419 665 489 693 bene
501 663 581 692 dolor
591 685 599 698 ,
621 657 737 699 Qui'diu
751 663 837 690 durat.
860 661 920 690 Cic.
932 670 957 689 2.
974 661 1008 689 de
1019 660 1076 689 fin.
1088 670 1132 695 94.

229 704 340 741 Longus
353 704 422 732 bene
434 702 520 731 sermo
533 723 541 736 ,
563 701 580 729 i.
597 710 620 730 e.
645 699 729 728 Vaide
741 699 823 737 longa
836 699 993 737 disputatio.
1015 698 1073 728 Cic.
1084 708 1109 727 2.
1125 697 1160 726 de
1173 696 1249 726 Orat.
1262 699 1326 732 361.

227 740 328 778 Longae
343 741 414 769 bene
427 740 518 768 lirerae.
538 739 594 767 Cic.
613 748 653 772 14.
671 738 721 766 litt.
738 747 762 773 7.

227 779 314 816 Loqui
325 779 412 814 bene,
435 787 484 815 pro
499 776 602 806 Blande
615 774 727 812 alloqui.
750 774 834 804 Plaut.
849 774 933 803 Truc.
947 782 971 803 2.
987 783 1010 803 1.
1026 776 1068 802 16.

511 830 585 834 -—
595 813 666 842 male
678 813 763 842 corde
774 811 927 842 consultare
941 834 949 848 a

319 853 393 882 Bene
407 852 483 889 loqui
495 852 598 889 lingua.

225 891 366 929 Lugebitis
376 890 475 920 melius
486 890 576 919 ambo.
598 888 684 918 Ovid.
698 894 723 921 8.
737 887 806 917 Met.
819 897 881 924 525.

226 929 328 966 Magna
341 929 410 957 bene
423 935 540 957 caterva.
563 927 620 956 Cic.
633 937 682 964 pro
699 926 807 956 Muren.
822 930 866 960 69.

226 967 310 997 Mane
324 967 394 995 bene
406 976 458 1004 pro
467 966 581 994 Summo
594 974 683 993 mane.
725 963 755 993 V.
779 975 799 992 M
813 974 827 991 Α
840 973 859 992 N
870 972 893 992 a.

225 1005 327 1035 Meteri
337 1005 416 1033 benc.
440 1003 469 1031 V.
493 1014 511 1031 M
524 1013 536 1031 iz
546 1013 560 1030 a
572 1013 619 1032 izo.
643 1001 699 1031 Liv.
716 1011 756 1030 io.
772 1001 837 1030 Bell.
851 1001 918 1030 Puri.
933 999 992 1028 Cic.
1004 1007 1028 1035 3.
1041 998 1076 1027 de
1086 997 1144 1027 Fin.

225 1041 358 1072 Meruisse
366 1041 436 1071 bene
448 1041 482 1070 de
493 1041 594 1077 aliquo.
636 1040 707 1077 Virg.
721 1050 746 1075 4.
766 1039 826 1069 AEn.
843 1048 904 1075 317.
926 1038 953 1067 Si
967 1041 1037 1066 bene
1049 1036 1114 1073 quid
1127 1036 1161 1064 de
1169 1039 1197 1064 te
1207 1033 1303 1064 merui.

224 1078 407 1110 Mereribeiie
420 1080 453 1107 de
466 1079 572 1115 Repub.
613 1077 670 1106 Cic.
688 1088 727 1106 ιο.
742 1077 813 1106 Fam.
831 1088 854 1111 ς.
887 1076 947 1105 Nec
958 1075 1107 1112 quicquam
1117 1083 1150 1102 ex
1160 1071 1289 1101 omnibus
1300 1081 1340 1101 re-

245 1118 295 1147 bus
308 1118 434 1146 humanis
450 1118 486 1145 est
495 1115 650 1154 praeclarius
659 1123 705 1144 aut
715 1115 882 1152 prwilantius
893 1135 900 1148 ,
923 1122 1005 1150 quani
1017 1113 1051 1140 de
1064 1111 1132 1149 Rep.
1149 1110 1221 1139 bene
1229 1110 1338 1139 mereri.

225 1156 320 1186 Meriti
337 1155 407 1184 bene
420 1155 453 1183 de
467 1154 575 1191 Repub.
616 1154 672 1182 Cic.
693 1163 714 1180 ι.
735 1152 791 1181 Off.
807 1162 866 1185 149.
900 1151 951 1180 Eos
964 1158 1054 1179 autern
1073 1158 1189 1186 quorum
1209 1147 1265 1177 vita
1280 1158 1340 1184 per-

242 1193 332 1231 spet‘ta
342 1194 369 1222 in
379 1193 459 1221 rebus
471 1192 590 1221 honestis
599 1198 680 1228 atque
692 1190 798 1227 mugnis
810 1190 847 1219 est
859 1211 866 1224 ‚
889 1187 962 1217 bene
973 1188 1008 1216 de
1019 1187 1125 1224 chub.
1138 1185 1293 1219 sentientes,
1306 1195 1338 1214 ac

243 1231 434 1260 benemeritos
449 1252 456 1264 7
478 1236 525 1259 aut
537 1237 692 1262 merentes,
714 1228 781 1257 sicut
790 1228 881 1264 aliquo
897 1226 1003 1255 honore
1013 1236 1059 1255 aut
1070 1225 1187 1262 imperio
1199 1223 1313 1253 affec‘tos
1329 1245 1337 1258 ‚

243 1268 386 1299 observare
403 1270 428 1297 St
440 1268 530 1297 coiere
546 1267 688 1296 debemus.

223 1305 365 1337 merentes
374 1306 446 1335 bene
457 1307 491 1334 de
504 1306 590 1343 patria
599 1305 682 1334 cives.
725 1302 783 1332 Cic.
800 1311 850 1340 pro
861 1300 951 1330 Plane.
969 1306 1012 1334 80.
1036 1300 1092 1336 Qui
1105 1299 1155 1328 sint
1165 1299 1232 1328 boni
1243 1299 1318 1327 cives
1329 1320 1337 1333 ‚

243 1346 288 1382 qui
299 1344 379 1377 belli,
399 1343 533 1381 quidomi
549 1343 584 1372 de
595 1343 684 1380 patria
695 1339 767 1370 bene
787 1346 941 1374 merentes,
963 1338 1011 1367 nisi
1026 1339 1071 1375 qui
1090 1338 1184 1375 patriae
1204 1336 1338 1366 beneficia

240 1382 449 1411 meminerunt?
952 1412 959 1418 .

221 1419 307 1450 Multi
324 1420 404 1449 bene.
427 1419 484 1448 Cic.
498 1429 539 1448 10.
554 1417 629 1447 Fam.
644 1425 687 1452 33.
709 1417 726 1445 i.
738 1426 762 1446 e.
784 1415 870 1444 Valde
879 1413 970 1444 multi.

222 1458 334 1488 Munita
344 1459 413 1486 bene
424 1457 536 1494 templa.
559 1455 668 1485 Lucret.
679 1454 727 1484 lib.
739 1464 764 1483 2.
775 1463 801 1491 7.

221 1496 320 1526 Narras
333 1495 402 1525 bene
414 1494 530 1532 aedepol.
569 1493 633 1523 Ter.
649 1492 719 1522 Eun.
733 1502 756 1528 ς.
772 1501 795 1528 3.
810 1500 835 1528 7.
853 1491 873 1520 i.
886 1500 911 1520 e.
938 1489 1016 1519 Laeta
1029 1497 1120 1518 narras
1131 1509 1140 1524 ‚
1160 1488 1187 1517 δι
1206 1496 1266 1525 quae
1283 1496 1336 1525 ego

239 1533 358 1563 libenter
371 1533 463 1562 audio.

220 1572 293 1601 Nata
304 1572 375 1600 bene
385 1593 391 1604 .
414 1571 431 1599 i.
443 1581 466 1599 e.
489 1567 633 1599 Generosa.
657 1567 724 1597 Hor.
736 1577 761 1602 4.
773 1566 863 1596 Carm.
875 1576 901 1601 4.
915 1568 959 1603 36.

219 1607 616 1645 Naviter&beneimpudens.
657 1605 715 1635 Cic.
730 1615 754 1639 ς.
768 1604 842 1634 Fam.
858 1613 898 1633 12.
930 1601 986 1633 Sed
1004 1608 1096 1631 tamen
1115 1601 1161 1638 qui
1173 1599 1335 1631 semelfines

238 1647 411 1677 verecundiae
423 1646 556 1675 transierit
564 1667 571 1679 ‚
590 1652 654 1673 eum
665 1643 737 1672 bene
750 1644 774 1672 Sc
784 1642 889 1671 naviter
900 1646 1009 1679 oportet
1019 1639 1072 1669 esse
1089 1640 1293 1678 impudentem.

218 1685 302 1716 Noffe
313 1686 392 1714 bene.
435 1684 493 1713 Cic.
507 1695 532 1718 4.
547 1682 628 1712 Acad.
646 1685 687 1710 16.
710 1681 783 1710 Bene
794 1689 888 1710 autem
898 1679 973 1708 nosse
985 1678 1155 1708 Carneadem
1164 1677 1335 1707 Stratonicus

237 1724 415 1753 Metrodorus
422 1728 541 1760 putatur.
582 1720 675 1749 Graeca
684 1719 721 1749 est
731 1719 857 1755 loquutio
868 1740 876 1753 ‚
898 1727 958 1755 quae
965 1716 1040 1746 aliud
1050 1715 1181 1753 significat
1191 1725 1272 1751 quam
1283 1715 1336 1744 sta-

237 1761 287 1790 tim
299 1761 425 1790 ostendit.
465 1758 606 1797 Significat
616 1758 691 1786 enim
703 1779 709 1790 ,
733 1756 883 1785 Carneadis
898 1765 960 1784 eum
972 1754 1138 1791 discipulum
1151 1752 1236 1782 fuisse.
1261 1753 1334 1782 Grae-

237 1800 262 1828 ci
276 1807 368 1828 autem
380 1799 535 1836 plerunque
544 1796 633 1825 solent
644 1794 793 1832 discipulos
803 1793 941 1831 appellare
987 1789 1084 1827 aseifasr
1096 1814 1104 1826 ‚
1125 1791 1199 1829 quod
1238 1791 1333 1821 uidem

235 1837 310 1875 apud
319 1846 366 1866 eos
376 1844 431 1865 tam
441 1836 568 1872 frequens
579 1833 616 1863 est
630 1855 638 1868 ,
660 1841 690 1862 ut
705 1833 732 1861 id
742 1832 878 1870 exemplis
890 1841 942 1860 con
965 1840 1051 1859 rmare
1062 1839 1132 1867 opus
1151 1839 1206 1857 non
1229 1836 1258 1858 it.
1299 1829 1332 1858 Iri

235 1884 298 1904 eam
308 1885 374 1904 vero
383 1873 545 1903 sententiam
557 1871 626 1900 illud
640 1870 722 1900 Nosse
733 1870 928 1908 accipiendum
939 1868 992 1897 else
1001 1890 1008 1901 .
1030 1875 1111 1904 atque
1121 1867 1190 1896 adeo
1202 1866 1333 1903 significa-

235 1922 281 1947 re,
304 1914 325 1942 A
342 1912 506 1942 Metrodoro
517 1909 714 1948 perdiligenter
727 1909 852 1937 auditum
864 1906 941 1936 fuisse
953 1907 1123 1936 Carneadem
1135 1927 1141 1937 .
1164 1915 1178 1933 e
1195 1905 1242 1933 lib.
1261 1917 1281 1934 i.
1297 1905 1333 1934 de

236 1950 312 1980 Orat.
326 1961 371 1985 45.
394 1949 589 1979 confirmanius
601 1957 607 1976 ε
629 1947 665 1976 sic
674 1947 750 1975 enim
762 1945 926 1975 scribitCic.
968 1943 1032 1974 Erat
1045 1944 1128 1973 etiam
1142 1943 1331 1978 Metrodorus,

233 1989 281 2026 qui
291 1988 417 2017 cumillis
425 1997 478 2016 una
488 2009 496 2021 ,
518 1985 605 2022 ipsum
617 1984 696 2014 illum
708 1984 879 2014 Carneadem
890 1982 1051 2020 diligentius
1063 1982 1195 2011 audierat.
1205 1980 1330 2010 Turneb.

214 2027 288 2056 Novi
301 2026 380 2055 bene.
405 2026 462 2055 Cic.
479 2035 502 2054 1.
518 2025 552 2053 de
564 2023 621 2052 Fin.
795 2023 799 2026 ”

214 2064 383 2094 Nummutus
392 2063 464 2092 bene
478 2085 486 2097 ,
509 2062 565 2099 Qui
578 2059 677 2090 multas
687 2060 770 2090 habet
778 2059 920 2098 pecunias.
952 2058 1010 2088 Cic.
1021 2066 1046 2086 2.
1065 2057 1101 2086 de
1111 2056 1181 2093 Lege
1193 2057 1253 2095 Agr.
1266 2059 1309 2092 56.

214 2103 398 2132 Numinatum
410 2101 481 2130 bene
489 2099 665 2136 marsupium.
687 2098 772 2129 Plaut.
785 2097 883 2136 Amph.
893 2108 920 2133 4.
931 2106 957 2127 2.
977 2095 1084 2134 suppos.
1098 2104 1122 2132 3.
1138 2104 1181 2132 39.

214 2140 303 2170 Oiens
313 2140 392 2169 bene.
416 2139 485 2176 Virg.
497 2148 522 2167 2.
541 2137 595 2167 Ecl.
611 2142 656 2172 48.
984 2139 987 2143 ’
1096 2144 1098 2147 ’

214 2178 344 2208 Orabunt
353 2177 444 2207 causas
454 2176 561 2206 melius.
584 2175 654 2212 Virg.
668 2177 692 2203 6.
710 2172 771 2203 AEn.
785 2178 849 2208 849.

213 2216 326 2246 Penitus
341 2216 412 2245 bene
423 2214 449 2243 se
459 2215 523 2243 dare
535 2214 562 2246 in
573 2212 785 2242 familiaritatem
799 2211 926 2246 alicujus.
950 2209 1007 2239 Cic.
1019 2219 1045 2244 4.
1059 2206 1134 2238 Verr.
1149 2210 1209 2243 169.

212 2253 318 2284 Peritos
329 2254 409 2282 bene.
452 2252 508 2281 Cic.
525 2252 559 2280 de
570 2250 640 2279 Clar.
653 2249 729 2278 Orat.
743 2255 767 2282 8.
791 2249 824 2278 Et
837 2258 892 2278 una
910 2248 966 2278 Ser.
979 2247 1078 2277 Fabius
1095 2247 1200 2282 Pictor,
1223 2246 1250 2275 ἃ
1262 2245 1332 2281 juris

234 2293 259 2322 &
274 2292 414 2321 literarum
426 2292 452 2320 ἃ
462 2289 631 2326 antiquitatis
642 2287 713 2316 bene
724 2287 836 2324 peritus.

212 2329 389 2367 Prospeetum
400 2329 519 2358 estbene
532 2334 596 2356 ate.
637 2325 700 2355 Ter.
717 2325 815 2354 Heaut.
827 2336 854 2360 4.
868 2334 890 2354 r.
902 2333 947 2360 25.
978 2323 1071 2353 ironia
1088 2322 1146 2351 est:
1168 2321 1240 2359 quasi
1254 2321 1329 2351 dicat

232 2368 307 2397 Male
319 2367 487 2406 prospexisti.
984 2390 991 2398 ,

212 2405 296 2435 Plane
312 2406 391 2434 bene.
433 2404 490 2433 Cic.
508 2412 548 2439 13.
565 2403 617 2432 litt.
631 2405 657 2431 6.
681 2400 766 2437 Qiod
779 2399 898 2435 reliquos
914 2398 1066 2428 coheredes
1080 2398 1231 2428 convenisti
1242 2420 1250 2433 ‚
1272 2396 1332 2436 pla-

231 2453 266 2473 ne
277 2443 357 2473 bene.
397 2442 518 2472 Subaudi
531 2440 627 2471 Fecisti
640 2461 648 2474 ,
669 2439 743 2476 quod
760 2440 784 2468 S<
797 2437 856 2467 Mss.
871 2437 953 2467 codd.
968 2436 1083 2466 addunt.

213 2481 295 2511 Plane
305 2482 376 2511 bene
386 2490 500 2518 magnus
511 2479 599 2508 dolor.
623 2477 680 2506 Cic.
692 2486 718 2506 2.
730 2476 810 2506 Tusc.
822 2486 866 2511 44.
889 2475 944 2505 Sed
957 2475 974 2503 si
984 2475 1021 2504 est
1033 2480 1125 2503 tantus
1136 2472 1232 2509 dolor⁷
1245 2482 1330 2509 quan-

231 2526 275 2549 tus
287 2519 460 2586 PFiloc‘tetQ
481 2518 552 2547 bene
572 2516 655 2555 plane
673 2524 789 2554 magnus
805 2513 875 2543 mihi
892 2513 1005 2551 quidem
1023 2512 1150 2548 videtur,
1174 2511 1222 2541 sed
1235 2518 1329 2540 tamen

230 2567 288 2586 non
314 2566 432 2586 ummus.

211 2595 317 2625 Poteris
327 2595 397 2623 bene
411 2594 458 2623 uti.
501 2592 561 2622 Cic.
577 2600 619 2626 ι4.
637 2590 710 2620 Fam.
724 2598 749 2625 7.
771 2588 871 2619 Fundo
883 2589 1009 2627 Arpinati
1017 2588 1087 2618 bene
1097 2588 1203 2626 poteris
1213 2587 1329 2617 uticum

229 2632 334 2662 familia
341 2632 444 2661 urbana
455 2653 464 2666 ,
483 2631 501 2659 fi
510 2639 620 2659 annona
629 2629 716 2658 carior
724 2627 814 2657 fuerit.

211 2669 360 2708 Praecipere
371 2670 450 2698 bene.
472 2669 536 2697 Ter.
549 2666 623 2695 Adel.
637 2675 658 2702 3.
675 2674 698 2701 3.
712 2675 757 2702 71.

214 2709 368 2738 Promeruit
382 2707 462 2736 bene.
483 2705 547 2735 Ter.
560 2703 633 2733 Adel.
649 2713 673 2732 2.
692 2713 713 2732 ι.
726 2712 771 2740 47.

212 2746 376 2776 Promittere
386 2745 467 2774 bene.
509 2743 567 2772 Cic.
581 2750 606 2771 2.
618 2742 653 2770 de
663 2738 756 2770 Divin.
771 2746 812 2776 38.
836 2740 906 2776 Quae
915 2745 1006 2769 autem
1017 2738 1200 2769 inconstantia
1210 2738 1328 2769 deorum

232 2785 271 2813 est
279 2806 287 2820 ‚
308 2789 339 2813 ut
348 2782 445 2821 primis
455 2781 596 2811 minentur
607 2779 677 2807 extis
689 2801 696 2811 .
718 2778 790 2808 bene
801 2779 964 2816 promittant
975 2777 1124 2807 secundis?

212 2822 287 2853 Bene
297 2821 434 2860 promittis
446 2842 453 2854 ,
476 2818 561 2847 inulta
571 2826 605 2846 ex
615 2816 723 2850 multis.
744 2816 840 2845 omnia
850 2816 879 2844 in
890 2815 992 2844 cassum
1003 2816 1114 2844 cadunt.
1146 2814 1231 2844 Plaut.
1249 2814 1325 2844 Poen.

234 2871 257 2889 1.
270 2869 295 2890 2.
311 2869 370 2896 147.
395 2858 445 2888 Alii
456 2857 627 2893 distinguunt
635 2854 696 2892 post
706 2853 803 2884 Multa.
828 2853 929 2890 [Ordo
947 2854 1065 2888 videtur,
1078 2851 1167 2882 Multa
1183 2861 1217 2881 ex
1233 2851 1328 2882 multis

229 2898 302 2927 bene
312 2896 451 2935 promittis
461 2917 469 2930 ‚
490 2893 585 2923 omnia
596 2894 647 2922 &a

210 2935 291 2966 Putas
303 2935 382 2964 bene.
424 2933 488 2963 Ter.
500 2931 569 2961 Eun.
581 2941 608 2965 4.
621 2939 646 2966 7.
657 2937 702 2964 43.
724 2928 797 2958 Novi
808 2929 952 2966 ingenium
967 2927 1116 2958 mulierum
1126 2950 1133 2961 ,
1155 2927 1257 2956 nolunt
1275 2927 1326 2957 ubi

229 2974 316 3003 velis:
342 2972 390 3002 ubi
409 2971 500 3006 nolis,
519 2969 638 3005 cupiunt
657 2966 738 2996 ultro.
780 2976 863 2995 frua.
885 2966 956 2995 bene
976 2973 1064 3004 putas.
1106 2965 1161 2995 Ubi
1180 2965 1326 3001 Donatus;

229 3012 305 3041 Bene
316 3018 396 3049 putas
412 3032 419 3045 ‚
441 3009 467 3038 h.
480 3018 504 3037 e.
527 3007 612 3036 Recte
621 3012 701 3043 putas
711 3026 719 3037 ,
739 3003 808 3041 sapis
821 3004 863 3032 vel
873 3004 1012 3041 intelligis.

211 3049 348 3080 Robustus
359 3049 430 3077 bene
441 3047 469 3076 in
480 3044 636 3075 clamando.
677 3042 735 3071 Cic.
751 3051 773 3071 ι.
790 3041 863 3070 Verr.
874 3047 917 3076 48.
948 3042 981 3071 In
996 3041 1142 3071 clamando
1162 3040 1275 3078 quidem
1287 3040 1327 3070 vi-

230 3088 284 3117 deo
294 3094 357 3116 eum
368 3085 422 3115 esse
432 3084 506 3113 bene
517 3082 658 3112 robustum
666 3087 748 3116 atque
764 3079 952 3108 exercitatum.

210 3125 282 3156 Sane
296 3125 377 3154 bene.
417 3123 482 3153 Ter.
498 3119 571 3150 ridel.
585 3130 611 3154 4.
624 3127 704 3154 2.47.
737 3127 765 3145 D.
785 3117 861 3152 Quid
880 3117 918 3145 ibi
937 3117 1024 3145 facit?
1057 3126 1077 3146 s.
1099 3115 1217 3146 let-“tulos
1231 3116 1259 3145 in
1269 3115 1327 3145 sole

228 3163 340 3200 iligneis
350 3161 468 3200 pedibus
479 3156 625 3188 faciundos
636 3156 721 3185 dedit.
752 3164 779 3183 D.
800 3155 847 3183 ubi
861 3155 963 3192 potetis
982 3155 1050 3183 νοεῖ)
1083 3154 1145 3183 sane
1164 3154 1245 3183 bene.
1271 3154 1326 3184 Ubi

228 3200 355 3230 Donatus
364 3221 373 3235 ,
394 3199 447 3228 Hic
458 3197 546 3227 ironia
557 3195 611 3230 est,
633 3201 690 3223 non
700 3191 874 3230 approbatio.
924 3192 977 3223 Alii
988 3192 1084 3230 legunt
1096 3192 1183 3223 Recte
1196 3191 1268 3222 sane.

208 3239 298 3269 Sanus
308 3238 388 3267 bene.
411 3236 476 3266 Hor.
490 3245 515 3264 2.
533 3235 620 3264 Serm.
632 3241 656 3268 3.
670 3239 715 3268 74.

208 3277 287 3306 Sanae
299 3276 369 3305 bene
380 3275 479 3303 mentis
492 3273 585 3301 homo.
609 3270 676 3299 Hor.
695 3279 717 3298 1.
731 3268 817 3297 Serm.
833 3277 857 3302 9.
872 3277 918 3304 44.

208 3313 334 3344 Scribere
345 3312 454 3341 melius.
478 3312 543 3340 Hor.
562 3319 584 3338 1.
598 3308 684 3338 Serm.
702 3316 743 3335 ιο.
756 3315 801 3341 47.

208 3352 317 3380 Sentire
331 3351 438 3388 optime
453 3349 487 3378 de
502 3346 611 3385 Repub.
634 3345 692 3374 Cic.
710 3354 751 3379 14.
766 3342 885 3380 Philipp.

206 3389 344 3426 Sequutus
355 3388 435 3417 bene.
457 3386 524 3415 Hor.
539 3394 562 3420 3.
576 3384 666 3413 Carni.
677 3391 721 3418 27.
735 3389 778 3418 57.

207 3427 322 3464 Sperare
332 3426 413 3454 bene.
436 3424 504 3453 Plin.
520 3423 566 3452 lib.
581 3431 623 3458 ¹7.
638 3430 698 3458 cap.
711 3430 738 3454 9.

207 3464 322 3502 Sperare
332 3462 439 3492 melius.
461 3461 546 3490 Ovid.
560 3468 586 3489 2.
601 3459 682 3496 Epist.
694 3462 738 3486 61.

208 3501 329 3531 Suadere
338 3500 446 3529 melius.
468 3499 534 3528 Hor.
548 3508 569 3527 ι.
586 3496 667 3534 Epist.
684 3505 706 3524 1.
719 3503 763 3531 23.

207 3538 339 3568 Successit
348 3538 427 3566 bene.
448 3537 511 3566 Ter.
533 3535 607 3565 ridel.
620 3544 644 3563 2.
658 3545 684 3568 4.
700 3542 745 3565 23.

207 3577 283 3606 Sum.
305 3583 352 3610 ut⁷
373 3576 529 3608 Beneerat,
549 3572 680 3602 absolute.
705 3571 768 3599 Hor.
781 3578 807 3598 2.
826 3567 913 3597 Serm.
926 3575 953 3596 2.
969 3574 1032 3596 120.

399 3628 471 3632 ———
484 3612 554 3640 bene
566 3617 624 3639 erat
634 3632 642 3642 ,
664 3617 721 3637 non
734 3606 852 3645 piscibus
865 3605 932 3634 urbe
945 3604 1055 3642 petitis,

287 3650 341 3679 Sed
351 3649 427 3687 pullo
436 3656 515 3685 atque
528 3649 613 3677 hoedo
623 3669 630 3680 ,
651 3648 702 3675 Sec.
785 3645 832 3673 Sic
843 3643 928 3672 Plaut.
940 3643 1017 3673 Men.
1027 3652 1054 3678 4.
1064 3649 1089 3671 2.
1105 3647 1148 3678 39.
1169 3639 1198 3670 Si
1208 3639 1324 3678 sapiam,

224 3689 292 3718 hinc
304 3689 375 3716 intro
386 3687 483 3715 abeam
495 3709 501 3719 ,
522 3685 569 3714 ubi
580 3684 647 3714 mihi
661 3685 730 3712 bene
743 3681 782 3710 sit.
824 3682 950 3710 Lanibin.

207 3727 282 3756 Bene
293 3725 347 3756 eise
358 3724 447 3753 alicui.
472 3724 537 3753 Hor.
551 3732 575 3757 3.
588 3723 677 3751 Carm.
695 3724 733 3749 16.
748 3730 794 3754 44.

485 3761 555 3789 bene
569 3760 607 3789 est
618 3760 663 3788 cui
675 3759 743 3787 deus
758 3755 862 3786 obtulit

287 3799 368 3829 Parca
378 3820 385 3833 ,
407 3799 482 3835 quod
492 3798 551 3827 satis
560 3798 599 3826 est
612 3819 619 3832 ‚
640 3805 734 3825 manu.

206 3839 281 3869 Bene
296 3837 350 3867 effe
370 3836 451 3865 alicui
469 3845 496 3863 re
517 3835 616 3871 aliqua.
656 3833 740 3862 Plaut.
754 3831 810 3860 Cas.
826 3840 852 3860 2.
865 3839 889 3866 3.
903 3832 949 3866 3⁶-
971 3827 1062 3863 Rogas
1073 3827 1152 3866 super
1165 3825 1266 3857 ancilla
1276 3825 1327 3856 Ca-

226 3878 282 3906 sina
296 3883 324 3904 ut
335 3874 414 3902 detur
429 3880 548 3909 nuptum
560 3872 650 3900 nostro
667 3871 760 3899 villico
770 3892 777 3903 ,
801 3868 877 3897 servo
888 3867 958 3903 frugi
971 3877 976 3895 :
1001 3866 1047 3895 ubi
1059 3866 1099 3894 illi
1114 3865 1185 3894 bene
1196 3864 1227 3894 sit
1236 3864 1326 3902 ligno,

225 3923 295 3951 aqua
307 3912 416 3947 calida,
437 3911 510 3941 cibo,
532 3910 549 3938 i.
562 3918 587 3938 e.
613 3908 665 3938 Ubi
675 3908 705 3936 lit
716 3908 741 3936 ei
752 3907 833 3943 copia
843 3906 898 3935 foci
909 3904 1065 3940 luculenti,
1087 3903 1197 3939 balnei,
1214 3904 1266 3935 &d

1355 3431 1370 3437 -κ
1413 3416 1563 3451 lutarium,
1584 3415 1672 3445 filium
1687 3437 1694 3450 ,
1715 3415 1840 3449 fontem,
1863 3414 1914 3442 &c
1946 3414 2114 3443 benedicere
2136 3413 2301 3450 frequenter.
2342 3411 2375 3440 V.
2396 3409 2528 3448 Sulp.Se-

1430 166 1505 195 Bene
1515 165 1567 196 esse
1579 177 1661 205 parvo
1671 167 1825 205 dispendio.
1847 167 1932 197 Plaut.
1950 168 2026 198 Men.
2044 179 2066 203 ς.
2080 178 2105 198 2.
2121 178 2164 198 20.

1431 204 1507 249 Bene
1521 205 1613 234 hercle
1629 205 1666 234 est
1684 206 1758 234 illim
1775 206 1823 234 tibi
1844 206 1915 235 bene
1936 207 2026 235 valere
2045 207 2070 236 Sc
2087 208 2184 236 vivere.
2222 204 2306 236 Plaut.
2320 205 2397 236 Trin.
2413 217 2434 238 1.
2447 219 2472 240 2.
2489 208 2521 249 ές
2546 205 2551 230 >³

1453 250 1478 270 n.
1495 251 1519 270 e.
1542 243 1654 272 Gaudeo
1667 243 1742 272 illam
1751 245 1826 272 recic
1842 243 1938 272 valere.
2522 235 2528 243 ι
2547 235 2551 268 l
2571 258 2574 271 τ

1431 279 1533 308 Melius
1545 281 1582 308 est
1592 290 1655 309 eum
1667 281 1750 310 adire.
1792 281 1875 324 Plaut.
1891 281 1966 310 Men.
1984 292 2007 316 ς.
2022 292 2046 316 9.
2060 291 2101 318 32.
2124 281 2216 311 Postea
2229 288 2321 311 autem
2331 283 2445 319 patriam
2454 290 2529 323 atque
2547 270 2550 332 i

1451 324 1555 360 patrem
1567 325 1719 347 memorat:
1743 318 1841 347 melius
1853 328 1903 347 nos
1921 319 1959 347 est
1971 319 2046 348 adire
2056 341 2064 353 ‚
2086 326 2168 356 atque
2180 320 2254 348 hunc
2265 321 2456 356 percontarier.
2548 335 2553 349 i

1431 354 1547 391 Optime
1562 355 1616 390 est,
1640 356 1711 398 'tiene
1723 356 1813 385 liztbet.
1854 356 1918 385 Ter.
1931 356 2006 386 Adel.
2023 367 2046 388 ς.
2062 368 2084 391 ς.
2096 367 2120 392 3.
2144 357 2220 393 Quid
2234 356 2286 386 fit?
2307 358 2374 393 quid
2384 359 2492 395 agitur?
2507 370 2529 396 ξ.
2548 360 2554 389 l
2586 379 2588 382 -

1449 393 1530 421 recie.
1554 402 1581 422 ι).
1602 401 1707 429 optime
1717 394 1761 422 est.
1804 393 1885 430 Quasi
1898 394 1972 423 dicat
1982 416 1990 427 7
2013 394 2127 423 Gaudeo
2138 401 2165 423 te
2179 396 2250 423 redte
2261 394 2359 424 valere.
2548 395 2553 401 ‘

1430 428 1504 458 Bene
1514 430 1565 458 tibi
1577 430 1622 459 est.
1663 430 1726 459 Ter.
1743 431 1817 460 Adel.
1834 441 1855 460 1.
1873 441 1894 460 ι.
1910 442 1934 467 9.
1960 431 1990 460 Et
2000 432 2048 460 tibi
2062 432 2132 460 bene
2146 431 2197 461 esse
2209 431 2276 466 soli,
2297 431 2532 468 quumsibisitma.
2550 419 2554 444 i
2594 451 2602 460 ,ν

1467 466 1501 496 le.
1541 467 1620 496 idem
1635 468 1701 497 And.
1714 477 1740 497 2.
1753 479 1776 502 ς.
1795 479 1835 503 ις.
1861 470 1961 497 Verum
1974 469 2042 498 illud
2054 469 2167 498 verbum
2176 469 2231 505 est,
2252 469 2336 507 vulgo
2348 470 2422 507 quod
2431 452 2552 503 diciso-‘l
2596 481 2601 510 ,¹

1448 503 1504 547 let,
1527 505 1633 534 Omnes
1647 505 1695 534 sibi
1707 506 1805 535 melius
1823 506 1903 535 malle
1918 505 1971 535 esse
1988 529 1995 541 ,
2018 517 2098 544 quam
2111 506 2198 536 alteri.

1429 540 1531 584 Melius
1541 540 1594 571 esse
1608 543 1713 572 homini
1726 543 1795 572 nihil
1808 544 1903 581 potest.
1927 544 1984 573 Cic.
2004 554 2024 572 i.
2044 545 2078 572 de
2089 544 2147 574 Fin.
2159 549 2203 581 63.
2550 526 2552 571 l

1429 579 1532 609 Melius
1543 580 1581 608 est
1590 580 1695 609 homini
1707 581 1808 610 facium
1820 603 1828 616 3
1851 592 1900 619 pro
1922 581 2023 610 Melius
2042 582 2141 612 habere
2154 582 2248 619 coepit.
2290 581 2347 611 Cic.
2360 591 2383 612 ι.
2399 581 2531 618 Tusc.86.
2550 601 2552 606 ν

1446 617 1578 683 Pompeio
1591 618 1680 684 qpstlro
1697 619 1823 648 familiari
1841 629 1926 657 quum
1940 620 2057 657 graviter
2074 627 2215 658 aegrotaret
2231 619 2368 658 Neapoli,
2389 619 2485 651 melius
2497 622 2532 653 est
2551 607 2557 628 Β
2581 635 2583 646 ¹
2597 619 2600 625 ’

1460 665 1487 683 at
1504 665 1558 684 uin.
1623 666 1650 684 u(
1661 666 1724 685 aeus.
2556 669 2557 676 ¹
2599 655 2604 660 ’

1427 691 1533 722 Melius
1542 693 1592 735 erit
1603 693 1644 722 isti
1654 693 1760 723 morbo.
1784 694 1939 724 Plaut.Cist.
1957 705 1979 724 1.
1994 705 2016 723 ι.
2030 704 2074 729 75.
2093 694 2171 724 Bono
2183 696 2275 724 animo
2285 705 2331 730 es,
2352 694 2452 724 eritisti
2464 705 2531 727 mor·
2548 629 2557 720 l
2572 710 2604 727 ,ι

1449 730 1484 758 bo
1494 730 1607 765 melius,
1634 731 1651 760 i.
1668 741 1692 760 e.
1716 731 1874 761 Invenietur
1884 732 1982 761 morbo
1994 732 2034 761 isti
2046 732 2157 769 aliquod
2169 733 2332 763 remedium.
2362 733 2440 762 Idem
2451 733 2530 767 Truc.
2552 721 2557 743 '¹
2598 730 2604 739 '¹

1438 778 1471 815 ἰ.
1485 777 1508 797 2.
1520 773 1571 811 87..
1587 768 1678 811 smmo
1693 770 1800 805 aedepol
1813 771 1911 799 melius
1921 770 1976 806 jam
1987 771 2071 799 credo
2084 771 2141 799 fore
2154 793 2161 805 ,
2182 771 2230 800 ubi
2241 779 2268 800 te
2277 770 2390 800 videbit.
2551 733 2558 812 l
2574 771 2575 774 ’
2600 794 2604 802 ,,

1427 804 1501 834 bene
1512 806 1542 849 sit
1554 805 1612 834 tibi.
1654 807 1738 836 Plaut.
1752 807 1838 837 Merc.
1852 818 1876 837 2.
1891 818 1914 836 2.
1935 819 1977 844 54.
2000 808 2039 836 Ad
2052 816 2161 845 portum
2172 819 2307 847 propero:
2331 817 2394 838 nam
2410 807 2449 837 ibi
2468 808 2545 841 mihi<
2575 803 2581 832 .'
2601 807 2604 838 ἑ

1445 850 1589 886 negotium
1599 844 1644 873 est.
1669 855 1694 873 n.
1718 845 1947 875 beneambulato.
1970 857 1995 876 L.
2018 846 2089 875 bene
2099 846 2199 876 valeto.
2221 857 2250 877 n.
2272 847 2343 876 bene
2353 846 2448 876 sittibi.
2468 846 2494 878 h.
2505 857 2530 879 e.
2567 845 2580 851 ⁴

1446 881 1643 917 quodquidam
1653 882 1768 918 dicunt,
1791 883 1880 912 Prosit.
2296 896 2301 904 ¹

1426 917 1489 947 Fuit
1500 918 1596 948 melius
1606 920 1652 948 ire.
1676 920 1741 949 Hor.
1753 930 1776 955 3.
1792 921 1880 950 Carm.
1893 930 1936 958 27.
1949 929 1994 955 42.

1424 955 1488 985 Fuit
1498 956 1597 986 melius
1609 957 1726 986 nescisse.
1751 958 1834 988 Ovid.
1848 968 1873 987 2.
1887 959 1922 988 de
1936 959 1997 987 Arte
2013 959 2070 988 Am.
2089 969 2150 996 555.
2600 985 2604 993 .

1424 993 1623 1024 Transcurrere
1633 995 1667 1024 ad
1677 995 1787 1025 melius.
1809 996 1876 1026 Hor.
1890 1005 1916 1026 2.
1932 997 2017 1025 Serm.
2033 1007 2058 1026 2.
2071 1003 2115 1031 82.
2556 976 2570 1025 l
2599 997 2604 1025 ἶ

1424 1030 1490 1060 Vale
1506 1031 1586 1062 bene.
1628 1032 1711 1077 Plaut.
1726 1034 1801 1077 Poen.
1817 1045 1840 1069 5.
1851 1038 1931 1078 ⁶:²¹·
1953 1034 2121 1079 Bene'vale..
2135 1045 2191 1064 ΑΕ.
2212 1035 2238 1066 ἀ
2251 1040 2281 1065 tu
2298 1034 2371 1065 bene
2382 1033 2450 1066 vale.
2487 1033 2533 1067 sie
2554 1036 2561 1070 l
2601 1050 2604 1067 ι

1424 1070 1753 1141 v‘3.¹1¹{’.{⁰i{³.?.{¹‚¹‘³1v?.¹1⁰r.¹.¹.¹
1763 1071 1869 1139 fip‘iZu?
1870 1072 1952 1139 4313?
1955 1072 1995 1140 ¹¹1¹?
1998 1082 2024 1139 ¹2⁸.
2032 1072 2180 1145 ¹?..¹.⁰⁶i}⁸e'ne
2195 1108 2284 1140 sanus.
2321 1110 2380 1140 eie.
2394 1119 2418 1140 1.
2430 1109 2464 1139 de
2473 1109 2530 1142 a...
2556 1076 2583 1150 ξ
2603 1108 2604 1120 ³

1443 1144 1519 1174 Bene
1529 1145 1630 1174 valens.
1655 1146 1712 1176 Cic.
1733 1157 1774 1183 ις.
1790 1148 1841 1176 Att.
1858 1157 1879 1176 1.
1903 1148 1987 1177 Ovid.
2005 1158 2028 1183 3.
2049 1148 2129 1177 Trist.
2144 1154 2168 1183 8.
2183 1157 2226 1184 33.
2560 1147 2565 1160 ⁴

1505 1183 1564 1212 Nec
1576 1183 1674 1213 melius
1687 1182 1764 1213 valeo
1776 1207 1784 1219 ‚
1806 1195 1888 1222 quam
1901 1195 2034 1224 corpore,
2056 1193 2158 1215 mente.
2482 1211 2485 1215 ,
2516 1179 2524 1190 ”
2558 1156 2564 1214 ,Β
2603 1213 2604 1216 ,

1422 1219 1519 1249 Valere
1534 1222 1648 1265 optime.
1665 1260 1670 1265 ·
1689 1222 1745 1251 Cic.
1759 1232 1785 1251 2.
1802 1223 1837 1266 de
1847 1223 1904 1252 Fin.
1918 1233 1961 1258 43.
1988 1224 2022 1253 Ut
2032 1225 2102 1253 inter
2112 1223 2218 1262 optime
2226 1222 2315 1254 valere
2326 1244 2334 1259 ‚
2348 1221 2535 1260 &gravissime
2555 1217 2565 1272 ᾗ
2602 1225 2604 1231 ’

1442 1265 1571 1294 aegrotare
1583 1281 1590 1293 ‚
1613 1259 1682 1288 nihil
1693 1259 1800 1297 prorsus
1809 1260 2079 1291 dicerentinteresse.
2560 1266 2582 1309 η’
2603 1266 2604 1269 ’

1421 1295 1499 1325 Velle
1510 1296 1581 1325 bene
1592 1296 1673 1326 alicui
1686 1307 1720 1326 ex
1730 1299 1833 1328 animo.
1854 1298 1918 1328 Ter.
1930 1300 2027 1329 Heaut.
2042 1310 2064 1334 ς.
2076 1308 2102 1328 2.
2114 1303 2139 1329 6.
2560 1286 2562 1317 l
2594 1298 2595 1301 ¹

1421 1333 1548 1363 Vendere
1559 1334 1638 1364 bene.
1663 1335 1746 1364 Plaut.
1764 1336 1843 1366 Cure.
1855 1348 1880 1372 4.
1892 1346 1917 1367 2.
1932 1346 1975 1373 34.
1998 1337 2079 1367 Cons.
2107 1337 2205 1366 Emere
2217 1335 2309 1374 supra.

1420 1370 1522 1416 Venire
1534 1373 1603 1401 bene
1611 1372 1693 1402 velim
1705 1374 1779 1411 quod
1791 1374 1859 1403 illud
1871 1375 1977 1404 feceris.
2018 1376 2075 1404 Cic.
2096 1386 2118 1411 ς.
2140 1375 2214 1404 Fam.
2227 1378 2252 1404 6.
2286 1374 2344 1411 Ego
2361 1379 2409 1403 tua
2423 1373 2531 1411 gratuh·
2555 1363 2575 1401 -ΒΡ

1438 1416 1516 1439 tione
1531 1419 1689 1440 commotus
1701 1433 1708 1446 ‚
1730 1413 1805 1448 quod
1815 1412 1849 1441 ad
1859 1422 1901 1441 me
1913 1413 2022 1450 pridem
2036 1411 2177 1451 scripseras
2187 1435 2195 1448 ,
2215 1411 2287 1441 velle
2298 1418 2326 1441 te
2341 1412 2412 1441 bene
2422 1412 2531 1449 venire,
2568 1418 2584 1436 ἰ’

1438 1448 1514 1484 quod
1524 1446 1658 1492 deCrasso
1670 1449 1787 1478 domum
1800 1450 1940 1480 emissem:
1964 1452 2019 1480 emi
2035 1451 2119 1488 ipsam
2138 1451 2262 1480 domum.
2282 1449 2299 1479 i.
2318 1460 2341 1479 e.
2366 1449 2408 1479 Te
2420 1456 2530 1488 optare,
2562 1448 2584 1483 ’Ἃ

1434 1493 1469 1533 ἰιι
1478 1496 1521 1515 res
1532 1486 1600 1515 mihi
1609 1486 1737 1530 prospere
1745 1487 1910 1517 succederet.
1953 1489 2052 1518 Verum
2063 1490 2162 1518 reciius
2178 1488 2278 1525 iegitur
2291 1488 2413 1517 Evenire.
2568 1482 2582 1506 Γ

1419 1522 1491 1553 *vero
1508 1524 1597 1567 bene,
1618 1524 1676 1554 Cic.
1692 1534 1716 1554 2.
1731 1526 1765 1554 de
1776 1525 1868 1563 Legib.
1880 1531 1924 1560 28.
1953 1527 2027 1556 Bene
2038 1536 2120 1562 vero,
2142 1527 2218 1563 quod
2229 1526 2330 1562 Mens,
2351 1525 2456 1561 Pietas,
2476 1524 2531 1556 Vir.

1438 1567 1482 1590 tus
1493 1584 1499 1596 ‚
1520 1561 1602 1592 Fides
1613 1562 1785 1592 consecratur
1799 1573 1891 1593 manu.

1418 1598 1489 1628 Vero
1499 1601 1613 1644 optime.
1654 1600 1712 1630 Cic.
1729 1611 1750 1630 1.
1765 1601 1800 1631 de
1809 1601 1899 1632 Divin.
1914 1607 1939 1637 8.
1963 1601 2079 1640 Optime
2096 1611 2178 1638 vero,
2199 1601 2331 1639 inquam,
2352 1601 2456 1632 etenim
2472 1600 2529 1639 ipse
2557 1618 2559 1624 v
2584 1612 2587 1618 ’

1439 1637 1520 1666 Cotta
1532 1638 1568 1666 sic
1579 1638 1700 1676 disputat
1711 1661 1718 1675 ‚
1741 1640 1792 1668 &c.
2564 1638 2565 1642 ¹

1418 1674 1513 1705 Vertat
1523 1675 1603 1705 bene.
1627 1677 1696 1713 Virg.
1707 1687 1732 1712 9.
1747 1677 1801 1706 Ecl.
1812 1680 1838 1707 6.

1440 1751 1446 1757 ι
1498 1713 1608 1756 ῌοεὶΠί
1621 1715 1730 1758 ’equod
1746 1725 1798 1744 nec
1815 1714 1887 1745 bene
1899 1715 2007 1752 vertat)
2027 1715 2163 1744 mittimus
2174 1714 2284 1745 hoedos.
2326 1715 2344 1745 i.
2365 1724 2390 1744 e.
2411 1714 2530 1752 Quaeres
2559 1728 2587 1743 ι.

1438 1761 1468 1779 1n
1479 1761 1537 1786 eius
1550 1762 1701 1789 perniciem
1713 1760 1843 1788 vertatur,
1865 1754 1919 1783 hoc
1929 1754 1966 1783 est
1977 1776 1985 1789 ‚
2003 1761 2032 1783 ut
2043 1753 2116 1783 malo
2127 1753 2220 1782 omine
2231 1753 2285 1782 hoc
2294 1761 2394 1782 munus
2403 1752 2527 1790 accipiat.
2571 1746 2575 1770 ἶ

1438 1789 1569 1833 'fractum
1582 1796 1675 1833 autem
1685 1791 1737 1820 hoc
1747 1791 1784 1820 est
1796 1791 1951 1821 abHecTOre
1963 1792 2155 1824 &iliaceNam
2168 1791 2344 1827 Hectorajaci
2359 1790 2479 1827 gladium
2486 1790 2531 1821 de·

1438 1826 1489 1862 dit,
1499 1837 1554 1871 quo
1563 1827 1588 1856 se
1600 1829 1663 1864 iiJax
1674 1829 1767 1865 postea
1777 1829 1925 1859 interemit.
1949 1829 2051 1859 Hector
2061 1839 2126 1858 vero
2139 1828 2262 1858 balteum
2271 1830 2380 1866 accepit
2388 1828 2422 1858 ab
2431 1829 2510 1864 Ajace
2518 1849 2528 1864 ,

1437 1875 1491 1901 quo
1502 1876 1574 1909 circa
1590 1875 1682 1896 muros
1696 1867 1799 1904 patrios
1809 1868 1910 1896 tractus
1923 1867 1959 1897 est
1968 1868 2067 1904 postea.
2084 1867 2152 1896 lnde
2162 1868 2185 1896 ἃ
2198 1866 2267 1895 illud
2281 1866 2420 1895 comicum
2436 1874 2530 1896 natum

1435 1903 1474 1932 est
1482 1925 1490 1936 ,
1514 1903 1558 1944 Qu
1568 1904 1638 1947 bene
1649 1911 1758 1948 vortant
1768 1905 1843 1942 quod
1853 1915 1924 1941 agas.
1964 1904 2126 1942 Plerumque
2136 1905 2212 1934 enim
2222 1904 2330 1934 bonain
2340 1905 2420 1942 pejus
2432 1913 2438 1933 2
2459 1903 2528 1934 mala
2566 1903 2569 1939 ,

1436 1947 1620 1984 mutanturqin
1634 1942 1740 1971 melius.
1782 1942 1849 1972 Haec
1861 1943 1977 1973 Servius.
2016 1943 2076 1972 Liv.
2090 1953 2132 1980 34.
2144 1952 2187 1979 34.
2200 1952 2241 1980 pr.
2268 1942 2342 1971 Bene
2362 1948 2469 1977 vertat,
2489 1943 2530 1978 in-

1436 1987 1497 2016 quit
1512 2002 1520 2013 ,
1537 1979 1711 2023 obsideamus
1724 1979 1960 2010 Lacedaemonem.
2567 1977 2579 2014 ⁹.

1415 2016 1531 2046 Vertant
1542 2017 1670 2047 diibene.
1710 2017 1774 2047 Ter.
1788 2018 1855 2047 Eun.
1870 2028 1894 2047 2.
1911 2028 1934 2055 3.
1946 2027 1990 2056 97.
2009 2019 2159 2054 Nunquam
2167 2017 2308 2055 defugiam
2319 2017 2527 2047 auctoritatem:
2568 2028 2569 2033 ¹

1435 2054 1565 2122 gequergl:
1589 2065 1651 2122 eiiA
1665 2056 1705 2122 dii
1715 2062 1822 2085 vertant
1833 2056 1911 2086 bene.
1934 2057 1960 2086 h.
1973 2066 1996 2086 e.
2016 2056 2115 2086 Faxint
2126 2056 2165 2085 dii
2177 2078 2185 2092 ,
2204 2062 2235 2085 ut
2243 2056 2337 2085 omnia
2348 2055 2475 2094 prospere
2485 2064 2529 2084 cea

1457 2101 1512 2122 ant.
1565 2100 1618 2122 aut.
1654 2104 1670 2123 u
1685 2117 1690 2122 .
1703 2105 1729 2130 4.
1748 2104 1788 2123 ιο.
1800 2098 1842 2129 ς8.

1415 2129 1526 2160 Vertere
1537 2131 1609 2160 bene
1620 2132 1781 2169 comoedias.
1804 2132 1868 2161 Ter.
1881 2132 1910 2161 in
1921 2131 1990 2170 prol.
2004 2132 2074 2162 Eun.
2096 2142 2120 2161 v.
2133 2140 2159 2168 7.
2573 2138 2586 2163 ,Γ

1413 2166 1516 2198 Vestite
1525 2168 1595 2198 bene
1607 2191 1614 2203 ‚
1637 2171 1662 2199 ἃ
1674 2170 1746 2199 bene
1758 2168 1866 2208 pascere
1876 2192 1884 2204 ‚
1907 2180 1922 2199 a
1935 2170 2041 2199 Catone
2060 2170 2166 2199 dietum
2177 2168 2230 2204 est,
2253 2168 2328 2207 apud
2346 2168 2405 2198 Cic.
2424 2168 2458 2197 de
2469 2167 2524 2198 Off.
2573 2175 2591 2206 ¹.

1432 2206 1450 2236 l.
1465 2217 1490 2236 2.
1505 2214 1573 2236 extr.
1595 2217 1646 2245 pro
1666 2208 1795 2245 Magnam
1809 2207 1909 2237 habere
1925 2207 2063 2237 servorum
2080 2208 2210 2236 familiam
2221 2230 2229 2242 ,
2253 2209 2278 2236 &
2291 2216 2405 2243 magnos
2417 2215 2526 2247 greges,
2568 2215 2583 2241 ζ,

1432 2246 1459 2274 &
1471 2251 1604 2288 armenta.
1626 2255 1714 2283 prope
1725 2246 1834 2283 poetice
1846 2255 1852 2274 :
1876 2252 1906 2274 ut
1918 2247 1943 2276 ἃ
1956 2245 2026 2275 illud
2038 2245 2153 2275 Sallustii
2173 2245 2229 2274 fere
2242 2245 2366 2281 ejusdem
2381 2245 2487 2281 generis
2500 2244 2526 2273 ἀ
2574 2255 2583 2266 w

1431 2288 1525 2325 notae,
1547 2283 1626 2312 Catil.
1643 2293 1666 2313 c.
1678 2293 1703 2313 2.
1734 2284 1804 2320 Quae
1817 2284 1945 2313 homines
1965 2290 2058 2318 arant,
2080 2285 2225 2320 navigant,
2256 2282 2412 2316 aedificant,
2432 2280 2524 2310 virtuti
2569 2310 2571 2316 .

1432 2329 1533 2364 oinnia-
1548 2327 1653 2364 parent.
1691 2321 1722 2351 Id
1742 2320 1831 2357 valet3
1855 2322 1952 2358 Agros„
1975 2322 2078 2356 maria,
2100 2321 2181 2350 urbes
2203 2321 2297 2350 virtuti
2318 2329 2432 2358 parere,
2455 2319 2526 2349 &in
2568 2324 2581 2339 ¹¹

1433 2368 1493 2394 ejus
1507 2359 1613 2402 ditione
1622 2358 1683 2402 esse.
1724 2359 1794 2395 Quae
1805 2360 1918 2388 dicendi
1929 2359 2013 2397 figura
2025 2382 2032 2393 ‚
2052 2369 2105 2388 nec
2116 2359 2197 2388 obvia
2210 2359 2247 2388 est
2259 2381 2267 2393 ,
2290 2359 2315 2388 ἃ
2330 2358 2453 2386 novitate
2468 2366 2530 2394 qua·
2570 2363 2582 2392 s

1433 2396 1498 2425 dam
1509 2406 1566 2440 non
1577 2407 1660 2426 nimis
1671 2397 1796 2426 accersita
1811 2406 1862 2426 nec
1874 2398 1956 2426 nimis
1967 2395 2094 2426 affectata
2105 2419 2111 2430 ‚
2133 2396 2178 2425 etsi
2197 2396 2294 2426 audaci
2306 2418 2314 2431 ‚
2334 2395 2464 2424 lestorem
2478 2394 2527 2423 de-
2570 2392 2585 2435 ξ

1433 2434 1729 2472 ΙΕςῖᾱῑιηῑεΗῑςεηῑειη
1742 2436 1766 2464 &
1784 2435 1879 2464 studiis
1898 2435 2075 2464 humanitatis
2094 2435 2241 2464 imbutum.
2281 2434 2403 2463 Turneb.
2426 2433 2527 2462 adv-6.
2569 2424 2572 2436 ³

1432 2481 1500 2538 20.V
1519 2473 1573 2503 Sed
1587 2471 1658 2501 illud
1678 2472 1753 2502 Bene
1770 2473 1883 2507 vestire,
1907 2472 1951 2502 vel
1968 2474 2057 2509 vitire,
2076 2472 2199 2511 spurium
2217 2471 2271 2502 effe
2294 2470 2442 2502 contendit
2452 2470 2547 2501 Grutr

1414 2547 1513 2592 Vivere
1525 2547 1598 2577 bene
1609 2570 1617 2584 ‚
1638 2554 1719 2585 atque
1734 2548 1880 2578 fortunate.
1902 2547 1987 2578 Plaut.
2001 2547 2062 2578 Mil.
2077 2557 2101 2585 3.
2115 2558 2138 2578 1.
2152 2557 2214 2578 111.

1414 2584 1523 2615 Vivitur
1533 2586 1614 2615 bene.
1637 2587 1703 2616 Hor.
1722 2596 1748 2615 2.
1770 2586 1859 2616 Carm.
1875 2589 1916 2616 16.
1934 2596 1957 2616 1.
1970 2595 1995 2622 3.

1499 2623 1607 2653 Vivitur
1619 2634 1704 2662 parvo
1715 2624 1794 2653 bene.

1413 2660 1511 2691 Vivere
1522 2662 1632 2691 melius.
1655 2661 1722 2691 Hor.
1738 2672 1758 2691 ι.
1773 2663 1858 2692 Serm.
1872 2673 1897 2697 4.
1913 2670 1941 2697 13
1952 2670 1974 2695 ς.

1414 2699 1490 2729 Vixis
1501 2700 1580 2729 bene.
1607 2700 1634 2729 V.
1657 2699 1754 2737 Scalig.
1771 2700 1804 2729 ad
1816 2699 1902 2729 Culic.
1919 2700 1990 2736 Virg-

1376 2737 1472 2766 BssNp,
1482 2742 1567 2767 0100
1578 2758 1586 2773 ‚
1617 2735 1754 2773 [evaoyiffi
1776 2738 1903 2773 ὲυφημὲω]
1926 2739 1981 2766 ere.
2009 2735 2140 2774 Prospera
2157 2735 2262 2774 precari
2273 2756 2281 2771 ‚
2301 2734 2422 2764 laudare.
2442 2733 2540 2765 Plani.-

1417 2775 1485 2804 Asin.
1502 2785 1526 2809 3.
1541 2785 1564 2811 3.
1583 2785 1643 2811 155.
1667 2775 1847 2809 Benedicite,
1865 2774 2068 2808 iteintrocito7
2093 2774 2189 2803 valete.

1414 2811 1585 2842 Benedicere
1598 2835 1605 2847 ‚
1627 2813 1769 2842 interdum
1781 2813 1887 2842 divisim
1898 2813 1996 2850 legitur
2007 2834 2015 2847 ‚
2035 2812 2196 2850 interposita
2208 2820 2262 2840 una
2274 2816 2321 2840 aut
2337 2809 2420 2839 altera
2431 2809 2526 2839 difflo-

1434 2861 1487 2885 ne,
1510 2851 1653 2880 interdum
1668 2850 1800 2888 pluribus.
1835 2850 1919 2880 Plaut.
1938 2849 1999 2881 Mil.
2011 2862 2035 2886 4.
2050 2855 2075 2883 8.
2089 2859 2132 2886 31.
2153 2850 2229 2879 Bene
2240 2871 2248 2884 ‚
2269 2847 2374 2886 quaeso,
2396 2848 2466 2877 inter
2482 2855 2530 2877 vos

1433 2888 1537 2923 dicite,
1559 2889 1633 2917 &mi
1643 2888 1747 2917 absenti
1759 2895 1862 2917 tamen.

1413 2926 1586 2956 Benedicere
1601 2926 1685 2955 alicui
1697 2947 1704 2961 ‚
1726 2936 1776 2964 pro
1788 2926 1863 2955 Bene
1882 2925 1916 2954 de
1930 2925 2024 2962 aliquo
2036 2924 2122 2962 loqui.
2164 2923 2222 2954 Cic.
2236 2934 2287 2962 pro
2298 2923 2372 2952 Sext.
2387 2932 2447 2952 110.
2476 2920 2528 2952 Cui

1433 2964 1504 2994 bene
1526 2964 1597 2993 dixit
1618 2974 1740 3000 unquam
1760 2964 1856 2993 bono?
1879 2963 2051 2992 benedixit?
2079 2963 2183 2996 immo,
2215 2971 2296 2999 quem
2316 2961 2416 2990 fortem
2440 2961 2465 2991 δι
2482 2959 2530 2989 bo-

1431 3011 1499 3032 num
1510 3003 1665 3031 civemnon
1673 3001 1886 3038 petulantissime
1897 3001 2110 3030 estinseeiatus?
2132 3000 2215 3029 Ovid.
2235 3010 2259 3034 ς.
2276 2999 2357 3028 Trist.
2371 3009 2395 3033 9.
2406 3009 2431 3034 9.

1460 3050 1462 3052 ·
1493 3040 1555 3070 Nec
1565 3040 1617 3068 tibi
1628 3039 1739 3068 cessaret
1750 3040 1847 3068 doctus
1858 3039 1931 3068 bene
1942 3039 2033 3066 dicere
2043 3037 2137 3066 lector.
2214 3037 2282 3067 Hor.
2295 3047 2319 3066 2.
2332 3036 2412 3074 Epist.
2429 3045 2452 3065 1.
2466 3044 2530 3072 155.

1606 3091 1682 3097 -—-—
1693 3076 1799 3106 vertere
1809 3077 1934 3109 modum,
1947 3074 2097 3105 formidine
2107 3075 2182 3104 fustis

1495 3115 1536 3144 Ad
1548 3114 1772 3144 benedicendum
1784 3114 2037 3150 delectandumque
2048 3113 2163 3142 rediisti.
2245 3110 2364 3148 Quintil.
2378 3110 2456 3141 Decl.
2467 3119 2478 3146 3
2502 3111 2528 3139 6.

1432 3152 1470 3182 Ut
1492 3153 1551 3195 hoc·
1566 3152 1640 3181 fratri
1668 3152 1886 3181 benediceretur.
1929 3151 1999 3180 Geli.
2010 3154 2034 3180 6.
2051 3161 2092 3180 ιι.
2129 3150 2199 3179 Eum
2222 3149 2440 3185 indignissimum
2463 3157 2489 3177 ai·
2509 3147 2530 3176 i-
2576 3147 2581 3178 l

1432 3198 1490 3220 tror
1507 3199 1552 3219 cui
1567 3199 1583 3218 a
1601 3191 1664 3219 viris
1682 3190 1761 3218 bonis
1780 3190 1851 3220 bene
1874 3189 1996 3223 dicatur,
2028 3195 2088 3217 tum
2107 3198 2143 3217 ne
2162 3188 2296 3216 idoneum
2314 3187 2427 3224 quidem
2448 3185 2493 3215 cui
2512 3193 2529 3214 a

1434 3228 1527 3266 probis
1539 3227 1609 3256 male
1620 3228 1736 3257 dicatur.

1413 3265 1594 3296 Ecclesiastici
1614 3267 1742 3294 Austores
1770 3274 1835 3293 cum
1860 3263 1947 3295 aecus.
1968 3264 2097 3301 jungunt.
2125 3261 2243 3292 Tertull.
2268 3261 2304 3291 de
2322 3261 2398 3290 Orat.
2423 3270 2483 3298 cap.
2502 3268 2529 3298 3·¹

1432 3303 1515 3333 Plane
1534 3303 1662 3332 benedici
1680 3303 1769 3331 Deum
1786 3302 1863 3330 omni
1881 3302 1944 3330 loco
1964 3311 1995 3330 ac
2015 3309 2141 3338 tempore
2162 3300 2309 3329 condecet.
2341 3298 2419 3336 Apul.
2441 3299 2475 3327 ad
2488 3296 2530 3326 As-

1433 3341 1506 3378 ciep.
1531 3350 1558 3377 p.
1578 3350 1638 3370 101.
1669 3340 1873 3369 Benedicentes
1897 3339 1989 3368 Deum
2009 3345 2182 3376 orantesque.
2211 3337 2285 3367 conf.
2307 3336 2427 3366 Lae‘tant.
2441 3345 2466 3373 7.
2486 3344 2527 3371 14.

1437 3388 1480 3409 ir.
1520 3379 1564 3408 Sic

1432 3464 1489 3484 ver.
1505 3463 1529 3482 2.
1546 3463 1570 3483 2.
1586 3463 1627 3490 ¹7·
1651 3455 1676 3483 ἃ
1690 3452 1759 3483 Vici.
1773 3452 1842 3482 Utic.
1858 3450 1892 3480 de
1907 3450 1973 3480 Pers.
1994 3451 2081 3481 Vand.
2095 3461 2119 3481 2.
2152 3450 2225 3481 conf.
2247 3449 2360 3479 Casaub.
2373 3449 2467 3478 Exere.
2486 3448 2525 3476 16.

1433 3499 1530 3522 contra
1543 3491 1639 3520 Baton.
1651 3491 1753 3520 Tlieor.
1767 3499 1809 3526 33.
2583 3515 2585 3524 y

1412 3529 1488 3560 Bene
1499 3529 1609 3563 dicere,
1634 3528 1759 3566 apposite
1773 3527 1857 3564 loqui.
1896 3525 1961 3555 Ter.
1975 3525 2043 3555 Eun.
2056 3534 2079 3560 3.
2101 3536 2122 3555 1.
2137 3529 2182 3554 60.
2214 3525 2289 3554 Bene
2308 3524 2377 3553 dixti
2390 3546 2398 3557 ,
2419 3528 2447 3553 at
2461 3519 2527 3552 mihi
2584 3527 2585 3546 l
2602 3517 2604 3526 '

1433 3567 1500 3596 istuc
1513 3577 1571 3595 non
1588 3568 1616 3595 in
1629 3573 1753 3595 mentem
1765 3571 1883 3594 venerat.
1927 3563 2005 3599 [Sed
2019 3564 2062 3592 hic
2073 3563 2159 3592 divise
2174 3562 2332 3600 legendum.
2372 3561 2417 3590 Sic
2580 3557 2582 3588 l

1412 3603 1488 3634 Bene
1499 3605 1609 3638 dicere,
1631 3614 1683 3641 pro
1696 3604 1868 3640 Eloquenter.
1890 3600 1995 3631 Sallust.
2015 3601 2172 3630 sscll.Catil.
2193 3610 2252 3637 cap.
2266 3609 2290 3635 3.
2333 3598 2476 3628 Pulchrum
2489 3595 2529 3626 est
2584 3589 2604 3622 ’ἶ

1433 3642 1613 3671 benefacere
1625 3642 1691 3679 reip.
1706 3642 1787 3670 etiam
1799 3640 1870 3669 bene
1882 3639 1974 3667 dicere
1988 3639 2062 3668 hand
2073 3639 2218 3668 absurdum
2229 3637 2276 3667 est.
2316 3637 2372 3673 Qui
2382 3635 2458 3665 locus
2470 3642 2528 3672 per·
2580 3661 2581 3673 ¹
2601 3655 2604 3657 -

1433 3689 1528 3717 peram
1537 3680 1572 3708 ad
1579 3679 1719 3717 superiora
1735 3677 1863 3715 exempla
1874 3676 2056 3712 rejiciebatur.
2580 3678 2582 3690 ³
2596 3674 2601 3698 ί

1375 3718 1396 3748 Β
1405 3728 1419 3747 ιι
1429 3727 1447 3745 Ν
1458 3728 1471 3746 a
1483 3728 1499 3745 ι)
1511 3728 1516 3744 ι
1528 3727 1545 3746 c
1554 3727 1572 3745 *r
1582 3727 1600 3746 υ
1610 3728 1629 3745 Μ
1642 3739 1649 3751 ,
1671 3717 1688 3746 i.
1708 3727 1734 3746 n.
1758 3717 1921 3751 [ὲυλόγημρι.
1944 3715 2075 3749 iwaniec]
2099 3713 2164 3743 Ter.
2176 3712 2246 3748 prol.
2258 3712 2366 3741 Phorm.
2379 3720 2422 3740 21.
2444 3710 2528 3740 Bene·
2580 3723 2583 3744 3

1412 3756 1493 3822 (ἕιίρὶῐε
1505 3755 1522 3783 si
1533 3754 1657 3784 certasset
1669 3776 1676 3789 ‚
1698 3753 1812 3783 audiiset
1826 3753 1906 3782 bene.
1929 3751 1960 3780 V.
1984 3761 2001 3780 c
2011 3761 2047 3780 aa
2056 3761 2075 3780 r
2086 3760 2112 3781 o.
2143 3750 2218 3779 conf.
2230 3749 2315 3779 Plaut.
2330 3748 2396 3778 Pers.
2407 3759 2433 3784 4.
2447 3757 2470 3785 3.
2481 3755 2525 3781 24·
2598 3749 2602 3758 ²

1452 3793 1531 3821 Curc.
1547 3804 1572 3827 4.
1586 3802 1610 3821 2.
1626 3798 1669 3825 28-

1415 3830 1507 3859 Mater
1527 3829 1737 3858 benedictorum
1756 3829 1781 3858 δι
1800 3826 2007 3859 benefactorum
2019 3848 2026 3859 ,
2049 3825 2232 3863 Philosophia.
2271 3824 2328 3854 Cic.
2342 3823 2369 3852 in
2382 3823 2524 3858 Brutum

1432 3867 1524 3895 Nemo
1533 3868 1577 3903 qui
1591 3866 1793 3903 philosophiam
1806 3863 1970 3901 complexus
1980 3863 2046 3893 esset
2056 3870 2170 3892 matrem
2181 3862 2306 3892 omnium
2314 3861 2526 3894 benefac'mrum,

1435 3903 1561 3942 beneque
1572 3905 1712 3934 diciorum
1721 3925 1729 3940 ,
1750 3906 1802 3934 διο.
1845 3900 1918 3939 [ubi
1929 3908 2023 3933 tamen
2032 3903 2106 3931 recte
2115 3900 2248 3931 dividitur
2262 3900 2291 3929 in
2304 3906 2418 3936 utraque
2421 3905 2507 3966 Bvoce.

2451 3944 2464 3964 ιι
2471 3942 2493 3964 N
2502 3942 2528 3962 ιι-
