2604 4222
149 187 221 231 416
612 178 640 211 C
730 176 759 210 A
851 170 884 206 N

197 265 348 303 Augurium
361 262 510 293 canarium.
551 258 619 288 Plin.
633 256 681 287 lib.
697 262 737 289 ig.
755 265 814 291 cap.
828 262 852 289 3.
877 250 998 288 Augurio
1008 246 1119 277 canai-io
1132 242 1241 287 agendo
1255 242 1314 271 dies

219 304 398 334 constituatur
409 323 417 334 ,
438 297 593 337 priusquam
605 296 741 325 frumenta
755 292 866 329 vaginas
882 294 998 322 exeant,
1019 288 1045 316 ἃ
1063 292 1212 320 antequam
1227 291 1258 310 in
1270 290 1316 309 va-

221 343 298 379 ginas
309 339 479 377 perveniant.

203 380 296 417 Lappa
306 377 422 406 canaria.
446 374 513 403 plin.
527 381 572 407 24.
591 381 634 405 19.

166 419 371 449 CANAriiA,
393 412 500 443 Herba.
521 411 546 439 St
564 407 670 441 Insula,
692 405 880 434 CANAari.
902 400 934 429 V.
956 399 1034 442 supra
1051 397 1069 426 s.
1085 396 1103 425 l.
1234 432 1240 438 .

168 456 190 485 C
200 465 246 484 AN
257 465 273 482 A
283 463 302 482 'r
313 464 320 480 i
331 463 351 480 Μ
364 473 372 485 ,
398 445 535 486 [mumulini]
563 446 631 475 Adv.
656 442 814 473 obsoletum
835 438 910 477 apud
929 438 1075 473 Nigidium
1097 437 1316 472 grammaticum.

207 493 246 522 Ex
260 491 352 520 Nonio
370 499 392 517 1.
412 497 471 520 190.
920 513 925 519 ²
987 512 992 518 .
1068 511 1073 516 .
1191 508 1196 513 ι

170 531 192 561 C
203 542 219 559 A
231 540 249 558 Ν
262 541 270 557 r
283 538 299 557 c
309 538 321 556 n
332 538 343 555 1³
352 537 363 555 s
374 548 381 561 ‚
401 525 457 553 itis.
474 532 510 551 m.
533 517 755 557 [xvioxr'z’amass
777 516 870 544 Genus
881 512 1008 543 animalis
1021 511 1121 540 faeiem
1135 516 1265 551 caninam
1273 505 1322 534 ha-

209 568 286 596 beris.
326 564 394 593 Plin.
412 562 460 590 lib.
474 569 499 597 7.
515 568 575 596 cap.
588 568 612 586 τι.
636 555 718 585 tradit
731 555 759 583 in
772 553 833 582 Aiiae
848 551 991 581 montibus
1009 557 1097 586 genus
1108 547 1255 576 hominum
1268 542 1321 572 effe

209 604 310 634 cimino
322 601 411 637 capite
423 621 430 633 ‚
452 607 502 635 pro
521 606 590 624 voce
604 595 731 623 latratum
751 591 916 626 edentium,
937 598 1006 626 quos
1028 592 1110 617 vocat
1133 588 1298 615 κυνοκεφαλες
1313 602 1322 616 ,

210 652 260 671 nos
270 641 353 669 etiam
367 635 534 672 Cainicip‘ites
548 641 645 662 vocare
656 630 806 668 possumus.
1219 631 1230 635 ·

173 680 196 710 C
206 690 225 709 A
236 689 255 708 N
265 689 272 707 1
281 689 293 706 r
302 688 318 706 o
329 687 343 704 R
352 687 371 704 Μ
382 684 411 703 is
421 696 428 707 ‚
448 683 473 701 e.
499 671 627 700 Prudent.
647 667 748 706 Apotli.
763 677 788 697 v.
803 676 864 702 195-

364 728 400 732 —-
411 720 470 747 quae
482 708 662 738 caniformem

266 752 477 784 Latrantemque
486 747 587 775 throno
600 745 664 774 coeli
676 746 816 781 proponat
827 739 952 769 Anubem
961 740 975 767 Ῡ

174 792 198 822 C
209 801 226 819 A
238 800 255 819 Ν
269 799 324 818 isT
335 798 351 817 R
362 797 378 816 u
390 797 427 821 Μ,
449 786 467 814 i.
492 794 520 813 n.
550 781 710 820 [κρίνειε-ρον]
731 777 843 810 Fiscella
854 801 861 815 ‚
891 777 956 808 cista
973 776 1105 806 viminea.
1146 772 1179 802 V.
1213 780 1258 800 CA
1269 779 1289 799 N
1299 778 1326 802 A.

211 828 282 864 Virg.
299 837 321 855 1.
336 826 397 855 AEn.
408 832 472 859 705.
974 852 979 857 .
1129 850 1134 855 ι

395 877 432 881 ——
442 861 625 895 Cereremque
648 856 770 886 canistris
872 852 1043 889 Expeditior.
1104 849 1162 879 Cic.
1185 851 1210 876 6.
1232 847 1284 875 Att.
1302 854 1325 874 1.

214 900 352 931 Lancibus
362 902 386 929 c&
398 896 622 936 splendidillimis
632 894 755 924 canistris
764 915 772 928 ,
793 901 850 921 non
863 890 992 920 olusculis
1004 898 1055 918 nos
1069 887 1140 917 soles
1152 885 1271 924 pascere.

216 940 353 969 Coronata
367 934 482 966 canistra
493 956 501 970 ,
523 934 606 963 Ovid.
622 942 647 962 2.
666 933 733 962 Met.
745 939 807 968 713.

272 977 338 1005 Pura
352 973 490 1004 coronatis
503 971 650 1010 portabant
662 970 734 999 sacra
745 967 875 998 canistris.

216 1013 361 1043 Cumulata
371 1013 438 1040 flore
448 1010 572 1040 canistra.
594 1008 679 1038 Ovid.
692 1019 717 1042 4.
730 1006 797 1036 Fast.
811 1014 873 1040 451.
913 1040 920 1046 .

272 1053 305 1080 At
318 1051 419 1078 chorus
428 1047 554 1084 aequalis,
575 1046 722 1076 cumulatis
733 1045 801 1074 flore
814 1041 945 1072 canistris.

217 1087 292 1118 Lata.
314 1087 397 1117 Ovid.
410 1096 435 1115 2.
448 1086 512 1115 Fast.
525 1088 587 1120 650.

218 1126 322 1156 Patula.
343 1125 426 1154 Ovid.
440 1130 456 1157 8
482 1123 547 1152 [liet.
564 1125 627 1158 676.

220 1163 309 1193 Plenis
322 1162 441 1191 canistris
452 1169 594 1198 apponere
609 1156 718 1196 pabula.
740 1155 812 1193 Virg.
825 1166 851 1190 4.
870 1154 969 1191 Georg.
985 1158 1050 1187 28⁰·
1293 1182 1299 1189 ‘

182 1202 395 1234 CANisrsa,
413 1199 456 1228 tri.
479 1209 515 1228 m.
534 1198 622 1227 ldem.
643 1196 688 1225 Sic
705 1194 822 1231 Salignis
834 1193 965 1223 canistros
986 1190 1045 1220 fieri
1065 1187 1168 1218 debere
1186 1183 1332 1224 virgultis,

220 1239 346 1277 praecipit
362 1237 501 1267 Palladius
515 1235 606 1264 mense
619 1233 754 1271 Novemb.
771 1241 831 1267 cap.
848 1241 888 1266 17.
911 1230 947 1259 de
960 1229 1034 1259 Oleo
1048 1225 1186 1256 faciendo.
1290 1260 1295 1265 ⁶

183 1276 263 1307 CAN
272 1287 281 1305 i
290 1286 302 1305 s
312 1286 332 1304 ’r
342 1286 380 1305 EL
390 1286 405 1304 L
414 1284 432 1304 υ
442 1286 463 1303 Μ
477 1296 485 1307 ,
506 1275 524 1302 i.
540 1283 567 1302 n.
590 1272 687 1301 dimin.
700 1271 729 1299 in
740 1269 823 1299 Glols.
836 1267 941 1306 Cyrilli.
982 1267 1016 1296 Et
1027 1263 1185 1303 Symmach.
1198 1270 1225 1291 2.
1245 1259 1329 1297 Epist.

220 1320 265 1349 81·
286 1314 397 1343 Amicos
407 1311 554 1342 canistellis
564 1309 700 1347 argenteis
714 1307 857 1336 honoravi.
879 1305 953 1334 adde
964 1313 990 1341 7.
1008 1303 1092 1340 Epist.
1113 1305 1158 1337 76.

183 1352 205 1382 C
214 1362 233 1381 A
244 1361 301 1381 Nis
312 1361 356 1380 Ta
366 1361 386 1380 A
397 1360 416 1379 T
426 1360 444 1379 υ
454 1359 481 1385 s,
502 1359 517 1378 a
527 1371 535 1384 ,
554 1358 610 1377 um.
633 1354 663 1377 ut
675 1368 682 1381 ,
705 1344 803 1375 Puellae
817 1344 975 1373 canistratae.
994 1342 1172 1371 Mantuanus.

183 1389 393 1421 Casinas.
413 1388 628 1417 CAN1Tuoo.
670 1384 701 1413 In
728 1391 864 1412 CANUS.

182 1427 204 1457 C
214 1437 234 1456 A
243 1437 281 1456 Ni
292 1436 331 1456 us
343 1448 352 1461 ,
372 1426 455 1456 Nom.
472 1430 546 1462 gent.
561 1423 611 1452 Ro.
626 1422 729 1452 Canius
739 1420 826 1450 Rufus
838 1419 920 1448 Poeta
931 1417 984 1447 fuit
998 1415 1133 1446 Martialis
1148 1410 1290 1454 popularis
1306 1409 1332 1438 &

218 1464 360 1494 familiaris
373 1486 380 1498 ,
402 1463 449 1501 qui
462 1469 558 1491 natura
573 1468 631 1490 erat
648 1461 685 1489 ita
696 1458 790 1488 hilaris
810 1464 842 1487 ut
860 1456 968 1493 semper
982 1455 1103 1488 rideret,
1125 1452 1160 1480 de
1179 1460 1233 1487 quo
1254 1447 1331 1477 idem

218 1502 340 1533 Martial.
356 1501 404 1530 lib.
422 1512 443 1530 i.
458 1509 501 1536 37.
551 1498 626 1528 Alius
642 1497 672 1527 C.
687 1496 788 1526 Canius
806 1495 895 1532 Eques
908 1495 1067 1526 Romanus,
1087 1501 1103 1519 a
1122 1489 1218 1529 Pythio
1239 1493 1334 1522 argen-

217 1538 425 1578 tarioSyracufis
433 1539 460 1567 in
471 1538 613 1567 hortorum
620 1535 763 1572 emptione
773 1532 874 1563 callide
882 1530 1065 1569 deceptiiS,de
1076 1528 1206 1566 quoCic.3
1214 1524 1280 1555 ,Offi
1288 1528 1332 1558 58·

180 1577 260 1608 CAN
270 1587 291 1607 N
301 1588 320 1606 A
331 1599 339 1613 ,
361 1587 390 1607 ae.
413 1576 432 1605 f.
454 1574 551 1612 [κρίνεα
564 1596 572 1609 ,
594 1568 687 1607 δίναξ]
708 1572 739 1601 V.
763 1581 780 1600 c
791 1579 833 1599 Ai.
843 1580 863 1599 A
874 1582 894 1599 M
906 1581 924 1599 u
933 1579 954 1599 s.
995 1566 1132 1598 Columel.
1144 1564 1191 1593 lib.
1200 1574 1225 1600 7.
1239 1571 1331 1604 capo.

218 1617 346 1652 Namque
357 1616 383 1644 &
394 1615 422 1643 id
432 1613 525 1643 fecisse
536 1611 657 1641 maxime
667 1619 716 1648 per
725 1609 844 1638 aestatem
855 1608 978 1646 profuit,
999 1608 1025 1636 ἂ
1040 1604 1136 1634 dulces
1147 1601 1244 1632 eruisse
1260 1599 1334 1644 radi-

218 1654 295 1684 culas
307 1652 433 1689 aquatilis
444 1652 511 1680 silvae
524 1671 531 1681 ‚
551 1656 682 1686 tanquam
694 1647 775 1686 scirpi
787 1669 795 1682 ,
815 1647 948 1684 juncique
967 1646 993 1675 ἂ
1004 1642 1151 1682 degeneris
1170 1639 1312 1670 arundinis
1324 1658 1333 1672 ,

218 1701 301 1728 quam
310 1690 407 1726 vulgus
417 1697 533 1719 cannam
544 1693 633 1717 vocat.

216 1729 332 1759 Arundo
345 1736 448 1758 cannae.
470 1726 554 1756 Ovid.
567 1731 591 1759 8.
606 1724 676 1754 Met.
691 1732 752 1760 337.

409 1781 446 1786 -—-
456 1766 483 1794 ἅ
494 1763 583 1801 longae
591 1772 673 1800 parva
685 1761 735 1792 sub
749 1759 886 1790 arundine
899 1768 1004 1789 cannae.

217 1804 315 1834 crassa.
338 1803 422 1833 Ovid.
433 1806 458 1832 6.
473 1801 539 1832 Fast.
552 1804 617 1837 406.

309 1841 357 1871 Nil
374 1847 472 1878 praeter
482 1840 576 1869 salices
588 1860 596 1873 ,
618 1836 755 1874 crassaque
764 1845 855 1866 canna
864 1835 927 1866 fuit.

216 1880 321 1917 Longa.
344 1879 429 1908 Ovid.
441 1884 467 1912 8.
481 1877 550 1907 Met.
560 1883 622 1913 337.

217 1917 350 1947 Palustris.
374 1916 459 1946 Ovid.
476 1916 511 1945 de
525 1915 604 1944 Rem.
618 1914 710 1944 Amor.
726 1921 788 1948 142.

215 1955 356 1986 Tremulae
367 1964 469 1983 cannae.
491 1953 575 1982 Ovid.
588 1956 614 1981 6.
630 1951 699 1981 Met.
713 1954 775 1986 326.

309 1994 360 2022 Ara
370 1998 448 2021 vetus
462 1991 547 2020 stabat
561 1989 686 2019 tremulis
699 1986 870 2018 circumdata
883 1986 989 2016 cannis.

216 2031 257 2062 Ex
268 2040 358 2061 canna
367 2031 392 2060 δι
403 2029 502 2059 fistulas
515 2027 742 2066 compingebant.
765 2025 849 2055 Ovid.
860 2035 886 2054 2.
905 2024 975 2054 Met.
985 2026 1050 2057 682.

408 2083 443 2087 —
455 2067 545 2105 dispar
555 2066 674 2103 septenis
684 2064 772 2093 fistula
783 2064 889 2092 cannis.
974 2061 1055 2091 Unde

215 2108 315 2144 Arguta
324 2115 420 2136 canna.
438 2104 486 2134 Sil.
499 2113 525 2141 7.
540 2113 604 2140 439.
699 2103 798 2139 Arguta
808 2108 940 2130 revocans
950 2097 985 2129 ad
997 2096 1105 2128 roseida
1115 2094 1216 2134 pascua
1229 2098 1325 2123 canna.

216 2145 370 2180 Praecoquit
380 2142 487 2172 Ebosita
497 2151 608 2171 cannas.
630 2140 697 2170 Stat.
713 2150 734 2169 i.
754 2140 819 2168 silv.
830 2142 855 2168 6.
872 2148 914 2174 ις.

310 2182 344 2211 Et
353 2191 418 2219 quas
429 2181 582 2218 pra-coquit
593 2178 700 2208 Ebosita
708 2186 811 2207 cannas
1268 2205 1274 2211 ,
1296 2205 1302 2211 ι

308 2219 401 2257 Largis
413 2219 562 2256 gratuitum
574 2217 649 2247 cadit
661 2216 773 2253 rapinis.
857 2213 939 2243 Haud
957 2212 1042 2242 dubie
1061 2210 1169 2240 Carinas
1185 2205 1336 2242 intelligit,

235 2267 271 2288 ex
281 2257 381 2295 quibus
390 2256 549 2285 saccharum
558 2254 722 2292 exprimitur
738 2252 783 2282 vel
799 2252 936 2288 coquitur.
978 2250 1011 2279 Et
1028 2247 1137 2278 fortasse
1154 2247 1265 2276 Cannas
1287 2252 1337 2280 pro

236 2296 375 2326 Saccharo
386 2294 444 2333 ipso
457 2293 557 2331 posuit.
598 2292 653 2321 Sed
664 2292 710 2328 qui
725 2291 776 2319 sint
794 2289 907 2319 Ebositae
927 2288 987 2323 illi,
1008 2288 1143 2316 hactenus
1160 2284 1235 2322 apud
1250 2281 1338 2310 nenii-

235 2343 303 2363 nem
314 2333 481 2362 invenimus.
521 2330 619 2367 Populi
632 2328 740 2358 fortasse
756 2328 818 2357 sunt
831 2327 925 2356 Indiae.
966 2324 1053 2355 Inilla
1065 2324 1141 2353 enim
1154 2322 1267 2358 regione
1282 2319 1338 2348 sac-

235 2371 350 2401 charum
360 2369 531 2408 potiffimum
541 2368 667 2397 nascitur.
706 2366 845 2396 Domitius
864 2364 1027 2393 Calderinus
1040 2361 1135 2391 Ebosia
1151 2360 1251 2389 scribit.
1295 2357 1338 2385 Vi-

237 2410 274 2438 de
284 2418 319 2438 an
328 2408 383 2445 legi
392 2407 481 2445 posset
494 2405 600 2436 Ebusita
610 2405 643 2434 ab
652 2404 740 2434 Ebuso
749 2403 851 2437 insula,
873 2403 907 2431 de
916 2412 969 2438 qua
981 2400 1057 2438 apud
1072 2399 1199 2428 Plinium.
1259 2394 1340 2431 [Mi-

237 2457 284 2476 ror
298 2447 326 2475 in
337 2445 457 2475 Gevartii
469 2445 562 2482 Papiri.
576 2444 637 2472 lect.
660 2452 740 2480 paene
755 2442 854 2470 eadem
864 2439 928 2477 legi.
969 2439 1025 2468 Nisi
1045 2437 1120 2475 quod
1135 2437 1170 2465 de
1187 2434 1274 2465 Ebuso
1289 2432 1338 2461 ins.

237 2483 378 2522 Hispaniae
397 2493 461 2512 cum
472 2482 578 2511 Ludov.
591 2481 705 2510 Nonnio
719 2479 853 2516 exponit,
875 2486 958 2515 quam
969 2477 1016 2506 hic
1028 2476 1169 2513 quondam
1180 2474 1206 2503 &
1218 2471 1339 2501 sacchari

237 2520 441 2552 feracemsuisl'e
453 2521 482 2549 in
494 2520 553 2549 Vet.
567 2518 642 2556 Hisp.
654 2518 699 2547 sua
709 2516 865 2546 contendit.
890 2516 919 2544 V.
937 2515 1026 2544 Eund.
1036 2514 1072 2542 de
1084 2513 1123 2542 Re
1133 2512 1187 2541 cib.
1199 2510 1217 2539 l.
1232 2520 1254 2539 1.
1264 2517 1337 2544 047.

182 2560 205 2592 C
214 2571 233 2591 A
242 2570 263 2589 Ν
274 2569 293 2589 Ν
302 2562 320 2588 ῠ
331 2569 372 2588 LA
387 2581 396 2594 ,
417 2568 448 2588 ae.
469 2558 488 2587 f.
511 2558 608 2586 dimin.
632 2562 681 2591 ut,
714 2556 795 2585 Parva
804 2553 894 2583 casula
919 2552 1047 2582 cannulis
1075 2558 1181 2580 temere
1201 2547 1340 2577 contecta.

220 2597 301 2635 Apul.
316 2598 385 2626 Met.
397 2607 423 2632 4.
438 2606 465 2633 p.
481 2606 541 2630 145.
583 2594 616 2623 Et
626 2594 757 2631 quoniam
770 2592 905 2630 perforata
916 2600 1006 2620 canna
1015 2590 1053 2619 est
1067 2588 1147 2617 instar
1158 2587 1242 2620 tibiae,
1257 2585 1341 2613 etiam

221 2637 257 2666 ad
264 2635 331 2665 alios
341 2634 402 2664 usus
409 2633 528 2663 cannula
541 2632 696 2662 adhibetur.
721 2638 753 2660 ut
763 2653 770 2666 ,
798 2629 912 2659 Pulvere
929 2638 978 2667 per
993 2626 1125 2657 cannulas
1149 2625 1204 2661 (in
1217 2622 1342 2658 vulnus)

221 2673 311 2703 illato.
334 2672 416 2702 Mart.
430 2671 543 2709 Capella
554 2670 602 2699 lib.
618 2678 641 2705 3.
652 2669 700 2699 sub
712 2669 833 2697 initium.

184 2712 207 2743 C
218 2721 267 2741 AN
277 2721 297 2740 N
308 2720 321 2739 ε
332 2720 350 2739 υ
360 2720 372 2740 s
382 2732 390 2744 ,
411 2719 444 2744 a,
467 2719 524 2738 um.
548 2709 607 2742 Adi.
629 2706 826 2743 [wzdpm&]
848 2703 984 2734 Columel.
1002 2703 1051 2732 lib.
1067 2711 1110 2732 12.
1127 2711 1188 2738 cap.
1202 2710 1246 2735 50.
1269 2698 1342 2728 Con-

1381 424 1597 457 CANNAssis,
1617 423 1649 452 is.
1670 423 1689 451 f.
1711 422 1887 459 [ιωίννοιζριῐω]

2560 885 2562 905 i

1391 951 1698 987 GANNAaAessus‚
1721 952 2034 985 &CANNAsslNUS,
2055 960 2088 984 a,
2109 959 2166 979 um.
2190 946 2384 985 [νιψνιοὶζινΘ-ι]
2405 945 2530 982 Quodest
2560 956 2563 981 i

2560 998 2564 1037 i

1392 1064 1473 1094 CAN
1485 1074 1641 1100 NAiiius‚
1662 1075 1697 1099 a,
1721 1076 1777 1095 um.
1798 1066 1894 1101 Idem,
1916 1065 1991 1103 apud
2005 1064 2130 1094 Gratium
2140 1063 2274 1101 Cyneget.
2287 1071 2313 1091 2.
2327 1069 2373 1097 47.

1393 1178 1415 1208 C
1427 1187 1475 1207 AN
1484 1187 1505 1206 N
1514 1188 1533 1207 A
1542 1188 1557 1206 B
1566 1181 1582 1207 ἓ
1592 1188 1611 1207 T
1620 1188 1638 1207 υ
1648 1189 1668 1207 Μ
1681 1200 1689 1214 ,
1710 1179 1729 1209 i.
1746 1189 1774 1209 n.
1804 1179 1893 1209 Locus
1911 1177 2036 1208 cannabe
2059 1177 2189 1206 consitus.
2220 1175 2282 1204 Vet.
2303 1172 2448 1210 Inscriptio
2467 1172 2532 1210 apud

1393 1255 1517 1288 CANO,
1539 1255 1650 1289 cecini,
1670 1262 1800 1289 cantum,
1822 1248 1911 1291 [aaa
1935 1253 2046 1289 dadam]
2067 1255 2122 1282 Ere.
2154 1252 2192 1281 est
2209 1251 2282 1280 Voce
2303 1247 2449 1279 modulari.
2469 1247 2530 1280 Piin.

1865 155 1893 189 C
1993 154 2019 188 A
2116 150 2150 186 N

1426 234 1566 278 [Videtur
1591 234 1690 263 Cicero
1713 236 1844 273 ambiguo
1862 235 2001 265 vocabulo
2022 234 2139 267 ludere,
2161 234 2187 262 ἂ
2209 229 2401 261 Accusatorem
2419 227 2516 263 bonum
2560 246 2561 251 =

1430 274 1683 316 Eruciumrvocare,
1703 274 1845 310 nonquod
1860 274 1934 303 Bene
1955 271 2137 309 inpraesentia
2152 292 2159 303 ,
2182 276 2211 299 ut
2234 271 2322 298 bonus
2341 274 2449 301 orator.
2477 271 2524 300 velv
2559 263 2562 290 Ῐ

1431 312 1579 340 mediocris
1594 310 1689 339 saltem
1700 311 1728 339 in
1741 312 1888 340 meliorum
1898 320 2013 349 penuria
2025 332 2031 344 ,
2053 307 2171 339 accuser,
2194 317 2287 336 verimi
2300 305 2375 342 quod
2385 312 2417 333 ex
2428 314 2517 338 eorum
2560 323 2561 330 κ

1433 357 1550 377 nurnero
1564 348 1661 381 fuerit,
1683 349 1728 384 qui
1743 349 1844 378 multos
1860 351 1887 378 in
1899 348 2011 377 Sullana
2030 346 2228 384 proscriptione
2241 344 2400 373 detulerunt
2413 364 2421 376 ‚
2443 344 2518 374 Accu.

1435 387 1551 415 satorem
1559 385 1684 414 nobilem
1696 396 1729 414 eo
1744 387 1858 415 nomine
1870 387 1971 415 sac-'tum
1984 397 1992 420 ;
2015 386 2086 414 Cum
2100 383 2258 413 Delatorem
2271 380 2387 417 intelligi
2397 379 2469 410 velit.

1911 424 2002 453 Herba
2014 424 2052 452 est
2074 431 2109 451 ex
2124 422 2202 456 cujus
2219 421 2323 449 cortice
2344 419 2424 447 sunes
2443 419 2520 449 intor.

1420 468 1557 499 queritur:
1580 462 1604 490 6<
1616 461 1653 489 est
1664 467 1721 489 tam
1733 471 1783 498 pro
1793 461 1851 499 Ipsa
1861 462 1945 490 herba
1958 483 1966 496 ,
1988 470 2069 497 quam
2081 469 2129 496 pro
2145 458 2205 496 Ipso
2218 457 2329 486 semine.
2354 454 2520 491 Plin.lib.19.

1421 509 1480 540 cap.
1494 510 1519 533 9·
1545 499 1653 528 Deinde
1664 499 1803 542 utilissima
1813 499 1925 528 funibus
1937 498 2068 528 cannabis
2081 497 2175 525 seritur
2191 506 2205 524 a
2216 495 2347 525 Favonio.
2387 493 2451 529 Quo
2461 493 2522 524 den.

1421 540 1473 565 lior
1484 537 1594 579 est².e(3
1613 544 1742 565 tenerior.
1782 538 1884 566 Semen
1903 537 1963 572 ejus
1981 545 2067 572 quum
2083 534 2121 563 est
2139 542 2295 566 maturum,
2315 531 2349 560 ab
2365 531 2523 567 aequinoffitio

1422 578 1553 618 Autumni
1567 574 1751 617 distringitur,
1773 574 1883 609 desole,
1903 579 1950 603 aut
1963 581 2064 607 vento,
2085 579 2132 601 aut
2142 571 2219 600 fumo
2238 570 2358 599 siccatur.
2398 567 2456 606 Ipsa
2467 575 2524 599 can.

1421 613 1501 657 nabis
1512 611 1621 640 vellitur
1631 612 1695 654 post
1709 612 1879 642 vindemiam
1890 634 1898 646 ‚
1920 621 1951 641 ac
1966 609 2206 641 lucubrationibus
2215 608 2383 638 decorticata
2390 613 2522 645 purgatur.
2560 624 2561 629 =

1423 651 1509 679 'lorta
1519 651 1660 678 cannabis.
1683 649 1750 679 Pers.
1765 661 1788 683 ς.
1808 650 1862 679 Sat.
1879 653 1939 685 146.
2560 647 2561 652 ¹

1387 687 1409 717 C
1421 699 1439 716 A
1450 697 1468 715 Ν
1480 697 1497 715 Ν
1510 698 1527 715 A
1539 697 1554 715 s
1564 697 1581 715 u
1592 698 1613 716 Μ
1626 709 1633 720 ,
1655 688 1673 716 i.
1695 697 1722 716 n.
1750 688 1821 717 dixit
1832 687 1967 717 Palladius
1976 708 1984 720 ,
2005 695 2091 722 quum
2100 685 2208 721 inquit,
2229 683 2290 712 Hoc
2301 688 2427 719 tempore
2435 690 2528 714 canna·
2560 692 2562 724 i*

1425 725 1493 754 bum
1508 724 1581 754 seris.
1605 725 1685 766 [lta
1695 725 1771 754 Febr.
1784 736 1807 760 ς.
1819 726 1937 755 &Mai-t.
1951 735 1974 759 ς.
1996 724 2044 752 nisi
2057 723 2210 752 Cannabim
2223 721 2382 758 legendum.
2421 719 2528 751 Namne
2560 736 2561 753 2

1426 764 1553 792 (jraecum
1566 764 1694 806 quidem,
1716 763 1790 800 quod
1803 764 1847 792 hic
1858 763 2026 799 adscriptum
2038 761 2091 795 est,
2112 757 2257 794 maiiixss'&,
2278 758 2355 787 unde
2372 756 2473 794 alioqui
2485 758 2528 788 de-
2560 763 2563 801 ί

1426 801 1558 846 ἀᾳεεῐξῐη
1577 807 1688 843 potius,
1714 811 1821 837 quama
1835 802 1911 830 recto
1929 798 2092 829 Cannabum
2106 819 2114 833 ,
2135 797 2248 834 usquam
2260 801 2421 833 comparet,
2440 804 2528 827 verum
2560 809 2562 818 i

1428 847 1539 869 (aulaeis
1556 859 1564 872 ,
1586 837 1629 867 vel
1643 839 1759 876 simplici
1776 851 1801 874 v,
1823 838 1923 866 κάγκέις
1937 837 2072 867 scribitur.
2111 835 2188 865 Adde
2198 835 2256 864 haec
2266 833 2433 863 verbotenus
2442 833 2529 864 exCo.
2560 837 2562 867 ᾗ

1426 875 1522 905 lumel.
1538 885 1563 904 2.
1579 885 1618 904 io.
1634 875 1687 904 effe
1699 877 1835 914 descripta
1845 899 1852 911 ,
1874 876 1948 914 apud
1960 886 1985 912 q.
2001 873 2141 903 Cannabis
2152 873 2308 902 constanter
2318 870 2450 900 scribitur.
2461 870 2528 908 Qa-

1429 923 1458 942 re
1469 915 1494 943 δι
1505 923 1548 951 ap.
1562 913 1631 942 Gell.
1648 924 1688 950 17.
1703 923 1726 950 3.
1750 914 1880 944 Cannabe
1890 914 2022 951 &stuppa
2033 911 2209 942 scribendum
2220 911 2337 940 videtur.

1429 998 1463 1032 eir
1473 989 1606 1018 cannabe.
1628 995 1677 1023 ut.
1699 990 1782 1020 Funis
1793 990 1973 1019 cannabinus.
2013 987 2151 1018 Columel.
2172 987 2221 1016 lib.
2231 989 2257 1016 6.
2275 994 2337 1023 cap.
2350 994 2376 1014 2.
2406 983 2531 1015 Cannabi-

1429 1026 1524 1063 nisque
1535 1024 1647 1056 funibus
1660 1034 1763 1057 cornua
1773 1029 1955 1064 juvencorum
1966 1027 2062 1064 ligato.
2092 1025 2171 1055 ldem
2184 1034 2225 1054 12.
2240 1034 2282 1061 57.

1511 1105 1544 1131 At
1554 1113 1660 1140 pauper
1674 1104 1743 1140 rigui
1757 1104 1846 1133 custos
1858 1103 2041 1133 Alabandicus
2051 1101 2125 1131 horti

1510 1140 1605 1169 Canna
1611 1141 1667 1170 bias
1675 1142 1761 1170 nutrit
1770 1141 1846 1171 silvas
1857 1163 1864 1176 ‚
1876 1143 1929 1171 &Q
2058 1139 2133 1175 [Ubi
2148 1138 2233 1176 igitur
2245 1134 2462 1166 Cannabaceus?
2507 1134 2510 1135 ⁷

1431 1217 1538 1245 Gruter.
1554 1216 1573 1245 f.
1591 1217 1821 1255 896.n.i4.VSQ.
1834 1217 1880 1246 AD
1901 1214 2155 1246 CANNABETVM
2175 1212 2267 1243 HVlC
2281 1210 2392 1241 AREAE
2413 1209 2530 1242 CEDET.

1429 1292 1476 1321 lib.
1495 1302 1536 1321 io.
1553 1302 1614 1335 cap3
1627 1301 1671 1326 29.
1701 1293 1810 1323 Merula
1830 1293 1905 1323 canit
1927 1292 2036 1328 aestate,
2057 1291 2150 1320 hieme
2175 1288 2304 1319 balbutit.
2336 1287 2396 1316 Cic.
2411 1297 2438 1322 4.
2457 1285 2543 1317 Aeas*

1430 1330 1527 1373 Quum
1538 1339 1635 1359 cornix
1646 1331 1787 1360 cecinerit.

1429 1368 1555 1411 Viclores
1566 1377 1665 1411 canere
1675 1368 1765 1398 solent
1775 1367 1848 1405 galli.
1870 1368 1928 1398 Cic.
1939 1377 1964 1398 2.
1981 1367 2016 1397 de
2026 1367 2118 1397 Divin.
2131 1368 2174 1401 56.

1428 1405 1540 1435 Gallina
1550 1406 1662 1435 cecinit.
1683 1406 1747 1436 Ter.
1760 1406 1868 1436 Phorm.
1881 1417 1908 1442 4.
1920 1417 1944 1441 4.
1958 1415 2002 1442 27.
2024 1415 2075 1443 pro
2088 1403 2164 1434 Malo
2181 1401 2306 1441 augurio.

1429 1444 1515 1474 Ranae
1526 1453 1624 1473 canere
1638 1444 1779 1474 dicuntur.
1802 1444 1874 1482 Virg.
1889 1454 1911 1473 x.
1927 1444 2026 1481 Georg.
2039 1448 2101 1479 378.

1522 1482 1557 1511 Et
1567 1488 1689 1511 veterem
1701 1483 1730 1511 in
1739 1482 1806 1511 limo
1817 1492 1888 1511 ranae
1899 1483 2026 1511 cecinere
2042 1479 2192 1518 querelam.

1429 1519 1520 1550 Tibiae
1530 1525 1644 1549 canunt.
1686 1520 1744 1549 Cic.
1755 1530 1781 1550 2.
1796 1521 1831 1550 de
1842 1520 1906 1549 Nat.
1917 1520 1999 1549 Deor.
2010 1529 2054 1548 22.
2075 1519 2103 1548 Si
2114 1527 2149 1547 ex
2159 1517 2231 1546 oliva
2242 1513 2404 1544 modulante
2412 1517 2532 1543 canentes
2558 1502 2578 1546 i

1448 1557 1525 1587 tibiae
1536 1557 1711 1587 nascerentur
1724 1580 1733 1593 ,
1754 1567 1822 1588 num
1832 1558 1972 1587 dubitares
1984 1558 2051 1595 quin
2061 1555 2160 1586 inesset
2170 1556 2198 1584 in
2206 1553 2278 1583 oliva
2287 1551 2409 1582 tibicinis
2418 1551 2532 1587 quaedaiii
2558 1552 2587 1584 iv

1448 1596 1585 1625 scientia?
1606 1595 1683 1625 [dem
1699 1607 1722 1632 ς.
1735 1596 1810 1625 Verr.
1826 1606 1887 1630 ιος.
1910 1596 2006 1632 Quum
2027 1596 2056 1624 in
2076 1594 2115 1624 eis
2132 1592 2267 1623 conviviis
2286 1588 2450 1628 symphonia
2464 1589 2534 1618 cane-
2561 1595 2564 1617 ι

1447 1640 1506 1668 ret,
1525 1633 1705 1671 maximisque
1716 1634 1824 1670 poculis
1835 1634 2033 1663 ministraretur
2045 1655 2052 1667 ,
2069 1634 2121 1662 διε.

1429 1672 1551 1702 Absurde
1564 1681 1672 1701 canere.
1714 1671 1772 1701 Cic.
1782 1682 1808 1702 2.
1821 1671 1903 1703 Tusc.
1920 1681 1963 1702 12.
1986 1670 2066 1702 Autsi
2078 1668 2194 1701 absurde
2205 1672 2285 1698 canat
2306 1666 2329 1696 is
2348 1665 2395 1702 qui
2412 1663 2438 1695 se
2448 1661 2535 1694 habeti
2558 1667 2566 1693 i
2587 1661 2589 1680 ’·

1449 1710 1583 1739 mulicum
1597 1709 1672 1739 velit.

1429 1748 1514 1778 Bene.
1537 1747 1605 1777 Plin.
1618 1747 1666 1777 lib.
1681 1756 1704 1782 3.
1721 1747 1805 1786 Epist.
1821 1753 1863 1782 18.

1430 1786 1536 1816 Canere
1548 1785 1692 1815 emerendi
1701 1785 1801 1816 favoris
1812 1786 1906 1824 gratia.
1927 1784 2047 1822 Quintil.
2060 1783 2109 1813 lib.
2121 1792 2148 1819 4.
2162 1791 2223 1821 cap.
2236 1791 2261 1812 ι.

1429 1825 1470 1854 Ad
1481 1833 1559 1853 auras
1571 1833 1678 1853 canere.
1702 1823 1772 1861 Virg.
1790 1834 1811 1853 1.
1826 1823 1882 1853 Ecl.
1897 1833 1940 1859 57.
1981 1822 2012 1851 V.
2034 1832 2051 1851 A
2061 1831 2079 1851 u
2089 1831 2105 1850 R
2116 1831 2144 1850 A.

1429 1863 1472 1892 Ad
1484 1862 1616 1905 citharam
1626 1871 1725 1891 canere
1738 1862 1834 1891 laudes
1843 1862 1968 1897 alicujus.
1991 1859 2111 1897 Quintil.
2125 1858 2175 1888 lib.
2187 1867 2211 1887 1.
2224 1866 2285 1896 cap.
2303 1864 2346 1886 ro,

1429 1901 1471 1930 Aci
1480 1901 1577 1929 tibiam
1588 1909 1696 1929 canere.
1721 1899 1779 1929 Cic.
1790 1911 1817 1935 4.
1833 1899 1915 1929 Tusc.
1930 1908 1955 1934 3.
2075 1913 2083 1928 i

1430 1939 1471 1969 Aci
1486 1943 1607 1975 myrtum
1619 1947 1738 1973 canere,
1760 1937 1934 1975 proverbiale
1953 1936 2009 1972 est,
2030 1935 2106 1972 quod
2122 1935 2152 1963 in
2170 1930 2308 1965 conviviis
2326 1929 2346 1959 ii
2362 1928 2453 1959 facere
2464 1935 2534 1966 coge-
2558 1925 2567 1950 ⁴¹

1450 1976 1565 2010 bantur,
1588 1976 1635 2012 qui
1647 1975 1758 2005 citharae
1776 1977 1802 2006 ἃ
1817 1975 1933 2005 musices
1946 1974 2033 2012 ignari
2049 1971 2145 2003 ess'ent.
2185 1971 2215 2001 V.
2237 1968 2337 2000 Erasm.
2351 1966 2423 1998 Chil.

1430 2015 1474 2044 Ad
1482 2019 1573 2044 certos
1583 2013 1683 2042 modos
1695 2023 1803 2043 canere.
1825 2013 1909 2043 Ovid.
1923 2022 1947 2048 3.
1964 2012 2031 2042 Fast.
2046 2017 2109 2048 380.

1623 2067 1660 2072 —
1669 2053 1695 2082 &
1703 2051 1738 2080 ad
1750 2058 1839 2081 certos
1850 2051 1933 2081 verba
1943 2050 2069 2080 canenda
2079 2047 2189 2078 modos.
2564 2055 2566 2084 i

1430 2089 1547 2121 Fidibus
1557 2098 1664 2118 canere.
1705 2089 1764 2118 Cic.
1780 2099 1803 2119 i.
1820 2088 1900 2119 Tusc.
1917 2099 1943 2124 4.
1966 2088 2085 2125 Igitur&
2098 2082 2323 2124 Epaminondas,
2344 2081 2472 2120 princeps
2481 2087 2536 2110 mee
2563 2093 2565 2114 ¹,
2589 2091 2591 2095 ·

1450 2128 1557 2164 judicio
1572 2125 1685 2156 Graeciae
1696 2150 1704 2162 ,
1725 2127 1826 2157 fidibus
1838 2126 1967 2165 praeclare
1978 2124 2109 2155 cecinisse
2120 2124 2233 2153 dicitur.
2564 2147 2565 2151 ,

1431 2166 1522 2196 Lituo.
1565 2165 1623 2194 Cic.
1641 2176 1663 2194 1.
1679 2166 1715 2194 de
1727 2165 1820 2195 Divin.
1834 2174 1878 2202 30.
1900 2164 1987 2202 Quod
2001 2163 2034 2193 ab
2055 2164 2115 2200 ejus
2130 2161 2204 2197 litui,
2216 2169 2272 2197 quo
2283 2158 2403 2193 canitur,
2426 2154 2540 2185 similitu·
2563 2166 2565 2183 ι

1452 2205 1519 2233 dine
1529 2213 1634 2232 nomen
1647 2204 1763 2232 invenit.
2564 2186 2565 2205 l

1432 2243 1572 2273 Numeros
1583 2251 1683 2270 canere
1695 2242 1724 2270 in
1735 2246 1827 2270 cantu.
1869 2238 1928 2268 Cic.
1950 2249 1971 2268 1.
1997 2238 2032 2268 de
2043 2237 2139 2276 Legib.
2156 2246 2198 2266 υ.
2234 2231 2480 2272 Quemadmodum
2492 2228 2539 2260 Ro·
2562 2244 2565 2267 i

1452 2279 1522 2310 scius
1531 2279 1671 2308 familiaris
1681 2286 1744 2308 tuus
1755 2280 1784 2308 iri
1795 2279 1934 2308 senectute
1947 2285 2078 2306 numeros
2089 2277 2118 2305 in
2130 2281 2215 2305 cantu
2225 2274 2373 2303 cecinerat.
2401 2267 2540 2307 [Nonfer-
2561 2276 2565 2296 ι
2590 2284 2591 2297 i

1453 2320 1474 2347 ri
1496 2317 1572 2356 poffe
1595 2317 1667 2346 hanc
1691 2317 1842 2346 leelionem
1863 2324 1961 2344 omnes
1975 2316 2074 2344 dicunt
2088 2314 2261 2351 interpretes.
2301 2309 2438 2348 Equidem
2456 2315 2490 2337 ex
2503 2305 2540 2335 hit
2561 2304 2566 2335 ἰ
2589 2325 2591 2330 .

1453 2366 1514 2393 quae
1528 2356 1679 2392 sequuntur
1695 2355 1815 2393 suspicor
1827 2354 1955 2383 Lenierat
1968 2352 2096 2382 Tullium
2105 2349 2244 2388 scripsisse.

1433 2394 1515 2424 Sacra
1525 2403 1626 2423 canere
1637 2415 1645 2427 ‚
1666 2393 1684 2422 i.
1696 2402 1720 2422 e.
1744 2393 1871 2430 Hymnos
1884 2391 1985 2420 dicere.
2007 2391 2078 2427 Virg.
2093 2399 2119 2419 2.
2134 2389 2196 2419 [ΕΠ.
2212 2396 2276 2425 239.

1627 2443 1665 2452 ⁴—
1675 2431 1754 2468 pueri
1765 2431 1869 2460 circum
1884 2430 2064 2466 innuptaeque
2073 2426 2174 2466 pueliae

1527 2469 1611 2499 Sacra
1628 2476 1741 2498 canunt.
1842 2467 1962 2497 Servius.
2564 2481 2565 2490 1

1436 2506 1573 2575 Iiglinata
1588 2506 1762 2545 ululantique
1773 2515 1843 2536 voce
1858 2525 1866 2541 ‚
1887 2514 1964 2534 more
1975 2502 2101 2539 Asiatico,
2119 2510 2229 2532 canere.
2249 2499 2268 2529 i.
2285 2508 2310 2529 e.
2333 2497 2442 2528 Dicere.
2454 2494 2508 2526 Cic.
2515 2492 2541 2524 in
2563 2495 2565 2532 i*

1484 2553 1532 2574 rat.
1546 2555 1561 2574 2
1584 2568 1590 2574 .
2564 2542 2565 2550 ¹

1436 2584 1494 2614 Sibi
1506 2555 1605 2613 cane7re
1619 2583 1736 2615 dicitur,
1759 2581 1816 2618 Qui
1830 2590 1889 2610 non
1900 2579 1936 2609 ad
1952 2578 2077 2609 alienum
2091 2576 2235 2608 arbitrium
2248 2575 2314 2605 facit
2325 2573 2484 2612 quidpiam,
2500 2567 2542 2600 sed
2562 2567 2565 2596 i

1455 2623 1550 2651 animo
1562 2620 1715 2657 obsequens
1730 2619 1788 2649 suo.
1822 2618 1854 2648 V.
1878 2627 1945 2647 mox
1960 2617 2033 2647 Mihi
2047 2619 2073 2647 ἃ
2087 2615 2172 2646 Musis
2183 2623 2261 2644 carie.

1437 2657 1528 2690 Tibiis
1539 2668 1646 2688 canere.
1689 2658 1748 2687 Cic.
1762 2666 1789 2687 2.
1805 2656 1841 2686 de
1851 2656 1928 2686 Orat.
1942 2660 2005 2691 338.
2027 2654 2118 2684 Habet
2128 2653 2204 2683 enim
2224 2649 2376 2681 multitudo
2397 2648 2452 2678 vim
2470 2653 2544 2684 quan·
2562 2664 2564 2673 .

1457 2699 1522 2727 dam
1535 2696 1619 2726 talem
1630 2719 1638 2731 ,
1659 2704 1690 2725 ut
1703 2694 1942 2732 quemadmodum
1952 2693 2058 2722 tibicen
2068 2692 2123 2721 sine
2133 2690 2210 2720 tibiis
2224 2698 2323 2719 canere
2333 2710 2343 2726 ‚
2362 2687 2398 2717 lic
2417 2691 2503 2716 orator
2517 2681 2544 2712 fi·

2563 2452 2566 2472 i

1458 2746 1493 2765 ne
1506 2734 1688 2764 multitudine
1698 2733 1829 2763 audiente
1842 2732 1976 2768 eloquens
1986 2730 2041 2760 else
2055 2739 2112 2759 non
2122 2728 2215 2768 possit.

1439 2774 1515 2803 Voce
1526 2782 1633 2809 magna.
1655 2771 1750 2801 Tibul.
1762 2771 1811 2800 lib.
1823 2779 1848 2799 2.
1864 2780 1888 2806 5.
1903 2774 1964 2803 118.

1439 2810 1623 2842 Arscancndi.
1646 2809 1731 2839 Ovid.
1748 2818 1789 2844 14.
1807 2808 1877 2838 Met.
1891 2816 1951 2843 337.

1534 2849 1603 2877 Rara
1619 2848 1732 2885 quidem
1743 2846 1813 2876 facie
1824 2867 1832 2881 ,
1853 2845 1900 2874 sed
1911 2844 1995 2874 rarior
2005 2848 2062 2873 arte
2072 2841 2200 2872 canendi.

1439 2886 1512 2917 Foro
1521 2886 1615 2915 medio
1627 2885 1725 2922 scripta
1735 2883 1870 2914 canenda.
1892 2882 1976 2912 Ovid.
1998 2892 2021 2911 1.
2037 2881 2074 2910 de
2085 2880 2164 2910 Pont.
2179 2888 2205 2916 7.
2220 2886 2263 2915 30.

1535 2924 1568 2952 Et
1579 2924 1708 2952 dedimus
1718 2922 1812 2951 medio
1826 2920 1926 2958 scripta
1937 2919 2063 2950 canenda
2077 2918 2150 2947 soro.
2232 2916 2250 2945 i.
2265 2925 2289 2945 e.
2310 2914 2448 2944 Poematia.

1444 2962 1589 2992 Celebrare
1601 2961 1699 2990 festum
1711 2959 1848 2990 canendo.
1871 2959 1955 2988 Ovid.
1974 2969 1997 2992 ς.
2014 2956 2083 2986 Met.
2101 2965 2163 2991 113.

1535 2999 1624 3035 Jui‘sus
1634 3006 1691 3028 eras
1703 2997 1841 3028 celebrare
1853 2997 1939 3034 dapes
1953 3017 1961 3030 ,
1982 2995 2136 3031 festumque
2149 2990 2287 3022 canendo.

1444 3038 1548 3069 Imitari
1558 3037 1679 3074 aliquem
1692 3035 1829 3065 canendo.
1853 3034 1923 3071 Virg.
1936 3042 1962 3063 2.
1977 3033 2034 3062 Ecl.
2048 3041 2092 3067 31.

1524 3075 1638 3104 Mecum
1650 3084 1704 3104 una
1714 3075 1743 3102 in
1755 3073 1826 3102 silvis
1837 3071 1980 3101 imitabere
1993 3070 2063 3099 Pana
2072 3068 2209 3099 canendo.
2468 3080 2471 3083 ·
2564 3083 2576 3103 ,ψ
2602 3067 2604 3073 ⁴

1445 3114 1561 3144 Movere
1571 3113 1677 3149 lapides
1687 3111 1825 3141 canendo.
1849 3110 1914 3139 Hor.
1929 3118 1953 3143 3.
1973 3108 2066 3137 Carni.
2080 3116 2123 3136 ιι.
2135 3116 2162 3136 2.
2564 3108 2565 3121 ¹
2603 3108 2604 3116 ¹

1539 3151 1633 3181 Movit
1644 3150 1782 3187 Amphion
1794 3148 1903 3185 lapides
1914 3146 2053 3176 canendo.
2248 3167 2253 3169 .
2505 3169 2511 3178 ,
2564 3163 2565 3178 ,

1447 3190 1554 3257 CanIeFre
1565 3188 1685 3255 agiquem
1697 3209 1706 3224 ,
1726 3192 1773 3216 aut
1782 3186 1877 3216 laudes
1886 3184 2002 3220 alicujus
2013 3205 2021 3219 ,
2043 3192 2093 3221 pro
2105 3180 2252 3211 Celebrate
2265 3201 2274 3215 ,
2296 3176 2324 3209 &
2337 3173 2456 3207 laudare.
2482 3170 2546 3209 Vitt-
2562 3191 2565 3223 ἶ

1466 3237 1491 3265 7·
1539 3236 1564 3255 ss·
1597 3232 1641 3261 98-

1528 3264 1610 3293 'ibant
1620 3263 1719 3300 aequati
1733 3270 1850 3291 numero
1866 3281 1874 3294 ,
1896 3268 2044 3296 regemque
2057 3257 2203 3287 canebant.

1449 3303 1544 3333 Laude
1556 3302 1706 3331 canendus.
1725 3300 1792 3330 Stat.
1807 3304 1832 3333 8.
1847 3297 1939 3327 Theb.
1952 3306 2012 3331 15²·

1449 3342 1562 3371 Nomen
1575 3348 1669 3368 meum
1684 3338 1799 3367 canitur.
1819 3336 1903 3366 Ovid.
1919 3344 1959 3369 ις.
1976 3333 2058 3371 Epist.
2075 3336 2121 3366 28.
2492 3355 2494 3357 ,
2563 3346 2566 3360 ,

1450 3379 1556 3408 Cancre
1572 3378 1703 3406 dicuntur
1714 3382 1804 3413 poetae
1814 3396 1821 3409 ,
1843 3372 1939 3409 Quum
1948 3372 2015 3409 quid
2025 3371 2145 3401 versibus
2155 3366 2322 3399 describunt.
2344 3365 2418 3401 Virg.
2432 3371 2455 3392 1.
2468 3358 2548 3393 AEm·
2563 3367 2566 3374 ’

1532 3416 1611 3444 Arma
1622 3414 1766 3450 virumque
1777 3421 1858 3441 cano.
2500 3434 2506 3441 ⁸
2541 3431 2548 3438 ,

1451 3454 1596 3484 Canuntur
1608 3453 1668 3481 liaec
1679 3451 1754 3488 apud
1767 3450 1930 3478 Homerum.
1971 3447 2029 3476 Cic.
2052 3445 2087 3475 de
2101 3444 2171 3474 Clar.
2193 3442 2270 3473 Orat.
2285 3450 2329 3477 7¹-
2369 3439 2429 3468 Nec
2445 3435 2549 3481 dubim!
2595 3442 2597 3457 1

1471 3492 1555 3520 debet
1564 3491 1630 3527 quin
1641 3490 1744 3518 fuerint
1755 3494 1818 3516 ante
1832 3486 1985 3515 Homerum
2000 3491 2106 3522 poetae:
2129 3482 2204 3519 quod
2225 3489 2258 3510 ex
2279 3479 2318 3508 eis
2340 3474 2502 3517 carminibus
2516 3479 2550 3500 m-
2592 3487 2593 3491 =

1469 3529 1558 3566 telligi
1570 3528 1658 3566 potest
1669 3536 1729 3564 quae
1738 3525 1812 3563 apud
1826 3524 1906 3552 illum
1918 3524 1944 3552 &
1964 3523 1994 3551 in
2004 3522 2149 3551 l'haeacum
2163 3522 2189 3549 &
2209 3519 2237 3547 in
2252 3518 2399 3547 Pmcoium
2415 3511 2498 3552 epulis
2513 3516 2549 3538 ca>

1471 3574 1584 3597 nuntur.

1452 3605 1559 3634 Canere
1569 3603 1649 3640 super
1658 3601 1767 3638 aliquo,
1788 3600 1806 3628 i.
1820 3608 1844 3628 e.
1866 3597 1908 3627 De
1918 3596 2020 3634 aliquo.
2042 3596 2148 3634 Virg.4.
2168 3594 2266 3631 Georg.
2286 3602 2347 3629 559.

1453 3642 1528 3673 Bella
1536 3650 1645 3671 canere.
1668 3639 1752 3668 Ovid.
1765 3646 1790 3666 2.
1803 3635 1882 3665 Trist.
1903 3640 1964 3670 360.

1547 3678 1639 3708 Esl'ent
1653 3684 1792 3714 pugnaces
1806 3674 1852 3711 qui
1863 3673 1919 3702 fera
1935 3672 2010 3701 bella
2020 3675 2133 3701 canunt.
2442 3698 2448 3707 .
2485 3695 2492 3703 ⁶

1454 3717 1581 3784 Cprmesn.
1624 3715 1683 3745 Cic.
1695 3724 1721 3744 2.
1738 3714 1773 3742 de
1784 3712 1860 3742 Orat.
1872 3720 1934 3748 352.
1957 3708 2161 3746 Cecinifl'etque
2172 3706 2202 3736 id
2223 3713 2333 3736 carmen
2350 3700 2424 3742 quod
2440 3708 2469 3730 m
2484 3693 2551 3726 illum

1485 3765 1521 3784 cri
1555 3760 1620 3783 erat.

1455 3766 1593 3822 Carniina.
1616 3790 1688 3826 Virg.
1703 3798 1729 3824 9.
1742 3787 1799 3817 Ecl.
1812 3789 1858 3816 26.

1455 3830 1585 3859 Carmina
1599 3836 1698 3857 canere
1710 3833 1759 3864 per
1769 3824 1883 3862 oppida.
1906 3821 1977 3859 Virg.
1989 3831 2014 3851 2.
2031 3821 2130 3858 Georg.
2145 3821 2207 3856 176.
2429 3850 2436 3857 .
2602 3839 2603 3844 ,

1456 3868 1522 3897 Dies
1531 3873 1622 3895 totum
1634 3864 1759 3894 canenda
1770 3872 1818 3900 per
1831 3861 1935 3890 orbem.
1958 3861 1975 3888 i.
1991 3870 2015 3889 e.
2044 3857 2227 3888 Celebranda.
2249 3854 2352 3886 Lucan.
2365 3851 2400 3883 ad
2409 3847 2550 3881 Pisonum?-

1455 3905 1578 3942 Dignum
1589 3903 1713 3932 sermone
1725 3909 1832 3930 canere.
1856 3898 1921 3928 Hor.
1937 3907 1962 3927 2.
1978 3897 2065 3927 Serm.
2078 3906 2102 3934 3.
2115 3907 2143 3933 4.

1550 3941 1596 3971 Nil
1608 3941 1724 3977 dignuin
1738 3938 1863 3967 sermone
1877 3944 1968 3965 canas.

1457 3980 1532 4013 Dira.
1554 3978 1640 4010 Ovid.
1657 3987 1698 4007 io.
1715 3976 1784 4007 Met,
1799 3984 1862 4013 300.

222 2750 280 2779 chae
291 2748 385 2777 ferreae
393 2769 401 2781 ‚
423 2746 523 2783 quibus
533 2746 662 2783 depletur
672 2744 765 2774 oleum
778 2753 784 2773 ε
807 2742 939 2781 opercula
950 2765 958 2776 ,
980 2741 1080 2779 quibus
1091 2739 1152 2768 vasa
1163 2738 1265 2768 olearia
1275 2746 1343 2766 con-

221 2794 367 2824 teguntur:
390 2785 510 2822 spongiae
521 2785 639 2819 majores
653 2784 679 2812 Sc
693 2783 831 2811 minores:
854 2781 929 2810 urcei
940 2781 1041 2818 quibus
1059 2778 1154 2808 oleum
1168 2775 1340 2815 progeritur:

222 2834 335 2855 canneae
345 2829 451 2861 tegetes
463 2843 471 2858 ,
493 2821 592 2859 quibus
603 2820 677 2850 oliva
690 2819 836 2856 excipitur.

185 2863 208 2893 C
218 2873 237 2892 A
246 2873 264 2892 Ν
276 2865 318 2891 ΝΞ
329 2871 348 2890 T
358 2872 375 2890 u
386 2872 405 2889 Μ
419 2883 427 2896 ,
449 2860 466 2889 i.
486 2869 512 2888 n.
537 2855 593 2896 [πὶ
612 2854 771 2893 κειλαμώδῖτ]
792 2857 846 2887 Ubi
867 2865 964 2886 canna:
975 2855 1086 2885 consitae
1105 2853 1176 2883 sunt.
1208 2849 1345 2882 Palladius

224 2910 250 2930 2.
263 2909 307 2936 23.
331 2899 429 2928 Lilieta
439 2919 447 2933 ,
468 2903 586 2927 canneta
601 2895 733 2934 ponenda
742 2894 812 2924 sunt.

186 2938 209 2969 C
220 2948 318 2968 ANNi
329 2947 396 2966 ciffi
408 2958 416 2971 ,
438 2945 525 2964 arum.
548 2935 567 2964 f.
590 2934 628 2972 pl.
651 2933 740 2963 Locus
756 2932 853 2962 cannis
864 2931 974 2961 obsitus.
1004 2930 1151 2960 Innocent.
1169 2927 1236 2957 edit.
1262 2924 1347 2956 Goesii

225 2987 254 3014 p.
269 2985 333 3011 2²5·
355 2974 412 3004 Sub
423 2973 451 3003 se
463 2973 605 3002 cannicias
617 2973 643 3001 &
657 2981 700 3001 res
710 2970 840 3009 palustres
851 2970 943 2999 habet.

187 3013 238 3044 CA
249 3023 317 3042 NN1
327 3022 344 3042 c
354 3023 362 3040 1
374 3022 391 3040 u
402 3021 430 3047 s,
452 3021 483 3045 a,
505 3021 562 3040 um.
586 3010 646 3044 Adj.
668 3008 780 3038 Titulus
791 3009 830 3037 est
845 3008 921 3045 apud
932 3004 1083 3035 Palladium
1094 3003 1143 3033 lib.
1160 3013 1182 3032 1.
1200 3003 1243 3031 tit.
1257 3010 1298 3037 13.
1313 3001 1349 3030 de

224 3051 347 3081 Cameris
358 3049 509 3080 cannieiis:
530 3049 566 3077 de
577 3047 677 3085 quibus
689 3047 724 3076 sic
733 3047 788 3080 ait,
811 3045 939 3075 Cametas
950 3044 980 3073 in
990 3042 1140 3081 agrestibus
1150 3040 1273 3071 aedificiis
1286 3061 1293 3074 ‚
1314 3048 1350 3067 ex

225 3099 257 3118 ea
267 3088 380 3118 materia
388 3087 484 3117 utilius
496 3086 549 3115 erit
558 3086 677 3114 formare
687 3107 695 3120 ,
717 3094 776 3121 quae
784 3083 865 3113 facile
876 3082 1035 3112 invenietur
1043 3081 1072 3109 in
1081 3079 1157 3109 villa.
1196 3078 1292 3115 Itaque
1303 3085 1351 3106 aut

225 3126 326 3156 tabulis
337 3126 472 3155 faciemus
483 3146 492 3159 ,
513 3131 561 3153 aut
571 3123 668 3153 cannis
677 3144 686 3157 ,
707 3122 762 3151 hoc
772 3130 883 3159 genere.

189 3164 211 3195 C
222 3175 239 3193 A
250 3174 268 3192 Ν
280 3174 300 3193 Ν
310 3175 332 3192 is
343 3185 352 3198 ,
373 3172 459 3192 arum.
481 3168 590 3191 tantum
606 3160 644 3199 pl.
667 3159 807 3196 [Koiuvou]
828 3159 921 3193 Vicus,
931 3158 967 3187 ad
981 3156 1110 3186 Aul-idum
1124 3154 1250 3188 fluvium⁷
1261 3162 1351 3191 prope

229 3202 378 3231 Canusium
389 3201 417 3229 in
433 3199 531 3237 Apulia
540 3200 604 3228 situs
617 3220 625 3233 ,
646 3197 745 3236 populi
755 3197 875 3227 Romani
887 3195 966 3225 clade
977 3195 1010 3224 ab
1023 3193 1158 3224 Annibale
1172 3198 1288 3229 accepta
1299 3191 1353 3219 cla-

228 3249 292 3274 rus,
313 3239 349 3269 de
371 3248 424 3276 qua
446 3238 478 3268 V.
496 3237 606 3268 Livium
624 3235 673 3265 lib.
687 3244 732 3266 22.
758 3235 785 3265 ἃ
804 3233 927 3272 reliquos
949 3233 1138 3263 Romanarum
1158 3239 1252 3260 rerum
1267 3228 1351 3266 scrip-

228 3283 310 3305 tores.

229 3312 331 3350 Lybica
341 3313 474 3343 succensae
486 3312 616 3350 lampade
625 3311 736 3341 Cannae.
752 3309 854 3340 Lucan.
869 3308 1016 3345 lib.7.800.
1028 3305 1178 3336 Succenffl
1188 3310 1279 3339 vocat,
1291 3303 1355 3341 quia

251 3353 345 3394 omnia
357 3360 473 3388 corpora
484 3351 674 3380 Romanorum
687 3348 753 3378 caesa
765 3348 840 3386 apud
857 3347 966 3377 Carinas
977 3345 1131 3374 secundum
1142 3343 1250 3372 Livium
1270 3343 1282 3378 (
1295 3350 1355 3378 quoe

252 3389 451 3454 ‹humaunis-igit?
462 3388 550 3418 millia
562 3387 641 3417 fuiffe
654 3387 808 3423 dicuntur)
827 3385 902 3421 juffit
914 3383 1059 3418 comburi,
1083 3383 1109 3412 δι
1122 3380 1268 3419 sepulturae
1279 3389 1358 3408 man-

279 3435 316 3454 ari
348 3435 395 3454 nni
418 3436 432 3454 a
445 3448 452 3455 .

197 3463 274 3508 CAlN
286 3472 304 3505 Ν
315 3473 357 3491 RN
365 3473 381 3504 ,⁵
391 3473 398 3490 1
410 3473 421 3492 s
435 3484 442 3497 ‚
463 3472 487 3492 e.
507 3463 567 3499 Adj.
589 3462 763 3496 Cannenses,
797 3459 897 3498 Populi
913 3459 1024 3490 Cannas
1043 3455 1230 3487 inhabitantes
1242 3476 1251 3489 ‚
1287 3460 1357 3492 quos

235 3500 427 3543 Carine-usibus
439 3501 464 3529 δι
474 3500 620 3530 Collatinis
634 3500 725 3537 jungit
739 3499 807 3529 Plin.
825 3499 874 3528 lib.
888 3506 912 3534 3.
930 3507 990 3535 cap.
1011 3505 1054 3526 11.

236 3537 383 3566 Calamitas
396 3538 553 3567 Cannensis.
579 3538 638 3567 Cic.
652 3538 687 3567 de
697 3537 770 3567 Clar.
786 3537 863 3567 Orat.
881 3545 923 3565 12.
1159 3547 1161 3549 ·

237 3574 410 3617 Cannensem
421 3575 574 3609 cursorem,
588 3575 733 3604 Titinnius
750 3584 800 3613 pro
815 3575 914 3604 Pistore
925 3572 1004 3602 dixit.
1025 3570 1127 3601 Festus.
1168 3567 1219 3604 [Si
1240 3567 1303 3596 sana
1316 3567 1357 3596 le-

257 3614 312 3641 ctio
324 3612 370 3640 est.
411 3612 440 3640 V.
462 3620 519 3642 not.
535 3613 633 3649 Scalig.
651 3614 677 3642 ἃ
693 3613 787 3642 Dacer.
809 3612 908 3642 Forsan
928 3611 979 3641 Pro
992 3610 1098 3648 pastore
1113 3606 1300 3637 scribendum.

238 3649 334 3685 Pugna
344 3649 501 3679 Cannensis.
524 3651 645 3687 l'ropert.
664 3650 712 3679 lib.
731 3659 754 3683 3.
770 3660 793 3685 3.
809 3661 851 3679 io.

238 3686 332 3729 Pugna
346 3686 493 3716 Cannensis
505 3709 512 3722 ,
535 3688 647 3724 figurate
661 3698 711 3723 pro
727 3688 809 3717 Caede
824 3688 870 3717 illa
885 3687 911 3717 &
932 3684 1135 3723 proscriptione
1149 3680 1259 3718 Syllana
1269 3701 1277 3715 ‚
1299 3689 1359 3716 quae

259 3724 321 3753 urbi
332 3723 460 3769 Rom-anie
471 3725 646 3754 funestissima
656 3726 743 3755 fuit&
754 3723 981 3755 calamitosissima
989 3744 997 3758 ,
1019 3728 1133 3760 propter
1145 3726 1186 3748 tot
1196 3719 1301 3747 civium
1313 3727 1361 3745 ne-

260 3770 330 3790 cem.
376 3761 432 3803 Lic..
444 3771 493 3798 pro
504 3762 581 3791 Rosc.
599 3763 686 3791 Amer.
701 3769 745 3798 89.
773 3763 816 3792 Te
834 3771 927 3800 pugna
948 3761 1099 3789 Cannensis
1120 3756 1306 3787 accusatorem
1321 3754 1360 3783 sat

261 3798 368 3828 bonum
379 3798 452 3841 facit.
493 3798 564 3828 Nam
576 3800 601 3828 Sc
612 3799 747 3829 Arnobius
761 3800 798 3829 ita
814 3800 908 3829 scribit
926 3799 962 3828 ad
980 3799 1057 3827 hunc
1073 3797 1167 3825 locum
1185 3793 1335 3831 respiciens
1353 3801 1361 3821 ε

262 3835 352 3874 potest
366 3835 477 3877 quidem
488 3836 652 3878 proscriptio
673 3838 931 3873 (quemadmodum
944 3835 1055 3866 Tullius
1076 3834 1171 3868 ludit)
1191 3840 1284 3869 pugna
1303 3830 1361 3859 dici

261 3872 448 3910 appellarique
460 3873 616 3902 Cannensis.
655 3874 687 3902 Et
697 3875 733 3903 ita
748 3874 855 3911 prorsus
869 3874 962 3903 locum
979 3874 1053 3902 hunc
1076 3869 1277 3909 explicandum
1291 3867 1363 3896 arbi-

262 3916 329 3954 tro'r.
371 3909 441 3938 Nam
454 3918 697 3953 orzitores'quoqite
712 3920 745 3940 ex
761 3912 895 3941 Cannensi
911 3918 1038 3945 caterva,
1059 3908 1197 3946 ignobiles
1213 3905 1361 3940 vocabant,

264 3958 312 3984 qui
323 3957 356 3976 eo
367 3953 493 3990 tempore
505 3947 598 3976 multis
614 3948 686 3976 musis
696 3969 704 3982 ,
729 3950 754 3977 δι
773 3948 984 3978 facundioribus
998 3947 1150 3976 intersectis
1168 3950 1216 3975 aut
1227 3943 1360 3978 mortuis,

264 3992 382 4024 repente
396 3990 570 4021 extiterunt,
591 3986 616 4015 6<
627 3985 662 4015 ad
675 3985 766 4015 causas
778 3988 804 4016 δι
826 3987 931 4022 judicia
949 3984 1129 4016 accesserunt.
1168 3983 1216 4015 Sic
1234 3980 1360 4012 Turneb-

2451 3993 2555 4030 Grandi!
