2667 4145
186 128 224 178 4
783 101 822 153 P
849 99 896 150 R
931 98 991 150 AE
1024 95 1060 145 F
1095 93 1145 144 A
1179 89 1230 142 T
1264 90 1282 140 1
1318 88 1369 138 0
1441 83 1565 138 Edit.
1594 68 1790 136 Lanam.
1826 96 1996 150 1733.

198 219 222 234 “
246 233 340 242 ·-—-·
365 212 452 250 Non
472 209 597 246 dubito
615 213 732 244 autem
754 204 897 251 Papiam
918 197 1090 249 plerisque
1107 195 1212 231 etiam
1230 194 1350 229 bono..

199 268 222 284 “
249 275 326 300 rum
348 261 528 297 auctorum
550 254 799 303 interpretibus
816 252 915 288 usum
931 249 991 295 qui
1014 244 1125 282 hodie
1150 243 1255 279 nobis
1277 242 1351 278 fue-

200 316 225 332 “
250 318 341 348 runt.
390 304 624 346 Curiofiffime
645 305 742 340 enim
766 302 888 338 omnia
906 293 1057 333 corrasit.
1108 291 1238 340 Neque
1264 301 1351 327 vero

199 366 222 380 ⁰⁵
247 359 347 397 facile
362 368 474 406 genus
493 353 639 401 aliquod
657 351 740 388 vafis
755 378 765 392 ,
793 346 957 385 mensurae
969 371 978 385 ‚
1013 341 1136 391 poculi
1155 347 1213 377 aut
1230 340 1354 377 instru-

203 414 226 430 “
251 408 361 445 menti
384 405 523 441 alterius
539 401 666 439 omisit.
717 399 765 436 Ut
780 397 926 444 suspicer
947 392 1135 440 plerosque
1151 388 1354 427 Glossarum

202 463 225 477 “
250 456 495 493 sarcinatores,
523 452 649 500 quibus
668 458 817 496 magnos
834 445 865 480 se
876 444 1034 479 fecerunt
1051 441 1159 477 nostri
1175 437 1355 475 aevimulti

205 511 229 526 ‘⁵
255 502 439 541 dossissimi
459 502 546 541 viri,
578 499 679 546 hujus
708 498 891 532 minorum
912 491 1075 538 gentium
1100 487 1356 526 Grammatistae

204 557 226 574 ‘⁸
253 550 509 590 commentaria
533 548 590 584 vel
610 542 818 583 contraxisse
829 541 886 577 vel
902 538 1084 587 sublegisse
1096 536 1240 584 Virgilii
1254 564 1262 579 ‚
1279 535 1357 573 Ho-

201 608 224 623 “
248 603 324 638 ratii
339 628 350 644 ,
375 598 575 649 Juvenalis,
601 594 766 632 Martiani
785 596 1089 627 commentatores
1103 587 1220 624 laudat
1239 586 1358 622 1101111-

201 656 224 673 “
249 651 360 687 natim
393 650 430 685 in
458 646 670 695 praefatione.
742 641 839 679 Inter
871 637 1135 675 Grammaticos
1169 634 1355 675 Everium,

201 705 225 722 “
250 711 358 748 quem
379 708 446 745 ego
482 694 597 731 nullus
627 691 734 732 novi,
759 691 796 733 &
825 687 1023 726 tuentium
1039 686 1224 723 Placitum.
1284 683 1357 721 Ad-

201 754 225 771 “
248 748 330 784 vers.
348 758 376 791 3.
392 758 421 790 3.
462 743 514 782 Ex
532 741 740 778 melioribus
764 737 945 776 Glossariis
968 742 1071 772 notat
1098 734 1220 782 Papias
1244 731 1358 770 Accu-

203 803 225 819 “
251 798 332 833 bare
352 802 431 831 toto
454 802 627 839 corpore,
656 789 878 827 Accumbere
900 785 1045 824 Cubito.
1104 782 1204 820 ldem
1225 793 1279 827 35.
1302 793 1355 817 11.

202 852 226 869 ⁴⁶
249 843 505 883 Glossariorum
528 847 688 876 veterum
710 837 905 884 exscriptor
931 836 965 871 &
999 833 1118 870 auCtor
1145 832 1297 878 diligens
1319 830 1355 866 &

204 900 228 916 “
254 892 417 940 copiosus
444 889 567 937 Papias
592 887 771 935 Magister.
803 898 859 930 35.
880 891 934 921 16.
985 883 1075 920 Sane
1090 883 1127 918 in
1143 880 1207 918 illo
1229 879 1357 916 Gram-

203 948 226 965 “
251 942 381 978 matico
401 941 540 987 optima
559 948 707 987 quaeque
727 947 802 972 non
828 932 1002 971 incuriose
1023 931 1190 968 adnotata
1201 929 1355 975 sunt.35.

203 998 226 1014 “
252 1002 307 1028 22.
357 988 480 1036 Papias
498 993 678 1024 enarrator
696 985 769 1022 hoc
782 995 894 1032 genus
912 982 1135 1029 Scriptorum
1148 980 1284 1016 unicus.
1298 984 1354 1021 36.

218 1046 227 1061 ‘
252 1051 286 1086 7.
336 1037 693 1076 Commentariorum
711 1036 747 1070 in
770 1032 912 1071 Boethii
927 1032 1058 1068 librum
1079 1028 1122 1065 de
1143 1027 1358 1065 consolatio-

203 1095 227 1112 “
253 1101 298 1126 ne
318 1086 556 1136 philosophiae
576 1097 653 1121 non
674 1085 820 1120 minima
841 1081 929 1118 olim
951 1080 1017 1117 fuit
1037 1078 1240 1119 auctoritas,
1265 1087 1355 1124 quos

202 1145 224 1161 “
250 1138 406 1175 secutum
431 1136 463 1172 se
484 1135 520 1171 &
552 1132 761 1181 exscripsisse
793 1136 970 1167 memorat
997 1128 1118 1176 Papias
1150 1126 1358 1174 praesatione

203 1194 226 1209 “
251 1188 299 1224 sui
325 1184 584 1223 Glossariorum
599 1183 724 1220 acervi.
754 1188 808 1227 56.
827 1192 880 1216 10.
929 1178 1091 1226 Scriptor
1106 1174 1301 1214 utilissimus
1314 1173 1357 1210 ad

204 1243 228 1258 “
253 1235 491 1274 Christianum
510 1232 542 1269 la
571 1233 610 1270 sae
636 1231 817 1268 latinitatis
843 1239 967 1266 aevum.
992 1239 1025 1273 4.
1048 1239 1101 1269 19·
1154 1224 1266 1262 Fausti
1284 1224 1359 1261 Ro-

203 1292 226 1306 “
252 1286 348 1323 mani
368 1282 504 1333 gloffae‚
557 1282 721 1329 criptoris
737 1278 827 1316 adeo
848 1277 955 1326 probi
972 1275 1148 1313 &eruditi
1166 1280 1205 1311 ut
1217 1273 1358 1310 nullum

205 1340 230 1355 ⁶‘
255 1334 372 1372 adhuc
389 1333 540 1369 viderim
562 1342 671 1379 quem
699 1329 752 1366 illi
776 1328 938 1377 praeferre
959 1325 1088 1367 velim,
1121 1326 1194 1372 ejus
1213 1322 1360 1371 quidem

206 1389 230 1405 “
255 1383 421 1432 generis..
456 1380 548 1419 Eum
568 1381 775 1427 scriptorem
793 1378 864 1414 sere
882 1383 1001 1412 totum
1014 1401 1025 1416 ‚
1052 1381 1147 1411 certe
1165 1374 1359 1409 maximam

205 1438 230 1454 “
257 1438 393 1481 partem
419 1427 596 1477 exscripsit
614 1429 797 1465 minorum
821 1427 983 1474 gentium
1005 1422 1216 1471 Rhapsodus
1241 1420 1360 1468 Magi-

205 1487 229 1502 “
255 1482 321 1519 ster
338 1480 470 1528 Papias.
494 1490 548 1515 12.
574 1478 637 1516 ult.
686 1476 809 1525 Papias
828 1474 940 1512 multa
956 1472 1090 1511 Latinis
1108 1472 1265 1520 patribus
1282 1479 1358 1506 non

207 1536 231 1551 “
258 1530 395 1567 inutilia
415 1526 596 1575 congessit.
624 1537 680 1572 35.
703 1538 736 1572 4.
763 1524 969 1563 Romanum
989 1533 1131 1559 morem
1143 1521 1265 1569 paucis
1279 1529 1360 1555 om-

207 1585 229 1602 “
254 1591 338 1617 nem
356 1584 492 1615 enarrat
509 1575 631 1625 Papias
647 1574 816 1623 Magister
832 1575 869 1610 in
890 1572 1127 1612 Dictionario,
1156 1571 1219 1618 qui
1241 1567 1298 1605 vel
1312 1579 1358 1604 ex

206 1635 229 1649 “
254 1627 357 1667 Persii
375 1626 517 1675 aliisque
537 1625 736 1663 Scholiastis
757 1623 814 1660 sua
832 1619 1032 1670 exscripsit,
1059 1619 1117 1656 vel
1134 1618 1186 1655 illi
1201 1630 1245 1655 ex
1269 1616 1358 1666 ipso,

206 1683 230 1699 “
252 1677 310 1715 vel
328 1689 373 1714 ex
393 1676 650 1725 antiquioribus
671 1673 790 1710 ambo.
816 1683 871 1717 35.
895 1683 946 1718 15.
998 1668 1113 1717 sagax
1131 1668 1192 1705 ille
1212 1667 1361 1704 &labo-

208 1732 231 1747 “
258 1728 367 1764 riorus
394 1724 572 1773 Magister.
599 1723 684 1761 ibid.
699 1726 718 1740 ''
776 1721 917 1768 Quibus
939 1718 1128 1756 luculentis
1147 1716 1358 1754 testimoniis

205 1776 295 1815 adde
319 1787 395 1824 quae
417 1774 523 1810 habet
543 1771 713 1808 Tritbemius
745 1770 789 1808 de
821 1769 1060 1819 Scriptoribus
1086 1765 1357 1810 Ecclefiasticis3

205 1830 228 1845 “
254 1824 375 1871 Papias
399 1825 545 1860 natione
563 1818 812 1860 Lombardus:
841 1822 894 1857 vir
910 1817 1127 1855 saecularibus
1142 1816 1267 1853 litteris
1282 1826 1360 1851 eru-

205 1878 230 1895 “
256 1872 456 1914 ditiffimus,
484 1870 744 1908 Grammaticus
765 1869 855 1906 olim
878 1868 940 1905 suo
959 1874 1124 1915 tempore
1144 1863 1358 1904 clariffimus‚

173 1929 179 1931 ”
207 1928 230 1943 “
256 1934 374 1972 graeco
397 1923 432 1958 &
454 1921 565 1958 latino
585 1920 747 1957 sermone
770 1918 814 1955 ad
845 1916 993 1967 plenum
1014 1915 1215 1952 instruitus:
1243 1915 1281 1950 in
1309 1913 1361 1948 di·-

206 1977 230 1993 “
255 1973 346 2008 vinis
381 1982 526 2020 quoque
550 1969 726 2017 scripturis
759 1979 836 2005 non
863 1966 1095 2005 mediocriter
1129 1964 1358 2002 exercitatus:

205 2025 229 2042 “
255 2019 397 2068 Scripsit
421 2020 570 2068 gemino
596 2018 686 2068 stylo
716 2019 754 2054 in
793 2024 940 2065 utraque
970 2015 1165 2051 litteratura
1199 2011 1361 2062 quaedam

207 2075 229 2091 “
256 2070 398 2119 egregia
424 2068 612 2117 opuscula,
651 2080 671 2105 e
697 2066 825 2115 quibus
844 2075 957 2114 pauca
977 2063 1021 2101 ad
1044 2062 1212 2100 notitiam
1240 2072 1358 2098 meam

205 2125 228 2140 “
250 2125 499 2167 pervenerunt.

255 2167 345 2206 “De
362 2167 488 2205 ordine
504 2164 647 2202 dicendi
840 2162 877 2200 li.
893 2175 921 2200 1.
1292 2158 1358 2204 (ni.

257 2221 279 2236 “
288 2216 347 2255 De
363 2216 492 2264 linguae
503 2216 618 2252 latinae
634 2213 816 2251 vocabulis
840 2212 875 2249 li.
883 2225 896 2249 1
905 2210 1021 2250 ,Olim
1031 2211 1068 2247 in
1076 2208 1148 2247 hoc
1157 2207 1252 2246 libro
1262 2209 1361 2246 inve-

255 2264 524 2313 “Epistolarum
537 2263 580 2300 ad
596 2263 750 2299 diversos
840 2260 876 2298 li.
891 2274 921 2298 1.

277 2313 420 2353 Pam-s
445 2311 727 2352 Vocabularium
743 2310 812 2348 five
821 2308 1116 2350 Erudirnentum,
1137 2314 1179 2345 ut
1197 2312 1360 2347 vocatur,

206 2363 484 2403 Elementarium
499 2362 621 2411 saepius
639 2368 711 2397 erat
731 2360 842 2408 praelo
869 2356 1096 2395 commissum
1114 2383 1124 2399 ,
1158 2355 1362 2404 Mediolani

207 2413 250 2450 [0,
272 2419 374 2459 1476.
402 2424 464 2461 per
490 2414 676 2446 Dominicum
696 2410 731 2443 de
748 2410 898 2454 chjmlate.
925 2407 1053 2445 Venet.
1067 2413 1170 2453 1485.
1184 2417 1247 2453 per
1257 2405 1359 2439 Andr.

207 2462 243 2497 de
268 2463 386 2496 Ronetis.
411 2461 617 2508 Iterumque
641 2458 726 2495 ibid.
764 2464 867 2504 1487.
891 2469 993 2504 149¹-
1018 2456 1054 2492 &
1071 2462 1175 2500 1496.
1209 2452 1264 2492 Ex
1283 2463 1358 2502 quo

207 2519 372 2559 tempore
405 2512 467 2547 vix
484 2508 594 2546 credo
627 2507 724 2544 fuisse
758 2505 984 2555 impressum,
1011 2504 1068 2541 vel
1089 2505 1127 2541 in
1141 2503 1261 2541 lucem
1275 2513 1361 2551 pro-

209 2559 306 2598 diiss‘e
324 2570 457 2596 novam
480 2558 678 2595 editionem
697 2568 804 2604 quam
824 2555 973 2592 molitus
1000 2554 1048 2590 est
1067 2552 1211 2598 Johannes
1233 2550 1357 2598 Lydius,

209 2616 250 2647 ut
276 2608 438 2646 discimus
467 2619 512 2644 ex
536 2608 626 2651 Isaaci
654 2609 776 2639 Pontam'
795 2605 904 2641 literis
928 2603 972 2640 ad
994 2602 1087 2646 Stepb.
1106 2601 1293 2645 Stephanium
1314 2610 1360 2637 ex

208 2666 296 2707 part.
320 2669 379 2694 xi.
403 2660 503 2690 Cranii
525 2653 763 2694 Animadvers.
790 2653 910 2691 Edidit
933 2659 1099 2701 praeterea
1120 2651 1196 2686 Elias
1217 2649 1360 2692 Putschius

208 2710 300 2745 iuter
327 2705 588 2744 Grammaticos
625 2710 760 2740 veteres
789 2702 1047 2752 explicationes
1078 2706 1246 2737 notarum
1265 2703 1361 2737 vete·-

206 2768 289 2794 rum
307 2767 353 2794 ex
370 2753 517 2794 Papia
535 2751 722 2791 Glossario.
758 2753 776 2797 †

483 2851 542 2891 De
564 2849 852 2889 Huouvous
875 2846 944 2884 five
964 2845 1241 2886 UGUT10N2‚
1275 2855 1360 2882 nam

442 2908 598 2950 utroque
622 2899 736 2937 modo
758 2898 935 2937 scribitur,
964 2908 1073 2944 quem
1092 2895 1217 2932 itidem
1236 2893 1361 2931 exscri-

209 2951 275 3001 psit
290 2951 457 2987 Catholicon
477 2961 588 2998 pauca
618 2947 817 2985 admodum
843 2946 1036 2994 suppetunt
1066 2943 1225 2981 dicenda.
1279 2942 1361 2980 Fuit

209 3001 269 3040 ille
293 3002 438 3038 natione
456 2998 615 3040 Pisanus,
643 2996 837 3045 Episcopus
867 3000 986 3032 autem
1004 2992 1030 3030 F
1034 2991 1237 3030 errarienfis.
1288 2990 1361 3029 PA-

210 3061 326 3088 ,IAM
352 3049 493 3098 excepit
519 3050 556 3086 &
576 3046 733 3084 fimiliter
756 3043 864 3082 exseri
892 3041 941 3080 fit.
1001 3041 1083 3089 Ejus
1104 3043 1246 3079 obitum
1269 3042 1363 3078 circa

209 3099 250 3138 A.
271 3110 427 3135 mccx]
451 3111 477 3134 1.
516 3097 632 3135 statuit
651 3094 758 3141 Ughell.
782 3092 858 3132 Ital.
885 3093 945 3128 ac.
962 3090 1005 3128 T.
1022 3103 1102 3141 2.p.
1117 3098 1196 3136 576.
1212 3091 1273 3138 qui
1285 3089 1361 3127 haec

211 3147 254 3185 de
271 3147 416 3184 homine
435 3145 574 3194 scripsit.
612 3147 633 3163 “
644 3143 728 3192 Ugo
744 3142 813 3179 sive
823 3140 989 3190 Uguccio
999 3140 1122 3178 floruit
1134 3140 1242 3178 Anno
1257 3145 1359 3183 1196.

211 3200 234 3215 “
259 3197 296 3233 in
318 3196 562 3232 monumentis
586 3200 705 3231 autem
725 3192 882 3230 Abbatiae
905 3189 1169 3227 Nonantulanae
1191 3187 1276 3235 Ugo
1303 3199 1363 3236 ap-

212 3248 233 3263 “
259 3244 428 3292 pellatur,
454 3255 548 3281 anno
570 3255 672 3288 1197.
702 3252 796 3278 anno
817 3250 903 3277 vero
926 3250 1029 3282 1199.
1052 3237 1109 3275 die
1128 3237 1249 3274 octava
1264 3248 1364 3275 men-

212 3297 234 3313 “
259 3292 301 3330 sis
331 3292 546 3340 Septembris
567 3293 603 3329 111
631 3292 791 3328 savorem
810 3288 1058 3327 Nonantulani
1073 3286 1219 3325 Abbatis
1237 3292 1363 3322 contra

212 3346 235 3361 “
260 3340 500 3379 Mutinensem
516 3338 732 3388 Episcopum
748 3338 829 3376 tulit
848 3335 1066 3374 sententiam.
1112 3334 1200 3373 Fato
1219 3332 1364 3371 conces-

211 3388 296 3427 “·fit
312 3391 403 3427 circa
419 3401 551 3426 annum
575 3400 673 3426 1212.
698 3391 716 3405 ²'
766 3387 909 3432 Quibus
933 3383 1095 3422 addenda
1110 3384 1188 3422 sunt
1208 3394 1287 3431 quae
1304 3382 1365 3419 ha-

210 3439 272 3478 bet
296 3437 430 3476 Chron.
477 3436 718 3476 Nonantulan.
743 3434 822 3474 MS.

208 2875 404 2907 Hucurro.

880 3437 903 3452 “
929 3432 994 3470 Per
1011 3434 1085 3471 haec
1105 3440 1268 3481 tempora
1295 3432 1361 3477 (sc.

247 3535 312 3572 [a]
333 3535 384 3570 Ugo
397 3533 451 3563 five
471 3535 577 3569 Uguce-io
587 3532 740 3570 Episcopus
749 3529 926 3562 Ferrariensrs
941 3530 970 3560 Α.
985 3538 1066 3565 ¹¹9²·
1084 3527 1246 3558 'theobaldi
1254 3550 1263 3564 ‚
1280 3537 1364 3567 quem

211 3574 322 3610 excepit
335 3572 440 3606 noster,
462 3571 593 3600 decessor.
631 3574 700 3605 Hngo
712 3570 764 3599 five
784 3571 893 3605 Hugutia
907 3567 1050 3598 Romanus
1067 3566 1221 3596 Cardinalis
1243 3567 1289 3597 SS.
1312 3567 1365 3597 Sil·
1417 3565 1438 3580 “

209 3611 325 3641 vestri&
338 3609 449 3637 Martini
461 3609 488 3636 in
501 3607 645 3637 Montibus
662 3617 677 3636 a
702 3608 728 3636 P.
744 3607 784 3637 M.
797 3607 949 3637 Coelestino
966 3615 1026 3634 111.
1044 3610 1152 3634 creatus
1171 3605 1201 3633 A.
1219 3613 1299 3640 1191.
1313 3605 1363 3634 hu-

211 3648 284 3679 mani
296 3647 435 3682 divinique
449 3646 516 3681 juris
534 3645 573 3674 sui
593 3645 726 3681 temporis
737 3644 914 3682 peritiffimus
926 3665 934 3679 ‚
955 3642 1067 3680 aliique.

247 3685 307 3721 [b]
329 3686 347 3700 ⁸⁸
367 3684 436 3720 Quae
455 3689 520 3712 ante
532 3683 675 3712 conditam
698 3681 911 3711 condendamve
928 3681 1041 3714 urbem,
1069 3679 1188 3717 poeticis
1207 3678 1295 3716 magis
1314 3678 1364 3708 de-

210 3723 229 3738 “
249 3731 312 3753 cora
330 3720 429 3749 fabulis
440 3730 523 3757 quarn
542 3720 706 3756 incorruptis
721 3728 810 3747 rerum
826 3720 959 3755 gestarum
984 3718 1175 3747 monumentis
1194 3718 1359 3750 traduntur,

242 3781 452 3856 ἷῒίέυέἑὲιεόἓῑ
468 3780 494 3823 se
511 3781 540 3809 in
558 3781 635 3809 MSS.
657 3781 738 3808 codd.
751 3778 969 3808 animadvertisse
985 3779 1024 3807 du
1043 3778 1146 3815 Gange.

234 3857 315 3922 jvw'
336 3826 621 3898 Prod'iireisggtitulo,
642 3851 1004 3896 compendium'fflchimiae
1021 3852 1133 3896 Ioannis
1148 3852 1290 3883 Garlandii
1305 3852 1360 3882 An-

203 3892 241 3931 gli
257 3896 272 3922 P
297 3892 412 3936 ilosophr
432 3891 600 3921 Dostilhmi:
624 3900 687 3920 cum
711 3892 880 3920 uictionano
899 3891 1023 3925 ejusdem
1042 3897 1125 3925 artis,
1146 3897 1228 3927 atque
1240 3891 1276 3921 de
1297 3891 1360 3921 Me·

203 3931 333 3961 tallorum
350 3932 489 3964 tinctura,
510 3930 763 3967 praeparationeque
774 3928 930 3958 eorundem
942 3926 1039 3956 libello
1051 3948 1060 3963 ,
1080 3935 1145 3957 ante
1163 3936 1254 3958 annon
1274 3935 1359 3957 nxx.

1407 193 1429 209 ‘¹
1454 203 1477 224 c.
1495 187 1680 232 A.1192.)
1717 187 1824 235 Agno
1848 185 1989 233 Ugutio
2011 184 2157 221 natione
2179 181 2339 224 Pisanus,
2364 175 2560 229 Episcopus

1406 243 1429 257 ‘⁶
1455 235 1696 277 FerrariensiS,
1725 238 1786 283 qui
1805 236 1907 272 datus
1927 246 1944 270 a
1962 233 2041 270 sede
2064 231 2266 280 Apostolica
2279 230 2479 277 Coadjutor
2491 231 2563 267 Ab·-

1408 292 1430 307 “
1456 289 1527 324 bati
1551 286 1757 323 llflonasterii
1782 283 2030 322 Nonantulani
2052 282 2210 330 prodigo
2236 281 2378 317 homini
2399 291 2445 315 ex
2466 277 2560 315 libro

1408 341 1431 355 ‘⁶
1456 336 1569 384 Papiae
1591 336 1652 383 qui
1676 333 1749 369 illic
1777 333 1824 370 est
1852 332 1986 369 librum
2003 330 2282 368 Derivationum
2305 325 2519 376 composuit.
2544 331 2562 344 ’³

1407 385 1450 424 Et
1468 382 1667 422 accomode
1685 394 1823 419 nornen
1844 381 1946 418 suum
1969 381 2004 416 &
2017 381 2169 428 patriam
2190 378 2314 425 prodit
2331 379 2368 414 in
2387 376 2562 425 praefatio-

1406 448 1452 472 ne
1473 434 1517 470 ad
1537 431 1771 473 Glossarium,
1803 430 1903 479 quod
1929 430 2097 465 nondum
2117 435 2159 464 ut
2182 426 2287 463 sciam
2305 434 2342 475 ty
2372 424 2398 462 is
2421 424 2564 471 evulga-

1405 491 1529 532 gatum
1547 481 1656 518 hodie
1675 479 1844 516 delitescit
1866 477 1945 516 MS.
1959 479 1996 513 in
2018 474 2202 513 nonnullis
2212 475 2345 513 Bibliot
2374 477 2453 511 eciS.
2498 472 2569 509 “Si

1408 536 1430 551 “
1458 533 1536 579 quis
1569 536 1700 578 quaerat
1728 540 1750 565 0
1780 530 1847 564 eris
1876 528 1981 564 hu‘us
2002 527 2080 574 quis
2109 524 2205 561 36101
2230 523 2276 569 (s.
2294 524 2417 569 αιιὲῖον)
2440 522 2567 564 fuerit,

1410 585 1431 599 ‘⁶
1456 580 1651 616 dicendum
1670 577 1735 620 est,
1796 589 1867 614 eus.
1919 597 1921 600 -
1944 576 2102 622 iquaerat
2121 572 2223 622 quod
2239 573 2359 620 operis
2371 572 2475 616 huius
2493 572 2568 609 fue-

1410 633 1432 649 “
1458 631 1502 666 rit
1519 629 1812 668 instrumentum,
1840 623 2131 672 respondendum
2152 622 2219 664 est,
2258 621 2356 669 quod
2379 623 2488 668 patria
2509 619 2567 658 Pi.

1411 683 1433 698 '‘
1459 678 1557 715 sanus
1583 676 1733 712 nomine
1759 675 1934 723 Hugutio.
1954 676 1970 690 ’²
2031 670 2299 709 Vocabulistam
2319 670 2483 706 nostrum
2506 669 2568 706 ali-

1435 728 1551 766 uoties
1568 724 1688 762 laudat
1713 723 1900 762 Boccatius
1919 725 1956 759 in
1979 720 2073 757 libro
2092 719 2136 756 de
2150 719 2363 767 genealogia
2383 717 2565 756 Deorum.

1409 741 1466 817 {ln
1490 776 1586 812 idem
1606 772 1648 810 fit
1668 772 1727 810 ille
1743 772 1967 811 Hueumo
2003 771 2065 818 qui
2092 769 2227 806 librum
2256 766 2389 816 scripsit
2408 767 2453 803 de
2479 767 2565 805 Ani-

1409 825 1578 866 malibus,
1605 832 1714 872 quem
1738 822 1859 861 laudat
1875 832 1959 858 cum
1973 819 2123 856 Alberto
2139 818 2280 865 Magno
2296 816 2471 855 Steuchus
2488 827 2565 865 cap.

1413 887 1427 913 1
1441 889 1467 911 1.
1494 873 1782 912 Α11110131101111111
1804 872 1843 909 111
1858 868 2082 909 Leviticum‚
2108 879 2186 904 non
2206 869 2253 904 ita
2272 865 2376 902 facile
2397 866 2446 903 est
2460 865 2566 908 dieta,

1409 936 1495 962 cum
1511 934 1575 971 per
1595 921 1672 958 haec
1689 927 1856 969 tempora
1874 918 1995 968 plures
2014 918 2163 955 extitere
2181 916 2287 964 hujus
2304 916 2464 952 nominis
2489 926 2568 953 eru-

1408 973 1545 1010 ditione
1567 971 1734 1008 celebres.
1755 970 1794 1014 [a
1807 971 1835 1016 J.
2554 1006 2555 1009 Ἴ

1479 1021 1597 1069 Atque
1626 1018 1702 1056 haec
1717 1019 1884 1056 hasterius
1914 1016 2059 1054 liberius
2091 1017 2129 1062 ††
2157 1013 2297 1051 fortaffe
2326 1013 2567 1051 recensuimus

1434 1083 1519 1109 uam
1543 1070 1697 1107 materiae
1716 1068 1775 1105 vel
1787 1068 1940 1116 dignitas
1961 1065 2019 1102 vel
2039 1066 2147 1101 etiam
2163 1063 2295 1101 utilitas
2313 1063 2492 1111 postulare
2515 1064 2567 1100 vi-

1435 1127 1561 1158 eretur.
1611 1117 1781 1156 Restituta
1811 1122 1907 1154 certe
1921 1114 2091 1153 Latinitas
2117 1113 2226 1150 habet
2243 1113 2304 1149 ubi
2330 1112 2511 1149 honestius
2532 1112 2567 1149 se

1407 1170 1553 1220 gloriari
1573 1169 1732 1216 patiatur.
1794 1165 1842 1204 At
1858 1164 2020 1214 profesto
2043 1174 2127 1200 cum
2146 1174 2187 1199 ea
2203 1161 2416 1199 conditione
2443 1161 2500 1198 usa
2519 1162 2569 1199 est

1410 1232 1464 1257 res
1481 1218 1651 1259 literaria,
1678 1222 1718 1252 ut
1743 1228 1763 1252 a
1782 1216 1899 1264 parvis
1915 1212 2116 1251 admodum
2137 1212 2246 1248 initiis
2271 1211 2429 1259 profesta
2445 1209 2575 1249 sensim

1411 1267 1558 1308 crescat,
1587 1266 1624 1302 &
1642 1266 1776 1302 robore
1794 1263 1967 1312 paulatim
1976 1261 2190 1299 confirmato
2202 1289 2211 1303 ‚
2227 1260 2272 1297 ad
2281 1260 2463 1309 quendam
2473 1259 2570 1317 quasi

1411 1316 1601 1358 stabilitatis
1619 1313 1772 1362 gradum
1793 1313 1871 1351 sero
1901 1311 2048 1349 tandem
2071 1311 2257 1359 perveniat
2271 1336 2282 1352 ,
2308 1308 2462 1346 solemus
2485 1309 2572 1347 ideo

1412 1366 1671 1405 balbutientem
1697 1370 1810 1400 artem
1833 1369 1940 1411 atque
1972 1371 2124 1397 omnem
2144 1360 2252 1397 aetatis
2274 1359 2571 1401 imbecillitatem,

1412 1429 1498 1454 cum
1516 1412 1736 1462 jucunditate
1757 1411 1912 1461 quadam
1929 1409 2153 1458 conspicere:
2181 1414 2308 1446 contra
2326 1415 2431 1457 atque
2448 1410 2485 1445 in
2503 1420 2571 1457 po.

1412 1465 1602 1515 pulorum,
1627 1462 1773 1500 urbium
1783 1489 1792 1504 ,
1807 1462 2044 1509 gentiumque
2055 1459 2302 1496 monumentis
2316 1457 2455 1500 accidit,
2477 1469 2572 1506 quae,

1412 1527 1499 1553 cum
1517 1512 1608 1550 nihil
1630 1509 1694 1548 nisi
1717 1510 1849 1548 illustre
1873 1509 1910 1557 &
1928 1508 2116 1556 augustum
2139 1508 2178 1544 in
2196 1506 2261 1544 suis
2282 1507 2490 1555 primordiis
2505 1507 2572 1544 du..

1412 1571 1501 1602 cunt
1531 1561 1597 1599 esse
1629 1558 1893 1597 admittendum
1908 1586 1920 1600 ‚
1955 1556 2046 1594 mihi
2067 1555 2237 1594 videntur
2255 1557 2468 1605 praepostera
2486 1569 2582 1605 qua-7

1412 1614 1496 1650 dam
1531 1611 1748 1660 gloriatione
1774 1608 2003 1658 posterorum
2026 1606 2221 1644 hominum
2240 1604 2443 1643 socordiam
2463 1602 2576 1654 atque

1411 1662 1457 1699 ad
1476 1663 1611 1707 majora
1623 1658 1785 1708 quaedam
1802 1655 2013 1706 exequenda
2031 1655 2292 1693 hebetudinem
2304 1655 2492 1692 infeliciter
2510 1667 2572 1692 ex..

1410 1712 1581 1761 probrare
1608 1708 1690 1755 [bJ.
1737 1708 1915 1745 Miremur
1931 1715 2019 1753 ergo
2041 1703 2128 1754 quid
2138 1704 2230 1742 adeo
2241 1705 2394 1750 Erasmum
2413 1704 2574 1742 caeteros-

1412 1773 1482 1810 que
1501 1761 1619 1797 bonos
1641 1759 1738 1795 viros
1757 1754 2003 1797 extimulavit,
2027 1761 2070 1792 ut
2083 1752 2290 1802 hujusmodi
2316 1754 2580 1802 compilatores·

1413 1821 1491 1847 non
1512 1807 1660 1857 quidem
1686 1805 1731 1844 de
1755 1818 1793 1843 re
1815 1804 1966 1842 literaria
1995 1802 2162 1851 praeclare
2192 1804 2358 1846 meritos,
2384 1804 2504 1853 aliqua
2524 1810 2575 1840 ta-

1414 1870 1499 1896 men
1516 1867 1637 1898 tenuS‚
1664 1864 1739 1893 tam
1758 1855 1884 1892 acriter
1901 1852 2130 1896 infestentur,
2157 1853 2193 1889 &
2210 1852 2423 1889 confodiant
2441 1865 2448 1888 :
2502 1852 2574 1890 Cu*

1418 1907 1565 1944 'usmodi
1588 1906 1666 1943 sunt
1692 1905 1753 1942 illa
1781 1915 1861 1954 quae
1885 1901 2026 1939 ludenti
2054 1901 2175 1939 similis
2194 1903 2333 1939 evomit
2349 1903 2389 1938 in
2406 1901 2572 1940 Conflict.

1448 1956 1548 1994 haliae
1578 1956 1613 1992 &
1641 1953 1836 1993 Barbariei:
1884 1955 1907 1969 “
1934 1951 2015 1990 TH.
2041 1950 2291 1990 Veruntamen
2309 1950 2367 1988 vel
2383 1963 2574 1989 numerare

1414 2009 1438 2024 “
1461 2006 1628 2053 incipias,
1653 2003 1680 2041 fi
1700 2012 1907 2042 enumerare
1925 2012 2003 2039 non
2025 1998 2182 2038 sufficias.
2231 1999 2300 2038 BA.
2349 2000 2574 2048 Praecipuum

1415 2058 1439 2074 ‘⁶
1462 2053 1924 2093 omniumFLoaisTAM
1950 2051 2013 2099 qui
2028 2062 2048 2087 a
2073 2049 2238 2088 Floribus
2261 2049 2402 2090 sortitus
2431 2050 2479 2087 est
2506 2062 2574 2088 no-

1413 2107 1438 2124 “
1460 2116 1555 2141 men.
1604 2102 1685 2141 TH.
1713 2101 1784 2140 Sed
1803 2112 1881 2152 non
1894 2101 1988 2137 bene
2006 2099 2197 2138 olentibus.
2248 2097 2317 2137 BA.
2343 2098 2490 2137 Deinde
2507 2098 2574 2138 ΡΑ..

1415 2157 1440 2173 “
1463 2165 1585 2191 PIAM.
1635 2151 1716 2190 TH.
1752 2148 2004 2189 Doffissimum
2031 2149 2068 2186 &
2108 2161 2219 2198 quem
2246 2150 2407 2197 primum
2425 2148 2573 2186 diceres.

1413 2206 1438 2222 ‘⁸
1463 2202 1531 2241 BA.
1568 2201 1713 2240 Deinde
1740 2199 2087 2239 Huou‘rlouem.
2143 2196 2224 2235 TH.
2261 2197 2455 2236 Eximium.
2502 2197 2573 2236 BA.

1415 2256 1439 2271 ‘⁶
1462 2252 1608 2291 Deinde
1641 2250 1933 2289 MicHAELr-:M
1971 2247 2254 2285 Momsmm.
2309 2247 2390 2286 TH.
2428 2246 2575 2285 Praecla-

1415 2305 1438 2321 “
1463 2314 1555 2339 rum.
1604 2299 1673 2338 BA.
1711 2298 1858 2338 Deinde
1885 2296 2110 2346 JAeossum
2153 2295 2449 2334 GLOSARIUM.
2490 2295 2572 2335 TH.

1414 2355 1439 2370 “
1464 2349 1677 2388 Mirabilem.
1728 2348 1796 2387 BA.
1821 2346 1865 2385 Et
1889 2358 2000 2396 quem
2018 2346 2188 2384 omnibus
2208 2347 2339 2383 merito
2354 2345 2574 2395 praetulerim

1415 2404 1439 2419 “
1463 2399 1584 2449 JOAN
1596 2411 1620 2436 N
1634 2410 1693 2436 EM
1718 2410 1743 2436 D
1754 2410 1775 2434 F.
1801 2395 1868 2434 GA
1879 2407 1996 2433 RLAN
2010 2407 2098 2437 0111,
2117 2397 2180 2443 qui
2191 2401 2287 2433 tanta
2298 2398 2492 2433 verborum
2505 2394 2574 2432 ele«

1415 2453 1440 2469 “
1464 2450 1602 2498 ganda,
1626 2455 1722 2485 tanta
1741 2447 1993 2484 sententiarum
2013 2444 2129 2493 pollet
2138 2445 2334 2490 majestate,
2348 2453 2386 2482 ut
2399 2445 2504 2494 pauci
2514 2443 2574 2480 ad-

1414 2502 1438 2543 ἔ*
1464 2497 1617 2536 modum
1627 2496 1693 2534 sint
1704 2497 1767 2546 qui
1778 2496 2019 2542 eumcapiant.
2032 2497 2049 2511 '²
2082 2492 2127 2531 Et
2137 2505 2216 2542 quae
2233 2493 2314 2531 lusit
2330 2498 2392 2531 Pet.
2404 2495 2573 2537 maheriis,

1513 2547 1637 2589 Pliaim,
1665 2549 1795 2581 Italicus,
1822 2544 1994 2592 Celsusque,
2020 2542 2176 2587 Apuleius,
2201 2545 2326 2586 Aratus,

1579 2600 1614 2630 Et
1630 2599 1809 2644 quicumque
1830 2592 1914 2628 honus
1920 2594 2062 2636 scriptor,
2082 2601 2191 2636 opertus
2209 2601 2284 2628 erat.

1512 2645 1620 2692 Infelix
1632 2644 1724 2689 plebes
1740 2645 1860 2686 Papiam
1878 2640 2101 2688 Ebrara'umque
2123 2642 2146 2666 'l‘
2172 2640 2285 2687 legebat

1575 2697 1746 2742 Scriptaque
1760 2690 1922 2727 Barbaricas
1939 2694 1994 2725 vix
2013 2689 2081 2724 hene
2099 2698 2168 2724 nota
2189 2691 2283 2724 Getis.

1514 2747 1550 2779 In
1564 2747 1655 2788 precio
1663 2743 1786 2791 fuerant
1806 2742 1928 2788 Uguitio
1950 2738 2186 2786 Catholiconque,

1576 2795 1682 2840 Atque
1700 2789 1889 2827 Mamotreffi
1909 2788 2076 2833 ftmilatina
2090 2787 2161 2822 lues.

1509 2843 1556 2876 At
1578 2854 1654 2877 nunc
1672 2838 1826 2886 auspicibus
1841 2838 1949 2883 fiaeperis
1966 2837 2089 2885 caeloque
2104 2834 2232 2880 chundo

1581 2890 1684 2926 Induit
1701 2891 1861 2936 antiquum
1882 2887 2003 2929 Romula
2021 2887 2121 2932 lingua
2134 2884 2235 2927 jubar.

1512 2943 1563 2977 sic
1583 2941 1637 2984 post
1657 2938 1784 2973 millenos
1800 2936 1858 2971 ales
1874 2934 2039 2980 reparabilia
2058 2945 2147 2969 annos

1574 2988 1695 3032 Abjeffilo
1714 2994 1838 3022 renovat
1856 2997 1938 3019 omne
1960 2984 2040 3018 decus
2049 2985 2138 3027 senio.
2306 3026 2309 3028 Ὗ

1737 3035 1779 3074 In
1804 3035 1897 3071 hanc
1918 3031 2058 3070 classem
2089 3031 2287 3080 abjeftioris
2305 3029 2504 3069 Latinitatis
2522 3043 2576 3070 rer-1

1708 3083 1917 3132 ferripotest
1935 3082 2179 3132 JOANNNES
2206 3092 2261 3118 DE
2289 3080 2577 3119 GARLANDIA

1709 3134 1871 3182 Anglus,
1907 3133 1968 3181 qui
1992 3131 2114 3169 floruit
2133 3130 2194 3168 sub
2211 3130 2347 3165 Haraldo
2372 3130 2412 3168 A,
2436 3133 2577 3167 circiter

1420 3193 1524 3230 1040.
1548 3182 1696 3232 Insignis
1726 3182 1988 3221 Grammaticus
2001 3207 2011 3225 ‚
2047 3179 2263 3229 Chymicu8,
2298 3179 2576 3217 Mathematicus

1417 3236 1453 3271 &
1482 3234 1706 3281 Theologus.
1765 3230 1981 3270 Prodierunt
2013 3231 2052 3267 in
2075 3229 2196 3268 lucem
2223 3231 2295 3276 eJus
2314 3228 2523 3278 Synonyma
2540 3230 2577 3266 80

1415 3285 1616 3332 AEquivoca
1643 3281 1777 3320 Colon.
1802 3292 1906 3327 1490.
1932 3279 2138 3327 Iterumque
2156 3290 2241 3315 cum
2257 3277 2482 3325 expositione
2503 3279 2577 3312 Gal-

1408 3333 1486 3379 fridt'
1502 3340 1566 3381 per
1582 3331 1741 3375 Ricardum
1763 3331 1870 3376 Pynsbn
1884 3328 2001 3367 Lond.
2027 3334 2128 3373 1496.
2159 3340 2192 3374 4.
2221 3327 2257 3364 δε
2275 3326 2404 3374 postea.
2463 3325 2579 3364 Com-

1414 3381 1534 3431 posuit
1565 3391 1712 3431 quoque
1740 3377 2007 3417 Distionarium
2033 3375 2353 3426 Alchymisticum‚
2387 3375 2574 3418 nondum,

1417 3431 1518 3480 quod
1535 3430 1662 3471 sciam,
1685 3428 1913 3477 publiciJ'uris
1936 3426 2074 3464 factum.
2103 3427 2178 3471 †††
2513 3472 2537 3510 S

2548 3485 2576 3509 1-

1417 3527 1438 3542 ‘⁸
1457 3536 1490 3557 ea
1508 3536 1561 3557 nec
1576 3526 1711 3557 affirmare
1722 3547 1731 3560 ‚
1752 3533 1805 3553 nec
1823 3522 1950 3553 refellere
1968 3523 1997 3551 in
2012 3523 2106 3552 animo
2123 3522 2171 3552 est.
2221 3520 2307 3552 Datur
2327 3519 2386 3550 haec
2402 3520 2483 3550 venia
2507 3521 2580 3550 anti.

1459 3565 1560 3602 quitati
1573 3586 1580 3600 ‚
1601 3571 1632 3594 ut
1649 3562 1792 3593 miscendo
1818 3562 1941 3591 humana
1968 3561 2088 3598 divinis,
2122 3560 2276 3598 primordia
2295 3558 2407 3588 urbium
2422 3559 2578 3596 augustiora

1417 3603 1438 3618 “
1454 3603 1548 3655 saciat.
1594 3602 1649 3632 Liv.
1665 3600 1791 3630 l.1.init.
1861 3637 1866 3642 .

1491 3640 1511 3654 “
1532 3640 1570 3669 Ea
1590 3638 1684 3669 schola
1710 3636 1904 3674 (mmmm)
1933 3641 2001 3665 tunc
2028 3641 2087 3665 erat
2108 3633 2231 3665 barbara.
2274 3631 2474 3670 Praelegebatur
2500 3635 2578 3660 Pater

1418 3677 1438 3692 ‘⁴
1456 3675 1539 3706 huus:
1561 3676 1744 3715 exigebantur
1760 3680 1905 3711 tempora:
1926 3673 2129 3711 praelegebatur
2146 3671 2275 3700 ebrardus
2291 3672 2317 3701 &
2332 3669 2457 3707 ‘iohannes
2473 3671 2502 3699 de
2513 3674 2579 3699 Gar.

1417 3714 1438 3729 ‘⁸
1458 3714 1581 3743 landiass'
1622 3713 1746 3744 Erasmus
1766 3713 1802 3741 de
1824 3712 1937 3749 propria
1951 3712 2016 3740 vita.
2388 3721 2392 3725 “

1414 3074 1590 3112 joni-rues
1609 3083 1655 3104 De

1416 3114 1665 3144 Gauranum.

1415 3776 1519 3805 eodem
1530 3776 1646 3805 authore
1667 3773 1834 3810 conscripto.
1862 3771 1920 3802 Bas.
1936 3775 2013 3807 ¹5⁶0·
2035 3771 2110 3809 apud
2122 3770 2147 3800 O
2170 3771 2301 3804 0111111111,
2323 3774 2354 3797 ut
2363 3775 2399 3796 ex
2412 3767 2487 3804 typis
2505 3765 2583 3795 colli-

1417 3823 1454 3880 go
1467 3835 1475 3847 ,
1496 3814 1525 3842 in
1537 3819 1599 3847 svo.
1620 3822 1685 3843 cum
1697 3812 1859 3849 praefatione
1876 3808 1966 3839 Basilii
1987 3806 2053 3845 Joh.
2075 3809 2147 3838 Hero
2161 3809 2207 3841 di,
2229 3808 2275 3844 qui
2297 3806 2392 3835 eidem
2405 3803 2502 3834 libello
2518 3804 2582 3832 vita:

1445 3850 1560 3880 arlandii
1577 3851 1690 3881 brevem
1705 3848 1892 3878 narrationem
1914 3849 1940 3876 81
1952 3846 2150 3884 opusculorum
2165 3845 2250 3883 ipsius
2262 3844 2385 3876 indicem
2395 3864 2404 3878 ,
2425 3850 2460 3872 ex
2469 3841 2579 3871 Bostoni

1418 3888 1555 3919 Buriensis
1575 3897 1677 3926 magno
1692 3886 1823 3923 Catalogo
1837 3906 1846 3922 ,
1866 3884 1993 3921 subjecit.
