2600 4177
519 123 549 158 C
647 123 682 158 O
779 120 818 158 M

80 205 102 235 C
111 215 127 234 e
139 215 158 234 M
168 215 184 233 P
192 215 208 233 r.
219 213 233 234 ιι
242 214 262 234 τ
270 215 287 234 o
296 214 312 234 a
322 215 332 234 r
342 215 361 235 υ
370 217 391 235 Μ
399 225 409 241 ,
432 205 450 234 i.
472 214 500 234 n.
523 204 656 233 Officium
666 209 723 232 erat
741 204 952 234 ecclesiasticum
963 228 971 239 ,
993 209 1068 243 quod
1090 209 1186 239 diurna
1200 210 1242 238 of:

117 243 176 272 ficia
189 243 371 279 complebat,
393 251 495 278 nempe
508 251 603 278 preces
615 242 742 270 dicenda:
755 241 803 270 sub
818 245 906 271 nactis
916 245 1034 275 initium.
1067 247 1140 276 Hinc
1155 249 1240 276 Com-

118 280 228 346 iiletorrii
248 281 333 316 hora,
354 280 429 319 apud
449 280 640 317 Augustinum.
675 278 706 307 V.
729 278 817 308 Macri
836 279 978 310 Hierolex.
998 284 1023 311 ὁὶ
1046 283 1130 323 Cang.
1153 285 1237 315 Gloss'.

117 318 193 346 med.
227 324 261 347 at.

81 353 128 383 Co
138 365 156 383 M
167 365 179 383 r
188 365 225 384 La
235 366 256 384 M
265 366 278 384 ις
287 365 308 384 N
319 365 337 383 T
347 362 365 383 υ
375 363 395 382 Μ
408 375 416 387 ,
440 354 459 382 i.
481 363 509 382 n.
531 351 748 388 [ἀναπλῆςωως]
791 353 848 383 Cic.
870 354 898 383 iri
912 355 988 385 Orat.
1001 366 1066 392 ²30·
1097 358 1239 389 Inculcata

119 393 341 429 reperiasinania
356 391 479 427 quaedam
496 391 596 422 verba,
616 387 689 426 quasi
708 391 916 428 complementa
937 403 1125 427 numerorum.
1166 401 1240 425 Rem-

115 430 215 464 plnres,
241 441 272 456 ou
289 429 461 464 Rempliffages.
482 426 609 457 Budzrus.

119 462 329 496 Accusationum
340 466 466 494 omnium
477 464 726 502 complementum.
748 464 839 495 Tacit.
853 476 878 504 3.
895 468 965 498 Ann.
979 473 1024 506 38.

81 503 260 533 Coniux
273 526 281 538 ,
304 503 334 531 V.
358 512 561 531 coMPLico.

82 540 304 571 COMPLaxro
319 562 327 574 ,
348 540 578 569 CoMPLssxus.
602 539 633 569 V.
656 549 882 570 COMPLRCTO
895 553 920 572 a.

83 577 106 607 C
116 589 133 606 o
142 590 160 607 M
171 589 184 607 ι’
193 590 209 607 r.
220 581 257 607 fc
267 588 284 606 o
294 599 302 613 ,
324 577 351 606 ui
365 579 390 607 &
405 578 446 606 ‘avi
459 600 466 612 ,
486 579 558 607 itum
570 579 596 607 δι
610 578 686 607 atum
695 599 703 613 ,
725 578 909 615 [ommim]
930 582 986 610 aire.
1009 581 1125 613 Notum.
1149 583 1236 616 Plaut.

119 616 194 645 Rud.
209 628 234 648 4.
254 625 276 651 3.
293 625 316 645 1.
340 615 411 644 Dum
421 615 493 644 hanc
506 616 556 644 tibi
567 615 716 645 rudentem
731 637 740 651 ,
761 625 842 650 quam
860 618 960 653 trahis,
981 620 1130 658 complico.

120 653 268 690 Epistolam
279 652 456 690 complicare.
495 653 553 682 Cic.
570 663 610 683 12.
626 655 680 683 Att.
695 663 718 683 1.
753 653 849 689 Quum
871 655 1070 694 complicarem
1093 659 1166 689 hanc
1181 660 1241 698 epi-

119 691 216 720 stolam
227 713 234 726 ‚
256 691 472 720 noetuabundus
482 713 490 726 ,
508 693 560 721 &c.

83 727 378 762 ΟοΜΡιιεᾸτυς,
401 730 426 758 Sc
444 729 733 758 COMi’chITUS,
752 737 786 763 a,
807 738 865 759 um.
887 730 945 761 Cic.
960 741 983 768 ζ,
997 731 1111 771 Offi76.
1132 734 1239 772 siquis

120 766 239 795 voluerit
249 767 334 795 animi
346 766 384 795 sui
394 767 587 804 complicatam
597 766 742 794 notionem
759 767 898 797 evolvere.

121 803 207 833 Pedes
219 804 384 842 compliciti.
407 803 485 841 Apul.
498 815 523 839 9-
537 804 605 833 Met.
622 814 648 841 p.
662 807 725 838 236.

84 840 131 871 Co
142 853 160 870 M
173 852 186 870 1¹
196 853 211 870 L
223 852 235 870 a
246 852 264 871 x
280 864 287 876 ,
308 842 370 871 icis.
392 842 484 871 lfidor.
501 842 578 878 Orig.
600 851 641 869 ιο.
656 840 710 869 litt.
733 840 765 869 C.
786 841 942 882 Complex,
963 845 1011 883 qui
1040 856 1098 877 uno
1121 853 1237 886 peccato

120 879 163 908 vel
174 881 291 909 crimine
303 901 311 913 ,
332 880 409 909 alteri
418 880 455 909 est
463 880 616 917 applicatus
626 879 661 907 ad
673 878 785 908 malum.

119 917 252 947 Criminis
262 917 414 954 complices
424 918 594 946 exstiterunt.
616 916 734 945 Caffiod.
753 914 812 945 Var.
825 928 851 952 9.

118 954 306 994 Set‘taeimpiae
319 955 479 992 complices.
521 954 648 997 Prudent.
667 954 697 983 in
718 952 846 984 Romano
864 966 890 986 v.
905 961 968 991 822.
999 957 1034 990 V.
1056 960 1140 990 etiam
1159 960 1239 991 Idem

139 993 262 1022 Hamart.
277 1003 302 1022 v.
317 997 380 1027 6¹4.
394 995 420 1023 ἃ
432 992 531 1022 iimob.
549 992 597 1022 lib.
611 1001 634 1028 3.
646 1002 675 1029 p.
690 1001 751 1028 1²3·

82 1027 306 1066 COMPLoDo,
328 1030 500 1060 COMPLOS
513 1040 569 1065 us,
590 1029 621 1059 V.
644 1039 890 1061 compcauoo.

81 1067 131 1097 Co
141 1071 231 1097 Meto
242 1078 258 1096 R
269 1078 285 1096 0
298 1090 306 1102 ,
328 1067 515 1104 [ῃωκλαέω,
536 1068 708 1104 incipiemus]
728 1071 783 1096 are.
813 1069 902 1099 Simul
922 1070 1039 1108 plorare.
1072 1072 1129 1102 Liv.
1148 1084 1171 1108 ς.
1191 1082 1235 1110 3⁹·

121 1105 294 1143 Complorati
307 1115 404 1136 omnes
414 1107 515 1144 pariter
525 1105 581 1135 vivi
594 1127 600 1140 ‚
620 1106 780 1143 mortuique
796 1128 805 1141 ,
827 1116 914 1138 totam
927 1119 1015 1147 prope
1029 1110 1127 1140 urbem
1134 1110 1239 1141 lamen-

119 1143 154 1172 tis
165 1143 362 1181 impleverunt.

119 1180 269 1211 Fortunam
282 1180 466 1219 complorare.
490 1178 609 1217 Quintil.
627 1180 705 1210 Decl.
726 1184 769 1211 16.

118 1218 249 1249 Mortem.
291 1220 348 1249 Cic.
363 1229 414 1257 pro
429 1219 520 1248 Domo
536 1224 579 1252 98.
610 1217 713 1248 Videre
734 1225 912 1256 praetextatos
934 1222 1084 1261 inimicos,
1109 1226 1237 1255 nondum

140 1264 230 1286 morte
240 1257 414 1295 complorata
428 1278 437 1291 ,
457 1257 567 1285 arbitria
577 1262 705 1294 petentes
715 1256 828 1287 funeris.

118 1293 234 1324 Penates
243 1295 426 1332 complorare.
448 1294 534 1323 Ovid.
548 1304 570 1323 r.
584 1293 663 1323 Trist.
680 1303 704 1331 3.
721 1305 766 1330 95.
788 1296 831 1325 Se.
855 1296 925 1327 lbid,

82 1331 129 1362 Co
140 1344 158 1361 M
168 1343 255 1361 noa
265 1343 284 1361 A
296 1343 315 1360 T
325 1343 333 1360 ι
344 1342 360 1361 o
372 1354 380 1367 ,
401 1332 473 1360 onis.
494 1331 512 1360 f.
535 1332 705 1368 [ὀλόφυρσις]
729 1333 747 1362 i.
765 1343 789 1363 e.
812 1333 994 1367 Lamentatio.
1015 1337 1073 1368 Liv.
1087 1341 1134 1369 26.
1156 1338 1242 1369 Com-

141 1370 238 1399 loratio
250 1380 348 1399 eorum
359 1392 367 1406 ,
389 1366 548 1406 flebilesque
557 1379 648 1399 voces.

117 1380 318 1438 {amentabilis
333 1407 525 1444 comploratio.
556 1407 587 1436 V.
610 1419 627 1436 ι,
637 1417 710 1437 ΑΜΕ
720 1417 794 1438 Ντο
804 1419 830 1439 a.

119 1446 270 1475 Mulierum
285 1445 480 1483 comploratio.
502 1445 560 1474 Liv.
575 1454 598 1480 3.
608 1454 654 1482 47.

118 1483 209 1514 Edere
219 1483 476 1522 complorationem.
518 1483 615 1519 Justin.
633 1492 674 1512 ιι.
687 1493 712 1518 9.
736 1483 859 1516 Invicem
872 1486 898 1516 se
909 1487 1045 1526 amplexae
1056 1488 1134 1520 velut
1148 1489 1238 1522 statim

138 1523 277 1552 moriturae
285 1544 293 1556 ,
313 1520 564 1559 complorationem
575 1521 733 1551 ediderunt.

82 1559 105 1590 C
115 1570 131 1589 o
142 1570 162 1588 M
172 1569 234 1588 reo
244 1570 259 1588 iz
269 1563 314 1626 BLT
326 1568 363 1588 us
373 1581 381 1595 ‚
403 1560 443 1588 iis.
467 1568 504 1588 m.
537 1558 718 1595 [ὀλοφυεμὲις]
750 1564 796 1597 ut,
817 1561 1001 1600 Comploratu
1024 1564 1095 1601 justo
1109 1565 1238 1604 prosequi

118 1605 253 1627 mortuos.
296 1598 331 1627 iv.
346 1607 391 1632 ες.
406 1601 451 1626 26.

119 1635 314 1673 Comploratus
328 1635 494 1664 familiarum
512 1644 649 1664 coercere.
672 1634 732 1665 Liv.
742 1645 768 1667 2.
811 1638 891 1673 [Nisi
899 1648 974 1668 error
983 1640 1030 1669 est.

83 1673 280 1709 COMPLUO,
302 1675 356 1702 Ere.
379 1673 487 1711 August.
502 1673 539 1702 de
552 1672 649 1703 Genesi
661 1679 758 1704 contra
768 1674 893 1706 Manich.
909 1687 932 1707 1.
949 1686 993 1713 23.
1017 1678 1117 1715 Aquae,
1138 1678 1238 1717 quibus

120 1711 182 1741 Noe
195 1710 418 1749 compluebatur.
459 1710 534 1740 Hinc

81 1749 261 1780 Commi-ir
271 1760 289 1778 υ
299 1759 311 1779 s
322 1771 330 1784 ,
351 1759 383 1784 a,
405 1757 461 1778 um.
483 1748 579 1778 Partic.
600 1748 711 1779 Solinus
722 1759 783 1788 cap.
799 1759 840 1786 ις.
856 1751 890 1780 de
902 1753 1017 1790 gruibus
1027 1776 1035 1790 ‚
1055 1754 1153 1791 Quum
1163 1761 1238 1785 trans

118 1786 242 1817 inedium
264 1787 374 1817 alveum
391 1785 546 1816 adventasse
564 1785 590 1816 se
610 1786 717 1822 sciunt,
741 1788 931 1826 scrupulorum
946 1790 1050 1821 sarcina
1067 1793 1154 1830 pedes
1168 1793 1238 1823 libe-

118 1832 198 1855 rant:
220 1826 258 1855 ita
269 1832 358 1855 nautae
368 1824 552 1863 prodiderunt
565 1846 574 1860 ,
595 1825 731 1863 compluti
742 1825 811 1863 saepe
824 1835 858 1855 ex
870 1827 918 1856 illo
930 1828 991 1858 casu
1002 1829 1091 1859 imbre
1102 1830 1217 1860 saxatili.

82 1862 356 1898 COMPLuvius,
375 1872 409 1898 a,
430 1872 487 1891 um.
511 1863 570 1898 Adj.
594 1862 678 1892 Varro
692 1873 714 1892 ι.
730 1864 765 1892 de
781 1864 810 1894 R.
826 1865 856 1894 R.
871 1875 932 1903 cap.
951 1875 993 1902 13.
1017 1865 1097 1904 Uria,
1118 1875 1149 1897 ut
1166 1870 1237 1898 inte-

118 1901 192 1935 rius,
213 1901 403 1938 compluvium
416 1898 619 1930 habeatlacum
633 1922 641 1936 ‚
661 1900 710 1933 ubi
727 1911 797 1939 aqua
816 1902 892 1932 saliat
904 1926 912 1939 ,
933 1906 981 1941 qui
1001 1905 1073 1935 intra
1090 1905 1238 1944 stylobatas

119 1948 206 1976 quum
217 1940 312 1975 venit,
333 1939 364 1968 sit
374 1938 556 1982 semipiscina.
651 1973 656 1983 Ι

80 1975 283 2006 ΟοΜΡιυνι
295 1986 360 2012 um,
381 1977 399 2005 i.
421 1986 448 2005 n.
474 1977 604 2012 [vaiicra.
628 1976 729 2012 συῤῥκς]
750 1978 788 2007 est
807 1978 918 2015 (inquit
936 1979 1049 2015 Festus)
1070 1981 1136 2018 Quo
1147 1982 1182 2012 de
1197 1982 1238 2012 di-

66 2034 69 2036 >
117 2014 199 2044 versis
210 2015 291 2044 tectis
302 2022 372 2052 aqua
382 2013 510 2051 pluvialis
522 2011 639 2043 confiuit
649 2015 678 2043 ln
689 2014 812 2045 eundem
828 2016 930 2046 locum.
954 2018 1038 2047 Varro
1053 2019 1089 2049 de
1107 2020 1133 2050 L.
1146 2021 1174 2050 L.
1185 2021 1235 2050 lib.

117 2062 146 2088 4.
159 2061 202 2089 33.
225 2052 329 2082 Cavum
340 2053 441 2082 aedium
452 2052 573 2086 dicrum.
595 2053 640 2089 qui
653 2052 730 2082 locus
740 2055 829 2083 teritus
838 2055 909 2084 intra
920 2057 1055 2093 parietem
1064 2057 1238 2096 relinqueba—

118 2096 164 2120 tur
176 2090 296 2128 patulus,
317 2091 363 2127 qui
374 2089 440 2119 esset
450 2090 485 2118 ad
496 2099 678 2120 communem
689 2092 814 2121 omnium
824 2092 910 2122 usum.
952 2094 983 2123 ln
994 2095 1050 2123 hoc
1061 2095 1139 2125 locus
1149 2097 1166 2125 si
1177 2098 1237 2126 nul-

117 2127 280 2158 iissre—‚lictus
288 2134 346 2157 erat
359 2150 368 2163 ,
388 2127 436 2157 sub
450 2128 517 2157 divo
529 2126 670 2166 quiesset,
695 2129 840 2158 dicebatur
847 2131 958 2160 testudo
972 2142 986 2161 a
1000 2133 1147 2164 testudinis
1167 2134 1239 2164 simi—

116 2164 238 2195 litudine
249 2188 256 2200 ,
278 2173 309 2195 ut
318 2166 395 2195 estin
407 2166 537 2203 praetorio
548 2167 576 2195 in
589 2166 688 2195 castris.
729 2167 757 2196 Si
769 2168 896 2197 relictum
909 2177 968 2199 erat
981 2171 1010 2198 in
1025 2172 1130 2207 medio,
1153 2181 1184 2201 ut
1197 2173 1238 2202 lu·

119 2213 182 2233 cem
193 2210 323 2241 caperet,
343 2203 481 2239 deorsum,
502 2214 557 2240 quo
571 2204 742 2241 impiuebat,
764 2205 928 2243 impluvium
939 2208 1064 2238 dietum:
1087 2209 1236 2247 &sursum‚

119 2251 174 2279 qua
194 2238 391 2280 compluebat,
411 2241 626 2279 compluvium:
649 2248 796 2280 utrumque
816 2253 830 2271 a
846 2244 946 2281 pluvia.
970 2245 1066 2275 Ascon.
1080 2247 1109 2276 in
1123 2258 1144 2284 3.
1162 2249 1237 2278 Verr.

119 2283 165 2309 σι.
186 2279 372 2317 impluvium,
391 2280 500 2315 inquit,
521 2279 600 2309 locus
612 2279 785 2310 sinetee'toin
796 2281 919 2318 aedibus,
939 2284 1140 2322 quoimpluere
1151 2286 1240 2316 imber

118 2318 149 2347 in
168 2317 284 2347 domum
308 2318 398 2355 possit.
437 2317 567 2346 Ceterum
594 2319 719 2354 quamvis
737 2327 772 2348 ex
790 2319 909 2348 Varrone
927 2321 1113 2359 intelligamus
1136 2326 1161 2354 &
1175 2334 1240 2354 vere

119 2355 333 2393 Compluvium,
355 2355 524 2393 superiorem
534 2362 640 2392 partem
652 2355 727 2391 essef.
750 2356 919 2393 inferiorem,
932 2359 1099 2396 impluvium
1113 2370 1121 2391 t
1143 2371 1239 2392 tamen

119 2394 150 2423 in
165 2393 288 2423 Vitruvio
299 2394 385 2423 etiam
397 2393 595 2431 Compluvium
607 2393 645 2422 est
663 2393 702 2423 Ea
720 2404 781 2431 pars
800 2396 865 2424 tecti
885 2397 912 2424 in
934 2398 1075 2432 cavaedio,
1100 2408 1160 2437 quae
1177 2400 1240 2438 plu-

119 2432 194 2461 viam
205 2432 309 2467 dejicit.
348 2432 393 2460 Sic
402 2432 477 2460 enim
492 2430 585 2460 scribit
594 2435 618 2460 6.
633 2440 658 2466 3.
679 2430 712 2461 In
720 2432 871 2463 Corinthiis
881 2434 979 2464 iisdem
987 2437 1138 2467 rationibus
1149 2439 1240 2468 trabes

121 2471 148 2500 δε
158 2470 316 2503 compluvia
325 2469 505 2498 collocantur.
549 2469 578 2497 ld
586 2469 662 2498 enirn
673 2470 741 2499 dicit
750 2470 785 2499 de
795 2470 963 2502 Excurrente
972 2480 1048 2510 parte
1057 2476 1123 2504 tecti
1134 2498 1141 2511 ,
1164 2478 1191 2506 ἂ
1201 2476 1240 2506 as-

120 2504 343 2544 sexibus‘iongius
355 2507 495 2544 projer‘tis.
534 2507 638 2536 lterum
660 2507 727 2536 ibid.
757 2508 843 2544 Quod
861 2510 1021 2548 compluvia
1034 2522 1131 2543 eorum
1148 2515 1240 2544 eresta

120 2554 180 2574 non
193 2544 304 2574 obstant
322 2544 474 2574 luminibus
490 2545 677 2574 tricliniorum
688 2567 695 2579 ,
718 2545 886 2584 Compluvia
906 2556 988 2578 vocat
1006 2550 1054 2580 hic
1068 2573 1076 2587 ‚
1097 2551 1176 2581 Extra
1193 2563 1240 2590 pa-

120 2583 219 2612 rietem
230 2593 286 2611 non
298 2584 438 2617 exeuntia,
451 2582 570 2619 ideoque
579 2580 733 2612 luminibus
746 2593 802 2612 non
814 2584 973 2615 officientia.
984 2587 1133 2626 [Dispiciat
1142 2590 1237 2621 lestor.

120 2621 151 2651 Iri
164 2620 354 2658 compluvium
367 2620 519 2650 transferre.
558 2620 634 2649 Suet.
645 2621 674 2649 in
685 2622 792 2658 August.
808 2632 870 2660 cap.
885 2634 929 2658 92.
953 2624 1067 2655 Enatam
1085 2628 1157 2656 inter
1177 2629 1240 2664 jun-

139 2658 231 2687 t‘turas
250 2658 375 2696 lapidum
391 2664 455 2688 ante
468 2658 585 2688 domum
602 2658 678 2688 suam
699 2659 822 2697 palmam
835 2681 843 2695 ,
864 2661 894 2690 in
909 2662 1100 2700 compluvium
1122 2667 1239 2697 deorum

140 2697 282 2734 penatium
295 2696 440 2726 transtulit.

84 2734 256 2765 CoMiva
269 2738 399 2769 mirus,
419 2743 454 2769 a,
476 2743 533 2763 um.
555 2734 614 2769 Adi.
635 2740 686 2770 ut,
707 2734 904 2773 Compluviata
922 2735 1010 2767 vinea.
1051 2738 1119 2769 Plin.
1131 2740 1180 2771 lib.
1196 2750 1238 2778 ι7.

123 2782 184 2809 cap.
199 2779 316 2801 21.extr.
339 2772 533 2810 Compluviata
543 2772 681 2810 copiosior
689 2774 756 2802 vino
767 2774 805 2802 est
815 2796 822 2808 ‚
846 2774 921 2804 dicta
935 2785 951 2804 a
965 2776 1039 2806 cavis
1048 2779 1152 2809 aedium
1163 2790 1241 2810 com-

122 2810 233 2848 pluviis.
257 2810 340 2839 Varro
354 2820 377 2839 1.
395 2810 431 2839 de
450 2809 480 2839 R.
494 2809 528 2839 R.
541 2820 600 2847 cap.
615 2815 640 2843 8.

84 2848 108 2878 C
116 2858 133 2878 o
142 2859 162 2877 M
172 2858 186 2877 Ρ
195 2859 211 2876 ι.
219 2852 236 2876 ῦ
245 2858 260 2876 R
271 2858 284 2877 a
295 2858 307 2878 s
319 2870 327 2882 ,
349 2849 375 2878 Sc
388 2847 538 2885 Complura
548 2869 556 2883 ,
578 2848 622 2877 vel
634 2847 803 2886 Compluria.
830 2856 905 2878 caret
917 2850 1041 2890 singulari
1054 2874 1063 2888 ‚
1087 2855 1222 2890 [πλείωνες
1230 2878 1239 2892 ‚

122 2887 204 2920 συχνοὶ
219 2886 233 2920 ]
255 2885 333 2916 Idem
346 2886 383 2915 est
393 2886 468 2924 quod
480 2885 579 2914 Multi:
612 2886 644 2915 Et
659 2886 697 2914 est
714 2887 821 2924 positivi
833 2889 932 2923 gradus
944 2910 951 2923 ,
972 2898 1029 2918 non
1041 2894 1238 2930 comparativi:

119 2923 192 2953 Gell.
208 2923 257 2953 lib.
272 2934 295 2957 ς.
310 2933 370 2961 cap.
382 2934 426 2953 21.
445 2923 494 2952 ubi
507 2924 592 2952 etiam
611 2923 705 2953 scribit
728 2924 825 2954 dixisse
848 2932 953 2956 veteres
966 2927 1145 2966 Compluria,
1166 2942 1215 2968 per
1230 2933 1241 2962 i

122 2968 187 2990 ante
208 2971 239 2997 a,
263 2963 289 2991 &
310 2962 469 2999 Complura.
507 2961 572 2990 Caes.
586 2967 612 2995 8.
635 2961 701 2990 Bell.
715 2962 785 2992 Gall.
799 2973 859 3001 cap.
870 2970 915 2997 43.
940 2965 1027 3001 Quod
1048 2967 1095 2996 ubi
1119 2970 1239 3007 accidit,

119 2998 281 3037 complures
289 2999 411 3028 hostium
426 3008 529 3035 magno
542 2999 697 3028 nostrorum
711 3000 818 3039 impetu
832 3001 898 3038 pulsi
910 3002 1098 3035 vulnerantur.

122 3036 288 3074 Complures
297 3037 399 3067 Graecis
410 3036 629 3066 institutionibus
639 3038 749 3068 eruditi.
771 3038 830 3069 Cic.
845 3049 868 3068 1.
882 3039 918 3068 de
932 3040 997 3071 Na't.
1007 3041 1090 3073 Deor.
1103 3047 1131 3079 8.

123 3075 290 3112 Complures
302 3075 358 3104 alii.
381 3075 448 3104 Hor.
463 3084 485 3104 1.
498 3075 585 3104 Serm.
605 3084 645 3103 io.
656 3081 700 3110 87.

123 3111 258 3142 Consules
268 3112 426 3151 complures
441 3113 471 3141 in
482 3112 689 3150 perturbatione
706 3113 824 3150 Reipub.
846 3113 906 3144 Cic.
921 3124 964 3145 10.
981 3116 1054 3147 Fam.
1067 3120 1093 3148 6.

122 3150 189 3180 Dies
202 3150 359 3187 complures
371 3160 436 3180 cum
447 3149 540 3187 aliquo
549 3149 655 3180 versari.
679 3150 736 3180 Cic.
748 3157 773 3180 2.
791 3152 854 3181 Fam
875 3156 900 3182 6.

123 3186 296 3217 Tonsoribus
306 3186 498 3226 compluribus
509 3188 585 3217 simul
597 3198 710 3226 operam
722 3189 806 3218 daret.
828 3190 904 3220 Suet.
918 3192 985 3230 Aug.
1001 3202 1062 3231 cap.
1075 3203 1120 3231 79.
1134 3203 1177 3234 pr,

122 3225 240 3255 Vulcani
251 3226 420 3264 complures.
441 3225 499 3255 Cic.
514 3236 537 3262 3.
552 3227 587 3254 de
602 3227 663 3255 Nat.
678 3227 757 3255 Deor.
773 3238 815 3262 ςς.

123 3264 178 3293 Sed
192 3270 285 3292 tamen
296 3273 348 3301 ego
358 3264 472 3300 quidem
490 3273 534 3292 me
546 3264 674 3298 sustinui,
695 3264 782 3294 multa
796 3265 907 3302 minui,
927 3266 1015 3298 multa
1032 3267 1143 3307 sustuli,
1164 3279 1241 3303 com-

84 3330 88 3334 ,
141 3301 221 3338 plura
235 3311 271 3330 ne
281 3302 360 3338 posui
373 3301 496 3338 quidem.
519 3302 578 3331 Cic.
590 3306 616 3331 6.
628 3303 701 3331 Fam.
716 3312 741 3338 7.

122 3337 296 3376 Compiuria.
335 3339 400 3369 Ter.
413 3339 519 3368 Phorm.
531 3351 556 3373 4-
568 3349 591 3375 3.
607 3343 633 3369 6.
666 3339 747 3369 Nova
759 3340 806 3370 liic
824 3341 987 3378 compluria.
1027 3343 1081 3373 Ubi
1099 3345 1242 3385 Donatus,

143 3377 305 3406 Secundum
316 3377 436 3414 regulam
449 3377 580 3412 loquutus
590 3378 628 3407 est
638 3378 794 3407 Terentius.
818 3389 882 3408 nam
894 3380 949 3409 hoc
961 3381 1128 3419 Complure.
1147 3387 1172 3415 &
1184 3387 1242 3416 haee

142 3414 306 3452 Compluria
320 3415 429 3444 dicitur.
470 3415 515 3443 Sic
524 3422 630 3445 veteres
641 3438 647 3449 ,
670 3418 745 3452 quod
760 3417 843 3445 nostri
855 3418 968 3455 dempta
982 3418 1083 3456 syllaba
1093 3422 1243 3461 Complura

144 3453 251 3482 dicunt.
287 3452 333 3482 Sic
347 3453 415 3482 Cato
430 3452 577 3489 Originum
589 3453 710 3483 secundo
724 3477 732 3488 ,
754 3454 825 3483 Fana
842 3455 896 3484 lioc
912 3456 972 3484 loco
989 3459 1150 3495 compluria.
1182 3462 1242 3492 Cic.

145 3491 175 3519 in
190 3489 357 3528 Protagora,
378 3489 568 3519 Confirmandi
588 3500 687 3527 genera
704 3492 866 3528 compluria.
905 3493 996 3523 Credo
1010 3516 1018 3529 ‚
1049 3497 1114 3532 quia
1134 3507 1243 3530 veteres

145 3528 201 3557 hoc
218 3528 295 3557 Plure
305 3549 313 3563 ,
336 3538 393 3557 non
418 3528 473 3557 hoc
490 3527 550 3557 Plus
571 3529 711 3558 dicebant.
752 3529 848 3566 (3104.
871 3530 946 3561 Verr.
960 3538 1005 3568 47.
1030 3532 1167 3566 Dicebant
1185 3537 1243 3576 scy-

147 3564 265 3603 phorum
275 3566 351 3603 par-ia
360 3565 517 3603 compluria
532 3588 539 3600 ,
560 3565 671 3603 hydrias
681 3576 832 3604 argenteas.
874 3569 911 3597 Al.
935 3566 1094 3606 Complura.

91 3604 139 3634 Co
150 3613 243 3631 mnu
255 3613 286 3631 ai
298 3613 348 3638 irs,
371 3602 438 3633 Adv.
462 3603 637 3639 [πλεονάκις]
660 3604 743 3633 Plaut.
757 3605 824 3634 s’ers.
838 3617 864 3641 4.
877 3615 901 3641 3.
915 3611 959 3642 ὅς.
983 3607 1080 3638 Metuo
1093 3610 1186 3642 hercle
1197 3621 1243 3642 ve-

129 3651 175 3670 ro:
196 3641 261 3670 sensi
273 3650 323 3675 ego
335 3642 390 3676 jam
402 3641 579 3678 compluries.
620 3641 688 3671 Cato
700 3664 707 3676 ,
724 3643 915 3673 Contumelias
923 3645 990 3674 milii
1008 3646 1100 3677 dixisti
1115 3650 1243 3689 complu.

129 3680 191 3708 ries.
232 3678 282 3707 Alii
296 3678 392 3716 legunt
402 3679 606 3716 Coinpluriens.
650 3679 678 3709 V.
702 3680 773 3709 Gell.
790 3681 836 3709 lib.
852 3691 874 3715 ς,
895 3692 955 3720 cap.
967 3683 1017 3712 ult.

93 3716 114 3747 C
125 3727 141 3746 o
151 3725 195 3745 MP
205 3726 221 3744 ι,
230 3726 247 3744 u
258 3726 272 3743 a
283 3726 347 3745 ιΜυ
357 3727 384 3750 s,
407 3726 422 3745 a
432 3739 440 3751 ,
466 3727 523 3746 um.
547 3715 617 3746 Gell.
631 3726 672 3746 11.
687 3728 709 3746 1.
729 3718 890 3756 Buceraque
907 3721 937 3749 in
948 3729 979 3750 ea
989 3728 1061 3752 terra
1068 3723 1147 3762 gigni
1157 3725 1244 3763 pasci.

130 3764 182 3791 que
191 3753 269 3782 solita
283 3753 335 3783 sint
344 3754 535 3791 complurima.

92 3792 217 3822 Comen
229 3794 381 3827 oscum,
402 3802 423 3820 ae
435 3814 443 3826 ‚
462 3800 486 3820 a.
513 3792 614 3821 Dimin.
637 3791 701 3821 Ter.
724 3793 790 3822 Hec.
807 3803 830 3822 1.
847 3803 949 3825 2102.

406 3844 444 3850 —--
455 3830 544 3865 primo
555 3830 605 3858 hos
615 3829 674 3859 dies
684 3831 890 3868 complusculos

207 3865 281 3895 Bene
293 3867 477 3896 conveniebat
486 3867 550 3896 sine
566 3868 637 3896 inter
649 3877 702 3897 eas.

129 3904 218 3933 Verba
235 3903 432 3939 compluscula.
456 3904 526 3934 Gell.
541 3913 566 3940 7.
583 3915 624 3934 ιι.

89 3942 114 3972 C
124 3951 140 3971 o
149 3951 170 3971 M
171 3951 193 4008 ὖ»
203 3952 218 3969 ι.
227 3951 244 3969 u
253 3951 265 3970 s
275 3943 319 4009 clu
328 3952 344 3970 ι.
353 3951 367 3971 a
378 3963 387 3980 ,
409 3942 477 3972 Adv.
500 3942 570 3973 Gell.
591 3951 632 3980 17.
650 3952 677 3972 2.
699 3942 813 3974 Veteres
822 3944 860 3974 ita
872 3943 1065 3983 complusculis
1084 3948 1224 3982 dixerunt.

199 3988 217 4008 ο
228 3990 253 4010 ι..
304 4000 314 4009 .

1211 3103 1240 3124 ‘Q

1689 132 1718 166 G
1816 133 1852 168 Ο
1949 136 1990 170 M
2380 149 2449 189 609

1293 208 1316 238 C
1327 218 1343 238 0
1354 220 1449 240 Μι>ι.υ
1460 220 1616 246 τεκεεε.
1638 211 1775 251 Hispaniae
1796 215 1912 252 populi,
1933 215 1969 245 fic
1990 225 2005 244 a
2020 216 2173 255 Compluto
2190 221 2258 251 urbe
2279 223 2358 255 dicti.
2378 226 2450 257 Plin.

1333 245 1378 275 lib.
1390 258 1412 283 ³·
1424 260 1484 287 cap.
1498 259 1522 285 ι.
1565 250 1655 287 Vulgo
1668 253 1766 278 alcuna
1775 254 1804 279 a'e
1812 257 1933 282 flanares.

1295 283 1622 323 COMPLleATUS,
1664 288 1938 327 ΟοΜΡιυνιυΜ,
1984 290 2260 333 ΟοΜΡιυνιυε,
2305 299 2334 329 V.
2366 311 2454 332 com.

1332 331 1434 352 Ριυο.

1294 357 1421 423 ΟεᾶΜνο
1432 370 1451 389 Ν
1462 362 1573 398 narro,
1595 365 1649 392 are..
1669 363 1749 402 Apul.
1773 364 1803 393 in
1821 364 1998 404 Trismegisto
2013 376 2042 405 p.
2063 372 2107 404 89.
2136 369 2195 399 Pari
2216 369 2298 402 lance
2317 383 2454 413 compon-

1353 406 1439 427 esiiflS.

1294 432 1492 471 ΟοΜΡὸΝο,
1522 436 1561 466 sui
1574 459 1582 472 ,
1610 438 1707 474 situm,
1737 439 1898 475 [ονντὶθκμι,
1926 441 2190 481 ωιώαίζω,”>ξ”>τῖζα,
2220 444 2368 485 merdae]
2394 452 2450 483 ὅτε.

1330 473 1444 509 proprie
1463 474 1501 502 est
1518 475 1606 504 Simul
1627 486 1748 513 ponere,
1770 477 1922 514 Disponere
1936 501 1944 512 ,
1965 480 2140 511 constituere.
2180 483 2245 514 Ter.
2256 485 2327 517 Hec.
2337 498 2365 523 4.
2379 497 2404 526 3.
2424 500 2450 525 ς.

1331 508 1343 537 Ι
1355 518 1419 552 ergo
1436 511 1509 539 intro
1519 533 1527 546 ,
1549 514 1574 541 ἃ
1588 522 1730 550 compone
1738 525 1798 550 quae
1807 515 1886 545 simul
1895 523 1988 546 tecum
1998 518 2128 549 ferantur.

1330 542 1485 589 Diligenter
1495 559 1667 587 componere
1679 552 1793 589 aliquid.
1818 553 1875 583 Cic.
1889 554 1925 583 de
1936 554 2007 585 Ciar.
2024 555 2101 586 Orat.
2113 565 2179 595 227.

1331 584 1427 613 Aeiem
1444 595 1623 623 componere.
1664 588 1694 617 In
1718 600 1836 619 acras.

1331 622 1426 650 Aciem
1440 633 1487 659 per
1499 634 1612 654 cuneos.
1636 625 1726 655 Tacit.
1743 627 1836 657 Germ.
1852 631 1879 658 6.

1329 659 1478 689 Ainomum
1490 662 1684 699 manipulatim
1695 663 1795 694 leuiter
1803 666 1993 703 componitur.
2030 668 2065 698 V.
2086 679 2124 699 ns
2136 680 2205 701 Nrs.

1330 697 1495 762 Affldmum
1505 709 1539 728 ex
1546 700 1627 729 variis
1639 702 1665 730 &
1674 702 1745 731 inter
1757 702 1785 732 se
1798 705 1945 734 contrariis
1962 704 2110 737 effectibus
2125 718 2304 748 componere.
2327 710 2450 749 Quintil.

1365 744 1371 761 1
1396 757 1400 763 .
1417 745 1438 764 ι.
1452 745 1511 773 cap.
1527 747 1570 766 ιο.

1328 771 1498 808 Argumenta
1507 774 1609 810 singula
1622 785 1684 804 cum
1696 777 1808 813 fingulis
1820 786 2000 816 componere.
2022 781 2144 818 Quintil.
2154 783 2205 815 lib.
2221 795 2246 822 7.
2258 795 2319 825 cap.
2331 796 2358 825 ς.

1330 809 1431 839 Causas
1442 812 1610 848 cognoscere
1627 815 1838 852 &componere
1863 815 1921 845 Cic.
1934 818 1964 846 iri
1976 818 2052 847 Orat.
2071 830 2131 856 143.

1329 846 1448 877 Causam
1460 850 1632 879 confiderare
1642 860 1879 889 componereque.
1902 854 1960 884 Cic.
1970 856 2006 885 de
2017 856 2087 887 Clar.
2100 858 2178 888 Orat.
2191 865 2238 897 87.

1331 885 1441 921 Capillo
1453 888 1607 925 compofito
1622 889 1648 918 &
1662 889 1798 919 delibuto.
1820 890 1879 920 Cic.
1890 901 1942 928 pro
1953 893 2034 923 Rosc.
2045 896 2136 926 Amer.
2150 907 2212 934 ης.

1330 921 1431 952 comas
1445 934 1626 962 componere.
1648 926 1730 956 Ovid.
1748 928 1824 956 Rem.
1840 930 1932 959 Amor.
1946 937 2009 967 ⁶79.

1328 960 1427 990 Crines
1436 971 1608 1000 componere
1619 986 1628 999 ,
1649 965 1668 992 i.
1681 974 1704 993 e.
1729 965 1856 995 Ornare:
1878 967 1942 1004 quia
1952 969 2023 998 ordo
2038 970 2065 1000 &
2083 973 2250 1010 compositio
2265 985 2358 1008 rerum
2374 988 2455 1012 orna..

1351 1004 1412 1027 tum
1424 999 1498 1029 facit.
1521 1000 1596 1038 Virg.
1608 1013 1634 1038 4.
1648 1002 1748 1041 Georg.
1761 1013 1826 1039 4¹7·

1328 1033 1492 1066 Exercitum
1527 1048 1616 1076 ugnae.
1639 1037 1728 1069 Tacit,
1743 1050 1785 1077 η.
1801 1043 1870 1070 Ann.
1885 1052 1930 1077 40.

1329 1073 1417 1104 Labra
1434 1048 1542 1105 labelsis
1553 1085 1704 1115 compono.
1726 1077 1813 1108 Lucil.
1827 1085 1853 1112 53.
1865 1079 1920 1109 Sat.
1935 1081 2009 1119 apud
2018 1080 2093 1113 Non.
2105 1094 2133 1120 4.
2144 1088 2188 1122 63.

1329 1109 1449 1150 Lapides
1460 1114 1532 1143 male
1542 1124 1714 1152 componere
1728 1118 1756 1145 in
1769 1117 1881 1155 plostro.
1903 1117 2014 1156 Ulpian.
2029 1121 2058 1149 in
2076 1121 2095 1151 1.
2113 1123 2141 1152 Si
2153 1123 2252 1155 servus.
2278 1126 2300 1164 §.
2315 1128 2332 1157 si
2346 1139 2383 1159 ex
2393 1131 2456 1168 plo.

1348 1151 1411 1180 stro.
1432 1151 1465 1180 D.
1479 1152 1515 1180 ad
1525 1151 1627 1190 Legem
1639 1153 1726 1188 Aquil.
1747 1154 1855 1192 Aquilia
1865 1155 2039 1193 plostrarium
2049 1161 2137 1189 teneri
2149 1161 2249 1199 placet,
2260 1163 2279 1194 fi
2295 1166 2367 1197 male
2378 1178 2455 1199 com-

1347 1188 1471 1226 posuerit
1481 1189 1590 1227 lapides
1602 1213 1609 1224 ,
1632 1192 1657 1221 &
1669 1192 1733 1222 ideo
1744 1192 1810 1231 lapsi
1821 1192 1881 1222 sint.

1327 1223 1412 1256 Latus
1422 1225 1501 1257 suum
1513 1228 1597 1258 alicui
1605 1238 1796 1268 componere,
1817 1241 1868 1269 pro
1881 1230 2076 1265 Coneumbere
2095 1245 2161 1266 cum
2172 1238 2239 1268 viro.
2260 1239 2383 1279 Propert.
2401 1243 2452 1276 lib.

1350 1273 1376 1294 2.
1389 1273 1415 1294 2.
1432 1275 1472 1294 ¹2.

1328 1300 1417 1339 Leges
1427 1312 1611 1341 componere.
1632 1302 1740 1335 Lucret.
1753 1305 1802 1336 lib.
1812 1316 1840 1342 4.
1858 1310 1922 1343 963.

1328 1340 1432 1370 Manus
1443 1342 1571 1371 manibus
1583 1349 1666 1380 atque
1678 1353 1725 1373 ora
1735 1344 1830 1374 oribus
1839 1353 2020 1384 componere.
2040 1347 2114 1386 Virg.
2125 1354 2152 1383 8.
2169 1350 2232 1381 AEn.
2242 1356 2306 1387 486.

1410 1378 1593 1423 Componens
1603 1381 1783 1426 manibusqpe
1793 1392 1893 1412 manus
1902 1405 1911 1418 ,
1931 1390 2014 1421 atque
2028 1386 2124 1416 oribus
2135 1397 2191 1417 ora.

1327 1414 1723 1485 Rgapiisbalgcuicgmponere,
1743 1430 1798 1451 i.e.
1819 1421 1923 1451 Manus
1933 1432 1999 1452 cum
2007 1423 2101 1462 aliquo
2112 1426 2255 1457 conserere
2273 1430 2453 1469 &congredi
2475 1408 2478 1411 ·

1327 1464 1458 1522 Memini
1478 1465 1580 1523 deigffa
1601 1503 1664 1524 coni
1683 1504 1782 1538 onere.
1802 1495 1878 1535 Virg.
1895 1507 1921 1541 4.
1942 1497 2043 1538 Georg.
2063 1505 2130 1544 438.
2168 1502 2188 1532 i.
2200 1511 2226 1533 e.
2247 1502 2392 1544 Reficere‚
2414 1518 2457 1539 re..

1329 1539 1452 1597 ινῗὲῖὲἑῗ·
1460 1531 1778 1606 οἱέἑἾῗῨᾹέᾝὲῗὲξ
1791 1535 2015 1608 ,i‘ssffflndam
2029 1545 2163 1575 qmetem·

1328 1604 1439 1636 Oculos
1448 1616 1620 1645 componere
1631 1630 1639 1643 ‚
1658 1608 1797 1640 Claudere
1808 1610 1916 1640 somno.
1938 1610 2026 1642 Valet.
2038 1621 2065 1650 7.
2083 1613 2183 1653 Argon.
2196 1625 2261 1655 247.

1328 1643 1466 1679 ,Pulvinan
1490 1645 1575 1675 Ovid.
1590 1655 1613 1675 ι.
1625 1645 1661 1675 de
1674 1649 1737 1676 Arte
1749 1650 1806 1678 Am.
1823 1652 1885 1677 160.
2263 1670 2265 1673 .

1329 1681 1385 1711 Res
1397 1681 1455 1711 suas
1465 1691 1644 1721 componere.
1666 1684 1773 1715 Sallust.
1790 1687 1820 1715 in
1830 1685 1915 1724 Epist.
1937 1686 2108 1719 Mithridatis
2118 1690 2156 1720 ad
2166 1691 2292 1723 Arsacem
2303 1716 2309 1730 ,
2327 1694 2385 1733 Ego
2395 1705 2457 1727 non

1350 1719 1530 1751 validissimus
1541 1721 1651 1759 praebeo
1663 1723 1825 1761 exemplum
1836 1746 1844 1759 ‚
1868 1734 1924 1762 quo
1934 1726 2035 1756 reditis
2042 1733 2093 1757 tua
2103 1738 2265 1767 componas.

1329 1756 1468 1825 Rfimpgb.
1483 1767 1653 1797 componere
1664 1762 1691 1791 ἃ
1701 1762 1883 1799 constituere,
1905 1760 2058 1799 [συντάῆειν
2068 1787 2078 1802 ‚
2099 1769 2285 1805 ιωιπιιωσ-μὲἰν]
2307 1770 2364 1801 Cic,
2379 1780 2404 1809 3,
2421 1773 2458 1803 dg

1374 1806 1415 1831 egi
1439 1818 1446 1826 .
1459 1807 1504 1833 4²·

1328 1833 1366 1864 'Se
1377 1833 1505 1864 thalamis
1512 1842 1684 1873 componere
1694 1846 1761 1875 apes
1775 1859 1783 1873 ,
1804 1838 1953 1878 allegorice
1969 1840 2038 1870 dicit
2055 1841 2130 1881 Virg.
2143 1853 2169 1879 4.
2186 1843 2286 1883 Georg.
2301 1852 2364 1882 189.

1412 1872 1471 1902 Post
1483 1873 1531 1902 ubi
1541 1874 1596 1909 jam
1607 1874 1737 1905 thalamis
1751 1875 1778 1905 se
1792 1877 1974 1915 composuere
1988 1888 1995 1908 ;
2018 1879 2110 1909 siletur
2203 1882 2233 1912 [n
2251 1885 2375 1915 noctem.

1327 1909 1366 1940 Se
1374 1920 1545 1949 componere
1554 1913 1738 1950 mediumque
1747 1913 1840 1944 locare
1849 1916 1878 1944 in
1890 1915 1986 1953 aliquo
2000 1916 2074 1947 loco.
2097 1917 2168 1956 Virg⁴
2183 1929 2206 1950 1.
2219 1921 2281 1952 ffin.
2296 1930 2363 1958 702.

1603 1966 1641 1970 —
1651 1950 1841 1988 aulaeisjam‘se
1851 1954 1946 1990 regina
1955 1953 2079 1992 superbis

1413 1987 1501 2016 Aurea
1515 1988 1674 2024 composuit
1686 1989 1791 2027 sponda
1800 2012 1808 2024 .
1830 1993 2009 2029 mediamque
2018 1992 2130 2023 locavit.

1329 2022 1367 2053 'Se
1378 2033 1549 2062 componere
1564 2025 1667 2061 alicui,
1691 2028 1709 2056 i.
1721 2037 1746 2056 e.
1766 2027 1839 2057 Cum
1849 2028 1898 2058 ilio
1909 2030 2053 2068 congredi.
2074 2030 2123 2062 Sil.
2135 2031 2184 2063 lib.
2202 2042 2246 2071 17.

1330 2062 1414 2099 Signa
1427 2072 1608 2099 componere.
1631 2063 1689 2094 Cic.
1704 2076 1731 2100 4.
1747 2066 1801 2095 Att.
1814 2077 1839 2101 9.

1330 2099 1450 2137 Togam.
1490 2101 1558 2130 Hor.
1570 2111 1596 2130 2.
1613 2102 1700 2132 Serm.
1713 2111 1793 2141 3.7·7.
1817 2103 1951 2134 Solebant
1960 2111 2069 2136 veteres
2079 2112 2175 2145 togam
2183 2118 2371 2148 componere,
2391 2121 2458 2144 cui-n

1350 2137 1377 2166 se
1391 2139 1591 2176 comparabant
1603 2140 1639 2169 ad
1649 2141 1781 2171 attentius
1792 2141 1897 2178 aliquid
1906 2143 2088 2174 audiendum.
2129 2145 2160 2175 V.
2183 2147 2313 2178 Torrent.
2328 2149 2365 2179 ad
2379 2148 2436 2180 loc.

1328 2172 1425 2204 Vitem
1433 2178 1643 2214 componerein
1652 2178 1775 2208 brachia.
1798 2179 1937 2209 Columel.
1950 2180 1997 2210 lib.
2012 2192 2035 2217 ς.
2048 2192 2111 2220 cap.
2125 2193 2150 2220 ς.
2374 2194 2379 2198 “

1330 2212 1445 2243 Vultum
1455 2215 1491 2243 ad
1503 2214 1648 2252 speculum
1659 2224 1831 2254 componere
1840 2218 1870 2246 in
1881 2225 2024 2249 terrorem.
2046 2220 2122 2251 Suet.
2132 2221 2221 2260 'Calig.
2233 2232 2276 2260 50.

1330 2250 1438 2282 Vultus.
1463 2252 1547 2292 Ovid.
1562 2262 1604 2287 η.
1621 2253 1689 2284 Met.
1701 2259 1764 2291 767.
1795 2255 1832 2285 de
1842 2255 2033 2294 Polyphemo,

1411 2286 1474 2325 Jain
1485 2290 1554 2320 libet
1563 2287 1694 2321 hirsutam
1703 2293 1754 2322 tibi
1764 2292 1835 2323 falce
1846 2294 1972 2324 recidere
1983 2294 2096 2326 barbam
2104 2318 2114 2332 ,

1412 2328 1447 2357 Et
1454 2328 1576 2366 spectare
1588 2329 1662 2359 feros
1672 2331 1701 2359 in
1709 2340 1779 2368 aqua
1789 2353 1797 2364 ‚
1819 2332 1846 2362 &
1857 2341 2029 2370 componere
2037 2334 2139 2365 vultus.

1331 2364 1431 2395 Vultus
1448 2365 1514 2396 'suos
1535 2376 1708 2405 componere
1724 2369 1759 2397 ad
1773 2369 1876 2405 alium,
1903 2370 1921 2399 i.
1934 2380 1959 2400 e.
1982 2371 2135 2402 Observare
2152 2374 2180 2403 &
2199 2373 2337 2413 inspicere
2359 2376 2456 2409 alium..

1351 2403 1436 2434 Ovid.
1448 2414 1472 2439 5.
1487 2404 1554 2434 Fast.
1569 2414 1613 2440 30.
1625 2405 1661 2434 de
1670 2406 1814 2443 Majestate
1825 2407 1893 2442 dea,

1425 2439 1583 2472 Consedere
1595 2443 1676 2473 'simul
1685 2443 1776 2474 Pudor
1787 2446 1813 2474 ἃ
1825 2445 1920 2475 Metus
1928 2467 1937 2479 .
1958 2456 2043 2477 omne
2053 2447 2163 2478 videres

1463 2480 1575 2510 Numen
1586 2481 1621 2510 ad
1632 2481 1705 2511 hanc
1712 2482 1807 2512 vultus
1818 2483 2002 2521 composuisse
2017 2485 2089 2515 suos.
2171 2486 2208 2517 al.
2231 2487 2340 2519 Cultus.

1332 2516 1375 2547 Ad
1385 2518 1547 2555 exemplum
1558 2518 1584 2548 se
1594 2529 1776 2558 componere.
1800 2520 1919 2557 Quintil.
1933 2521 1980 2551 lib.
1993 2532 2018 2552 2.
2032 2532 2094 2561 cap.
2107 2526 2133 2554 6.

1331 2555 1374 2584 Ad
1386 2565 1485 2585 eorum
1498 2577 1506 2591 ,
1528 2566 1597 2594 quos
1616 2558 1752 2595 probant,
1772 2559 1959 2590 mutationem
1978 2560 2005 2591 se
2022 2570 2205 2600 componere.
2224 2563 2348 2601 Quintil.
2364 2565 2413 2597 lib.
2427 2577 2458 2599 2..

1352 2602 1413 2630 cap.
1428 2599 1454 2627 8.

1334 2631 1376 2660 Ad
1388 2631 1575 2661 imitationem
1583 2633 1708 2664 veritatis
1718 2633 1745 2663 se
1755 2643 1938 2672 componere.
1959 2635 2080 2672 Quintil.
2093 2637 2142 2668 lib.
2158 2648 2182 2674 5.
2198 2649 2259 2677 cap.
2275 2650 2317 2670 12.

1333 2669 1376 2699 Ad
1391 2671 1574 2699 reverentiam
1587 2671 1705 2701 Senatus
1716 2673 1850 2710 componi
1864 2695 1872 2709 ,
1893 2673 1911 2703 i.
1926 2683 1950 2703 e.
1973 2675 2062 2712 Cogi,
2084 2675 2128 2706 vel
2139 2686 2190 2715 per
2200 2678 2403 2710 simulationem
2414 2689 2460 2711 ac-

1354 2708 1537 2737 commodari.
1559 2708 1629 2738 Plin.
1648 2709 1746 2748 Paneg.
1756 2720 1817 2748 cap.
1831 2714 1876 2746 76.

1334 2744 1461 2781 Aliquem
1481 2747 1672 2784 componere,
1701 2758 1753 2786 pro
1774 2748 1908 2785 Sepelire.
1947 2748 2038 2780 Tacit.
2059 2759 2083 2779 r.
2101 2750 2169 2780 Hist.
2186 2761 2232 2789 47.
2262 2753 2386 2784 Pisonem
2407 2756 2460 2786 Ve.

1354 2783 1432 2812 rania
1451 2793 1539 2819 uxor,
1560 2794 1594 2815 ac
1614 2785 1699 2816 'frater
1715 2784 1934 2817 Scribonianus:
1964 2787 1999 2818 T.
2021 2788 2138 2824 Junium
2158 2789 2288 2829 Crispina
2306 2792 2364 2823 filia
2380 2803 2460 2824 cona„

1334 2821 1498 2897 ῑξὲζιξὲῑῖε
1508 2858 1629 2897 aliquem
1638 2866 1821 2899 componere.
1842 2860 1935 2893 Tacit.
1951 2862 2039 2900 Agric.
2053 2874 2100 2900 45.

1333 2896 1412 2926 Toro
1423 2907 1596 2935 componere
1608 2906 1759 2929 mortuum.
1781 2900 1865 2930 Ovid.
1878 2910 1905 2937 9.
1919 2900 1989 2930 Met.
2003 2910 2066 2939 503.

1335 2933 1461 2964 Tumulo
1472 2937 1615 2973 componi.
1637 2937 1722 2967 Ovid.
1734 2949 1760 2972 4.
1771 2937 1841 2968 Met.
1856 2948 1916 2976 1-57.

1333 2972 1533 3010 Componere‚
1555 2974 1665 3010 Finire,
1686 2975 1880 3012 [nummi-Hm,
1900 2974 2064 3013 ιωιῶιςτῖζω]
2084 2982 2130 3014 ut,
2147 2978 2328 3017 Componere
2338 2980 2458 3019 beilum,

1357 3012 1552 3041 contentiones
1562 3034 1570 3047 ,
1592 3013 1797 3043 controversias.
1824 3014 1882 3043 Cic.
1898 3025 1940 3044 io.
1955 3016 2030 3045 Fam.
2045 3024 2088 3052 33.

1336 3046 1446 3078 Bellum
1457 3059 1636 3087 componere.
1659 3051 1730 3089 Virg.
1747 3061 1789 3081 12.
1800 3051 1861 3082 AEn.
1880 3062 1940 3088 ¹09·
1968 3053 1989 3082 i.
2005 3063 2029 3082 e.
2051 3053 2154 3084 Finire.
2176 3053 2296 3085 Servius.

1336 3086 1421 3116 Cur-as
1431 3096 1617 3125 componere,
1638 3090 1656 3118 i.
1666 3099 1690 3119 e.
1710 3090 1824 3119 Sedare.
1846 3088 1920 3127 Virg.
1933 3102 1959 3126 4.
1970 3090 2108 3128 AEn.341.

1417 3124 1466 3154 Me
1480 3125 1564 3155 si'fata
1575 3127 1645 3156 meis
1661 3133 1820 3164 paterentur
1831 3128 1935 3157 ducere
1952 3129 2035 3157 vitam

1416 3162 1550 3200 Auspiciis
1561 3186 1568 3198 ,
1589 3166 1617 3194 Sc
1628 3164 1727 3202 sponte
1736 3175 1799 3195 mea
1812 3175 1982 3203 componere
1994 3176 2080 3196 curas.

1335 3198 1419 3229 Diem
1429 3209 1601 3239 componere
1612 3203 1716 3232 dicitur
1728 3203 1836 3240 Vesper.
1859 3203 1931 3241 Virg.
1949 3214 1972 3233 1.
1983 3204 2045 3234 AEn.
2061 3209 2124 3240 378.
2143 3205 2161 3233 i.
2174 3215 2198 3235 e.
2221 3204 2323 3236 Finire.
2337 3207 2461 3240 Servius,

1354 3238 1429 3305 IAllii,
1451 3245 1492 3306 utS
1492 3239 1527 3268 de
1538 3240 1584 3269 die
1603 3248 1715 3270 mortuo
1732 3241 1788 3270 dici
1809 3247 1928 3279 putarit:
1949 3251 2015 3272 nam
2034 3243 2172 3280 componi
2190 3245 2294 3273 mortui
2315 3245 2460 3278 dicuntur..

1354 3281 1356 3285 ’
1385 3285 1423 3306 or.
1439 3286 1460 3306 1.
1494 3286 1561 3306 erm.
1593 3301 1599 3307 .
1614 3284 1660 3312 28.

1416 3313 1524 3344 Omnes
1535 3288 1680 3353 coriiposui
1694 3338 1702 3352 ,
1723 3315 1838 3346 felices:
1859 3325 1936 3345 rrunc
1947 3326 1999 3354 ego
2010 3317 2090 3346 resto.
2172 3318 2323 3349 Turnebus
2337 3330 2379 3350 ro.
2396 3331 2440 3352 ιι.

1335 3350 1418 3382 Diem
1429 3362 1521 3390 parem
1534 3353 1614 3383 Libra
1625 3354 1790 3392 componit,
1810 3355 1828 3382 i.
1839 3363 1863 3383 e.
1891 3353 2036 3389 AEqualem
2052 3355 2118 3384 facit
2132 3357 2207 3385 nocti
2221 3366 2227 3385 :
2249 3359 2363 3394 quando
2384 3361 2462 3392 enim

1358 3389 1406 3419 Sol
1415 3391 1489 3419 estin
1501 3391 1595 3426 Libra,
1618 3392 1649 3421 fit
1657 3392 1855 3429 aequinoctium
1868 3392 2040 3421 Autumnale.
2058 3393 2122 3422 Sen.
2135 3393 2251 3431 Hippol.
2266 3402 2309 3433 17.

1337 3424 1496 3458 ’Discordias
1511 3438 1682 3466 componere
1697 3430 1824 3458 adversus
1839 3428 1970 3466 aliquem.
1991 3430 2081 3460 Tacit.
2094 3443 2121 3467 4.
2139 3431 2208 3462 Hist.
2220 3442 2263 3468 ςο.

1336 3464 1449 3495 Fluctus
1460 3476 1646 3503 componere,
1666 3467 1777 3496 Sedare.
1798 3467 1871 3504 Virg.
1886 3477 1909 3497 1.
1922 3468 1984 3498 [ΕΠ.
1998 3478 2059 3505 139.

1337 3503 1412 3533 Lites
1425 3513 1606 3541 componere.
1630 3503 1702 3542 Virg.
1721 3514 1743 3539 ζ.
1758 3503 1816 3534 Ecl.
1827 3510 1888 3538 108-

1431 3541 1496 3570 Non
1507 3563 1516 3576 ,
1536 3542 1740 3572 nostrum'inter
1756 3551 1804 3571 vos
1816 3549 1904 3572 tantas
1911 3552 2080 3581 componere
2092 3544 2164 3574 lites.
2239 3545 2260 3575 i.
2278 3555 2302 3575 e.
2325 3545 2424 3578 Finire.

1337 3578 1453 3608 Penates
1464 3580 1515 3608 rite
1525 3588 1705 3617 componere.
1742 3579 1832 3609 Tacit.
1849 3591 1891 3614 ις.
1912 3582 1981 3609 Arm.
1995 3591 2021 3610 2.
2055 3581 2229 3619 Videbarque
2247 3591 2344 3613 contra
2367 3595 2460 3617 vetera

1357 3617 1470 3646 fratrum
1485 3617 1549 3645 odia
1560 3619 1585 3646 δι
1594 3619 1745 3646 certamina
1755 3640 1763 3653 ,
1783 3618 1894 3647 familiae
1906 3618 2003 3647 nostrae
2015 3626 2132 3657 penates
2144 3621 2197 3650 rite
2209 3622 2403 3659 composuisse.

1338 3653 1492 3692 Pugnantia
1502 3663 1684 3692 componere.
1707 3655 1774 3684 Hor.
1795 3665 1817 3685 1.
1835 3656 1921 3684 Serm.
1937 3666 1959 3684 r.
1975 3666 2036 3685 102.

1683 3708 1720 3713 -—
1728 3694 1820 3731 'pergis
1829 3694 2083 3731 pugnantiasecum

1434 3727 1584 3758 Frontibus
1595 3730 1713 3759 adversis
1727 3736 1906 3768 componere.
1988 3731 2015 3760 h.
2029 3741 2054 3761 e.
2077 3732 2118 3761 Ad
2129 3734 2310 3765 concordiam
2316 3736 2457 3768 reducere.

1342 3764 1431 3797 Verba
1440 3767 1545 3796 ratione
1556 3773 1618 3796 co'm
1624 3770 1762 3804 ponere&
1777 3769 1865 3797 finire.
1885 3768 1944 3797 Cic.
1960 3768 1988 3797 in
1998 3769 2081 3799 ‘Orat
2100 3775 2161 3807 164.

1341 3805 1522 3841 Componere
1534 3806 1559 3833 &
1570 3805 1702 3842 perficere
1711 3805 1812 3835 cailide
1820 3805 1933 3842 aliquid.
1955 3807 2013 3836 Cic.
2025 3817 2051 3837 2.
2065 3808 2100 3837 de
2109 3808 2204 3839 Divin.
2219 3820 2230 3839 1
2239 3821 2280 3840 ro.

1340 3842 1415 3873 Cum
1425 3843 1498 3871 bona
1508 3844 1594 3878 gratia
1610 3843 1714 3880 aliquid
1728 3853 1899 3881 componere
1917 3844 1990 3873 inter
2000 3845 2117 3882 aliquos.
2139 3847 2202 3877 Ter.
2217 3848 2325 3879 Phorm.
2338 3859 2365 3886 4.
2376 3858 2401 3886 3.
2414 3857 2457 3887 17.

1422 3879 1722 3909 Prehendohominem
1733 3881 1830 3910 solum.
1851 3891 1902 3910 cur
1911 3891 1969 3910 non
1980 3883 2113 3921 inquam,
2134 3885 2280 3922 Phormio,

1423 3916 1507 3945 vicies
1515 3938 1523 3951 ,
1544 3918 1618 3946 inter
1627 3928 1678 3947 vos
1690 3918 1724 3947 sic
1732 3918 1792 3948 haec
1801 3920 1894 3957 potius
1905 3928 1970 3948 cum
1981 3920 2055 3949 bona

1422 3953 1460 3984 Ut
1470 3962 1674 3992 componantur
1684 3957 1771 3994 gratia
1784 3979 1794 3993 ,
1813 3966 1894 3994 quain
1905 3966 1969 3985 cum
1981 3958 2072 3989 mala?

1851 3994 1879 4024 fl
1888 3994 1907 4023 h
1916 3994 1935 4023 h
1945 3993 1966 4024 h
2351 3997 2465 4028 Amicos
