2641 4187
479 131 508 167 A
606 132 630 166 Β
729 131 750 166 S

94 213 188 244 Abesse
203 227 217 245 a
232 216 320 251 signis.
351 215 418 244 Plin.
432 214 495 248 Jun.
510 213 591 250 Epist.
605 222 668 247 230.

95 252 185 285 Uroe.
209 255 293 283 domo
303 276 310 285 .
332 256 383 283 &e
405 251 449 280 vel
461 251 554 280 Abess‘c
565 251 598 278 ab
610 251 677 278 urhe
688 272 694 281 .
717 250 749 277 ab
762 249 846 277 domo
856 271 864 283 ‚
884 250 934 278 &e
966 249 1024 278 Cic.
1035 250 1109 279 Fam.
1124 249 1170 278 lib.
1184 254 1209 278 6.

113 293 166 321 Aut
179 292 253 328 quod
263 291 345 319 absim
362 290 394 318 ab
407 289 474 317 urbe
484 311 491 323 .
513 296 543 317 ut
559 288 603 324 qui
618 288 651 315 ad
664 294 689 315 te
701 286 906 318 proficiscantur
916 309 923 321 ‚
946 287 1011 316 scire
1030 297 1085 317 non
1103 288 1210 325 pollini.

114 329 170 358 Cic.
187 330 258 357 Verr.
274 332 298 356 6.
318 338 359 363 39.
391 326 483 355 Abelle
496 327 529 355 ab
541 326 625 354 domo
641 324 776 362 paulisper
787 324 892 353 maluit.

95 367 199 400 Abeise,
219 365 341 394 absolute
354 364 488 402 politum.
504 364 606 399 absque
616 361 734 390 ablativo
746 369 791 390 aur
804 362 933 390 adverbio
944 362 1008 391 loci.
1032 362 1114 391 l'laut.
1128 362 1212 391 Stich.

118 415 140 437 ς.
153 415 178 433 .¹..
191 414 236 436 29.
264 403 296 432 Id
308 403 396 435 abest.
416 401 489 430 aliud
502 401 569 429 nihil
579 399 659 429 abest.
682 400 754 433 virg.
772 399 831 427 [En.
848 409 869 427 1.
887 406 946 433 588-
987 400 1062 428 Urius
1075 399 1155 428 abeli.

96 441 190 471 Abesse
202 441 315 478 propius
327 452 340 468 a
352 445 458 473 morte,
483 437 710 475 l'ropinquioreni
727 436 780 465 ell'e
796 438 886 465 morri.
917 438 974 466 Cic.
997 438 1031 466 dc
1049 438 1156 466 Senect.
1170 441 1214 465 66.

114 480 225 544 Quartal
237 477 315 506 causa
327 477 411 543 gestat
429 474 662 514 appropinquatio
676 475 772 503 mortis
793 484 853 510 qua‘
867 482 942 504 certe
964 485 979 504 a
997 475 1136 504 senectute
1158 484 1215 502 non

115 517 203 553 potest
228 526 299 549 onae
311 526 325 544 a
346 514 407 544 else.

95 554 190 584 Abelse
205 554 233 581 in
251 552 484 582 altercationibus.
514 550 571 579 Cic.
585 551 638 579 Att.
657 548 704 577 lib.
716 559 742 584 4.
784 548 854 584 Ergo
865 556 895 578 ut
903 550 933 577 sit
945 556 1017 584 rata,
1039 548 1153 578 abfuisse
1170 559 1214 578 me

113 592 143 620 iri
157 590 381 620 altercationibus
391 612 399 624 3
420 599 486 626 quas
499 589 526 617 in
541 587 635 617 senatu
647 587 730 616 hietas
745 587 828 615 audio
838 608 846 621 3
867 588 925 616 fero
942 597 998 616 non
1012 587 1131 616 moleste.
1165 597 1215 624 pro

113 629 180 659 Non
192 627 340 657 iiiterfuilse
354 628 421 656 duni
433 627 529 655 fierent
540 625 740 656 altercationes.

95 666 191 698 Abesse
210 668 236 696 Sc
248 666 331 702 longe
344 665 515 700 disjunctum
531 663 593 693 else.
623 664 680 692 Cic.
697 663 724 690 in
736 661 835 699 Topic.
849 667 893 694 81.
935 662 1108 692 Extrinsecus
1122 671 1154 690 ea
1167 662 1217 690 du-

115 711 215 734 cuntur
225 726 232 739 ,
254 714 314 741 quae
327 702 423 731 absunt
433 724 440 737 3
462 702 599 738 longeque
611 701 748 734 disiuncta
761 699 831 728 sunt.

95 742 191 774 Abefl‘e
203 748 256 771 tres
268 741 382 770 menses.
404 740 468 769 Ter.
483 740 580 769 Heaut.
596 749 618 768 1.
636 748 657 767 1.
675 740 719 766 66.

95 779 191 811 Ahelse
207 788 333 816 magnam
351 786 455 816 partem
474 778 607 814 temporis
616 776 743 811 alicujus.
776 774 834 804 Cic.
849 774 922 805 Fam.
934 787 962 812 4.
982 786 1025 813 23.

116 827 197 855 gnam
210 825 316 855 partein
329 816 485 845 consulatus
498 815 547 844 tui.

95 856 209 894 Spano,
231 855 360 889 transitu,
382 853 518 892 palmum,
539 853 590 882 διε.
620 850 678 880 Cic.
690 850 764 880 Fani.
778 850 826 880 lib.
842 860 883 880 10.
901 861 943 888 17.
983 851 1128 881 Ventidius
1139 850 1218 879 bidui

116 893 202 931 spatio
216 893 291 922 abest
306 893 339 921 ab
352 902 395 921 eo.

96 930 192 962 Abeffe
207 931 284 960 bidui
299 941 313 959 a
325 930 423 959 castris.
455 928 512 957 Cic.
526 927 579 956 Att.
598 926 646 956 lib.
663 937 686 962 5.
707 928 749 954 16.
768 933 837 955 extr.
878 926 948 955 Cum
968 924 1096 956 in‘castra
1109 925 1221 964 profici.

115 969 219 998 scerer:
242 979 257 998 a
273 969 372 1004 quibus
390 967 498 996 aberam
513 965 598 993 bidui.
639 963 749 993 Subint.
770 963 884 998 itinere,
906 963 1010 1001 spatio,
1031 966 1082 994 via.

97 1007 209 1044 Aliquot
221 1006 307 1035 millia
319 1005 453 1043 passuum,
465 1003 590 1041 spatium,
606 1003 666 1036 iter,
679 1002 760 1035 viam,
773 1002 825 1030 &c.
847 1002 912 1030 Ca’s.
928 1013 951 1036 ς.
964 1002 1031 1031 Bell.
1045 1001 1113 1031 Gall·
1128 1000 1158 1030 C.
1170 1004 1216 1035 46.

115 1044 202 1079 Cuius
221 1045 336 1073 hiberna
349 1044 461 1072 aberant
472 1041 504 1070 ab
523 1051 557 1070 eo
575 1040 662 1082 inillia
678 1038 784 1078 passum
800 1049 875 1068 xxV.
897 1040 954 1068 Cic.
992 1039 1168 1076 Reliquaeque
1180 1037 1219 1067 le-

116 1084 213 1120 giones
228 1091 358 1119 magnum
368 1081 485 1118 spatium
501 1078 631 1108 abellent.
672 1077 751 1106 Idem
761 1098 768 1111 ‚
790 1076 862 1106 Cum
879 1087 1031 1114 paucorum
1043 1078 1151 1107 dierum
1166 1076 1217 1106 iter

116 1120 228 1150 abesset.
249 1120 327 1150 Idem
338 1129 388 1156 pro
400 1118 488 1147 Planc.
527 1115 584 1152 Qui
602 1125 667 1144 cuin
676 1114 799 1144 abelsent
809 1114 915 1152 aliquot
926 1116 1033 1145 dierum
1043 1116 1126 1146 viam.

99 1158 243 1188 Altillime.
274 1157 342 1186 Plin.
360 1156 407 1185 lib.
419 1165 444 1185 2.
461 1163 521 1191 cap.
537 1157 578 1182 16.
597 1160 666 1181 extr.
683 1154 718 1181 de
730 1152 832 1182 Stellis.

99 1196 228 1233 Longius.
259 1195 322 1224 Ter.
336 1194 436 1224 Heaut.
448 1202 472 1222 2.
493 1201 518 1221 2.
541 1191 624 1221 Ovid.
638 1190 708 1220 Met.
721 1200 746 1220 2.
760 1199 824 1227 292.

97 1234 193 1271 Longe
205 1233 330 1271 gentium
342 1231 442 1261 abess'e.
472 1230 504 1259 V.
527 1239 568 1259 Lo
577 1239 597 1258 N
606 1238 680 1258 cus.

97 1272 221 1302 Paulum.
244 1271 301 1299 Cic.
320 1280 341 1299 1.
357 1269 439 1299 Acad.

98 1309 205 1340 Procul.
227 1308 275 1337 lib.
292 1318 314 1337 1.
332 1307 366 1337 ab
378 1307 461 1336 Urbe.

98 1347 212 1385 Propius
224 1345 321 1375 abesse.
353 1345 411 1375 Cic.
426 1345 479 1374 Att.
500 1342 548 1372 lib.
566 1352 589 1371 1.

98 1385 179 1415 Abest
191 1384 256 1413 hinc
268 1393 284 1412 a
294 1383 383 1412 nobis.
410 1382 495 1412 Plaut.
510 1381 597 1410 Merc.
611 1391 634 1416 5.
646 1390 671 1410 2.
690 1390 732 1416 53.

96 1422 221 1453 Multum
230 1421 304 1451 abest
315 1421 348 1450 ab
361 1422 401 1450 iis.
433 1420 465 1450 Id
475 1419 512 1448 est
521 1441 528 1454 ‚
549 1418 644 1455 Longe
655 1418 693 1447 est
704 1418 825 1447 inferior.
849 1416 907 1447 Cic.
920 1418 950 1446 in
960 1418 1034 1448 Brut.
1046 1420 1092 1448 62.

97 1461 139 1491 Ab
151 1470 184 1489 eo
198 1459 350 1497 plurimum
361 1457 464 1488 absum.
492 1456 550 1486 Cic.
568 1456 604 1485 de
615 1457 674 1486 Fin.
687 1466 711 1492 3.
724 1466 750 1486 2.

97 1496 179 1528 Unde
191 1498 274 1535 longe
286 1497 389 1526 absum.
418 1496 477 1525 Cic.
490 1495 519 1523 in
532 1495 605 1524 Brut.
619 1500 681 1531 318.

98 1536 194 1567 Abesse
202 1558 210 1571 ,
231 1545 281 1573 pro
292 1534 390 1564 Deess‘e
401 1556 409 1569 ,
438 1543 503 1563 curn
513 1532 630 1562 ablativa
644 1531 837 1570 praepositione
846 1554 854 1567 ,
876 1537 923 1560 aut
933 1531 1062 1561 adverbio
1074 1530 1137 1560 loco
1148 1529 1221 1560 abla-

116 1575 166 1604 tivi
177 1596 185 1609 ‚
206 1574 345 1602 autetiam
355 1573 457 1601 dativo.
480 1571 538 1600 Cic.
550 1580 601 1609 pro
610 1570 689 1599 Rosc.
706 1571 795 1599 Ainer.
813 1579 855 1605 30.
898 1569 976 1606 Quid
988 1569 1021 1598 ab
1036 1570 1077 1598 his
1086 1576 1128 1597 tot
1138 1568 1222 1597 male-

116 1612 186 1643 ficiis
198 1610 305 1640 sceleris
316 1610 404 1640 abell'e
415 1609 546 1639 videtur?
572 1608 629 1637 Cic.
643 1618 693 1645 pro
705 1608 787 1637 Corn.
802 1607 877 1636 Balb.
919 1607 996 1644 Quid
1011 1607 1085 1636 abest
1097 1607 1162 1635 huic
1173 1606 1223 1634 lio-

117 1650 187 1680 mini
197 1671 205 1685 ,
226 1649 302 1686 quod
313 1649 331 1678 si
346 1647 464 1682 adesset,
492 1648 551 1683 jure
566 1646 620 1675 hoc
633 1647 659 1675 Sc
670 1645 753 1674 tribui
769 1647 795 1674 St
806 1645 925 1674 concedi
939 1645 1120 1683 putaremus?
1146 1644 1220 1673 Varr.

119 1698 144 1718 2.
163 1688 197 1717 de
208 1687 241 1716 R.
254 1687 286 1716 R.
302 1697 361 1725 cap.
373 1696 399 1715 2.
440 1685 474 1715 Et
485 1685 504 1714 si
515 1685 560 1714 cui
571 1684 703 1713 vetustate
717 1684 815 1712 dentes
827 1682 932 1712 absunt.

99 1726 180 1757 Abest
196 1725 262 1755 huic
276 1725 319 1753 de.
359 1724 415 1753 Cic.
433 1733 457 1753 1.
472 1723 507 1752 de
523 1723 599 1752 Orat.
641 1722 719 1758 Quid
732 1721 799 1750 huic
814 1721 902 1750 abesse
917 1721 1020 1759 poterit
1038 1721 1073 1750 de
1092 1721 1224 1749 maxima-

119 1773 181 1793 rum
193 1773 285 1792 rerum
298 1762 433 1791 scientia?
457 1761 490 1790 Id
503 1761 541 1790 est
551 1783 558 1795 ‚
579 1760 685 1789 Deeffe.

99 1801 211 1836 ribeiro,
240 1811 290 1838 pro
303 1800 433 1829 Alienum
446 1798 517 1832 else,
544 1797 588 1827 vel
602 1807 712 1833 carere,
739 1797 793 1826 sive
809 1797 964 1826 immunem
977 1795 1048 1826 esse:
1082 1801 1114 1825 ut
1127 1794 1223 1825 Abesse

118 1850 135 1869 a
146 1839 336 1869 contentione.
365 1838 423 1867 Cic.
435 1837 488 1866 Att.
505 1835 553 1865 lib.
570 1846 610 1864 10.

99 1876 195 1908 Abesse
208 1876 241 1906 ab
256 1877 375 1905 auribus.
406 1875 462 1904 Cic.
477 1885 526 1912 pro
541 1874 572 1903 C.
588 1873 680 1903 Rabir.
694 1876 737 1902 16.
777 1872 812 1901 Et
830 1882 933 1901 nomen
948 1871 1037 1910 ipsum
1054 1872 1143 1901 crucis
1157 1871 1225 1900 absit

118 1915 281 1982 nonbinodo
301 1925 316 1944 a
335 1922 451 1952 corpore
469 1913 572 1944 civium
591 1912 673 1943 Rom.
706 1910 753 1940 sed
767 1911 851 1939 etiam
868 1920 884 1940 a
901 1911 1089 1947 cogitatione,
1118 1909 1224 1945 oculis,

118 1963 177 1983 auri
199 1963 239 1982 us.

99 1992 121 2022 A
137 1991 233 2025 bello..
247 1990 305 2020 Cic.
322 2000 364 2019 10.
379 1988 498 2027 Philipp.
538 1987 662 2017 Tantum
680 1993 774 2016 autem
786 1985 879 2015 aberat
890 1995 905 2014 a
918 1985 993 2014 bello
1003 2008 1012 2021 ,
1032 1990 1064 2015 ut
1074 1995 1161 2023 quum
1179 1994 1226 2014 cu-

118 2029 235 2067 piditate
249 2028 381 2057 libertatis
399 2027 476 2056 ltalia
491 2026 615 2061 arderet.
646 2025 766 2054 defuerit
779 2024 883 2054 civium
896 2024 991 2053 studiis
1008 2024 1102 2062 potius
1112 2046 1119 2059 ‚
1142 2033 1225 2060 quam

116 2077 166 2136 {ps
179 2068 208 2096 in
218 2076 358 2096 armorum
369 2065 518 2095 discrimen
533 2064 692 2096 adduceret.
724 2062 757 2093 Id
768 2062 825 2098 est,
849 2062 983 2092 Animum
994 2061 1113 2092 habebat
1123 2072 1138 2092 a
1151 2061 1225 2091 bello

146 2115 249 2135 ienum.

99 2145 123 2175 A
135 2144 310 2182 cogitatione.
346 2141 378 2171 V.
399 2151 419 2170 A
427 2152 443 2170 B
452 2151 466 2170 iz
475 2151 487 2171 s
496 2151 508 2170 s
517 2150 531 2169 iz
551 2140 584 2169 ab
597 2139 717 2169 auribus.

97 2183 121 2212 A
134 2178 249 2211 confilio
264 2180 398 2218 fugiendi.
423 2179 482 2209 Cic.
495 2179 548 2208 Att.
565 2178 611 2207 lib.
625 2187 650 2215 7.
668 2187 713 2213 24.

99 2220 121 2250 A
136 2219 326 2249 contentione.
356 2218 414 2247 Cic.
426 2219 480 2246 Att.
495 2216 542 2246 lib.
559 2227 601 2245 10.
616 2222 641 2249 8.
682 2215 782 2253 Neque
792 2214 933 2244 honestius
944 2213 1064 2252 reperies
1076 2214 1226 2251 quicquam

119 2268 201 2295 quam
214 2257 247 2286 ab
260 2256 338 2285 omni
351 2255 533 2285 contentione
547 2253 645 2283 abesse.

101 2296 122 2326 A
136 2305 252 2333 corpore
263 2317 271 2328 ‚
301 2294 330 2323 V.
351 2293 391 2323 Ab
405 2293 516 2323 auribus
532 2291 616 2330 paulo
631 2296 704 2321 ante.

100 2337 123 2364 A
136 2333 267 2363 Crimine.
299 2332 358 2362 Cic.
396 2341 426 2360 ro
443 2330 523 2361 Rosc.
540 2332 631 2360 Amer.
644 2339 689 2358 20.

100 2371 179 2402 Abest
190 2381 251 2400 inea
261 2370 352 2408 culpa.
374 2370 432 2399 cic.
443 2369 518 2399 Fam.
534 2367 582 2397 lib.
597 2378 638 2397 12.
651 2367 734 2405 Epist.
746 2376 789 2396 22.
822 2366 879 2404 Ego
892 2372 965 2396 certe
975 2365 1044 2403 reip.
1055 2375 1114 2395 non
1124 2365 1224 2395 deero:

120 2411 146 2440 St
160 2409 294 2447 quicquid
307 2408 440 2437 acciderit
449 2429 457 2443 ‚
478 2417 494 2436 a
506 2416 561 2444 quo
575 2416 636 2435 mea
651 2405 733 2443 culpa
746 2404 813 2433 absit
822 2426 830 2439 ‚
852 2405 945 2433 animo
959 2403 1023 2433 forti
1036 2403 1130 2433 feram.

100 2448 121 2478 A
132 2447 218 2486 culpa
227 2446 316 2476 abesse
327 2445 456 2483 aliquem.
488 2444 546 2474 Cic.
563 2454 613 2482 pro
630 2443 710 2472 Rosc.
729 2443 818 2472 Amer.
857 2442 996 2472 Innocens
1015 2441 1053 2470 est
1071 2441 1224 2480 quispiam:

119 2491 302 2515 veruntamen
314 2493 471 2521 quanquam
482 2482 556 2512 abest
569 2492 584 2511 a
594 2481 677 2519 culpa
685 2503 694 2516 ,
714 2480 869 2518 suspicione
879 2486 973 2509 tamen
987 2489 1045 2508 non
1058 2486 1140 2509 caret.

102 2523 184 2554 Abest
199 2523 311 2552 fortuna
328 2532 344 2551 a
363 2521 454 2559 culpa.
491 2521 549 2550 Cic.
566 2519 641 2549 Fam.
656 2519 704 2548 lib.
717 2522 743 2548 6.
759 2518 842 2556 Epist.
856 2528 881 2547 2.
922 2517 1064 2555 Intelliges
1082 2517 1228 2548 ferendam

120 2561 174 2591 effe
183 2561 325 2590 fortunam
334 2582 342 2593 ,
363 2559 513 2597 praesertim
524 2568 585 2595 quae
596 2557 663 2587 absit
674 2567 689 2586 a
699 2556 791 2594 culpa.

101 2599 293 2630 Difficultates.
322 2597 381 2627 Cic.
393 2609 419 2633 4.
436 2597 472 2626 ad
487 2597 590 2627 Heren.
630 2594 734 2624 Absunt
743 2605 758 2624 a
768 2593 850 2623 nobis
860 2603 958 2622 onmes
966 2593 1009 2622 hae
1018 2593 1203 2624 difficultates.

101 2637 141 2668 Ab
152 2637 263 2666 insania.
294 2636 351 2665 Cic.
364 2645 389 2671 3.
403 2634 485 2665 Tusc.
524 2634 591 2664 Non
605 2632 727 2662 multum
739 2632 813 2662 abest
826 2631 860 2661 ab
871 2631 983 2661 insania.

102 2675 218 2706 Insidiae.
244 2674 328 2704 Ovid.
341 2683 366 2709 3.
383 2673 418 2702 de
433 2674 495 2702 Arte
509 2673 567 2702 Am.
581 2677 644 2708 538.

182 2713 260 2744 Adde
274 2712 350 2749 quod
363 2711 467 2740 infidiae
481 2711 561 2740 sacris
574 2720 591 2738 a
603 2708 711 2738 vatibus
725 2708 832 2737 absunt.

104 2751 127 2780 A
140 2749 230 2780 laude.
261 2749 318 2779 Cic.
331 2750 385 2779 Att.
397 2754 423 2783 8.
443 2759 485 2785 ις.
524 2748 622 2785 Quum
633 2749 659 2777 Sc
676 2746 717 2776 illi
729 2747 802 2776 cives
817 2744 917 2784 optimi
931 2744 1000 2780 sint,
1021 2746 1049 2775 &
1060 2754 1111 2783 ego
1126 2744 1160 2775 ab
1180 2745 1228 2774 ista

123 2787 204 2817 laude
218 2798 277 2817 non
290 2787 383 2817 absim.

104 2826 126 2856 A
137 2825 183 2864 spe
191 2825 357 2855 consulatus.
381 2824 440 2854 Cic.
453 2833 477 2853 2.
488 2833 532 2861 79.
545 2823 602 2854 Off.
618 2823 648 2853 C.
661 2823 776 2857 Marius,
794 2831 881 2860 quum
893 2820 962 2858 aspe
976 2820 1133 2850 consulatus
1144 2821 1192 2850 lon
1212 2831 1228 2850 e

123 2863 242 2900 abesset,
264 2866 290 2893 δε
303 2864 358 2899 jam
372 2862 521 2900 septimum
537 2872 643 2891 annum
657 2861 718 2900 post
734 2868 882 2899 praeturam
901 2860 1020 2895 jaceret,
1044 2860 1098 2889 ἃς.
1127 2859 1159 2889 Id
1173 2831 1226 2895 eff,

124 2901 222 2938 Quum
235 2911 332 2939 parurn
342 2901 462 2939 speraret
472 2899 655 2929 consulatum.

104 2939 195 2976 Absit,
226 2949 277 2978 pro
294 2940 335 2969 Sit
354 2937 462 2977 procul.
493 2938 551 2968 Cic.
567 2948 592 2967 2.
609 2937 667 2967 Off.
707 2936 745 2965 Ut
761 2934 953 2965 illiberalitatis
971 2934 1145 2972 avaritiaeque
1161 2934 1229 2964 absit

120 2978 247 3017 suspicio.
277 2976 396 3008 Martial.
409 2977 438 3005 in
453 2975 536 3014 Epist.
551 2976 600 3006 lib.
615 2986 638 3005 1.
679 2974 753 3004 Absit
765 2984 780 3003 a
790 2974 918 3010 jocorum
929 2972 1084 3002 nostrorum
1099 2972 1229 3011 simplici-

121 3022 178 3047 tate
195 3016 331 3054 malignus
347 3016 492 3053 interpres.

103 3054 198 3092 Longe
212 3054 286 3084 abest
296 3060 335 3084 ut.
365 3053 423 3083 Cic.
435 3064 462 3090 4.
477 3051 560 3082 Acad.
605 3051 657 3081 Nae
672 3050 720 3080 ifle
739 3049 822 3087 longe
839 3048 926 3078 aberit
939 3054 970 3077 ut
985 3048 1154 3085 argumentis
1172 3058 1229 3077 cre-

121 3093 170 3122 dat
182 3092 420 3131 philosophorum.
458 3090 542 3128 Quasi
551 3096 582 3120 tu
595 3090 670 3119 dicas
679 3112 688 3126 ,
718 3088 814 3127 Longe
826 3087 931 3117 alienus
948 3086 1000 3116 erit
1015 3085 1049 3115 ab
1065 3095 1098 3115 ea
1109 3085 1230 3115 creduli-

121 3136 178 3160 tate
188 3130 234 3160 vel
245 3129 425 3169 persuasione.

102 3168 170 3199 Non
180 3168 263 3206 longe
276 3168 350 3197 abest
379 3167 436 3197 uin.
466 3166 524 3196 Cic.
535 3167 589 3197 Att.
608 3165 657 3195 lib.
671 3175 696 3201 9.
713 3174 756 3195 11.
795 3163 890 3194 Aberit
900 3172 959 3193 non
972 3161 1073 3199 longe,
1095 3161 1163 3199 quin
1174 3161 1229 3190 hoc

121 3217 137 3236 a
148 3216 193 3236 me
207 3206 320 3235 decerni
333 3215 367 3235 ve
381 3206 409 3234 't.

103 3244 198 3275 Abesse
209 3254 268 3273 non
281 3243 372 3282 potest
386 3243 462 3280 quin.
492 3241 550 3272 Cic.
566 3242 596 3271 in
605 3241 684 3271 Orat.
696 3250 760 3277 233.
799 3239 896 3270 Abesse
912 3247 970 3267 non
980 3237 1070 3276 potest
1081 3237 1149 3275 quiri
1160 3236 1230 3273 ejus-

123 3283 188 3312 dem
199 3282 320 3312 hominis
332 3281 379 3317 lit,
401 3280 503 3319 probos
513 3279 686 3318 improbare,
709 3279 757 3317 qui
768 3278 910 3316 improbos
920 3275 1028 3314 probet.

103 3320 182 3352 Nihil
192 3320 266 3350 abest
275 3320 351 3357 quin.
379 3319 410 3348 V.
433 3328 552 3347 N1H11..

103 3358 198 3388 Abesse
209 3358 299 3387 alicui.
331 3357 389 3387 Cic.
401 3366 452 3395 pro
464 3355 491 3385 P.
503 3355 578 3393 Sylla
591 3366 614 3391 ς.
654 3354 693 3384 Ut
703 3354 794 3384 mirari
805 3353 963 3390 Torquatus
977 3351 1083 3380 desinat
1095 3359 1140 3380 me
1150 3372 1159 3386 ,
1181 3350 1228 3387 qui

122 3396 256 3426 Autronio
266 3395 402 3425 abfuerim
410 3416 418 3429 ,
439 3393 543 3431 Syllam
554 3393 713 3423 defendere.
736 3402 802 3430 opp.
823 3402 842 3420 A
850 3401 868 3420 D
879 3401 912 3420 as
921 3401 932 3419 s
941 3400 964 3419 a.

926 3436 1013 3495 guum
1024 3426 1092 3463 quid
1101 3432 1179 3455 erant
1190 3425 1231 3454 di-

995 3464 1070 3494 Absit
1087 3463 1171 3493 verbo
1189 3464 1231 3493 in-

1068 774 1150 804 Abfui
1162 784 1218 803 ma-

104 3433 177 3464 Absit
187 3434 270 3463 verbo
284 3433 405 3462 invidia:
431 3432 537 3462 Modus
547 3431 683 3468 loquendi
696 3431 771 3468 apud
782 3436 887 3459 veteres
896 3451 904 3463 .,

124 3472 192 3501 etuti
205 3472 281 3509 quod
292 3480 419 3509 arrogans
429 3470 517 3499 videri
528 3469 625 3507 posset.
650 3469 708 3498 Liv.
728 3468 775 3497 lib.
791 3479 816 3504 9.
835 3467 868 3496 ab
880 3467 912 3496 U.

123 3510 212 3546 vidia,
236 3511 261 3539 S<
273 3509 365 3538 civilia
378 3508 451 3537 bella
464 3507 567 3537 lileant.

105 3546 199 3578 Abess'e
209 3570 217 3583 ,
236 3547 359 3576 Verbum
374 3546 519 3575 relativum
529 3545 575 3574 est.
618 3545 690 3575 Cum
707 3544 783 3573 enim
799 3542 921 3579 aliquem
932 3539 1021 3570 abesse
1033 3539 1169 3574 dicimus.
1190 3539 1232 3568 lo-

122 3595 188 3614 cum
198 3585 278 3614 simul
291 3585 365 3613 unde
375 3583 449 3613 abest
459 3583 629 3620 cogitatione
640 3581 914 3620 comprehendimus.
947 3578 1042 3614 Itaque
1053 3579 1080 3607 ὃ(
1089 3577 1231 3606 absentem

124 3633 190 3652 eum
200 3623 254 3652 efl'e
269 3623 388 3652 dicimus
399 3622 445 3659 qui
459 3622 488 3650 in
503 3621 569 3656 jure
580 3630 639 3649 non
649 3621 696 3650 est.
734 3620 766 3649 Id
779 3619 832 3653 est,
855 3617 912 3654 Qui
925 3617 960 3645 ad
970 3614 1091 3645 tribunal
1106 3615 1230 3644 Praetoris

124 3670 182 3690 non
192 3661 230 3689 est
241 3661 365 3698 quamvis
375 3660 403 3688 in
414 3660 475 3688 foro
487 3659 526 3688 lit.
555 3658 584 3688 L.
598 3670 624 3694 4.
637 3659 658 3696 §.
696 3658 797 3693 Praetor
811 3657 849 3685 ait
860 3655 894 3684 D.
914 3654 949 3682 de
963 3654 1066 3683 damno
1077 3653 1191 3682 infecto.

105 3697 201 3729 Abeffe
215 3708 256 3738 r&
270 3699 371 3727 dicitur
385 3707 443 3726 nori
454 3697 540 3725 modo
550 3706 611 3734 quae
622 3697 652 3725 in
663 3706 755 3725 rerum
774 3701 871 3724 natura
890 3701 948 3720 non
959 3691 997 3720 est
1007 3713 1014 3727 ‚
1042 3691 1156 3727 cujusve
1170 3700 1232 3728 pre-

123 3737 195 3765 tium
206 3737 321 3765 domino
331 3735 405 3764 abest
413 3757 421 3769 7
443 3735 585 3764 sedetiam
596 3744 627 3763 ea
638 3735 717 3769 cujus
728 3742 828 3770 corpus
840 3736 934 3759 manet
942 3752 950 3764 ,
966 3729 1054 3758 forma
1064 3735 1170 3758 mutata
1180 3729 1227 3757 est.

123 3774 199 3805 Hinc
208 3773 306 3803 Paulus
316 3774 355 3802 ita
366 3773 459 3802 scribit
471 3773 501 3801 in
516 3772 544 3801 L.
562 3783 602 3808 14.
619 3771 652 3801 D.
671 3772 706 3800 de
715 3771 862 3800 verborum
873 3767 1014 3805 fignificat.
1048 3766 1075 3796 Si
1086 3766 1231 3795 vestimen-

123 3818 186 3842 tum
196 3810 304 3841 sciffum
315 3811 446 3840 reddatur
455 3833 463 3846 ‚
482 3810 528 3840 vel
538 3820 580 3839 res
597 3816 724 3847 corrupta
735 3808 843 3838 reddita
854 3807 900 3835 sit:
931 3805 1018 3834 veluti
1028 3804 1123 3842 scyphi
1134 3804 1230 3839 collisi,

122 3855 173 3880 aut
182 3849 275 3878 tabula
286 3849 342 3878 rasa
355 3849 477 3886 pictura:
506 3848 638 3885 quoniam
651 3857 745 3876 earum
761 3855 851 3875 rerum
869 3844 990 3882 pretium
1000 3852 1058 3871 non
1067 3843 1099 3871 in
1112 3841 1231 3871 substan-

125 3889 180 3922 tia.
204 3887 290 3916 sedin
299 3895 354 3916 arte
366 3886 396 3915 sit
407 3886 536 3924 positum.
573 3886 642 3915 Item
652 3908 660 3920 ‚
683 3886 700 3913 si
711 3895 771 3914 eam
784 3883 914 3912 dominus
925 3890 1001 3916 rem,
1023 3890 1083 3917 quae
1095 3879 1141 3908 sibi
1156 3880 1231 3908 furto

125 3925 218 3956 aberat
227 3947 234 3959 ‚
255 3925 383 3961 ignorans
394 3924 509 3959 emerit,
536 3925 608 3952 reete
619 3923 721 3952 dicitur
731 3932 773 3951 res
786 3919 874 3950 abelse
884 3942 892 3954 ,
914 3919 998 3947 etiam
1012 3918 1032 3948 si
1045 3918 1075 3948 id
1080 3918 1178 3957 postea
1192 3917 1230 3947 ita

127 3963 179 4030 essse
190 3963 296 4030 scierIit:
318 3963 381 3999 quia
390 3961 500 3992 videtur
509 3971 553 3991 res
565 3962 591 3991 ei
603 3960 711 3998 abesse,
731 3960 777 3990 cui
785 3958 909 3998 pretium
919 3956 1001 3987 abest.

178 4011 232 4031 OL-
266 4020 274 4030 t

1703 131 1730 166 A
1827 131 1851 164 B
1949 132 1970 166 S
2378 143 2421 176 19

1301 210 1422 240 Tantum
1440 212 1520 241 abest.
1564 211 1595 240 V.
1618 221 1636 240 τ
1646 222 1663 240 A
1673 221 1692 239 N
1702 220 1720 240 Τ
1730 222 1746 240 c
1758 223 1784 241 κε.
1815 212 1872 241 Cic.
1894 211 1966 240 Fam.
1989 211 2033 240 lib.
2056 220 2095 240 rr.
2120 221 2161 240 10.
2199 211 2322 240 Tantum
2337 212 2419 247 abest,

1321 257 1349 276 ut
1363 259 1404 277 nie
1414 261 1428 291 ἰ·
1441 251 1476 277 rei
1493 249 1630 278 [wiliaris
1642 249 1759 278 liberum
1773 250 1803 278 lit
1814 250 1961 286 quicqu.un
1971 271 1979 285 7
2001 257 2031 277 ut
2044 259 2119 277 meos
2134 250 2189 285 jain
2206 258 2302 277 omnes
2318 251 2421 278 amicos

1322 296 1372 313 :rw
1386 287 1474 315 Alleliil
1487 288 1684 315 obltriiixeriin.

1304 323 1414 355 Alit-We.
1439 325 1576 366 lnrerdum
1589 325 1758 353 dividiturin
1773 331 1862 361 partes
1873 324 1948 352 duas.
1980 322 2044 352 Czrs.
2064 323 2129 352 liell.
2147 323 2226 352 eivil.
2244 333 2265 352 1.
2284 327 2324 352 16.
2363 324 2421 360 Qu'

1321 367 1377 401 emt
1390 362 1422 387 ab
1435 362 1538 397 oppido
1553 362 1637 390 millia
1651 362 1774 399 pall'uuni
1790 362 1897 390 circiter
1910 369 1926 389 ii
1936 362 1967 389 ia.
2006 361 2053 389 l’ro
2071 362 2172 390 ilbi-rat.

1304 396 1420 438 Prafleus
1431 398 1509 426 aot-il.
1529 399 1716 440 l'ariemiaelt,
1728 401 1755 428 in
1766 409 1829 429 euni
1842 400 1895 428 dici
1909 399 1983 427 linita
1995 399 2038 434 qui
2052 408 2106 425 non
2118 398 2309 427 aziimidvcrtit
2320 408 2351 426 ea
2361 409 2420 436 quae

1327 434 1457 463 (lu-‘unffi‘
1467 457 1474 466 κ
1495 437 1660 477 &nutatione
1673 437 1731 466 aliis
1744 438 1770 465 in
1783 437 1863 465 rebus
1875 443 2015 473 occupati.
2051 436 2078 464 V.
2096 436 2256 478 plur112pud
2271 435 2367 465 '.ssrifin.

1270 470 1313 498 ΑΒ
1323 481 1333 497 S
1345 481 1356 498 Γ-
1366 481 1384 498 Ν
1394 483 1405 498 ⁵
1416 493 1423 504 a
1444 481 1523 514 essim:
1552 474 1662 508 [almo]
1694 475 1787 504 l'artic.
1812 475 1866 511 Qui
1881 484 1936 502 noi:
1950 474 2021 501 ide-2}
2035 473 2078 501 ubi
2092 473 2180 501 <niele
2193 473 2274 506 [olet.
2297 482 2342 501 aut
2356 473 2421 501 ileli-

1307 508 1425 537 deratur.
1451 509 1628 552 'Ulpianusin
1640 511 1656 539 l.
1677 512 1821 542 Absentem
1837 514 1866 541 l).
1887 511 1921 540 de
1933 511 2006 540 verb.
2023 511 2065 545 lig.
2111 511 2253 539 Abstine-in
2271 511 2422 547 accipimus

1306 555 1389 579 sslfflla
1411 556 1455 587 (ll-¹!
1471 556 1525 574 ⁷¹⁰1]
1539 548 1575 574 0st
1587 558 1612 575 Η]
1625 549 1732 588 coloco
1747 550 1774 578 in
1787 560 1841 586 quo
1854 550 1972 587 petitur:
2004 558 2058 575 *iou
2071 549 2142 576 eui-n
2162 557 2177 568 ’π
2194 558 2233 576 2:15
2246 558 2318 576 mare
2332 548 2422 576 absen-

1308 588 1363 610 tem
1382 583 1580 612 deluleramus:
1612 587 1637 613 N
1657 588 1673 613 li
1692 588 1759 615 fin-te
1780 596 1855 616 extra
1871 588 2024 616 continenti
2038 596 2070 614 ui*
2089 587 2159 614 urbis,
2177 586 2222 619 lit,
2244 585 2325 614 abest.
2356 585 2421 614 Ter.

1309 620 1408 649 lleaut.
1421 631 1446 649 2.
1461 631 1485 649 2.
1502 631 1524 649 2.
1568 621 1667 663 Vereor
1680 633 1713 651 ne
1725 634 1768 652 me
1784 625 1892 653 absente
1907 624 2004 654 mulier
2020 624 2205 660 l21cv....:i.;.ta
2221 627 2258 651 lit.

1270 656 1403 700 SUijslstf-
1420 658 1527 700 August:
1540 658 1657 687 Contell.
1670 671 1732 702 414¹
1763 662 1928 698 liapiilinuin
1940 670 2079 703 acceperut
2094 671 2188 689 viii-«ne
2201 669 2281 696 arque
2291 660 2365 689 sensu
2377 661 2423 688 ab.

1326 696 1505 738 seflfflllfflwfip
1521 695 1779 738 'dcsts'llloriturus
1790 720 1796 731 ,
1813 709 1874 727 tum
1887 700 1940 727 line
1951 699 2026 728 12.-:iiii
2037 700 2110 728 eilet.
2142 699 2422 727 Aliientiiimnoniiiia

1327 739 1437 775 (eorum
1447 732 1565 774 scilicet,
1581 744 1625 769 qui
1638 733 1805 770 Reipublica·
1817 737 1893 764 c-rulli
1904 736 2027 765 aberant
2043 747 2097 764 non
2110 736 2320 773 recipiebantur,
2335 735 2362 763 id
2373 736 2420 768 ell,

1328 780 1366 798 rei
1379 780 1434 798 nou
1447 771 1556 812 fiebant.
1587 770 1717 807 Bernegg.
1732 772 1765 799 ad
1777 774 1887 801 but-ton.
1909 774 1971 801 Ces.
1989 786 2011 803 c.
2026 784 2068 807 23.
2106 774 2205 803 Absens
2222 774 2304 802 creari
2321 772 2422 801 Consul

1328 807 1372 836 vel
1385 808 1482 850 l'rzetor
1492 808 1602 850 dicitur,
1619 818 1675 836 non
1686 816 1792 837 tzuituni
1805 811 1849 846 qui
1861 810 1931 838 abeli
1942 812 2012 840 Urbe
2024 834 2029 845 .
2047 812 2090 840 l‘eal
2104 813 2149 848 qui
2160 834 2167 845 ‚
2186 821 2248 840 cuni
2262 811 2288 838 in
2302 811 2372 839 Urbe
2383 812 2422 846 lit,

1330 846 1470 887 mode-stim
1482 846 1560 874 caula
1572 855 1599 873 in
1611 855 1739 883 crunpuin
1752 856 1806 874 nori
1821 847 1969 878 deseendit.
2008 849 2036 876 V.
2054 850 2145 878 simin.
2159 850 2191 878 ail
2209 849 2262 877 l.iv.
2280 859 2319 876 io,
2337 858 2361 876 2.

1310 883 1428 926 Ableiite
1440 883 1520 912 nobis
1531 905 1538 917 ,
1571 883 1683 925 figurata
1694 886 1719 912 ἃ
1732 885 1842 920 antiqua
1857 884 1978 919 locutio,
2008 896 2055 922 pro
2071 875 2107 915 lai,
2119 887 2192 923 quod
2209 887 2245 915 cll
2256 908 2263 920 ‚
2285 885 2365 914 nobis
2380 885 2426 914 ab·

1328 920 1459 951 sentibus.
1503 922 1588 957 Quod
1608 921 1731 950 l'rilcian.
1752 921 1801 950 lib.
1818 922 1851 950 de
1873 923 2022 951 Construct.
2045 934 2118 952 more
2140 925 2228 953 Attico
2248 924 2352 952 dietum
2372 923 2425 952 elle

1328 959 1435 996 probat.
1473 958 1555 988 l’laut.
1580 959 1678 996 Amph.
1700 964 1725 992 8.
1771 959 1797 987 Si
1815 959 1840 986 in
1860 960 1967 988 actione
1984 960 2052 988 lianc
2069 961 2177 990 absente
2196 960 2275 990 nobis
2291 961 2427 990 invenerit

1329 998 1420 1034 puer?
1450 996 1514 1026 Ter.
1538 997 1605 1025 Eun.
1625 1008 1651 1031 4.
1676 1005 1699 1033 3.
1717 1005 1741 1032 7.
1784 996 1883 1025 Nescio
1900 997 1965 1033 quid
1979 998 2100 1033 prosectu
2120 999 2227 1027 abierit:
2243 999 2321 1027 uobis
2336 998 2426 1027 turba-

1328 1041 1390 1063 tum
1402 1034 1439 1063 est
1451 1035 1536 1063 domi.
1576 1034 1628 1062 Ubi
1644 1034 1745 1063 Donat.
1787 1035 1839 1063 Aut
1857 1034 2078 1070 distinguendum
2096 1036 2149 1070 est,
2171 1036 2427 1065 &subaudiendum

1329 1072 1420 1108 (meh
1449 1081 1495 1101 aut
1511 1071 1644 1107 ὶξσχαιο-μὸς
1658 1072 1743 1109 figura
1754 1072 1807 1106 est7
1838 1071 1953 1100 Absente
1966 1072 2044 1099 nobis
2057 1094 2064 1105 ,
2093 1083 2142 1109 pro
2159 1073 2245 1102 Nobis
2259 1073 2425 1105 absentibus.

1328 1110 1408 1151 Idem
1426 1110 1508 1147 paulo
1524 1110 1600 1146 post:
1634 1109 1704 1139 Cuin
1717 1110 1752 1140 sic
1765 1109 1850 1144 dicit.
1877 1119 1928 1146 pro
1942 1109 2132 1146 praepolitione
2147 1111 2225 1146 ponit
2242 1110 2373 1146 Abitnte,
2394 1120 2427 1140 ac

1328 1150 1348 1177 {i
1363 1148 1466 1176 diceret
1476 1170 1484 1181 ,
1507 1148 1606 1176 Coram
1620 1148 1723 1177 amicis.
1896 1174 1898 1180 ,

1310 1185 1401 1217 Locus
1412 1185 1507 1214 absens
1519 1186 1619 1214 dicitur
1634 1186 1662 1213 in
1675 1196 1730 1222 quo
1741 1185 1801 1222 quis
1812 1194 1868 1213 non
1880 1184 1925 1213 est.
1956 1183 2022 1213 Hor.
2035 1193 2060 1212 2.
2076 1184 2129 1213 Sat.
2143 1194 2166 1221 7.
2183 1191 2224 1219 28.

1387 1223 1483 1252 Romae
1495 1233 1539 1252 rus
1552 1230 1629 1260 optas
1638 1246 1646 1257 .
1667 1223 1808 1252 absentem
1820 1222 1934 1251 rusticus
1946 1221 2050 1251 Urbem

1391 1261 1480 1303 Tollis
1491 1262 1525 1289 ad
1537 1261 1604 1289 astra
1612 1261 1687 1290 levis.
1745 1271 1796 1299 pro
1808 1261 1850 1290 'su
1863 1260 1957 1289 absens
1972 1259 2028 1297 'ipse
2039 1258 2072 1288 ab
2083 1258 2156 1289 Urbe
2166 1281 2173 1294 ,
2194 1260 2345 1299 hypallage.

1331 1299 1412 1332 Idem
1426 1299 1472 1328 lib.
1490 1309 1511 1327 1.
1529 1299 1610 1336 Epist.
1625 1309 1667 1328 11.
1684 1309 1728 1328 21.

1389 1337 1484 1366 Romae
1495 1336 1622 1365 laudetur
1631 1338 1727 1366 Samos
1736 1358 1745 1371 ‚
1766 1337 1792 1366 <Sc
1803 1335 1888 1365 Chios
1897 1357 1905 1371 ‚
1926 1336 1952 1365 δε
1962 1333 2077 1364 Rhodos
2088 1333 2191 1363 absens.

1332 1374 1415 1405 Venti
1428 1375 1559 1404 absentes.
1587 1375 1653 1404 Stat.
1668 1374 1759 1403 Theb.
1773 1385 1796 1409 5.
1811 1379 1854 1410 87.

1425 1430 1462 1434 »-
1473 1412 1621 1450 Ventisque
1634 1412 1791 1441 absentibus
1806 1412 1894 1447 IEgon

1390 1451 1487 1481 Motus
1497 1473 1505 1485 .
1527 1452 1553 1480 ἃ
1566 1451 1671 1487 ingenti
1683 1449 1813 1488 percullit
1823 1449 1917 1478 littora
1926 1447 2024 1478 Ponto.

1334 1488 1467 1526 AEgaeum.
1490 1488 1610 1517 Lactant.

1276 1526 1299 1556 A
1307 1537 1321 1555 ii
1330 1537 1341 1556 s
1352 1537 1364 1555 r.
1373 1537 1392 1556 N
1402 1537 1436 1555 TI
1447 1538 1463 1555 A
1473 1549 1480 1561 ,
1496 1527 1562 1555 ium.
1585 1536 1611 1554 n.
1628 1525 1666 1563 pl.
1687 1535 1737 1563 pro
1747 1524 1839 1554 Rebus
1851 1523 1949 1553 futuris
1959 1523 2069 1561 usurpat
2080 1522 2136 1552 Cic.
2152 1522 2180 1552 in
2191 1523 2271 1561 Epist.
2288 1524 2320 1552 affl
2334 1524 2387 1552 (Ὦ
2398 1535 2428 1554 zv.

1316 1575 1380 1593 curn
1391 1565 1499 1593 scribit:
1520 1564 1553 1593 Et
1565 1563 1719 1592 absentium
1733 1563 1823 1592 sensus
1835 1562 2003 1599 significatio.
2039 1560 2101 1597 Jam
2115 1562 2191 1590 enim
2206 1562 2240 1592 de
2253 1562 2432 1599 praeseminis

1317 1604 1343 1632 ἃ
1352 1603 1495 1640 preereritis
1509 1608 1566 1631 erat
1579 1602 1698 1630 locutus.
1727 1600 1851 1630 Turneb.

1278 1641 1344 1670 Aisa
1354 1645 1424 1669 UTU
1434 1647 1496 1669 Ros
1507 1662 1514 1675 ,
1542 1640 1638 1669 Partic.
1671 1639 1727 1676 Qui
1740 1638 1844 1673 aberit,
1874 1636 1918 1667 vel
1933 1637 2031 1666 deerit.
2070 1636 2128 1665 Cic.
2147 1636 2181 1665 ad
2196 1637 2231 1674 Q.
2251 1637 2323 1666 fiatr.
2346 1636 2392 1665 lib.
2410 1647 2432 1666 1.

1315 1678 1398 1716 Epist.
1417 1689 1440 1707 1.
1477 1677 1604 1707 Simul&
1622 1676 1692 1706 illud
1709 1677 1767 1705 Asia
1784 1677 1904 1713 cogitet,
1936 1674 2042 1704 nullam
2054 1684 2069 1702 a
2086 1673 2112 1703 se
2126 1684 2215 1711 neque
2231 1674 2295 1704 belli
2311 1676 2433 1709 externi,

1316 1726 1406 1754 neque
1419 1716 1630 1745 domesticarum
1647 1715 1844 1744 discordiarum
1856 1713 2040 1742 calamitatem
2053 1712 2209 1741 abfuturum
2225 1713 2302 1741 suille
2313 1735 2320 1747 ‚
2351 1713 2366 1740 li
2383 1713 2435 1742 hoe

1315 1754 1434 1791 imperio
1448 1764 1505 1782 non
1524 1759 1671 1782 teneretur.
1710 1752 1820 1781 Veteres
1830 1774 1837 1787 ‚
1859 1758 1889 1780 ut
1902 1750 1999 1779 Cicero
2009 1772 2017 1785 ‚
2044 1749 2114 1788 sirpe
2128 1749 2284 1780 scribebant
2295 1760 2344 1787 pro
2358 1751 2437 1779 Abfui

1317 1792 1397 1827 Afui;
1448 1802 1477 1820 ro
1496 1791 1645 1820 Abfuturus
1664 1790 1802 1819 Asuturus.
1846 1789 1881 1818 Et
1901 1788 1936 1818 lic
1953 1788 1982 1816 in
2001 1788 2120 1825 antiquis
2136 1788 2224 1817 Codd.
2247 1788 2311 1817 hinc
2331 1788 2436 1816 Lambi-

1317 1840 1369 1859 nus
1384 1831 1413 1858 in
1426 1802 1499 1867 ³Ier.
1512 1840 1536 1865 9.
1558 1839 1580 1858 1.
1594 1839 1619 1858 2.
1649 1830 1676 1858 &
1694 1828 1760 1857 Hor.
1775 1829 1829 1856 Sat.
1846 1837 1869 1856 1.
1884 1838 1909 1863 4.
1928 1836 1988 1854 101.
2018 1826 2164 1855 contendit
2177 1826 2266 1854 solum
2278 1826 2351 1854 Afuit
2369 1825 2387 1854 1,
2397 1826 2436 1854 iti-

1316 1878 1386 1897 num
1405 1867 1467 1896 else.
1512 1867 1574 1897 Nec
1590 1874 1684 1895 tamen
1703 1867 1796 1894 minus
1816 1865 1921 1893 bonum
1938 1863 2033 1893 Abfuit
2050 1873 2056 1892 :
2097 1863 2184 1900 Qiod
2207 1873 2283 1900 aeque
2304 1864 2437 1892 exhibent

1317 1906 1396 1935 MSS.
1420 1905 1502 1934 Libri.
1533 1905 1563 1933 V.
1581 1904 1639 1934 Cic.
1659 1904 1734 1934 Fam.
1753 1913 1778 1933 2.
1803 1913 1825 1932 1.
1847 1905 1873 1932 ἃ
1887 1914 1912 1938 4.
1929 1911 1951 1938 3.
1985 1901 2057 1938 Nep.
2074 1911 2115 1938 17.
2137 1911 2160 1936 5.
2181 1911 2214 1931 2:
2237 1911 2281 1930 20.
2302 1911 2324 1930 1.
2343 1911 2366 1936 3.
2382 1904 2434 1930 &c-

1317 1943 1532 2011 addel'sorrent.
1548 1943 1583 1972 ad
1594 1942 1688 1972 Horat.
1705 1942 1736 1971 L.
1751 1952 1775 1971 c.
1794 1940 1932 1971 Drakenb.
1948 1939 1984 1974 ad
1998 1939 2046 1969 Sil.
2067 1949 2092 1977 7.
2107 1945 2169 1975 248.
2198 1941 2224 1969 ἃ
2236 1939 2329 1977 Papiri.
2344 1939 2378 1968 D.
2393 1949 2437 1974 50.

1318 1988 1338 2011 t.
1356 1992 1378 2010 1.
1418 2005 1424 2011 .
1442 1992 1451 2010 1
1477 2005 1483 2010 .
1516 1991 1560 2010 .1.

1281 1991 1486 2054 ABSENTifi.
1501 1982 1539 2048 §22.
1562 2014 1702 2055 [dorsa-500]
1730 2017 1798 2047 ficut
1811 2016 1971 2051 Praesentia,
1992 2025 2031 2051 ae,
2061 2015 2188 2045 dicimus.
2220 2014 2284 2044 Seri.
2301 2013 2336 2043 ad
2349 2012 2437 2044 Lucil.

1319 2058 1409 2095 AEquo
1420 2058 1513 2086 animo
1524 2057 1593 2086 ferre
1608 2056 1742 2085 debemus
1754 2055 1912 2084 absentiam.

1281 2096 1469 2130 ABSENTO,
1484 2105 1536 2124 are.
1560 2091 1736 2130 [Xmm'suma]
1756 2093 1895 2131 Ablegare.
1918 2091 2015 2121 Claud.
2026 2089 2272 2129 deRapt.Proserp.
2283 2089 2438 2126 lib.3.212.

1397 2134 1432 2163 Et
1446 2134 1513 2162 dura
1524 2133 1559 2162 de
1569 2139 1655 2161 matre
1666 2132 1759 2169 queri,
1779 2141 1839 2169 quae
1850 2130 1905 2159 tale
1916 2129 2018 2159 recessu

1395 2171 1527 2202 Maluerit
1540 2171 1670 2200 damnare
1682 2169 1767 2199 decus
1776 2192 1784 2205 ‚
1803 2170 1972 2205 vetitamque
1985 2168 2103 2197 deorum

1398 2209 1546 2247 Colloquio
1557 2231 1564 2244 ‚
1586 2209 1679 2246 patriis
1693 2207 1792 2245 procul
1805 2206 1985 2236 absentaverit
1998 2206 2080 2235 astris.

1338 2247 1416 2278 libris
1429 2247 1624 2278 Aniandaverit
1638 2245 1745 2283 legitur.

1281 2286 1325 2316 AB
1334 2297 1346 2316 s
1356 2297 1369 2315 E
1378 2297 1399 2315 N
1407 2296 1426 2315 ‘r
1434 2296 1453 2315 A
1462 2296 1482 2315 N
1490 2296 1502 2315 s
1510 2308 1518 2321 ⁷
1534 2286 1630 2314 Partic.
1642 2290 1735 2313 tamen
1746 2282 1808 2312 usus
1815 2281 2076 2320 Sidon.9.Epist.13.
2090 2286 2157 2309 extr.
2168 2289 2219 2316 pro
2229 2278 2344 2313 Absens;
2361 2279 2439 2307 item-

1320 2334 1374 2362 que
1384 2324 1512 2362 Cyprian.
1525 2326 1550 2353 δε
1563 2323 1617 2358 alii,
1634 2332 1703 2359 quos
1714 2321 1749 2350 ad
1758 2321 1906 2351 Sidonium
1916 2320 2023 2349 notavit
2030 2320 2138 2349 Savaro.
2164 2317 2197 2347 Et
2208 2317 2243 2345 sic
2252 2316 2364 2346 Messala
2373 2316 2439 2345 Cor-

1319 2363 1376 2392 vin.
1392 2373 1420 2400 p.
1436 2366 1477 2391 16.
1519 2361 1623 2391 Metius
1634 2360 1760 2398 proditor
1774 2369 1831 2388 rem
1841 2359 1996 2388 Romanam
2008 2357 2130 2386 maximo
2142 2356 2171 2385 in
2181 2355 2335 2384 discrimine
2346 2354 2441 2383 absen-

1318 2401 1405 2430 tando
1420 2400 1582 2430 deseruerat.
1614 2398 1686 2428 adde
1696 2397 1873 2431 Petronium,
1903 2396 1982 2431 cujus
1995 2394 2042 2424 illa
2055 2394 2134 2429 sunt,
2156 2403 2216 2431 cap.
2231 2402 2275 2429 72.
2313 2391 2441 2421 Absente-

1318 2448 1382 2467 mur
1392 2461 1399 2472 ,
1421 2439 1458 2467 ait
1471 2437 1517 2467 ille
1527 2460 1534 2473 ‚
1557 2436 1720 2474 (Ascyltos)
1741 2437 1767 2465 ἃ
1779 2435 1847 2464 dum
1860 2433 1899 2463 illi
1911 2433 2042 2463 balneum
2056 2438 2173 2470 petunt,
2195 2440 2244 2460 nos
2259 2431 2287 2459 in
2298 2429 2379 2459 turba
2394 2438 2441 2459 ex-

1319 2486 1423 2506 eamus.
1454 2476 1485 2505 V.
1503 2476 1537 2505 de
1549 2475 1603 2504 hoc
1618 2474 1681 2504 loco
1695 2473 1816 2502 Borrich.
1832 2472 1913 2501 Viiid.
1930 2482 1957 2509 p.
1971 2481 1996 2507 3.
2019 2472 2045 2500 St
2061 2470 2132 2500 Edit.
2148 2479 2197 2507 per
2208 2468 2312 2498 Nodot.

1281 2514 1303 2545 A
1311 2525 1327 2543 B
1334 2525 1346 2544 s
1356 2525 1370 2544 E
1378 2524 1397 2543 N
1406 2524 1425 2543 T
1432 2524 1452 2543 A
1461 2524 1481 2542 N
1490 2524 1504 2542 a
1513 2524 1532 2542 o
1540 2523 1552 2542 s
1564 2535 1572 2548 ‚
1590 2512 1651 2549 Adj.
1677 2512 1762 2548 Quod
1771 2512 1804 2539 in
1813 2510 1935 2540 absentia
1944 2509 1982 2538 fit.
2015 2508 2137 2537 Verbum
2150 2507 2219 2536 inste
2239 2516 2318 2535 ueris.

1281 2553 1303 2582 A
1311 2563 1326 2581 Β
1334 2563 1346 2582 s
1356 2563 1369 2581 r.
1378 2562 1398 2581 N
1408 2562 1426 2580 T
1436 2563 1445 2580 1
1453 2562 1470 2580 v
1479 2562 1497 2580 υ
1505 2561 1517 2580 s
1527 2574 1534 2585 ⁷
1557 2561 1572 2580 a
1580 2573 1588 2585 ,
1610 2560 1666 2580 um.
1693 2550 1805 2579 Diutius
1820 2548 1924 2577 absens.
1953 2547 2061 2576 Petron.
2079 2556 2139 2583 cap.
2151 2554 2194 2581 33.
2261 2553 2276 2573 e
2286 2543 2440 2572 absentivut

1320 2600 1404 2620 morae
1420 2589 1499 2619 vobis
1512 2589 1615 2623 essem,
1636 2597 1749 2617 omnem
1763 2586 1936 2624 voluptatem
1949 2585 2018 2613 mihi
2037 2584 2142 2621 negavi.

1283 2629 1305 2659 A
1313 2639 1327 2657 B
1335 2639 1347 2657 s
1356 2633 1373 2657 ῡ
1382 2639 1402 2657 M
1413 2638 1429 2656 0
1439 2650 1446 2662 ‚
1468 2627 1664 2663 [κμταναλίσκω
1672 2646 1679 2658 ,
1695 2624 1858 2660 >enm-5263&
1879 2626 1933 2653 ere.
1956 2623 2081 2652 Omnino
2093 2620 2255 2651 consumere
2264 2618 2309 2650 vel
2320 2617 2438 2650 abolere.

1319 2667 1448 2697 Animam
1463 2665 1604 2694 absumere
1617 2663 1702 2694 letho.
1735 2663 1807 2699 Vitg.
1821 2663 1883 2692 AEn.
1898 2671 1922 2699 3.
1939 2664 2003 2697 654.

1318 2705 1479 2742 Argentum.
1508 2702 1596 2732 Plaut.
1612 2700 1721 2731 Mostel.
1740 2711 1763 2738 ς.
1781 2710 1806 2730 2.
1827 2711 1867 2736 19.

1318 2742 1410 2772 Diem.
1443 2741 1500 2770 Liv.
1516 2752 1557 2770 10.
1576 2739 1644 2770 Bell.
1658 2739 1726 2769 Pun.

1319 2780 1426 2810 Domos
1438 2778 1584 2817 absumpsit
1597 2777 1766 2807 incendium.
1790 2775 1862 2805 Plin.
1878 2775 1960 2812 Epist.
1973 2784 2037 2810 250.

1317 2818 1459 2855 Reliquias
1471 2817 1610 2846 absumere
1624 2825 1733 2853 pugnae.
1764 2813 1821 2844 Liv.
1838 2825 1861 2851 ς.
1878 2813 1910 2842 ab
1926 2813 1958 2843 U.
1972 2812 2004 2841 C.

1321 2856 1455 2893 Tempus.
1481 2855 1543 2884 Cic.
1580 2864 1609 2883 ro
1625 2854 1723 2890 Quint.
1739 2862 1782 2888 34.

1320 2894 1432 2923 Vinum.
1458 2893 1522 2923 Ter.
1564 2898 1634 2921 eaut.
1652 2901 1676 2927 3.
1693 2902 1715 2920 1.
1731 2901 1776 2926 49.
1816 2889 1894 2926 Quid
1906 2889 1964 2917 vini
1978 2885 2148 2924 absumpsit?
2359 2918 2365 2923 ο

1318 2931 1473 2969 Absumpsit
1484 2930 1592 2960 illuvies
1603 2931 1735 2966 majorem
1746 2934 1853 2966 partem
1863 2927 1954 2965 Syriae.
1981 2924 2060 2955 Idest
2070 2946 2078 2960 ,
2094 2923 2181 2961 ,Aquis
2192 2918 2320 2950 immersit
2329 2940 2337 2953 ‚
2357 2926 2439 2947 mun·-

1336 2970 1421 3000 davit.
1450 2969 1545 3005 Justin.
1563 2968 1610 2997 lib.
1625 2978 1650 2997 2.
1667 2977 1727 3005 cap.
1742 2971 1768 2996 6.

1319 3007 1430 3038 Absumi
1441 3018 1470 3036 re
1481 3007 1589 3044 aliqua⁷
1610 3012 1641 3035 ut
1655 3005 1745 3035 Fame.
1775 3003 1832 3034 Liv.
1848 3013 1870 3033 1.
1884 3002 1954 3033 Bell.
1966 3002 2035 3032 Pun.

1319 3046 1416 3076 Clade.
1447 3045 1504 3074 cic.
1519 3054 1544 3074 2.
1560 3043 1642 3074 Tusc.

1321 3084 1401 3115 Cura.
1423 3083 1488 3113 Ter.
1500 3082 1608 3111 Pliorm.
1620 3092 1646 3111 2.
1663 3091 1689 3111 2.
1704 3084 1749 3110 26.
2159 3111 2162 3114 ⁴

1319 3121 1430 3152 Absunii
1445 3122 1481 3149 in.
1510 3119 1577 3149 Plin.
1593 3119 1642 3149 lib.
1661 3129 1701 3148 11.
1719 3127 1779 3156 cap.
1793 3126 1836 3154 37.
1875 3116 1932 3153 Qui
1942 3118 2042 3153 putant
2054 3112 2150 3141 dentes
2166 3110 2312 3139 incoriiua
2322 3108 2436 3143 absumi,

1338 3159 1418 3188 facile
1433 3165 1619 3195 coarguuntur
1633 3166 1774 3186 cervarum
1787 3162 1892 3184 natura.

1319 3196 1462 3235 Absumpti
1473 3196 1583 3231 sumus,
1605 3187 1655 3233 pro
1670 3195 1802 3224 Periimus
1813 3215 1822 3227 ,
1851 3194 1942 3222 actum
1960 3189 1997 3219 est
2007 3188 2041 3217 de
2057 3186 2146 3215 nobis.
2184 3185 2269 3215 Plaut.
2286 3183 2395 3214 Mostel.
2410 3193 2435 3213 2.

1342 3245 1366 3265 1.
1387 3240 1428 3268 18.
1451 3234 1523 3270 Virg.
1540 3234 1601 3263 AEn.
1619 3243 1641 3262 1.
1660 3243 1721 3269 559.

1401 3273 1448 3302 Sin
1460 3272 1603 3309 ubsuinpta
1615 3270 1684 3300 salus
1693 3292 1702 3306 ‚
1723 3271 1750 3299 Sc
1760 3276 1787 3298 te
1802 3274 1878 3306 pater
1892 3265 1996 3303 optime
2006 3263 2145 3306 Teucrum
2189 3299 2205 3304 ..
2290 3299 2295 3304 .

1398 3310 1502 3340 Pontus
1519 3309 1600 3339 habet
1611 3308 1710 3346 Libyae.
1734 3305 1871 3336 subintelL
1894 3303 1943 3333 Est.
1974 3301 2006 3331 Id
2016 3301 2073 3343 est,
2094 3300 2121 3328 Si
2138 3305 2219 3342 periit
2231 3299 2319 3328 nobis.

1318 3349 1386 3379 Fato
1400 3348 1569 3385 absumptus.
1602 3346 1659 3376 Val.
1672 3346 1747 3375 Max.
1767 3344 1815 3373 lib.
1827 3355 1852 3379 4.
1871 3352 1929 3379 cap.
1944 3343 1968 3382 6..
1992 3338 2038 3367 ubi
2053 3338 2087 3366 de
2098 3338 2245 3367 Artemilia.

1319 3387 1413 3417 Morte
1428 3386 1539 3415 fortuita
1553 3384 1720 3422 absumptus.
1751 3383 1840 3412 Tacit.
1860 3381 1928 3409 Ann.
1943 3376 2031 3419 hb34.
2048 3385 2073 3404 2.
2324 3414 2329 3418 ¹

1320 3425 1403 3454 Novo
1417 3434 1516 3462 genere
1529 3423 1670 3460 absumpta
1683 3421 1788 3450 mortis.
1820 3417 1875 3447 Val.
1891 3417 1964 3445 Max.
1984 3413 2032 3442 lib.
2044 3425 2070 3458 4.
2087 3423 2147 3451 cap.
2163 3416 2188 3442 6.
2208 3413 2243 3441 de
2254 3413 2355 3442 Porcia.

1283 3463 1515 3497 ABSUMP‘rio,
1537 3461 1606 3489 onis.
1638 3459 1761 3488 Verbale.
1792 3456 1853 3493 Ulp.
1873 3453 1929 3482 inl.
1969 3451 2031 3480 Hoc
2044 3450 2326 3480 Senatusconfiiltum.
2352 3450 2383 3478 l).
2403 3449 2437 3477 de

1322 3500 1404 3529 usufr.
1421 3510 1473 3528 ear.
1486 3510 1536 3528 rer.
1549 3508 1608 3536 quae
1622 3497 1659 3526 us.
1674 3496 1749 3525 coris.
1774 3494 1822 3522 Vel
1833 3500 1935 3521 caeterae
1948 3499 2006 3523 res.
2026 3490 2128 3525 quaein
2138 3488 2230 3517 absum
2254 3489 2329 3517 tione
2338 3487 2408 3516 sunt.

1282 3538 1405 3568 Ausum
1417 3548 1429 3566 ε
1439 3548 1481 3566 Do
1492 3559 1500 3572 ‚
1521 3538 1585 3565 inis.
1605 3536 1625 3564 f.
1648 3532 1845 3569 Consumptio,
1865 3528 1973 3558 averbo
1982 3526 2115 3570 Absumo3
2133 3526 2217 3555 Plaut.
2247 3528 2308 3564 apt.
2319 3537 2346 3561 4.
2357 3535 2384 3561 ς.
2399 3533 2423 3560 3.

1395 3576 1507 3612 Quanta
1525 3574 1617 3612 pernis
1635 3572 1715 3610 pestis
1731 3570 1839 3599 veniet!
1862 3574 1963 3604 quanta
1979 3564 2054 3594 labes
2068 3564 2172 3594 lando!

1397 3613 1509 3650 Quanta
1524 3611 1625 3641 sumini
1641 3608 1805 3647 absumedol
2255 3638 2259 3643 ⁵

1283 3653 1305 3682 A
1313 3661 1347 3681 ὃς
1356 3661 1373 3680 U
1384 3661 1400 3680 R
1409 3662 1426 3679 D
1436 3661 1453 3680 U
1462 3661 1473 3679 s
1484 3673 1491 3685 ‚
1513 3650 1571 3685 Adj,
1603 3647 1726 3683 [inertes
1739 3665 1745 3676 ,
1765 3643 1892 3677 azoy&]
1917 3641 2032 3679 *proprie
2050 3639 2181 3677 significat
2191 3639 2292 3668 [ruditu
2305 3637 2438 3671 alienum,

1320 3689 1375 3718 sive
1384 3688 1505 3718 alienum
1518 3687 1550 3716 ab
1565 3686 1690 3718 auribus;
1712 3682 1759 3711 sed
1770 3681 1890 3710 usitatius
1902 3680 1936 3709 ad
1945 3677 2256 3717 Ariiinumtransfertur.
2289 3675 2438 3708 Absonum,

1322 3727 1398 3764 quod
1410 3727 1535 3755 omnium
1551 3730 1656 3752 mentes
1667 3721 1842 3758 aspernantur
1855 3729 1885 3747 ac
1903 3717 2041 3755 respuunt.
2072 3716 2128 3744 Cic.
2144 3724 2194 3751 pro
2205 3713 2284 3743 Rosc.
2299 3713 2376 3742 Com.
2395 3722 2436 3746 19.

1321 3764 1468 3795 Fraudavit
1484 3761 1605 3792 Roscius.
1646 3759 1689 3788 Est
1705 3758 1758 3786 hoc
1776 3757 1889 3794 quidem
1910 3755 2037 3789 auribus,
2065 3753 2218 3789 animisque
2234 3751 2380 3780 hominum
2395 3749 2441 3777 ab.

1321 3802 1443 3831 surdum.
1474 3800 1551 3829 Idem
1565 3804 1590 3831 8.
1606 3796 1724 3833 Philipp.
2380 3814 2394 3829 ¹.
2431 3824 2438 3829 ,

1320 3840 1452 3876 Ineptum
1470 3844 1551 3873 atque
1567 3834 1723 3864 absurdum.
1754 3831 1817 3861 Ter.
1836 3830 1911 3860 Adel.
1926 3840 1948 3867 3.
1963 3839 1986 3865 3.
2004 3839 2048 3858 21..
2088 3827 2209 3856 Vostram
2223 3834 2333 3863 nequeo
2349 3834 2440 3853 mirari

1334 3877 1402 3906 -satis
1416 3876 1570 3904 Rationem.
1591 3873 1616 3901 S.
1640 3871 1678 3900 est
1691 3869 1783 3900 hercle
1800 3870 1894 3906 inepta
1904 3891 1912 3903 ‚
1932 3878 1968 3897 ne
1979 3868 2071 3896 dicam
2082 3865 2148 3894 dolo
2158 3887 2166 3900 ‚
2187 3873 2268 3901 atque
2279 3862 2398 3892 absurda.

1321 3913 1495 3945 Ineruditum
1506 3914 1532 3941 ὁὶ
1547 3909 1703 3939 absurdum.
1729 3908 1786 3937 Cic.
1799 3908 1881 3936 ficari.
1893 3918 1919 3942 4.
1936 3915 1995 3943 132.
2026 3903 2116 3934 Modo
2131 3903 2228 3939 nequis
2240 3901 2310 3933 illud
2327 3909 2385 3929 tam
2400 3900 2441 3928 in-

1339 3951 1482 3982 eruditum
1499 3949 1701 3985 absurdumque
1716 3945 1888 3984 respondeat.

1828 3983 1850 4011 C
1885 3991 1904 4010 2
2292 3974 2445 4007 Absurdum

2110 1447 2208 1485 ffigon.
2240 1447 2273 1478 Id
2283 1448 2336 1483 est,
2360 1458 2431 1480 mare

2162 2203 2217 2234 Sed
2230 2204 2260 2232 in
2274 2203 2438 2241 quibusdam
