2600 4177
693 53 698 62 .

514 106 544 142 C
639 109 674 144 O
772 109 807 144 N

152 194 185 217 ut
195 186 365 227 Asclepiades
379 189 534 219 contendit.
573 189 651 219 Idem
663 190 746 228 paulo
765 191 825 226 post
834 213 842 225 ‚
863 191 918 221 Sed
940 201 976 221 ne
993 193 1029 222 ad
1052 192 1113 222 haec
1134 190 1249 229 quidem

156 225 261 255 aditum
275 226 333 256 fieri
345 226 461 265 potuisse
473 249 480 261 ,
503 227 550 254 nisi
564 228 597 255 ab
617 228 708 264 aliqua
723 230 830 258 ratione
844 231 1029 259 contendunt.

136 263 316 293 contendere
327 286 334 298 ‚
354 264 481 300 [ἐελζωυ
494 263 665 299 ἀμώισὲητέἔν,
684 268 822 299 φιλονεικεῖν
834 267 846 301 ]
869 268 989 297 Certare,
1011 269 1069 297 Cic,
1084 276 1125 301 14.
1145 267 1195 295 Att.
1206 274 1249 300 ¹4·

155 301 272 337 Quodsi
283 302 421 331 duriorem
433 309 460 330 te
471 300 639 335 ejusmiserae
658 303 684 332 ἃ
699 303 807 333 3111ἰᾶ11).
827 305 944 335 fortunae
961 306 1067 343 praebes
1079 326 1088 339 ,
1109 313 1166 333 non
1184 313 1250 333 con-

159 339 273 367 tendam
286 349 339 376 ego
351 339 477 368 adversus
487 345 523 368 te.

139 375 318 406 Contendere
326 376 409 406 alicui
419 397 427 411 ‚
447 376 466 404 i.
476 385 501 405 e.
523 375 594 405 Cum
607 376 708 414 aliquo.
731 378 798 408 Hor.
812 389 834 409 1.
849 379 932 417 Epist.
947 385 989 415 18.
1001 384 1048 414 28.

387 429 425 434 —
439 413 508 442 mihi
518 414 690 444 contendere
706 415 774 445 noli.

137 449 251 479 Certare
263 451 391 488 ingenio,
412 451 583 481 contendere
592 452 748 483 nobilitate.
769 453 877 483 Lucret.
891 464 916 483 2.
938 464 980 485 11.

138 486 319 517 Contendere
332 487 439 524 aliquid
454 496 550 517 contra
567 491 731 527 aequitatem.
772 492 830 521 Cic.
844 501 869 521 2.
883 492 941 522 Off.
954 502 997 527 ς1.
1027 492 1187 522 Extremum
1207 500 1254 520 au-

160 530 218 554 tem
230 532 401 563 praeceptum
409 526 438 554 in
450 525 592 556 beneficiis
601 550 609 562 ‚
630 538 769 566 operaque
779 530 871 559 danda
879 531 927 566 est,
949 540 985 559 ne
993 530 1060 567 quid
1071 529 1255 566 contraaequi-

159 568 245 591 tatem
255 563 411 592 contendas
420 585 428 598 ‚
450 573 487 593 ne
497 565 565 600 quid
575 575 625 602 pro
636 567 744 602 injuria.

142 598 422 630 Contenduntvcrbis
432 602 502 631 inter
509 601 554 637 se,
576 613 633 632 non
645 605 754 642 pugnis.
776 604 834 634 Cic.
851 605 880 634 in
893 605 984 635 Parad.
999 613 1023 637 τ.

141 636 230 667 Causa
240 646 304 666 curn
315 638 393 668 causa
401 640 555 668 contendit.
597 642 654 670 Cic.
667 651 718 679 pro
728 642 826 678 Quint.
839 652 883 677 92.
905 644 933 673 Si
945 642 1023 673 causa
1032 651 1095 671 cum
1105 641 1183 671 causa
1190 650 1257 671 con-

159 674 308 718 tenderet,
330 686 381 705 nos
389 677 505 706 nostram
517 678 648 714 perfacile
666 680 753 709 cuivis
775 679 938 718 probaturos
958 679 1159 715 statuebanius‚
1181 678 1256 716 quod

159 718 223 742 vitae
237 717 307 741 ratio
318 723 382 743 curn
395 715 457 744 vitae
470 717 576 744 ratione
587 717 760 746 decerneret.

139 749 258 779 Causam
269 759 366 781 contra
375 752 505 790 aliquem.
525 752 633 783 Lucret.
645 753 694 783 lib.
707 766 733 789 4.
747 763 811 790 473.

140 787 276 817 Civiliter.
319 789 377 819 Cic.
393 799 415 819 1.
428 790 485 820 Off.
501 796 544 826 38.
567 791 687 820 Utenim
702 801 787 829 quum
806 792 923 822 civiliter
942 793 1156 827 contendimus.
1178 792 1258 822 aliter

161 825 180 853 si
192 825 230 854 est
240 826 380 862 inimicus,
390 827 469 858 aliter
478 827 496 857 si
506 829 544 857 est
553 830 729 866 competitor.
745 829 1034 860 Al.emendatiusCum
1046 832 1107 860 cive
1115 829 1195 860 aliter
1203 832 1255 860 διο.

141 861 186 892 De
194 863 302 893 honore
314 872 361 894 aut
373 865 408 894 de
422 866 567 903 dignitate.
608 868 666 896 Cic.
682 876 706 902 3.
721 867 803 896 Tusc.
826 867 867 897 Ita
876 869 960 898 credo
971 891 979 903 ‚
1002 869 1036 897 de
1049 869 1156 897 honore
1165 875 1213 897 aut
1222 867 1258 897 de

160 900 298 938 dignitate
309 904 515 932 contendimus.
556 904 621 933 Caes.
637 915 659 940 ς.
674 904 742 934 Bell.
757 905 828 935 Gall.
842 916 887 943 43.
910 906 1103 944 Omnibusque
1122 906 1202 936 annis
1222 905 1258 935 de

161 937 226 967 loco
239 938 351 971 summis
369 941 550 970 simultatibus
562 942 779 972 contendebant.

141 975 185 1005 De
200 986 228 1005 re
246 977 336 1015 aliqua
357 978 450 1016 palam
462 978 705 1017 vehementerque.
747 980 804 1009 Cic.
822 990 846 1010 1.
858 981 932 1011 Verr.
947 987 989 1016 18.
1013 981 1114 1017 Ecquis
1136 989 1259 1018 unquam

161 1021 218 1043 tam
228 1015 319 1052 palam
332 1016 367 1045 de
375 1016 480 1045 honore
492 1038 502 1052 ‚
523 1022 581 1046 tam
595 1018 774 1047 vehementer
786 1018 821 1047 de
833 1018 919 1049 salute
931 1019 977 1049 sua
986 1019 1154 1054 contendit,
1174 1027 1259 1055 quam

161 1051 211 1081 ille
219 1059 268 1081 aut
278 1052 352 1082 illius
361 1054 466 1083 amici?

141 1087 187 1155 DAe
214 1090 400 1128 amplitudine
425 1091 569 1122 humilitas
595 1102 661 1123 cum
689 1093 825 1131 dignitate
852 1095 1008 1125 contendit.
1039 1094 1099 1124 Cic.
1118 1103 1169 1132 pro
1177 1092 1259 1123 Rosc.

185 1136 251 1157 mer.
266 1132 327 1163 136.

138 1165 230 1194 Armis
240 1167 422 1197 contendere.
461 1167 520 1198 Cic.
530 1178 581 1206 pro
590 1168 691 1199 Caecin.
715 1168 780 1205 Qua
792 1169 828 1201 de
838 1179 865 1200 re
875 1169 1010 1201 decertati
1021 1174 1181 1208 oporteret,
1201 1177 1260 1200 non

162 1204 333 1234 contendere
346 1206 437 1235 armis.

141 1240 232 1270 firmis
248 1251 312 1271 cum
326 1243 430 1280 aliquo.
455 1242 513 1272 Cic.
524 1252 550 1280 7.
565 1244 618 1273 Art.
631 1254 657 1280 9.

141 1277 221 1309 Bello
232 1288 297 1309 cum
312 1281 415 1318 aliquo.
437 1279 509 1318 Virg.
524 1291 549 1316 4.
563 1281 624 1311 AEn.
639 1286 701 1315 108.

334 1324 427 1348 —aut
435 1324 529 1347 tecum
540 1318 617 1348 malit
626 1319 799 1350 contendere
809 1319 884 1350 bello
895 1321 910 1351 2

140 1353 239 1384 Cursu.
260 1355 345 1385 Ovid.
360 1367 386 1392 4.
408 1355 555 1391 Met.3o3.

140 1391 331 1423 inimicissime
342 1400 423 1431 atque
433 1393 611 1424 infestissime.
633 1395 692 1425 Cic.
702 1405 754 1434 pro
767 1395 867 1433 Quint.
879 1399 925 1427 66.

140 1429 207 1465 Jure
215 1440 280 1461 cum
291 1431 391 1469 aliquo.
414 1430 474 1460 Cic.
488 1441 539 1468 pro
552 1432 650 1468 Quint.
660 1437 704 1469 96.

139 1467 207 1503 Jute
218 1468 326 1499 summo
338 1469 517 1499 contendere.
559 1470 617 1499 Cic.
631 1475 673 1501 16.
688 1473 739 1500 Art.
755 1481 796 1507 14.
820 1471 877 1509 Ego
895 1472 914 1501 si
930 1480 1044 1501 menon
1060 1469 1260 1510 improbissime

161 1506 306 1536 Dolabella
316 1507 461 1542 traetasset‚
483 1507 648 1538 dubitassem
659 1508 768 1538 fortasse
777 1518 870 1539 utrum
882 1510 1015 1540 remissior
1025 1509 1109 1540 essem
1116 1533 1126 1548 ,
1147 1519 1183 1540 an
1190 1509 1264 1539 sum-

163 1553 212 1572 mo
220 1545 280 1579 jure
291 1545 501 1575 contenderem.
543 1546 572 1575 V.
595 1547 741 1576 Summum
755 1547 805 1583 Jus
818 1569 827 1583 ,
847 1548 877 1577 in
892 1558 964 1583 Jus.

139 1579 238 1619 Jurgio
248 1592 312 1612 cum
323 1583 425 1620 aliquo.
449 1584 506 1612 Cic.
519 1584 554 1613 de
566 1583 636 1614 Clar.
651 1584 728 1614 Orat.
742 1589 808 1621 246.

139 1619 202 1648 Lite
212 1619 248 1649 de
260 1630 288 1649 re
300 1619 399 1658 aliqua.
421 1621 541 1658 Quintil.
555 1621 603 1651 lib.
616 1631 640 1657 3.
656 1632 716 1660 cap.
729 1633 756 1658 4.

139 1657 221 1687 Ludo
232 1667 296 1688 cum
303 1658 396 1696 aliquo
408 1681 416 1694 ‚
438 1661 456 1689 i.
465 1669 489 1688 e.
511 1658 649 1690 Ludendo
660 1666 774 1691 certare.
798 1660 872 1699 Virg.
884 1664 911 1691 6.
924 1661 987 1693 AEn.
999 1664 1063 1698 643.

140 1694 241 1725 Marte.
264 1696 335 1734 Virg.
345 1707 371 1732 9.
383 1695 444 1727 AEn.
458 1702 520 1733 5¹8-

140 1733 307 1764 Muneribus
315 1744 380 1764 cum
393 1734 494 1772 aliquo.
516 1735 635 1766 Martial.
648 1736 697 1766 lib.
709 1745 734 1772 7.
753 1746 799 1771 41.

139 1769 262 1801 Pedibus
276 1782 341 1802 cum
349 1771 453 1809 aliquo,
473 1773 520 1803 i.e.
533 1773 619 1804 Cursu
632 1781 745 1804 certare.
761 1774 846 1805 Ovid.
864 1783 907 1805 10.
917 1774 987 1805 Met.
1002 1783 1064 1812 570.
1076 1774 1112 1804 de
1124 1775 1258 1807 Atalanta.

138 1808 260 1846 Pignore
273 1809 375 1847 aliquo.
398 1810 488 1841 Catul.
502 1811 594 1849 Epigr.
606 1821 651 1848 42.
662 1823 689 1848 4.

139 1847 328 1878 Sacramemo.
359 1848 417 1878 Cic.
429 1858 454 1885 7.
468 1848 543 1878 Fam.
558 1858 569 1884 3
577 1858 601 1887 3.
623 1849 660 1880 Ut
668 1849 840 1880 sacramento
851 1850 1008 1881 contendas
1016 1860 1079 1881 mea
1087 1861 1146 1881 non
1154 1852 1220 1883 effe.

141 1885 248 1916 Verbis.
272 1886 356 1916 Ovid.
373 1896 415 1923 13.
428 1886 497 1917 Met.
510 1897 536 1922 9.

139 1921 268 1953 Versibus
276 1924 397 1954 alternis.
420 1924 492 1962 Virg.
505 1934 531 1962 7.
547 1924 605 1954 Ecl.
624 1930 666 1960 18.

140 1959 177 1989 Vi
185 1961 458 2000 summaimpetuque
469 1969 566 1992 contra
576 1961 706 2000 aliquem.
728 1963 787 1994 Cic.
802 1972 827 2000 3.
843 1963 878 1993 de
887 1963 974 1993 Finib.
990 1967 1036 1994 66.

137 1998 321 2029 Contendere
331 2001 435 2030 omnia.
472 2000 529 2030 Cic.
539 2012 566 2037 4.
583 2001 655 2031 Verr.
669 2011 712 2037 52.
734 2001 796 2037 ,lam
807 2003 836 2030 in
850 2008 926 2030 tanta
938 2002 1013 2032 istius
1029 2002 1204 2039 impudentia
1219 2011 1261 2033 re-

158 2037 328 2067 mittendum
342 2037 446 2075 aliquid
458 2039 568 2069 videtur
579 2061 587 2075 ‚
609 2049 645 2068 ne
666 2041 761 2069 omnia
775 2040 981 2069 contendamus
992 2062 1000 2076 ‚
1020 2050 1056 2069 ne
1075 2041 1172 2070 omnia
1195 2050 1262 2071 cum

158 2074 258 2104 dolore
268 2085 347 2114 agere
357 2076 510 2106 videamur.

139 2113 236 2181 ffirnbori
244 2113 369 2151 alicuius.
408 2114 503 2145 Graeca
512 2114 642 2153 loquutio
653 2136 662 2151 ,
682 2124 735 2154 pro
745 2114 817 2144 Cum
829 2125 924 2146 amore
932 2115 1112 2145 contendere.
1135 2114 1259 2154 Propert-

172 2161 181 2180 i
204 2174 210 2181 .
226 2161 250 2180 1.
265 2162 277 2181 1
302 2175 307 2181 .
340 2175 346 2182 .

222 2162 391 2220 N0n4tainen
405 2189 454 2220 ista
464 2199 528 2220 meo
544 2191 654 2221 valeant
669 2191 844 2221 contendere
859 2191 955 2221 amori.
1038 2191 1058 2221 i.
1067 2201 1092 2222 e.
1114 2191 1181 2221 Non
1199 2191 1262 2229 pos·

159 2226 213 2255 'sint
221 2228 342 2265 praeserri
355 2229 443 2258 amori
453 2238 527 2257 meo.

141 2263 273 2295 Hirundo
293 2267 441 2301 contendit
457 2267 570 2304 cycnis,
594 2267 612 2297 i.
626 2276 651 2297 e.
672 2266 806 2297 Indoctus
824 2275 890 2296 cum
908 2267 1002 2296 doeio.
1024 2266 1207 2298 Proverbialis
1222 2268 1262 2298 est

161 2302 299 2340 loquutio.
325 2304 432 2334 Lucret.
443 2304 490 2334 lib.
507 2314 529 2340 3.
544 2308 570 2334 6.

140 2339 320 2371 Contendere
331 2343 399 2372 duas
407 2352 468 2377 reS‚
490 2352 540 2380 pro
552 2342 730 2379 Componere
747 2341 782 2370 ad
798 2348 950 2372 certamen.
988 2341 1079 2371 Tacit.
1091 2353 1117 2377 4.
1130 2343 1200 2372 Ann.
1215 2351 1259 2378 32.

158 2379 253 2408 Nemo
269 2380 374 2410 nostros
392 2379 509 2410 Annales
527 2390 591 2410 cum
606 2379 740 2418 scriptura
754 2389 853 2410 eorum
871 2380 1064 2417 contenderit,
1087 2381 1134 2418 qui
1155 2387 1261 2411 veteres

159 2416 260 2455 Populi
274 2418 391 2447 Romani
402 2428 444 2447 res
458 2417 647 2456 composuere.

139 2454 321 2485 contendere
331 2466 373 2485 res
381 2455 499 2493 aliquas,
520 2466 572 2494 pro
583 2456 733 2491 Conferre,
753 2465 935 2494 componere,
956 2456 1077 2485 invicem
1086 2466 1259 2494 comparare.

160 2492 221 2523 Cic.
229 2503 256 2523 2.
273 2493 355 2523 Catil.
367 2503 411 2529 ας.
428 2494 533 2531 vNeque
545 2504 611 2524 vero
621 2502 727 2523 ceteras
744 2495 839 2532 copias
851 2516 859 2529 ‚
880 2499 1042 2523 ornamenta
1055 2516 1062 2529 ,
1083 2496 1206 2532 praesidia
1214 2506 1262 2525 ve-

160 2531 212 2561 stra
223 2553 231 2566 ‚
251 2541 317 2561 cum
326 2531 400 2561 illius
410 2531 528 2561 latronis
542 2532 638 2570 inopia
648 2537 731 2568 atque
745 2532 864 2568 egestate
878 2532 968 2561 debeo
978 2532 1115 2562 conferre.
1157 2534 1211 2562 Sed
1223 2534 1240 2562 si
1249 2555 1258 2568 ,

160 2569 206 2599 his
216 2569 298 2599 rebus
314 2568 418 2599 omissis
429 2592 437 2604 ,
458 2570 529 2608 ipsas
546 2569 656 2604 causas,
678 2579 738 2606 quae
756 2570 828 2599 inter
844 2570 871 2599 se
892 2570 1066 2606 confligunt,
1088 2572 1260 2600 contendere

159 2607 298 2638 velimus:
318 2617 353 2637 ex
363 2617 398 2636 eo
408 2606 476 2645 ipso,
499 2617 582 2644 quam
592 2607 673 2637 valde
684 2606 724 2636 illi
733 2607 851 2643 jaceant,
875 2607 1029 2645 intelligere
1040 2608 1190 2645 possumus,
1202 2611 1256 2640 διο.

160 2645 253 2675 Tacit.
270 2655 312 2683 13.
328 2647 396 2675 Ann.
409 2655 434 2679 3.
456 2645 492 2674 de
504 2647 629 2674 oratione
638 2645 672 2674 ab
684 2647 787 2675 Annaeo
797 2646 903 2675 Seneca
917 2646 1069 2683 composita
1080 2668 1087 2682 ‚
1111 2656 1164 2683 qua
1184 2647 1259 2677 Nero

160 2683 311 2713 Claudium
320 2683 378 2721 ipso
388 2682 493 2713 funeris
503 2683 548 2712 die
557 2683 699 2713 laudavit:
721 2683 898 2713 Adnotabant
908 2684 1028 2713 seniores
1036 2706 1044 2718 .
1057 2684 1158 2720 quibus
1169 2687 1259 2715 otium

159 2721 199 2751 est
208 2729 299 2752 vetera
308 2723 334 2751 ἃ
343 2721 487 2759 praesentia
496 2722 668 2751 contendere
678 2743 686 2756 ‚
708 2722 830 2758 primum
844 2731 879 2751 ex
898 2722 942 2758 iis,
961 2722 1009 2759 qui
1018 2731 1111 2752 rerum
1126 2724 1209 2761 potiti
1221 2723 1261 2753 es-

161 2759 239 2796 sent,
261 2760 403 2789 Neronem
414 2759 510 2789 alienae
526 2759 666 2789 facundiae
679 2758 791 2796 eguisse.

139 2797 322 2827 Contendere
329 2807 387 2826 rem
395 2796 518 2833 aliquan-i
527 2806 593 2826 cum
602 2797 663 2826 alia.
703 2796 835 2834 Apuleius
851 2797 986 2835 Apologia
1003 2798 1091 2835 prima
1102 2808 1130 2835 p.
1139 2804 1202 2834 278.
1225 2799 1260 2829 Et

159 2835 226 2873 quid
236 2843 292 2865 tam
303 2835 431 2874 petulans
442 2834 546 2865 haberit
553 2844 652 2865 omnes
662 2834 754 2864 versus
764 2836 821 2864 mei
832 2857 840 2870 ,
862 2836 880 2864 si
891 2844 955 2865 cum
963 2835 1013 2864 isto
1021 2845 1078 2865 uno
1088 2838 1261 2867 contendan.

158 2875 227 2903 tur?
257 2875 274 2903 i.
288 2883 312 2903 e.
335 2872 530 2902 Conferantur.

141 2911 321 2941 Contendere
330 2911 357 2941 se
365 2910 451 2940 alteri.
490 2909 624 2940 Ausonius
632 2910 662 2939 in
674 2910 829 2939 Gratiarum
839 2911 948 2940 afflone
960 2920 1011 2948 pro
1020 2910 1171 2942 Consulatu
1185 2922 1258 2950 14.3.

163 2949 228 2979 Non
242 2959 295 2986 ego
305 2958 351 2978 me
360 2948 504 2978 contendo
516 2949 649 2978 Frontoni
659 2970 666 2983 ‚
687 2948 734 2977 sed
750 2949 891 2978 Antonino
905 2948 1020 2985 praefero
1031 2949 1202 2980 Gratianum.

140 2986 346 3022 Contenditur‚
365 2986 476 3024 Impeis.
498 2986 557 3017 Cic.
568 2998 595 3022 4.
609 2986 684 3016 Verr.
698 2995 760 3022 131.
784 2986 896 3023 Propter
909 2987 1133 3020 magnitudinem
1142 2989 1261 3026 potesta.

161 3026 198 3055 tis
207 3047 215 3061 ‚
235 3025 282 3055 hic
293 3024 462 3063 magistratus
475 3034 491 3054 a
526 3025 612 3063 opulo
629 3022 734 3053 summa
742 3024 896 3053 ambitione
905 3024 1094 3054 contenditur.

105 3061 154 3092 Co
163 3073 184 3092 N
192 3073 213 3092 τ
221 3073 236 3093 a
244 3073 264 3093 N
272 3072 292 3092 1·
300 3073 320 3092 u
327 3073 340 3092 s
349 3084 357 3096 ,
378 3061 474 3092 Partic.
519 3059 714 3097 ovv7em58fi&]
743 3061 886 3091 Intentus:
914 3063 994 3097 cujus
1017 3063 1188 3092 contrarium
1204 3063 1259 3094 Re-

142 3101 246 3131 missus.
267 3107 317 3136 ut,
337 3100 470 3130 Contenti
481 3101 575 3133 nervi.
597 3110 647 3138 per
657 3100 882 3133 convulsionem.
904 3100 948 3129 vel
965 3109 1000 3128 ex
1012 3100 1200 3131 convulsione.

141 3139 316 3168 Contentum
325 3147 426 3176 corpus
438 3140 464 3168 &
475 3137 625 3168 Remissum
637 3160 643 3173 ‚
665 3138 810 3167 contraria.
849 3138 908 3167 Cic.
921 3148 946 3167 2.
959 3137 1041 3167 Tusc.
1059 3149 1103 3175 54.
1126 3138 1163 3169 Ut
1173 3148 1259 3170 onera

159 3177 299 3206 contentis
309 3176 474 3214 corporibus
483 3175 593 3205 facilius
603 3177 729 3205 feruntur
738 3198 746 3212 ‚
767 3175 883 3205 remissis
894 3176 1068 3214 opprimunt.

139 3215 224 3245 Arcus
234 3221 391 3245 contentus.
413 3214 497 3243 Ovid.
511 3220 536 3243 6.
549 3214 619 3243 Met.
635 3217 700 3248 286.

332 3266 371 3272 —
380 3251 472 3281 sonuit
482 3258 618 3281 contento
628 3260 728 3281 nervus
742 3251 776 3280 ab
787 3261 861 3281 arcu.

139 3288 211 3320 Tela
224 3296 357 3319 contenta
365 3299 430 3319 arcu
440 3297 545 3328 parato.
571 3290 643 3327 Virg.
657 3300 681 3323 ς.
694 3290 755 3319 JEn.
770 3298 832 3325 5¹3·

137 3327 298 3358 Contentus
308 3329 334 3357 δι
344 3327 434 3357 Laxus
445 3350 452 3361 .
472 3328 618 3357 contraria.
642 3327 710 3357 Hor.
720 3337 746 3357 2.
757 3327 844 3357 Serui.
858 3336 884 3365 7.
894 3336 940 3357 20.

140 3366 242 3396 Cervix
252 3373 392 3395 contenta.
415 3365 487 3403 Virg.
501 3374 525 3402 3.
543 3366 643 3403 Georg.
657 3368 719 3402 536.

427 3417 464 3423 ——-
475 3403 636 3441 montesque
650 3412 699 3441 per
709 3400 779 3432 altos

221 3441 359 3471 Contenta
368 3441 476 3471 cervice
486 3440 599 3470 trahunt
607 3441 748 3470 stridentia
758 3440 886 3479 plaustra.
965 3437 1078 3479 Legitur
1088 3441 1115 3471 &
1126 3441 1255 3472 Extenta.

139 3478 240 3509 Cursus
253 3486 411 3509 contentus.
444 3478 502 3508 Cic.
511 3489 562 3517 pro
572 3479 682 3509 Muren.
698 3487 741 3516 33.
765 3479 862 3516 Quum
873 3483 1007 3508 contento
1018 3478 1097 3509 cursu
1109 3502 1118 3515 ,
1134 3480 1257 3510 hostium

160 3517 248 3546 classis
258 3516 365 3547 Italiam
374 3523 489 3555 peteret.

141 3554 223 3584 Fides
233 3562 386 3590 contentae,
408 3556 434 3584 &
443 3555 627 3588 lucontentae‚
647 3554 800 3584 Contraria.
841 3553 874 3583 V.
898 3563 909 3582 ι
918 3562 940 3582 N
947 3563 965 3583 c
973 3563 990 3583 o
998 3563 1020 3583 N
1029 3562 1050 3582 τ
1059 3561 1075 3583 ι
1084 3564 1105 3583 N
1112 3563 1133 3584 1·
1141 3565 1160 3584 υ
1168 3565 1190 3586 s.
1213 3554 1257 3586 De

161 3592 262 3622 fidibus
273 3594 515 3622 instrumentorum
525 3591 690 3621 musicorum
699 3592 831 3629 loquitur.

141 3630 227 3659 Oculi
239 3631 373 3661 contenti.
398 3632 473 3660 Suet.
482 3630 578 3659 Tiber.
589 3639 650 3667 cap.
663 3639 690 3666 7.

140 3668 242 3698 Studio
253 3676 387 3698 contento
397 3691 404 3703 ‚
425 3668 559 3703 cursuque
570 3669 671 3696 venire.
712 3667 769 3697 Cic.
780 3675 830 3705 pro
840 3666 916 3697 Sext.
927 3675 973 3703 23.
1001 3665 1042 3696 Ad
1052 3664 1237 3698 Tribunatum
1246 3690 1256 3705 ‚

161 3707 225 3743 quia
234 3705 290 3743 ipse
299 3706 335 3735 ad
343 3706 398 3735 sese
407 3707 464 3742 jam
473 3706 580 3735 dudum
592 3711 684 3740 vocat,
696 3711 831 3735 contento
842 3705 942 3738 studio,
959 3703 1092 3743 cursuque
1104 3707 1256 3738 veniamus,

141 3742 217 3772 Voce
226 3750 357 3773 contenta
367 3745 496 3773 atrociter
505 3744 600 3773 dicere
612 3765 620 3778 ‚
642 3745 669 3772 δι
679 3742 824 3772 Summiffa
840 3743 947 3772 leniter.
969 3742 1027 3772 Cic.
1038 3743 1067 3772 in
1075 3743 1152 3774 Orat.
1163 3747 1207 3781 56.

141 3781 270 3819 Compar.
294 3784 436 3819 Autrapax
447 3789 493 3811 aut
503 3781 611 3810 feritate
621 3782 791 3810 contentior.
813 3781 949 3811 Ammian.
960 3789 1006 3816 23.
1020 3789 1063 3811 11.

139 3819 248 3857 Superl.
270 3819 478 3849 Contentisiima
488 3829 556 3848 voce
564 3818 713 3848 clamitare.
735 3817 816 3856 Apul.
827 3818 949 3855 Milesi4.
960 3829 989 3856 p.
1001 3827 1065 3856 147.

104 3857 344 3888 ΟοΝτΒΝτυε
356 3879 364 3890 ,
385 3867 401 3886 a
412 3857 560 3887 Contineo.
601 3856 632 3885 V.
654 3865 857 3885 CONTrNso.

103 3895 128 3926 C
136 3904 207 3925 oN'r
217 3905 232 3923 ir
241 3904 261 3923 N
270 3904 290 3923 τ
300 3905 317 3923 υ
327 3905 343 3923 a
351 3904 371 3923 υ
381 3905 393 3924 s
404 3917 411 3930 ‚
432 3905 447 3924 a
456 3917 463 3930 ‚
484 3905 542 3924 um.
566 3893 652 3923 Lucil.
665 3893 713 3923 lib.
726 3903 770 3931 27.
792 3894 837 3923 Tu
855 3891 994 3923 Lucilium
1003 3893 1094 3923 credis
1109 3899 1259 3924 contentu-

139 3942 202 3963 rum
210 3954 218 3967 ‚
239 3942 326 3970 quum
335 3941 381 3963 me
387 3933 511 3971 ruperim
519 3954 529 3970 ,
548 3932 655 3962 summa
663 3932 878 3962 omniafecerim
887 3932 901 3961 ‘2
920 3932 1032 3962 Nonius
1039 3941 1066 3962 2.
1081 3942 1144 3969 ¹4⁹·
1165 3934 1182 3969 [
1191 3932 1260 3963 Non

180 3970 266 4001 Veh
304 3970 328 4001 L

1706 110 1734 146 C
1831 113 1865 148 O
1957 114 1992 148 N
2401 125 2469 164 675·

1347 189 1452 228 liquet,
1473 199 1565 223 utrum
1578 202 1593 223 a
1605 192 1755 222 Contendo
1767 215 1774 227 ‚
1796 203 1830 222 an
1843 204 1858 222 a
1874 194 2012 224 Contineo
2025 195 2062 223 sit.
2103 196 2180 233 Quin
2195 197 2277 235 plane
2297 197 2418 237 suspicor
2434 201 2474 230 vi-

1349 230 1419 258 tium
1432 229 1516 261 lutere
1527 254 1533 266 ‚
1556 241 1587 261 ac
1598 231 1686 260 sorsan
1700 231 1900 261 Contentuluni
1912 231 2096 262 scribendum.

1311 265 1360 294 Co
1373 276 1390 293 N
1401 277 1469 297 TEN
1480 279 1538 305 Ta,
1559 265 1774 305 [σωῖεταμὸζιίως]
1796 270 1838 298 ius
1852 291 1859 305 ,
1881 269 1977 299 isliiiie.
2002 270 2069 299 Λᾶν.
2101 271 2158 301 Cic.
2174 281 2198 305 ς.
2216 271 2296 302 Tusc.
2311 283 2355 308 97.
2379 275 2475 304 Socra-

1351 305 1526 341 temserunt,
1547 316 1633 343 quum
1647 306 1731 344 usque
1744 308 1778 336 ad
1789 306 1931 345 vesperum
1944 309 2104 337 contentius
2122 308 2295 344 ambularet,
2313 312 2364 340 Ceo.

1351 342 1575 381 Contentiuspro
1589 344 1615 373 se
1626 344 1729 374 dicere.
1771 344 1829 374 Cic.
1842 355 1867 375 2.
1888 345 1968 376 Tusc.
1984 355 2026 382 57.
2049 346 2129 384 Plaga
2145 346 2202 375 hoc
2215 348 2324 384 gravior
2339 370 2346 383 ,
2368 358 2423 386 quo
2434 350 2472 379 est

1371 380 1447 410 inissa
1461 382 1628 411 contentius.

1351 415 1627 454 Contenteareteque
1635 419 1755 455 aliquem
1767 419 1876 450 habere.
1901 420 1986 450 Plaiit.
2001 420 2072 451 Asin.
2092 431 2115 450 1.
2133 431 2157 451 1.
2171 424 2217 454 64.
2258 421 2317 458 [Et
2326 421 2374 451 hic
2385 424 2472 460 potest

1369 464 1386 482 a
1400 456 1537 486 Contineo
1548 457 1601 485 esse
1623 457 1651 485 V.
1674 458 1702 485 in
1718 457 1772 486 hoc
1784 459 1868 487 verbo
1887 457 1903 487 s.
1917 458 1936 487 l.
1978 459 2029 488 Etsi
2042 459 2136 489 rnalim
2159 469 2174 488 a
2188 459 2338 489 Contendo
2351 460 2474 491 Conten-

1371 499 1398 520 te
1408 515 1416 527 .
1438 495 1455 523 i.
1467 504 1490 523 e.
1514 494 1626 523 :istriae
1637 516 1644 529 ‚
1662 501 1691 523 ut
1703 504 1736 523 ex
1752 495 1914 532 synonymo
1928 504 2043 533 apparet
2055 497 2175 532 adjecto.

1314 526 1338 557 C
1347 537 1364 557 o
1377 539 1394 557 N
1406 540 1424 558 >r
1434 541 1448 559 r
1458 541 1479 560 N
1488 541 1507 560 ’r
1518 543 1525 559 1
1538 542 1554 559 o
1567 554 1574 566 ‚
1596 533 1666 560 onis.
1689 533 1705 561 f.
1731 528 1899 568 [zlgswm]
1920 534 2044 564 Conatus
2056 535 2091 564 ad
2100 535 2205 572 aliquid
2216 534 2365 572 agendum.
2383 534 2473 565 Cica.

1352 567 1410 597 Off.
1423 574 1467 605 97.
1490 569 1689 599 Miserrimaest
1700 572 1816 599 omnino
1829 570 1943 600 ambitio
1955 593 1962 606 ‚
1985 572 2179 610 honorumque
2194 573 2351 603 contentio.

1351 604 1474 642 impetus
1488 607 1601 635 dicendi
1612 609 1824 644 contentioque.
1847 610 1905 638 Cic.
1918 619 1968 646 pro
1981 610 2070 639 Deiot.
2083 615 2109 639 6.

1351 642 1436 672 Aliter
1450 644 1564 674 sumitur
1580 644 1626 673 hic
1637 644 1789 674 Contentio
1801 668 1809 677 .
1831 655 1914 682 quam
1925 648 2030 685 ubipro
2044 648 2267 678 Concertationc.
2290 648 2326 678 H.
2337 648 2375 678 St.

1350 679 1441 710 Labor
1453 684 1477 711 <Sc
1487 682 1641 712 contentio.
1683 683 1740 711 Cic.
1754 683 1789 712 de
1801 684 1911 713 Senedt.
1926 691 1969 718 82.
1992 686 2117 716 Otiosam
2140 689 2165 716 ot
2188 687 2309 724 quietam
2326 692 2435 716 aetatem
2446 687 2478 716 si-

1371 728 1408 747 ne
1420 719 1477 748 ullo
1490 726 1536 749 aut
1548 719 1641 748 labore
1655 741 1663 753 ‚
1684 727 1730 748 aut
1742 723 1926 750 contentione
1940 723 2092 753 traducere.

1353 755 1597 786 Vehementilsima
1610 758 1756 786 contentio
1776 760 1881 793 animi,
1902 760 2023 796 ingenii,
2045 762 2155 791 virium.
2195 761 2290 799 Cic.3.
2307 763 2342 791 de
2354 761 2430 792 Orat.
2450 772 2476 796 ς.

1372 794 1511 824 Permulta
1522 802 1580 823 turn
1595 795 1833 826 vehementissima
1845 799 2028 828 contentione
2039 800 2123 829 animi
2139 821 2147 835 ‚
2167 799 2273 837 ingenii
2293 823 2300 836 ‚
2322 800 2424 830 virium
2443 800 2477 830 ab

1372 841 1408 860 eo
1420 833 1493 861 dicta
1507 832 1561 861 esse
1573 832 1724 862 constabat.

1353 869 1445 899 Animi
1456 880 1554 907 inagna
1566 892 1574 905 ‚
1596 871 1672 899 vocis
1688 881 1771 907 parva
1781 873 1935 902 contentio.
1958 872 2016 902 Cic.
2031 874 2067 903 de
2083 875 2154 904 Clar.
2167 874 2243 904 Orat.
2263 885 2327 912 234.

1353 907 1446 936 Animi
1458 910 1619 942 contenti0‚
1641 908 1685 936 cui
1698 911 1850 946 opponitur
1860 910 2016 940 Relaxatio.
2053 912 2112 942 Cic.
2128 922 2154 942 2.
2168 913 2204 942 de
2215 913 2294 943 Orat.
2307 923 2351 943 22.
2374 913 2479 943 Verum

1373 946 1423 974 orii
1435 945 1539 975 frut‘tus
1553 945 1592 974 est
1603 955 1659 974 non
1671 948 1818 975 contentio
1830 949 1934 983 animi,
1955 948 2000 977 sed
2011 950 2154 980 relaxatio,

1354 983 1522 1014 Animorum
1539 984 1720 1014 contentione
1729 983 1882 1022 discrepare
1893 1008 1900 1020 ,
1920 995 1977 1014 non
1989 988 2156 1023 opinionum
2173 987 2345 1017 dissensione.
2378 988 2437 1018 Cic.
2449 997 2477 1019 2.

1373 1020 1448 1050 Fam.
1466 1031 1507 1054 13.
1531 1022 1571 1050 Ex
1581 1031 1615 1050 eo
1628 1022 1741 1058 quidam
1754 1022 1882 1060 suspicati
1890 1023 2001 1053 fortasse
2013 1024 2073 1053 sunt
2087 1047 2094 1060 ‚
2115 1028 2273 1055 animorum
2286 1027 2479 1062 contentione,

1322 1086 1323 1091 ,
1374 1068 1433 1087 11011
1445 1059 1613 1096 opinionum
1623 1058 1790 1089 dissensione
1805 1070 1850 1091 me
1860 1061 1894 1090 ab
1913 1062 1950 1091 eo'
1961 1061 2123 1101 discrepare.
2164 1063 2304 1100 [Videtur
2327 1064 2479 1093 Contentio

1378 1095 1427 1125 hic
1439 1106 1491 1133 pro
1505 1097 1720 1127 concertatione
1735 1099 1813 1135 poni.

1355 1134 1448 1164 Animi
1472 1135 1686 1165 contentionem
1709 1136 1850 1166 adhibere.
1890 1136 1949 1166 Cic.
1962 1138 1990 1166 in
2004 1137 2132 1167 Hortens.
2160 1139 2264 1177 Magna
2287 1140 2370 1169 etiarn
2394 1139 2481 1169 animi

1374 1173 1521 1201 contentio
1532 1172 1691 1202 adhibenda
1701 1174 1738 1203 est
1749 1174 1917 1212 explicando
1931 1175 2121 1211 Aristotelem,
2143 1176 2161 1205 si
2181 1177 2266 1214 leges.
2297 1178 2326 1207 h.
2339 1186 2365 1207 e.
2386 1177 2482 1208 Inten-

1376 1209 1478 1239 dendae
1492 1209 1555 1239 sunt
1565 1211 1672 1248 ingenii
1684 1211 1764 1241 vires.

1354 1248 1485 1277 Animosa
1494 1249 1678 1278 contentione
1687 1249 1791 1286 aliquid
1804 1249 1969 1288 perdiscere.
1991 1250 2104 1280 Firmic.
2116 1251 2165 1281 lib.
2178 1257 2203 1281 6.
2214 1261 2275 1290 cap.
2291 1261 2335 1287 31.

1354 1285 1510 1315 Contentio
1520 1308 1529 1321 ‚
1550 1286 1732 1316 Continuatio
1744 1309 1753 1323 ‚
1773 1289 1894 1317 intentio
1909 1311 1917 1324 ‚
1939 1289 2151 1327 perseverantia.
2186 1296 2217 1319 ut
2226 1312 2234 1325 ⁷
2256 1290 2408 1319 Contentio
2431 1299 2483 1319 vo-

1373 1324 1425 1353 cis.
1466 1324 1524 1354 Cic.
1541 1333 1565 1360 3.
1578 1325 1613 1353 de
1625 1325 1701 1354 Orat.
1714 1334 1780 1356 222.
1804 1326 1882 1355 Nihil
1900 1327 2100 1364 perniciosius,
2121 1337 2203 1364 quam
2222 1327 2306 1357 effusa
2322 1329 2378 1358 sine
2398 1328 2484 1357 inter-

1374 1360 1504 1391 missione
1514 1362 1591 1392 vocis
1602 1364 1758 1393 contentio.
1799 1363 1830 1393 V.
1853 1364 1954 1402 inipso
1970 1364 2056 1395 verbo
2074 1365 2149 1395 Voce
2161 1365 2341 1395 contendere.

1354 1398 1438 1428 'Vocis
1448 1400 1594 1429 contentio
1608 1422 1617 1436 .,
1639 1402 1752 1431 &vocis
1764 1401 1896 1431 Remissio
1908 1409 2043 1441 pugnant.
2066 1403 2126 1433 Cic.
2138 1413 2164 1432 2.
2178 1404 2214 1432 de
2232 1403 2309 1432 Orat.
2324 1412 2387 1432 212.

1354 1436 1511 1467 Contentio
1521 1439 1655 1468 orationis
1665 1438 1818 1476 plurimum
1830 1440 1920 1476 valet,
1943 1443 1969 1470 δι
1986 1442 2123 1478 majorem
2136 1442 2195 1472 vim
2205 1441 2290 1471 habet
2304 1442 2340 1471 ad
2353 1441 2479 1480 gloriam.

1378 1474 1438 1505 Cic.
1450 1485 1477 1504 2.
1492 1475 1551 1505 Off.
1565 1482 1609 1511 48.
1649 1477 1703 1506 Hic
1714 1478 1752 1507 est
1766 1477 1908 1508 Continua
1921 1479 2018 1509 oratio.

1358 1513 1508 1543 Acerriina.
1531 1513 1589 1543 Cic.
1603 1514 1633 1543 in
1641 1514 1720 1544 Orat.
1735 1525 1797 1551 109.

1355 1550 1399 1580 Ad
1410 1551 1548 1589 populum
1556 1551 1663 1582 summa
1674 1554 1859 1584 contentione
1873 1554 1978 1584 dicere.
2000 1555 2060 1585 Cic.
2075 1555 2111 1584 de
2128 1555 2200 1585 Clar.
2213 1554 2290 1585 Orat.
2303 1560 2351 1589 80.

1356 1588 1455 1618 Oratio
1474 1599 1533 1619 non
1543 1599 1650 1627 magnae
1663 1590 1692 1619 in
1702 1591 1825 1621 dicendo
1836 1593 2037 1622 contentionis.
2062 1593 2120 1622 Cic.
2133 1602 2185 1631 pro
2197 1593 2307 1625 Cluent.
2325 1602 2352 1622 2.

1358 1626 1453 1663 Pugna
1462 1626 1569 1657 summa
1578 1629 1764 1658 contentione
1776 1636 1907 1667 pugnata.
1930 1630 1991 1660 Cic.
2006 1641 2056 1669 pro
2068 1631 2178 1661 Mureti.
2196 1641 2238 1667 ¹4·

1355 1664 1472 1694 Summa
1482 1665 1522 1694 vis
1535 1667 1563 1695 δι
1580 1667 1726 1705 contentio
1736 1667 1870 1698 sermonis
1882 1690 1891 1703 ,
1913 1669 1958 1698 cui
1970 1669 2124 1706 opponitur
2133 1668 2244 1698 Leni'tas
2256 1668 2397 1699 sermonis.
2418 1669 2480 1700 Cic.

1377 1711 1402 1731 1.
1415 1702 1450 1731 de
1460 1702 1538 1733 Orat.
1550 1713 1615 1739 255.
1637 1704 1736 1741 Neque
1748 1706 1840 1735 minus
1854 1706 1913 1735 haec
1927 1714 2024 1736 tamen
2035 1713 2085 1736 tua
2096 1707 2243 1744 gravissimi
2259 1706 2394 1738 sermonis
2414 1707 2487 1737 leni-

1374 1745 1416 1769 tas
1431 1762 1439 1775 ,
1461 1750 1544 1777 quam
1560 1740 1608 1770 illa
1618 1741 1724 1772 summa
1736 1744 1778 1772 vis
1792 1745 1818 1774 &
1830 1746 1976 1774 contentio
1987 1747 2129 1782 probatur.

1355 1777 1506 1807 Gravitatis
1519 1781 1545 1809 &
1556 1780 1716 1816 ponderum
1730 1787 1806 1811 tanta
1819 1784 1976 1811 contentio.
1999 1783 2057 1812 Cic.
2071 1793 2096 1812 2.
2111 1783 2148 1812 de
2161 1783 2225 1813 Nat.
2241 1782 2326 1812 Deor.
2339 1786 2402 1812 116.

1355 1816 1511 1845 Contentio
1527 1838 1535 1852 ,
1557 1818 1775 1855 [cinomia-mm,
1796 1819 1871 1855 ἔμε]
1893 1819 2080 1850 Concertatio.
2119 1820 2178 1851 Cic.
2193 1832 2218 1856 4.
2238 1821 2321 1851 [lead.
2353 1821 2420 1851 Haec
2438 1830 2485 1850 au-

1318 1862 1322 1865 ’
1377 1860 1434 1882 tem
1449 1854 1487 1882 est
1497 1864 1552 1884 una
1566 1857 1711 1885 contentio
1723 1878 1731 1891 ‚
1755 1867 1815 1894 quae
1826 1858 1918 1887 adhuc
1930 1859 2119 1896 permanserit.

1355 1890 1426 1920 Belli
1437 1893 1593 1922 contentio.
1632 1893 1690 1922 Cic.
1707 1902 1760 1932 pro
1775 1895 1850 1924 Sext.
1864 1902 1907 1931 58.
1929 1897 2099 1926 Antiochum
2122 1896 2203 1926 illum
2223 1906 2376 1934 magnum,
2396 1897 2486 1932 majo-

1375 1938 1419 1958 res
1429 1929 1511 1959 nostri
1523 1940 1623 1969 magna
1635 1930 1703 1961 belli
1715 1934 1897 1964 contentione
1913 1940 1984 1964 terra
1998 1935 2120 1972 marique
2130 1934 2300 1973 superatum.
2322 1936 2393 1965 intra
2405 1944 2490 1964 mon«

1376 1972 1435 1995 tem
1447 1967 1571 1997 Taurum
1584 1978 1700 2006 regnare
1713 1970 1855 2005 jusserunt.

1355 2004 1472 2034 Caninae
1484 2007 1676 2036 contentionis
1687 2009 1807 2046 jurgiosa
1817 2010 1979 2040 certamina.
2002 2009 2113 2040 Firmic.
2123 2010 2155 2039 in
2164 2010 2254 2049 princ.
2272 2010 2379 2049 praefat.
2390 2009 2441 2042 lib.
2452 2021 2481 2047 4.

1376 2042 1418 2071 De
1432 2043 1518 2072 causis
1530 2045 1681 2075 forensibus
1695 2046 1829 2082 loquitur.

1355 2079 1454 2110 Abesse
1469 2091 1484 2110 a
1496 2083 1687 2113 contentione.
1712 2084 1771 2114 Cic.
1785 2085 1819 2114 ad
1839 2086 1892 2116 Art.

1353 2117 1503 2148 Decertare
1511 2129 1575 2149 cum
1586 2120 1679 2158 aliquo
1691 2123 1875 2152 contentione
1890 2121 2014 2152 dicendi.
2038 2124 2096 2153 Cic.
2108 2133 2134 2153 2.
2148 2123 2270 2162 Philipp.
2281 2133 2310 2155 ι.

1353 2155 1524 2191 Diiudicare.
1555 2157 1613 2187 Cic.
1636 2158 1749 2189 Nostras
1761 2161 1958 2191 contentiones
1967 2160 2050 2200 Resp.
2062 2161 2238 2198 dijudicavit.

1353 2192 1491 2223 Excitare.
1516 2194 1576 2224 Cic.
1592 2205 1643 2233 pro
1653 2196 1764 2227 Cluent.
1779 2209 1805 2234 9.

1352 2230 1464 2260 Habere
1475 2241 1540 2261 cum
1552 2232 1654 2270 aliquo.
1677 2234 1736 2265 Cic.
1750 2245 1775 2272 3.
1789 2236 1825 2265 de
1839 2236 1934 2274 Legib.
1947 2245 1994 2273 ας.

1354 2269 1479 2299 Honoris
1488 2271 1644 2301 contentio.
1668 2272 1727 2302 Cic.
1741 2284 1791 2312 pro
1808 2275 1919 2304 Muren.
1932 2280 1959 2307 8.

1352 2306 1522 2337 Meritorum
1530 2308 1559 2336 in
1567 2307 1668 2346 Remp.
1682 2312 1836 2342 contentio.
1866 2312 1924 2342 Cic.
1935 2312 1971 2341 de
1985 2311 2054 2350 Opt.
2064 2321 2128 2349 gen.
2141 2312 2220 2343 Orat.
2232 2322 2279 2343 το.
2301 2313 2394 2344 Habet
2402 2315 2480 2346 enim

1374 2346 1402 2374 ἃ
1418 2345 1512 2382 legum
1527 2346 1789 2384 interpretationem
1799 2350 1861 2380 satis
1872 2356 1982 2379 acutam
1998 2350 2027 2379 in
2045 2356 2192 2389 utramque
2202 2358 2310 2390 partem
2322 2372 2330 2388 ‚
2351 2353 2378 2382 ἃ
2398 2354 2485 2384 meri.

1373 2389 1466 2412 torum
1479 2383 1509 2411 in
1523 2383 1624 2422 Remp.
1638 2388 1850 2417 contentionem
1864 2387 1928 2417 sarie
1940 2397 2061 2425 gravem.

1354 2421 1488 2450 Accurata
1498 2422 1690 2461 &inimicitiis
1700 2424 1820 2455 incensa.
1842 2425 1900 2455 Cic.
1915 2426 1950 2454 de
1963 2425 2030 2463 Opt.
2045 2435 2107 2463 gen.
2118 2425 2197 2456 Orat.
2208 2435 2254 2456 22.

1351 2458 1511 2488 contentio
1524 2460 1563 2488 est
1576 2461 1648 2489 inter
1662 2461 1769 2498 aliquos
1784 2464 1820 2492 de
1830 2463 2005 2500 possessione.
2047 2464 2105 2493 Cic.
2121 2475 2147 2498 4.
2160 2465 2242 2493 Acad.
2262 2473 2324 2500 13².
2344 2464 2391 2495 Est
2405 2467 2484 2498 enim

1372 2497 1446 2526 inter
1457 2506 1504 2526 eos
1515 2507 1572 2526 non
1583 2498 1619 2527 de
1630 2500 1755 2530 terminis
1770 2522 1778 2536 ‚
1799 2500 1846 2530 scd
1857 2501 1893 2531 de
1904 2507 1964 2530 tota
1979 2500 2146 2539 possessione
2158 2502 2313 2533 contentio.

1354 2534 1620 2571 Impendetsumma
1629 2536 1702 2566 inter
1712 2547 1770 2568 eos.
1792 2538 1851 2568 Cic.
1863 2548 1889 2575 7.
1909 2541 1963 2569 Att-
1979 2549 2004 2570 1.

1354 2572 1421 2601 Non
1432 2573 1589 2603 mediocris.
1611 2573 1733 2611 Quintil.
1746 2576 1794 2606 lib.
1808 2586 1832 2613 ς.
1846 2586 1908 2615 cap·
1926 2585 1969 2613 ις.

1358 2609 1466 2639 Manet.
1508 2610 1538 2640 V.
1561 2621 1638 2640 MAN
1648 2622 1663 2641 13
1673 2623 1699 2642 o.
1763 2624 1765 2627 ’

1353 2646 1455 2677 Venire
1466 2647 1504 2677 in.
1541 2648 1561 2677 i.
1574 2658 1599 2678 e.
1622 2649 1801 2680 Contendere
1813 2651 1848 2682 de
1862 2651 2028 2682 accusando.
2059 2651 2120 2683 Cic.
2135 2663 2159 2684 1.
2176 2653 2253 2684 Verr.
2265 2656 2310 2683 62.
2332 2652 2431 2691 Neque
2441 2656 2482 2686 fe-

1372 2694 1402 2714 re
1415 2694 1540 2722 unquam
1555 2687 1632 2716 venit
1644 2688 1674 2717 in
1684 2690 1899 2721 contentionem
1913 2690 1948 2720 de
1961 2689 2117 2721 accusando
2126 2714 2134 2726 ‚
2156 2693 2202 2729 qui
2226 2691 2351 2729 Quaestor
2363 2693 2457 2724 fuisset
2468 2716 2480 2730 ,

1376 2724 1445 2760 quin
1461 2724 1664 2761 repudiaretur.

1352 2760 1409 2791 Res
1422 2761 1505 2790 etiam
1516 2762 1618 2793 dicitur
1627 2763 1721 2793 venire
1732 2764 1761 2793 in
1775 2765 1998 2795 contentionem.
2021 2766 2078 2796 Cic.
2093 2776 2144 2803 pro
2155 2766 2254 2804 Quint.
2267 2777 2311 2803 24.

1352 2799 1506 2828 Contentio
1517 2821 1525 2835 ,
1546 2800 1564 2836 '[
1572 2799 1716 2836 πύρωσις]
1737 2812 1788 2840 pro
1797 2803 2015 2840 Comparatione
2025 2806 2050 2833 dc
2062 2806 2250 2834 aestimatione.
2289 2805 2347 2835 Cic.
2365 2816 2416 2843 pro
2429 2806 2481 2837 Le.

1368 2846 1404 2874 ge
1414 2837 1511 2866 Nlanil.
1526 2842 1570 2874 36.
1592 2839 1707 2869 Summa
1718 2841 1793 2870 enim
1807 2842 1901 2870 omnia
1913 2840 1993 2876 sunt,
2015 2842 2147 2878 Quirites.
2170 2842 2216 2872 sed
2227 2853 2260 2872 ea
2275 2843 2361 2880 magis
2369 2854 2403 2873 ex
2411 2845 2482 2873 alio-

1370 2877 1644 2942 {Eumsscqintentione⁹
1666 2878 1817 2916 quamipsa
1831 2889 1882 2917 per
1895 2878 1952 2910 sese
1968 2879 2098 2917 cognosci
2120 2887 2201 2918 atque
2218 2880 2338 2919 intelligi
2355 2881 2479 2920 possunt.

1395 2922 1412 2941 x
1447 2923 1464 2942 u
1488 2923 1537 2943 aeo.

1353 2948 1538 2981 Fortunarum
1548 2952 1649 2982 facere.
1670 2952 1730 2982 Cic.
1743 2953 1772 2982 in
1786 2953 1876 2984 Pison.
1891 2964 1935 2989 51.

1352 2988 1491 3018 Vitiorum
1503 2991 1660 3019 contentio.
1689 2991 1757 3021 Plin.
1770 2992 1798 3020 in
1810 2992 1909 3030 Paneg.
1919 3001 1980 3030 cap.
1992 2997 2037 3026 82-
2051 2999 2120 3022 extr.
2143 2994 2182 3023 An
2196 3002 2253 3021 non
2264 2993 2390 3031 plerique
2399 2996 2474 3033 prin.

1370 3027 1464 3063 cipes,
1484 3029 1535 3057 dcc.
1559 3037 1645 3065 quum
1656 3028 1784 3058 seriarum
1797 3029 1954 3060 laxamenta
1973 3040 2100 3060 curarum
2112 3053 2121 3066 ,
2139 3031 2271 3061 vitiorum
2287 3035 2471 3064 contentione

1370 3064 1533 3102 supplerent
1545 3066 1559 3095 ἶ)
1594 3065 1634 3096 Al.
1656 3066 1870 3097 Contentiones.
1914 3068 1944 3097 V.
1971 3068 2042 3106 Lips.

1354 3101 1510 3131 Contentio
1521 3103 1644 3141 ipsorum
1654 3103 1802 3134 hominum
1811 3105 1950 3135 facienda.
1974 3106 2033 3135 Cic.
2049 3115 2101 3143 pro
2112 3105 2204 3136 Plane.
2219 3111 2262 3141 18.

1353 3139 1496 3169 Vocarein
1510 3143 1733 3172 contentionem.
1755 3143 1813 3172 Cic.
1831 3153 1882 3181 pro
1896 3144 2006 3173 Muren.
2023 3153 2064 3179 19.

1349 3177 1505 3208 Contentio
1517 3181 1543 3209 &
1560 3181 1741 3218 comparatio.
1779 3181 1837 3210 Cic.
1857 3191 1880 3210 1.
1900 3181 1957 3210 Off.
1973 3186 2016 3215 58-
2038 3181 2093 3210 Sed
2107 3179 2282 3212 sicontentio
2300 3183 2426 3220 quaedam
2446 3187 2475 3215 ἃς

1370 3217 1542 3253 comparatio
1551 3217 1608 3253 fiat,
1630 3218 1730 3255 quibus
1744 3217 1898 3256 plurimum
1908 3219 2086 3248 tribuendum
2095 3219 2238 3250 sitofficii:
2260 3222 2400 3258 principes
2412 3222 2476 3253 sunt

1371 3255 1461 3320 patlrig
1476 3256 1643 3293 &parentes
1654 3278 1662 3292 ‚
1683 3266 1801 3293 quorum
1817 3256 1960 3286 beneficiis
1975 3258 2099 3286 maxime
2120 3258 2234 3295 obligati
2251 3259 2359 3288 sumus:
2381 3261 2477 3298 proxi.

1368 3292 1409 3321 mi
1431 3293 1438 3320 i
1461 3293 1498 3321 eri
1543 3295 1595 3323 dec.

1348 3315 1522 3366 Contentio:
1545 3328 1703 3367 [ὰνπᾫεπν]
1725 3331 1800 3368 apud
1823 3331 1978 3367 Rhetores‚
2000 3337 2032 3361 ut
2053 3332 2151 3362 des-init
2172 3333 2270 3362 Cicero
2287 3355 2295 3368 ‚
2316 3334 2354 3363 est
2376 3335 2472 3372 Quum

1369 3378 1405 3398 ex
1420 3370 1565 3398 contrariis
1581 3370 1662 3398 rebus
1677 3370 1766 3398 oratio
1784 3369 1933 3399 conficitur
1947 3391 1955 3405 ‚
1978 3369 2032 3399 hoc
2048 3372 2130 3408 paeto
2142 3392 2149 3405 ‚
2172 3371 2264 3400 Habet
2274 3371 2416 3402 assentatio
2433 3374 2475 3409 ju-

1366 3407 1461 3473 *csunda
1479 3407 1631 3445 principia:
1652 3407 1751 3436 eadem
1768 3407 1859 3436 emtus
1875 3407 2055 3437 amarissimos
2074 3407 2162 3437 affert.
2202 3409 2243 3439 De
2261 3409 2380 3439 Oratore
2397 3413 2423 3441 ἃ
2442 3412 2473 3441 in

1399 3454 1414 3472 o
1439 3454 1496 3473 icis.

1349 3455 1484 3519 Aspeiitas
1499 3482 1691 3512 contentionis
1711 3482 1836 3511 Oratotis
1853 3482 1938 3520 ipsius
1956 3483 2130 3512 humanitate
2150 3484 2291 3513 conditur.
2313 3484 2372 3515 Cic.
2384 3495 2411 3516 2.
2433 3487 2471 3517 de

1368 3521 1448 3549 Orat.
1462 3529 1525 3549 212.

1312 3557 1628 3592 CONTENTrosus‚
1650 3557 1709 3593 Adi.
1731 3554 1878 3593 [imos]
1900 3557 1957 3594 Qui
1978 3557 2040 3588 lites
2059 3559 2187 3595 &jurgia
2201 3557 2324 3589 seminat.
2358 3560 2428 3591 Plin.
2441 3572 2467 3592 2.

1351 3594 1433 3633 Epist.
1451 3605 1490 3629 19.
1515 3595 1613 3624 Oratio
1623 3595 1658 3624 de
1673 3605 1726 3632 qua
1736 3595 1836 3631 loquor
1847 3617 1856 3630 ‚
1878 3605 1991 3633 pugnax
2004 3599 2029 3625 ok
2043 3597 2217 3625 contentiosa
2228 3597 2273 3626 est.

1349 3631 1547 3663 contentiosus
1558 3633 1660 3669 passive
1672 3654 1680 3667 ,
1701 3633 1787 3668 Quod
1807 3633 1839 3662 fit
1852 3634 2040 3670 pertinaciter.
2083 3634 2203 3670 Quintil.
2219 3645 2243 3670 ς.
2265 3634 2391 3666 Declam.
2411 3647 2469 3667 non

1367 3670 1467 3709 procul
1484 3671 1518 3699 ab
1530 3671 1610 3699 initio
1621 3690 1629 3705 ,
1653 3670 1840 3699 Avidissimam
1854 3671 1993 3700 moriendi
2007 3671 2190 3708 cupiditatem
2211 3674 2382 3702 contentiosa
2394 3685 2472 3704 men-

1369 3709 1482 3738 dicitate
1503 3707 1643 3737 fallebam.
1681 3708 1741 3737 Hac
1760 3708 1849 3737 fornia
1869 3709 2023 3746 poterimus
2042 3709 2140 3739 dicere
2152 3731 2160 3745 ‚
2186 3709 2399 3741 Contentiosum
2419 3713 2473 3742 stu-

1370 3746 1450 3775 dium
1461 3767 1468 3777 ,
1491 3755 1541 3783 pro
1553 3745 1674 3774 intento.

1367 3783 1458 3813 Immo
1469 3793 1527 3812 non
1539 3784 1648 3812 videtur
1661 3784 1726 3819 poni
1740 3782 1850 3812 Paffive.
1873 3783 1909 3812 H.
1921 3783 1960 3812 St.
1999 3782 2114 3814 Videtur
2128 3794 2178 3820 pro
2196 3785 2331 3815 Pertinaci
2351 3787 2466 3816 dictum.

1311 3821 1603 3856 CONTsNi-iost,
1625 3821 1692 3850 Adv.
1714 3821 1868 3857 [kambr]
1897 3827 1947 3857 ut,
1978 3820 2161 3852 contentiose
2177 3832 2275 3860 agere,
2304 3825 2322 3853 i'.
2338 3834 2363 3853 e.
2387 3825 2471 3854 Perti·-

1351 3860 1464 3888 naciter.
1488 3858 1650 3896 Hieronyni.
1845 3894 1849 3896 -

1312 3896 1542 3927 comanam
1553 3906 1589 3930 o,
1620 3894 1810 3932 [σκοτὶζσμσκ]
1841 3898 1897 3925 fite.
1937 3894 2076 3926 Neutrum
2109 3897 2234 3927 verbum.
2278 3899 2360 3928 Varro
2386 3907 2411 3927 2.
2434 3899 2471 3928 de

1350 3934 1383 3964 R.
1396 3934 1430 3964 R.
1447 3944 1509 3972 cap.
1523 3943 1550 3964 2.
1570 3933 1612 3963 Ab
1625 3934 1734 3970 occasu,
1752 3943 1838 3972 parvo
1855 3934 2003 3963 intervallo
2013 3935 2185 3973 interposito,
2204 3936 2241 3964 ad
2252 3935 2406 3965 bibendum
2424 3946 2472 3973 ap.

1859 3971 1968 4009 Qqqq
1989 3981 2007 4001 2
2341 3973 2470 4010 pellunt,

2138 2944 2142 2957 l
