2604 4222
172 57 239 94 108
606 46 636 81 A
731 45 759 79 E
857 43 889 79 T

230 130 360 197 morlbrim
374 129 653 196 etigmladjungeret,
673 126 764 156 colere
779 124 869 155 nihilo
886 132 969 161 quam
979 127 1061 151 antea
1074 120 1180 155 fuerat,
1207 119 1332 148 meliore.

230 169 271 198 Ex
297 168 384 197 ,raim
427 167 455 195 iii
467 168 522 195 iad.
1297 189 1303 198 χ

212 206 377 243 ffithiopes,
403 212 436 234 ut
450 204 574 242 plerique
591 202 708 236 volunt,
734 209 839 230 nomen
854 198 957 228 habent
975 196 1009 225 ab
1029 194 1086 227 αἴθῃ
1107 203 1219 237 cremo,
1248 190 1332 235 &faula

232 244 372 282 aspectus:
394 243 470 280 quod
487 241 557 271 Solis
573 241 716 270 vicinitate
728 242 891 268 torreantur.
933 236 1003 264 Sunt
1018 240 1112 262 tamen
1127 242 1177 274 qur
1192 233 1226 260 lie
1243 232 1333 274 dictos

232 288 333 320 putant
341 304 349 316 ,
370 280 446 318 quod
457 288 555 308 eorum
566 278 641 307 oculi
651 275 842 313 frequentibus
852 272 960 302 venulis
974 281 1009 300 ex
1019 270 1110 300 calore
1120 272 1171 299 lint
1183 269 1331 305 sanguinei.

232 321 338 351 Author
353 318 468 347 Vadian.
483 317 513 345 in
526 315 573 344 lib.
588 325 612 352 3.
628 315 724 351 Pomp.
741 312 833 342 Melae.
874 310 1018 351 AEthiopas
1035 308 1123 350 vicini
1141 307 1233 336 sitieris
1250 316 1335 344 vapo-

232 368 261 387 re
278 357 393 391 torreri,
416 355 572 390 adustisque
583 352 683 381 similes
699 351 792 388 gigni,
814 347 896 376 barba
913 348 938 376 S:
950 356 981 375 ca
1003 345 1051 374 illo
1067 345 1174 374 vibrato
1185 367 1193 380 ,
1223 354 1280 373 non
1296 345 1334 373 est

232 395 366 428 dubium,
387 396 425 421 ait
435 391 504 421 Plin.
521 391 570 420 lib.
585 400 610 419 2.
627 399 686 426 cap.
699 394 743 425 78.
770 386 801 415 V.
815 385 899 414 Diod.
916 385 980 414 Sicu
995 407 1001 413 .
1016 383 1065 413 lib.
1078 395 1104 420 4.
1121 393 1182 421 cap.
1199 393 1222 412 1.
1245 382 1331 412 Strab.

231 433 279 463 lib.
297 443 338 468 15.
355 430 420 460 Cael.
437 430 528 466 Antiq.
544 428 618 457 Led.
633 426 681 455 lib.
697 436 720 461 9.
736 434 796 461 cap.
814 433 856 457 15.

211 471 355 502 Rubentes
370 468 531 505 AEtliiopes:
557 466 620 502 quia
629 465 706 500 juxta
717 471 791 490 mare
807 460 923 489 rubrum
932 458 1013 496 sunt,
1034 459 1073 489 ait
1081 458 1205 489 Lastant.
1221 458 1256 488 ad
1267 458 1334 488 Stat.

211 507 478 583 Ιὲῑὴῖἒὲῖιῖὴέὶυηι
496 541 550 570 est:
580 538 627 568 sed
645 543 754 566 tantum
768 535 896 573 IEtlii'ops
913 535 1042 566 dicimus.
1077 535 1152 566 Serv.
1172 535 1203 564 in
1219 535 1291 564 illud
1309 543 1333 571 7.

231 585 293 614 AEn.
306 587 367 617 605.
402 579 570 617 Hyrcanisve
581 598 589 610 ,
611 575 740 604 Arabisve
751 580 858 611 parant.

175 623 208 654 AE
217 632 236 651 T
246 632 266 650 n
276 633 285 650 1
295 631 311 650 o
320 630 334 648 P
344 623 380 648 ic
389 628 407 647 u
417 628 428 647 s
437 640 445 653 ,
473 617 534 651 Adj.
564 612 737 650 IEthiopiam
754 611 879 650 spet‘tans
891 621 897 641 :
928 616 978 646 ut,
1000 610 1130 640 Oceanus
1148 609 1333 648 AEthiopicus.

213 660 281 689 Plin.
298 658 345 687 lib.
358 660 383 686 6.
400 665 460 692 cap.
476 663 518 690 30.
559 651 724 688 AEthiopicae
737 659 828 679 naves.
857 649 937 679 Idem
951 660 974 685 5.
991 658 1016 685 9.

174 699 208 731 JE
217 707 236 726 T
245 707 265 726 H
276 708 284 724 1
294 699 311 725 ὅ
319 706 333 723 r>
343 706 351 723 1
362 704 373 723 s
382 716 389 728 ,
411 693 475 721 idis.
492 688 642 726 [ωῗθιοπὶς]
660 688 754 717 Herba
764 688 870 725 magica
878 710 885 722 ,
903 687 1017 716 nascens
1028 686 1056 715 in
1066 686 1225 724 AEthiopia,
1248 686 1276 713 in
1286 684 1336 714 Ida

213 744 323 773 quoque
340 737 436 761 monte
450 728 587 762 Troadis,
609 727 678 756 &in
690 725 835 755 Messenia.
870 725 938 755 Plin.
959 725 1009 754 lib.
1021 734 1065 761 27.
1083 734 1143 762 cap.
1157 735 1184 759 4.
1226 723 1334 753 AEthio-

211 773 279 811 pide
290 770 373 800 herba
389 769 487 797 dicunt
498 774 593 794 amnes
607 773 640 793 ac
658 764 694 793 sta
715 774 751 793 na
765 763 859 807 siccari
873 764 1020 799 conjectu,
1041 763 1116 791 taikn
1133 761 1222 804 clausa
1238 760 1333 804 omnia

209 801 1053 879 iseiisslfoepssss'cfflb'giff'aid&iiie103¹32¹1¹n¹ss3p²eiiai²ip'fssli'o
1069 799 1333 873 iZiissssfffhissffssissssff

209 885 280 923 picis
298 881 465 912 utiliffimam
477 889 492 909 e
503 878 592 908 mulso
603 884 707 916 potam.

170 924 204 954 ΗΞ,
212 933 232 951 τ
241 932 260 951 ιι
271 933 286 949 L
296 932 304 949 1
316 931 335 949 u
344 930 356 949 s
366 942 374 954 ,
394 919 470 955 Jovis
482 917 554 946 filius
564 939 572 951 ,
595 918 621 946 ἃ
631 922 709 953 pater
719 914 913 953 Endymionis.
952 913 1064 943 Hesiod.

169 961 317 991 IETHON
329 981 335 993 ,
367 956 487 993 [Ak9w]
516 955 595 984 Unus
614 963 650 983 ex
670 954 748 990 equis
768 952 858 982 Solis:
889 951 952 981 sunt
967 952 1043 980 enim
1061 956 1197 987 quatuor,
1224 949 1331 987 Pyrois,

206 998 281 1027 Eous
291 1019 299 1033 ,
318 996 423 1026 AEthon
433 1016 440 1029 ,
462 993 594 1030 Phlegon.
636 991 689 1022 Alii
705 991 766 1020 aliis
779 991 863 1019 etiam
873 989 1035 1018 nominibus
1049 987 1200 1026 appellant.
1234 988 1329 1017 Boeat.

205 1036 254 1064 lib.
267 1046 293 1071 4.
310 1034 394 1063 Ovid.
409 1042 434 1061 2.
456 1031 526 1061 Met.
545 1041 605 1066 154.
646 1029 691 1059 Est
707 1030 733 1058 &
750 1028 855 1058 AEthon
873 1036 978 1056 nomen
995 1027 1059 1064 equi
1077 1025 1205 1055 Pallantis
1217 1047 1225 1061 ,
1254 1027 1331 1063 apud

205 1073 278 1110 Virg.
296 1082 338 1101 11.
354 1070 416 1101 AEn.
432 1076 476 1105 89.
515 1069 643 1103 Servius,
664 1067 768 1097 ffithon
781 1075 886 1094 nomen
897 1065 980 1101 equi,
1001 1074 1056 1101 quo
1074 1065 1100 1094 &
1116 1064 1227 1093 Aurorae
1242 1073 1330 1101 equus

161 1125 163 1127 ¹
205 1117 348 1177 vocatlulr.t
378 1107 635 1174 ApuddHfiomerulpli³
650 1104 752 1172 jug-galei?3
766 1104 804 1170 eRst
823 1102 1073 1170 {qffgsgestoris³
1106 1102 1182 1140 apud
1202 1101 1330 1131 Claudia-

205 1159 253 1178 nui
317 1158 334 1177 u
350 1156 410 1176 onis
421 1169 429 1181 ,
449 1156 464 1174 a
518 1154 582 1173 nem
638 1154 659 1172 ri
694 1166 699 1172 .
792 1152 806 1170 a
841 1164 847 1170 .
974 1163 980 1169 .

204 1159 309 1217 IEtlTilon
320 1208 328 1221 ‚
358 1192 489 1222 praeterea
507 1183 620 1213 Nomen
645 1181 684 1211 est
700 1151 845 1218 propr-iiiiii
862 1179 913 1209 viri
928 1200 937 1214 ,
952 1150 1007 1208 pIn
1033 1186 1117 1215 quem
1136 1182 1213 1207 extat
1234 1177 1326 1215 Epigr.

166 1223 538 1296 ffi'rlliiiadtrlxiais'sllbljljdwii]
563 1258 696 1286 dicuntur
712 1255 837 1292 Quidam
853 1253 978 1292 tripodes
989 1275 997 1288 ‚
1026 1252 1061 1282 ab
1073 1253 1143 1292 ignis
1157 1253 1205 1282 usu
1216 1275 1223 1288 ,
1253 1253 1280 1282 ἃ
1293 1252 1329 1282 ad

204 1301 259 1330 hoc
276 1300 366 1337 ipsum
386 1297 555 1335 comparati:
586 1295 632 1324 alii
650 1293 871 1327 Anathematiei,
901 1292 948 1329 qui
963 1299 1076 1320 ornatus
1093 1291 1178 1328 gratia
1197 1290 1329 1320 domibus

203 1339 308 1373 dicati,
329 1337 373 1367 vel
385 1336 516 1374 templis,
536 1333 661 1371 prorsum
675 1332 786 1369 ignibus
802 1329 992 1365 immaculati,
1013 1329 1166 1365 intactique
1177 1328 1254 1357 sunt:
1278 1339 1330 1357 un-

203 1377 239 1406 de
255 1378 281 1406 St
298 1375 331 1405 ab
348 1375 471 1404 Homero
486 1373 571 1406 ἆπυξοι
587 1377 793 1408 nuncupantur.
834 1368 893 1397 Hos
903 1376 998 1397 tamen
1008 1366 1169 1404 intelligunt
1186 1366 1327 1402 nonnulli,

223 1415 251 1443 ui
264 1414 386 1443 necdum
399 1411 509 1448 ignibus
527 1409 579 1438 sint
594 1408 700 1438 admoti
711 1430 719 1443 ,
749 1407 871 1437 aethonas
887 1415 953 1435 vero
967 1406 1024 1441 jam
1036 1405 1155 1434 flammis
1170 1403 1325 1434 succensos.

227 1452 268 1482 acl.
284 1452 376 1481 Rhod.
391 1450 439 1479 lib.
451 1455 476 1483 8.
492 1458 552 1485 cap.
568 1457 611 1482 15.
1139 1480 1144 1485 Ι
1261 1480 1266 1485 1

163 1490 197 1522 AE
207 1500 226 1519 T
236 1500 327 1525 aaa,
358 1487 491 1525 [Αἰθρρι]
520 1485 622 1515 Pitthei
633 1483 689 1513 filia
699 1505 707 1518 ,
734 1481 836 1513 Thesei
853 1487 949 1510 mater.
989 1479 1095 1509 Author
1108 1479 1226 1510 Diodor.
1240 1479 1325 1510 Sicul.

200 1528 249 1558 lib.
266 1539 288 1565 5.
305 1537 365 1565 cap.
381 1538 404 1562 5.
427 1527 453 1555 Sc
466 1524 602 1554 Plutarch.
619 1523 649 1551 in
661 1520 779 1551 Theseo.
821 1519 904 1549 Ovid.
920 1519 949 1548 in
964 1518 1035 1561 Ibin.
1052 1527 1113 1556 577.

282 1566 374 1602 thue
388 1573 476 1601 nepos
490 1562 590 1593 AEthrae
600 1582 608 1596 ‚
628 1560 744 1588 Veneris
757 1557 941 1588 moribundus
955 1556 991 1586 ob
1005 1566 1075 1585 iram

318 1602 389 1633 Exul
403 1602 437 1631 ab
451 1600 574 1631 attonitis
588 1598 737 1628 excutiaris
751 1597 837 1634 equis.

199 1642 299 1673 Fuit&
308 1641 361 1670 alia
370 1640 451 1676 hujus
461 1638 584 1668 nominis
591 1659 598 1672 ,
613 1636 755 1674 praecipua
764 1644 858 1664 comes
867 1633 991 1663 Helenae.
1014 1632 1099 1662 Ovid.
1112 1641 1153 1661 10.
1165 1631 1249 1670 Epist.
1261 1641 1323 1670 131.

279 1679 314 1709 Et
327 1679 463 1708 comitum
476 1677 578 1715 primas
593 1674 804 1712 Clymenenque
817 1671 997 1709 AEthramque
1010 1677 1130 1700 tuarum.

161 1719 325 1753 Parma,
346 1727 396 1754 pro
413 1715 533 1746 AEthera.
572 1713 604 1742 V.
626 1721 766 1741 AE'ri-iass.
935 1748 939 1752 Ι

138 1785 140 1787 ,
160 1757 355 1791 AETHRAEA,
375 1753 465 1784 Insula
476 1762 535 1790 quae
546 1760 622 1780 nunc
632 1749 748 1779 Rhodos
759 1748 870 1778 dicitur.
901 1747 971 1777 le.
986 1746 1034 1776 lib.
1050 1757 1073 1782 5.
1089 1755 1150 1784 cap.
1166 1754 1209 1781 31.

159 1795 346 1829 IETHruA,
374 1791 464 1821 Insula
481 1790 563 1820 maris
582 1789 667 1827 AEgaei
688 1797 746 1816 non
766 1786 866 1825 procul
884 1796 900 1815 a
919 1785 1044 1821 Lemno,
1077 1783 1228 1822 aliquando
1248 1783 1325 1814 dista

197 1832 295 1867 Aeria,
316 1831 410 1869 postea
419 1829 542 1859 Thaffos.
574 1827 643 1856 Plin.
659 1825 706 1855 lib.
721 1837 747 1861 4.
763 1835 823 1862 cap.
840 1834 883 1854 12.
1094 1860 1099 1865 .
1133 1861 1138 1865 .

159 1869 194 1900 AE
202 1879 222 1898 T
231 1880 251 1898 H
261 1880 277 1898 R
287 1880 296 1897 1
306 1879 326 1898 A
336 1891 343 1903 ,
365 1868 435 1898 Urbs
448 1877 508 1905 quae
517 1865 612 1904 postea
623 1865 698 1894 dicta
707 1864 746 1892 est
755 1863 829 1892 Atria
837 1884 845 1898 ,
868 1872 883 1891 a
894 1871 947 1898 qua
958 1871 1033 1891 mare
1045 1861 1207 1890 Atriaticum
1217 1881 1225 1894 ,
1246 1859 1324 1896 quod

196 1917 274 1937 nunc
285 1907 464 1936 Adriaticum.
505 1905 579 1934 Atria
598 1902 710 1939 rinquit
721 1900 897 1939 Stephanus)
918 1899 1117 1929 Hetruscorum
1128 1921 1135 1934 ‚
1157 1909 1172 1928 a
1187 1897 1324 1927 Diomede

197 1945 312 1974 condita
328 1944 384 1979 est,
413 1943 518 1973 IEthria
536 1943 629 1980 primo
641 1940 794 1969 nominata.
832 1938 907 1968 Hinc
920 1939 946 1968 &
965 1936 1115 1967 Hetruscos
1127 1936 1217 1966 dictos
1236 1935 1324 1965 credi-

197 1983 304 2018 derim,
326 1983 364 2011 ait
374 1981 539 2011 Hermolaus
550 1981 580 2009 in
594 1978 663 2008 Plin.
679 1977 727 2006 lib.
742 1987 765 2015 3.
783 1986 843 2014 cap.
858 1979 901 2005 16.

157 2022 397 2056 JETHRURIA,
426 2020 459 2049 V.
482 2026 691 2048 HETRUR1A.

157 2059 191 2091 ΗΞ
199 2068 219 2087 T
231 2069 249 2087 n
259 2063 277 2087 ῦ
286 2069 298 2088 s
308 2069 327 2087 A
335 2080 343 2093 ‚
366 2057 491 2094 [Αἴθωνα
502 2057 516 2092 ]
536 2055 627 2086 Insula
639 2054 677 2084 est
687 2054 718 2083 in
727 2053 798 2082 mari
813 2051 918 2091 Libyco
929 2073 937 2088 ‚
959 2061 1020 2089 quae
1033 2061 1049 2080 a
1060 2050 1229 2088 quibusdam
1239 2050 1323 2088 IEgu-

145 2111 146 2114 ι
195 2096 223 2126 sa
235 2097 346 2126 dicitur.
375 2095 444 2125 Plin.
460 2094 508 2124 lib.
522 2103 546 2132 3.
563 2104 622 2131 cap.
637 2099 663 2126 8.

195 2134 241 2164 Est
252 2136 278 2164 Se
289 2133 402 2164 AEthusa
411 2156 418 2169 ,
440 2133 564 2162 Porticus
574 2130 718 2170 peristylos
729 2151 738 2166 ,
758 2128 809 2158 soli
820 2128 945 2167 exposita
953 2149 962 2163 ‚
982 2127 1058 2157 unde
1070 2128 1097 2158 ἃ
1108 2136 1213 2157 nomen
1227 2127 1319 2157 habet.

216 2172 281 2202 Cael.
297 2172 345 2201 lib.
360 2182 402 2201 12.
419 2181 451 2200 ca
475 2194 480 2200 .
513 2194 518 2200 .

157 2210 191 2241 AE
200 2219 220 2239 T
229 2220 249 2238 H
259 2220 277 2238 Y
287 2221 296 2238 1
308 2220 327 2239 A
336 2232 343 2245 ,
361 2180 694 2246 Alinergaiognoxiiinata
702 2228 709 2242 ,
726 2205 800 2242 quasi
812 2202 893 2238 αἶῖθηοι
904 2204 979 2234 dicas
990 2225 997 2239 ‚
1018 2204 1036 2233 i.
1048 2213 1072 2232 e.
1095 2203 1208 2240 Mergus
1216 2226 1223 2239 ‚
1245 2204 1322 2241 quod

194 2248 318 2277 humana
336 2247 485 2286 prudentia
504 2246 694 2283 excogitatum
711 2243 743 2272 sit
763 2244 910 2280 navigare,
940 2242 1028 2279 mergi
1050 2241 1171 2278 quadam
1188 2242 1319 2279 imagine.

194 2286 330 2316 Minervae
348 2285 465 2322 JEthyiae
481 2284 610 2313 meminit
626 2284 657 2311 in
672 2283 752 2312 Attic.
774 2281 886 2310 Paulan.
930 2280 1002 2309 Cum
1024 2280 1160 2316 (inquit)
1184 2279 1217 2308 ab
1238 2280 1322 2317 Apol-

194 2324 261 2353 linis
279 2326 304 2353 &
321 2323 417 2352 Dianae
432 2323 541 2360 agrestis
557 2321 664 2359 templo
682 2319 828 2349 descendis
839 2341 846 2353 ,
877 2317 1028 2347 Pandionis
1045 2317 1164 2347 heroum
1182 2319 1319 2354 occurrit,

194 2371 279 2398 quem
289 2371 323 2390 eo
339 2361 403 2390 loco
420 2360 558 2397 sepultum
569 2360 624 2395 jam
636 2359 757 2387 diximus
769 2379 776 2392 ,
801 2366 884 2394 quem
894 2356 1030 2386 minervae
1040 2354 1158 2392 AEtliyiae
1173 2355 1320 2394 scopulum

195 2405 309 2429 vocant:
346 2399 412 2428 Haec
426 2398 482 2428 ille.
520 2397 652 2427 Meminit
666 2398 692 2426 δε
707 2395 772 2425 Cael.
788 2394 836 2424 lib.
852 2405 893 2430 14.
911 2404 970 2431 cap.
987 2399 1030 2427 18.

156 2436 191 2468 AE
199 2447 219 2466 T
228 2447 248 2466 H
258 2447 276 2466 Y
287 2447 298 2466 s
308 2446 319 2466 s
329 2447 343 2464 E
353 2448 361 2465 1
372 2459 379 2471 ,
401 2436 500 2474 Populi
512 2435 561 2465 Lib
583 2445 604 2464 ae
614 2457 622 2470 ,
643 2434 818 2464 Marmaridis
829 2433 924 2461 vicini.
946 2432 1043 2469 Steph.

157 2475 219 2505 AET
230 2487 237 2503 1
249 2486 265 2503 Α
276 2497 283 2508 ,
305 2485 394 2503 orum.
425 2473 532 2510 [ἄπιοι]
561 2446 636 2503 Libri
652 2481 758 2501 nomen
777 2482 792 2500 a
803 2470 975 2500 Callimacho
987 2478 1071 2507 poeta
1086 2468 1255 2508 conscripti:
1283 2470 1319 2500 de

196 2523 251 2550 quo
263 2512 382 2542 Martial.
397 2511 444 2542 lib.
460 2523 501 2541 io.
516 2523 542 2548 4.
584 2512 650 2548 Quo
665 2513 795 2548 poemate
809 2508 948 2538 sacrorum
961 2508 1031 2537 ritus
1047 2509 1073 2537 δε
1085 2507 1176 2537 causas
1195 2508 1320 2546 comple-

195 2560 247 2580 xus
270 2551 327 2580 est:
361 2550 436 2579 unde
459 2559 573 2579 nomen.
614 2549 724 2578 Servius
743 2547 805 2577 AEn.
830 2557 852 2576 1.
875 2548 902 2576 Sc
925 2556 949 2583 3.
979 2546 1118 2574 meminit.
1166 2546 1319 2576 Priscianus

215 2598 307 2625 uoque
327 2588 490 2618 Callimachi
506 2587 613 2617 versum
631 2587 697 2616 citat
716 2595 751 2615 ex
768 2585 849 2616 AEtiis
863 2584 912 2613 lib.
929 2595 952 2614 1.
994 2583 1108 2622 Quippe
1125 2580 1196 2609 Aa„
1210 2584 1319 2614 causam

195 2599 344 2664 iignificat:
378 2627 404 2655 ἅ
417 2626 489 2655 ffitia
502 2626 603 2654 eodem
620 2634 693 2662 pene
713 2629 877 2661 argumento
889 2645 896 2657 ,
924 2632 980 2659 quo
998 2622 1082 2651 nostri
1098 2621 1167 2651 Fasti
1179 2644 1186 2657 ,
1214 2623 1320 2651 consta-

194 2664 270 2694 bant.
312 2663 353 2694 Ex
371 2664 442 2699 Jano
460 2663 596 2693 Parrhasio
613 2664 643 2691 in
661 2662 709 2691 lib.
729 2671 752 2697 3.
788 2661 887 2691 Claud.
908 2661 944 2689 de
960 2660 1041 2697 Rapt.
1063 2659 1184 2697 Proserp.
1222 2660 1319 2690 Domi-

194 2703 249 2732 tius
260 2702 440 2770 {lamenlgpud
452 2701 610 2732 Martialem
622 2700 690 2738 legit
701 2699 783 2729 Ethia
792 2722 800 2735 ,
822 2699 1074 2736 interpretaturque
1091 2698 1126 2727 de
1141 2707 1226 2735 opere
1237 2698 1320 2728 Calli.

194 2750 257 2770 mac
280 2751 288 2769 i
302 2750 333 2769 in
381 2750 419 2769 in.

156 2778 218 2810 AET
229 2790 237 2807 1
247 2788 265 2807 o
275 2789 290 2807 L
300 2788 317 2807 o
326 2788 344 2806 c,
355 2789 363 2806 1
375 2788 394 2807 A
404 2800 412 2813 ,
442 2773 620 2813 [sinuamina]
651 2775 748 2805 Latine
761 2797 768 2809 ‚
800 2773 892 2804 Causae
905 2773 1027 2803 redditio
1042 2773 1154 2803 dicitur.
1196 2773 1317 2810 Quintil.

193 2816 243 2846 lib.
269 2827 291 2846 1.
313 2826 374 2853 cap.
395 2827 420 2852 9.
460 2815 610 2844 Sententiae
627 2823 737 2851 quoque
755 2815 781 2842 Sc
801 2812 910 2847 Chriae,
940 2813 966 2841 Sc
983 2811 1148 2849 AEtiologiae.
1189 2811 1319 2848 Quorum

195 2855 322 2884 omnium
338 2854 433 2883 similis
450 2853 488 2883 est
504 2853 591 2888 ratio,
618 2852 707 2881 forma
718 2850 837 2881 diversa:
868 2851 932 2888 quia
950 2850 1095 2879 Sententia
1106 2849 1265 2879 universalis
1281 2851 1319 2880 est

193 2902 266 2928 vox,
288 2892 438 2929 IEtiologia
448 2891 571 2929 personis
582 2890 750 2920 continetur.
792 2889 847 2918 Sed
860 2889 961 2918 rectius
973 2888 1072 2926 legitur
1084 2888 1229 2925 Ethologia
1246 2898 1270 2925 q.
1284 2888 1316 2918 V.

194 2930 363 2969 Exemplum
374 2930 457 2966 hujus
468 2929 573 2967 Figurae
591 2929 630 2957 est
645 2929 675 2957 in
693 2927 758 2957 Ter.
778 2926 848 2956 Eun.
870 2937 892 2956 1.
911 2937 934 2955 1.
950 2935 993 2961 34.
1035 2926 1090 2955 Sed
1110 2926 1166 2964 ipsa
1179 2927 1319 2964 egreditur

193 2969 274 2998 fundi
286 2969 369 2997 nostri
384 2967 534 2997 calamitas.
576 2967 650 2996 Nam
665 2965 741 3003 quod
756 2974 809 2994 nos
826 2974 925 3002 capere
939 2970 1067 3002 oportet,
1088 2964 1148 2994 haec
1163 2965 1315 3003 intercipit.

194 3007 267 3036 conf.
290 3006 410 3043 Quintil.
425 3016 450 3042 9.
466 3015 491 3042 3.
512 3005 607 3034 Isidor.
621 3014 646 3034 2.
661 3014 706 3033 21.

157 3044 325 3073 Ais'rirss
337 3067 344 3079 ,
364 3055 395 3073 ae.
418 3054 455 3073 m.
484 3040 637 3079 [Ἀῖτέτης]
667 3041 736 3071 Plin.
755 3040 805 3070 lib.
818 3043 862 3077 36.
878 3049 939 3077 cap.
950 3050 994 3069 21.
1036 3040 1140 3069 Aetites
1151 3039 1220 3078 lapis
1232 3050 1267 3070 ex
1278 3050 1319 3070 ar-

193 3089 326 3119 gumento
339 3082 461 3111 nominis
475 3090 603 3119 magnam
617 3080 719 3110 samam
736 3079 828 3109 habet.
865 3077 1014 3115 Reperitur
1028 3078 1058 3106 in
1070 3078 1142 3107 nidis
1153 3078 1315 3115 aquilarum.

194 3120 279 3155 Ajunt
294 3120 374 3150 binos
391 3119 527 3154 inveniri,
548 3128 654 3148 marem
672 3120 698 3147 ἃ
716 3117 880 3146 foeminam:
908 3125 961 3146 nec
980 3115 1035 3145 line
1051 3116 1084 3145 iis
1094 3126 1189 3153 parere
1201 3116 1314 3153 aquilas.

195 3157 305 3195 Genera,
319 3168 415 3187 eorum
432 3163 558 3194 quatuor.
600 3155 684 3186 Paulo
703 3155 780 3193 post,
810 3154 907 3183 Aetitae
925 3163 1023 3183 omnes
1041 3154 1159 3191 gravidis
1176 3154 1316 3192 adalligati

193 3194 355 3224 mulieribus
365 3195 409 3225 vel
418 3194 645 3233 quadrupedibus
653 3217 661 3230 ,
683 3194 713 3222 in
728 3191 868 3231 pelliculis
877 3200 908 3220 ac
919 3191 1130 3220 sacrificatorum
1142 3191 1314 3228 animalium,

194 3233 341 3262 continent
355 3240 464 3270 partus,
493 3243 551 3262 non
568 3232 617 3262 nisi
633 3232 787 3271 parturiant
803 3230 983 3259 removendi:
1013 3228 1068 3258 alio
1090 3230 1117 3258 ui
1136 3229 1224 3258 vulvae
1242 3231 1316 3259 exci.

195 3270 273 3299 dium
285 3271 323 3299 fit.
344 3271 421 3300 Idem
432 3271 479 3300 lib.
494 3281 538 3308 37.
550 3280 610 3308 cap.
626 3281 636 3299 1
645 3280 668 3299 1.
695 3269 798 3299 Aetites
807 3277 910 3297 nomen
922 3267 1028 3296 habeta
1039 3277 1072 3296 co
1085 3276 1132 3295 ore
1144 3267 1242 3303 aquilae
1252 3277 1316 3297 can-

193 3308 305 3337 dicante
316 3309 411 3338 cauda.
439 3309 557 3339 Rursum
571 3309 618 3338 lib.
634 3318 677 3345 30.
693 3317 754 3345 cap.
770 3317 812 3342 14.
853 3305 935 3343 Lapis
946 3305 1049 3334 Aetites
1065 3305 1094 3333 in
1110 3304 1208 3341 aquilae
1223 3315 1315 3343 reper-

194 3351 238 3374 tus
258 3346 344 3379 nido,
376 3347 496 3376 custodit
511 3354 605 3385 partus
624 3351 721 3376 contra
746 3353 843 3374 omnes
862 3343 1010 3372 abortuum
1032 3343 1151 3371 infidias.
1187 3342 1246 3372 Lib.
1269 3353 1311 3373 10.

192 3393 252 3420 cap.
267 3393 290 3419 3.
328 3383 429 3413 Tribus
443 3385 540 3422 primis
552 3387 578 3414 Sc
590 3385 689 3422 quinto
700 3382 851 3420 aquilarum
867 3381 960 3418 generi
971 3380 1152 3410 inaedificatur
1164 3381 1232 3409 nido
1243 3380 1314 3418 lapis

193 3421 315 3455 aetites,
344 3431 427 3458 quem
440 3422 524 3459 aliqui
541 3423 636 3452 dixere
654 3422 804 3459 Gagatem,
833 3419 868 3449 ad
885 3418 974 3448 multa
988 3418 1111 3448 remedia
1121 3417 1214 3453 utilis,
1242 3419 1313 3448 nihil

191 3459 256 3495 igne
265 3459 429 3495 deperdens.
462 3460 505 3489 Est
514 3467 607 3489 autem
617 3460 699 3498 Lapis
710 3460 757 3488 iste
767 3466 911 3496 praegnans
922 3466 928 3486 z
950 3457 1026 3486 intus
1036 3466 1100 3485 cum
1113 3457 1217 3493 quatias
1227 3478 1235 3491 ,
1257 3456 1312 3486 alio

195 3496 272 3525 velut
284 3497 312 3525 in
324 3504 402 3525 utero
414 3496 537 3526 sonante.
578 3499 632 3527 Sed
645 3499 685 3527 vis
696 3497 743 3526 illa
753 3497 863 3526 medica
874 3494 982 3524 nonnili
994 3494 1063 3524 nido
1075 3493 1198 3531 direptis.

157 3535 229 3564 AET
241 3545 249 3562 1
261 3544 277 3562 u
288 3543 317 3569 s,
347 3531 493 3570 [‘Ae‘n&0]
523 3535 634 3563 Nomen
649 3535 772 3564 authoris
783 3535 813 3563 in
825 3533 983 3567 medicina,
1013 3533 1093 3568 cujus
1110 3532 1231 3560 sedecim
1249 3532 1311 3561 libri

195 3578 309 3614 extant,
331 3573 358 3600 ἅ
375 3571 500 3615 quaedam
516 3572 645 3608 epistolae.
685 3573 783 3602 Dictus
800 3572 911 3605 Aetius,
940 3571 958 3600 i.
972 3580 996 3599 e.
1028 3569 1170 3607 Aquilinus
1182 3591 1189 3603 ,
1218 3566 1267 3595 ἀπὸ
1280 3569 1312 3597 τὲ

193 3610 253 3635 lem
266 3619 272 3637 2
298 3618 362 3638 nam
376 3620 459 3642 arm,
485 3609 575 3646 aquila
587 3610 695 3639 dicitur.
737 3611 801 3639 Fuit
816 3619 850 3639 ex
863 3608 1012 3638 Antiochia
1028 3608 1112 3645 Syriae
1122 3629 1130 3642 ‚
1159 3607 1310 3644 discipulus

193 3646 343 3680 Eunomii,
367 3653 493 3683 tempore
509 3647 682 3676 Constantini
698 3648 791 3684 magni
806 3648 844 3676 im
867 3647 998 3681 cratoris,
1024 3655 1131 3684 pauper
1149 3652 1227 3674 natus
1239 3667 1246 3679 ,
1276 3645 1309 3674 ab

192 3684 275 3727 initii)
293 3684 464 3713 aurificinam
482 3684 518 3713 ob
536 3685 661 3722 inopiam
678 3686 810 3714 exercuit.
872 3684 936 3714 aulo
955 3683 1015 3722 post
1031 3683 1067 3712 ob
1083 3682 1187 3712 nobilis
1209 3693 1311 3720 praecc-

193 3728 280 3760 ptoris
298 3723 545 3756 commoditatem,
577 3723 623 3758 qui
643 3732 730 3759 nuper
747 3733 762 3751 e
780 3723 855 3759 Tyro
872 3728 1003 3757 venerat,
1034 3721 1089 3751 sese
1107 3721 1193 3750 literis
1211 3723 1237 3750 ὁὶ
1253 3720 1310 3749 elo-

214 3759 314 3788 uentioe
334 3760 427 3788 studiis
443 3759 562 3788 tradidit.
604 3760 729 3796 Cumque
744 3760 810 3788 esset
822 3760 1007 3795 Christianus,
1035 3762 1061 3789 ὁὶ
1077 3770 1092 3788 a
1107 3758 1225 3788 Leontio
1242 3768 1310 3796 pric-

206 3797 251 3826 ule
263 3796 436 3826 Antiocheno
450 3797 612 3826 diaconatus
627 3797 717 3825 ordini
731 3797 848 3826 adscitus
864 3797 948 3832 effet,
970 3797 1208 3827 Eunomianorum
1225 3797 1311 3826 Arria-

191 3844 347 3870 norumque
366 3833 444 3863 sectae
457 3834 482 3862 sc
500 3834 614 3863 addixit.
656 3834 832 3871 Quapropter
847 3836 948 3864 Atheos
965 3844 1078 3864 vocatus
1089 3857 1096 3869 ,
1126 3836 1152 3864 ὁὶ
1164 3843 1198 3863 ex
1215 3834 1310 3863 Antio-

190 3872 252 3902 chia
260 3871 354 3910 pulsus
367 3872 414 3901 est.
455 3871 520 3907 Ejus
531 3873 616 3901 vitam
633 3870 774 3909 Eunapius
783 3871 881 3901 author
893 3872 1002 3903 Graecus
1013 3873 1193 3910 persequitur.
1229 3871 1308 3902 Vola-

1837 36 1875 71 AE
1969 37 2001 72 T
2100 38 2135 73 O

1427 122 1490 160 terr.
1507 115 1553 146 lib.
1569 126 1610 153 13.
1659 116 1742 160 [Imo
1759 117 1875 147 Oribalii
1886 140 1893 152 .
1924 128 1983 148 non
2000 119 2069 147 Aetli
2089 121 2174 148 vitain
2191 118 2368 157 persequitur.
2408 120 2484 151 Duos
2499 120 2545 153 liic

1428 157 1522 183 Aetios
1541 155 1691 183 confundit
1708 156 1875 185 Haereticum
1898 166 2000 194 nempe
2015 179 2023 191 ,
2056 158 2155 194 Syrum
2171 167 2270 193 genere
2288 158 2492 188 Antioclienum
2507 161 2544 189 al.

1427 199 1535 226 terum,
1556 192 1674 221 alterum
1688 193 1831 222 Medicum
1848 195 2030 227 Amidenum,
2053 196 2131 228 cuius
2147 201 2223 223 extat
2237 195 2421 225 Tetra-‚biblos
2460 196 2491 226 V.
2510 198 2543 228 de

1427 237 1545 267 utroque
1557 232 1582 259 ἃ
1596 229 1776 272 aliisinsuper
1789 231 1905 260 Fabricii
1923 231 1992 260 Bibl.
2005 234 2050 261 Gr.
2068 232 2128 261 Vol.
2141 239 2165 265 8.
2183 243 2210 270 p.
2225 236 2287 267 318.

1390 267 1424 298 ΗΞ
1434 278 1479 310 >rx
1491 279 1508 295 A
1520 290 1528 301 ,
1549 268 1667 311 [tamn]
1688 267 1773 310 Mons
1784 270 1926 298 nocturnis
1939 270 2023 298 mirus
2038 271 2184 299 incendiis.
2226 270 2320 298 Crater
2331 271 2389 303 eius
2405 276 2480 307 patet
2489 281 2544 301 arn-

1427 305 1489 348 bitu.
1505 306 1653 347 stadiorum
1672 313 1779 345 viginti.
1820 306 1922 335 Favilla
1940 307 2154 336 Tauroniinium
2173 310 2199 336 ok
2223 307 2357 336 Catanain
2377 318 2463 344 usque
2485 319 2544 345 per-

1427 351 1504 372 venit
1521 344 1645 371 fervens:
1673 344 1762 379 iragor
1779 353 1843 372 vero
1859 345 1894 373 ad
1909 345 2046 374 Maronem
2064 348 2090 375 ἅ
2103 343 2236 382 gemellos
2252 344 2346 374 colles.
2372 345 2439 374 Plin.
2456 345 2504 375 lib.
2516 357 2540 390 3.

1427 390 1488 417 cap.
1501 389 1524 416 7.
1542 387 1568 414 8.
1608 380 1752 423 ldem'lib.
1770 390 1795 409 Ξ.
1812 391 1870 419 cap.
1891 392 1950 417 103.
1975 383 2010 411 ad
2024 382 2107 411 finem
2120 405 2127 416 ,
2157 383 2241 411 tradit
2260 383 2370 412 ffitnam
2388 383 2498 419 flagi-are
2514 395 2543 415 in

1426 425 1536 447 tantum
1549 440 1556 452 ,
1596 425 1628 447 ut
1653 419 1852 458 quinquaginta
1872 420 1897 448 ἃ
1917 426 2036 449 centena
2055 420 2142 449 millia
2160 419 2286 457 palsuuin
2305 430 2400 450 arenas
2425 420 2545 452 flamma-

1427 466 1488 484 rum
1510 455 1593 491 globo
1610 458 1717 484 eructet
1734 465 1739 484 z
1769 458 1805 485 ad
1822 457 1881 490 eius
1896 465 1990 486 tamen
2008 459 2113 487 radices
2131 457 2226 486 exilire
2243 457 2427 495 scaturireque
2444 459 2542 490 fontes.
2592 484 2593 487 ,

1426 493 1459 521 V.
1478 493 1566 535 Strab.
1582 493 1629 521 lib.
1643 497 1667 522 6.
1688 494 1713 522 S<
1727 494 1813 523 Solin.
1826 494 1873 523 lib.
1891 505 1900 523 r
1910 505 1932 524 1.
1971 495 2056 524 Nunc
2067 495 2165 532 vulgus
2176 503 2258 524 vocat
2268 493 2414 531 Manrgebel.
2453 496 2545 529 Oliva÷

1428 531 1483 559 rius
1500 541 1528 558 in
1539 530 1645 559 Melam
1658 531 1726 560 dicit
1736 541 1812 561 nunc
1824 532 1906 569 vulgo
1917 534 2010 561 vocari
2021 534 2103 559 solcar
2114 546 2121 559 .-
2143 542 2195 561 nec
2212 532 2331 570 amplius
2346 543 2411 562 eum
2423 533 2543 571 flagrare.
2575 546 2580 549 ¹

1427 568 1540 597 Constat
1567 569 1641 597 hunc
1662 576 1787 598 montem
1811 570 1879 598 olim
1899 570 1934 599 ab
1953 580 1985 599 ea
2004 577 2081 608 parte
2102 581 2155 607 qua
2172 570 2260 599 Eurus
2282 572 2307 600 s.-
2330 572 2436 600 Africus
2460 572 2543 609 flant,

1425 606 1569 648 speluncas
1586 606 1707 635 habriiss‘e
1725 607 1820 644 plenas
1838 607 1974 645 sulphuris
1985 630 1993 642 ,
2023 609 2050 637 S:
2066 618 2154 645 usque
2171 608 2206 637 ad
2224 618 2298 637 maxe
2315 608 2456 638 deductas,
2496 610 2545 640 Hae

1426 644 1564 686 spelunca‘
1575 644 1741 680 recipientes
1754 646 1783 673 in
1794 645 1820 674 se
1835 646 1935 675 fluctus
1945 668 1952 680 ,
1973 653 2089 675 ventum
2099 645 2243 680 creabant,
2266 647 2312 683 qui
2324 647 2441 683 agitatus
2452 647 2545 685 ignem

1426 681 1556 718 gignebat
1573 691 1607 710 ex
1624 681 1770 725 sulphure:
1802 684 1876 712 unde
1892 691 1949 712 erat
1975 684 2071 720 §quod
2088 684 2252 713 videbatur)
2271 685 2443 713 incendium.
2484 684 2545 715 Hoc

1425 728 1518 761 autem
1537 729 1632 761 verum
1652 720 1705 762 elle
1723 720 1771 750 illa
1789 721 1954 759 comprobat
1970 722 2057 750 ratio:
2090 722 2153 759 quia
2169 724 2195 751 Sc
2212 721 2272 750 aliis
2289 721 2420 751 flantibus
2436 723 2543 759 ventis,

1424 757 1495 798 nihil
1514 766 1549 785 cs.
1568 760 1593 800 ie
1613 758 1732 787 emittit:
1771 760 1796 787 8(
1819 769 1869 796 pro
1887 760 1973 788 modo
1992 760 2109 788 flatuum
2128 759 2192 789 Euri
2210 759 2255 788 vel
2270 760 2375 796 Africi,
2405 760 2546 791 interdum

1424 795 1550 837 suni-uni,
1572 795 1712 838 interdum
1723 796 1844 832 favillas,
1864 807 2068 834 nonnunquam
2085 798 2189 826 evomit
2199 797 2338 826 incendia.
2379 797 2490 827 IEtnam
2501 799 2547 828 de-

1423 832 1525 875 scribit.
1559 833 1630 870 Virg.
1646 842 1669 869 3.
1685 833 1746 863 AEn.
1759 838 1823 870 674.
1845 836 1895 864 Sec.
1934 836 2027 872 Quem
2044 835 2140 864 locum
2152 835 2244 864 scribit
2258 835 2418 864 Macrobius
2437 836 2544 866 Saturn.

1422 869 1471 936 Vl)
1489 881 1517 936 51.
1534 880 1594 908 cap.
1614 880 1656 909 17.
1687 873 1713 901 »Sc
1728 871 1798 901 Gell.
1821 872 1870 902 lib.
1892 882 1933 909 17.
1956 883 2016 911 cap.
2040 884 2081 902 10.
2113 884 2149 903 ex
2168 873 2285 902 Pindaro
2312 874 2511 911 depromptum
2531 884 2547 904 a
2576 902 2578 908 ,

1448 918 1496 945 irgi
1512 918 1547 937 10.

1423 945 1535 976 IEmam
1553 948 1577 976 Sc
1601 946 1740 990 Athonem
1751 954 1880 983 montes,
1912 949 1942 977 in
1958 949 2089 978 molestiae
2105 949 2236 986 taediique
2258 947 2436 986 proverbium
2455 948 2547 980 abiisse
2576 960 2578 966 ·

1441 984 1554 1027 testatur
1572 983 1696 1026 Lucilius
1710 986 1786 1023 apud
1803 986 1872 1016 Gell.
1889 987 1937 1016 lib.
1953 991 1994 1016 16.
2012 997 2071 1024 cap.
2088 998 2112 1023 9.
2153 987 2235 1016 lEtna
2252 988 2356 1024 quippe
2374 985 2546 1018 Enceladum

1441 1029 1581 1065 gigantem
1592 1023 1638 1065 lua
1650 1023 1854 1066 mole'premim
1877 1025 1954 1060 juxta
1969 1031 2115 1062 poetarum
2131 1025 2245 1054 fabulas.
2286 1024 2330 1054 Est
2338 1025 2425 1059 ⁸etiarn
2437 1024 2473 1053 ob
2489 1034 2546 1053 cre-

1442 1060 1500 1102 bra,
1513 1061 1645 1089 incendia
1655 1070 1750 1101 *gravis
1770 1072 1801 1091 ac
1820 1063 1990 1100 perniciosus
2008 1063 2119 1093 accolis.
2160 1062 2242 1092 Unde
2263 1064 2289 1092 ἃ
2307 1062 2365 1092 Cic.
2383 1062 2419 1090 de
2436 1062 2542 1092 Senest.

1441 1098 1531 1131 dixit,
1554 1097 1634 1127 Onus
1649 1099 1730 1128 AEtna
1748 1101 1854 1136 gratius
1870 1100 2005 1130 sustinere.
2047 1101 2140 1130 Athon
2155 1110 2238 1135 vero,
2261 1101 2314 1129 live
2331 1100 2416 1129 Athos
2427 1121 2435 1135 ,
2458 1100 2494 1128 ob
2505 1100 2546 1129 in-

1441 1143 1554 1173 gentem
1574 1136 1767 1165 celsitudinem
1785 1160 1791 1172 ,

1439 1183 1527 1210 usqu-e
1545 1175 1676 1203 trecentis
1690 1175 1807 1204 dissitam
1823 1176 1917 1205 stadiis
1932 1177 2025 1205 mittit.
2066 1177 2165 1206 Obstat
2184 1178 2210 1205 ἃ
2232 1176 2423 1214 navigantibus
2435 1198 2442 1211 ,

1440 1217 1502 1240 toto
1513 1211 1596 1249 longe
1606 1212 1686 1241 dorso
1698 1214 1832 1250 procedat
1849 1215 1878 1242 in
1892 1214 2006 1252 pelagus
2018 1237 2026 1248 ,
2048 1224 2102 1251 qua
2118 1215 2280 1245 continenti
2296 1214 2426 1244 adhaeret.

1441 1251 1468 1278 ἃ
1482 1259 1497 1278 a
1511 1249 1606 1279 Xerxe
1641 1250 1761 1280 ersoisus
1800 1251 1841 1281 Ex
1855 1252 1955 1281 Erasm.
1973 1252 2091 1282 Chiliad.

1421 1286 1483 1316 Alta
1494 1288 1583 1317 AEtna.
1645 1288 1700 1318 vid.
1713 1300 1739 1325 4.
1756 1289 1825 1319 Fast.
1836 1300 1900 1326 491.

1421 1324 1497 1354 Feta.
1520 1325 1641 1364 Propert.
1658 1325 1706 1355 lib.
1721 1336 1745 1364 3.
1758 1337 1783 1356 2.
1799 1338 1825 1365 7.

1422 1362 1526 1392 Gravis.
1548 1364 1566 1393 i.
1579 1374 1603 1393 e.
1622 1364 1784 1395 Ponderosa.
1819 1365 1915 1396 Claud.
1932 1366 1963 1395 in
1975 1365 2052 1404 praef.
2068 1365 2168 1403 Paneg.

1420 1401 1512 1439 Ignea.
1536 1401 1619 1431 Ovid.
1636 1413 1678 1439 15.
1694 1403 1764 1432 Met.
1780 1413 1843 1440 340.

1420 1439 1547 1477 lgnifera.
1571 1440 1637 1470 Stat.
1654 1451 1678 1469 1.
1694 1441 1791 1471 Achill.
1804 1453 1869 1478 490.

1418 1476 1544 1515 Impetus
1555 1478 1644 1508 AEtnae
1654 1478 1850 1517 furitignibus.
1877 1479 1987 1510 Lucret.
2005 1478 2054 1509 lib.
2067 1489 2092 1510 2.
2107 1488 2166 1516 593.

1418 1515 1529 1553 Ingens.
1551 1516 1625 1553 Virg.
1639 1526 1662 1554 3.
1677 1517 1740 1547 AEn.
1756 1526 1817 1555 579.

1418 1553 1535 1591 Rapida.
1558 1554 1642 1584 Ovid.
1659 1566 1681 1591 5.
1697 1555 1777 1585 Trist.
1791 1565 1814 1593 3.
1833 1565 1878 1593 75.

1418 1592 1525 1622 Sicana.
1549 1591 1618 1622 Hor.
1630 1593 1720 1631 Epod.
1735 1603 1775 1631 17.
1791 1603 1832 1630 32.

1417 1630 1543 1666 Sicanis,
1565 1630 1582 1660 i.
1596 1640 1620 1659 e.
1642 1631 1743 1662 Sicula.
1776 1632 1860 1662 Ovid.
1876 1632 1906 1661 in
1919 1631 1990 1664 Ibin.
2006 1636 2065 1668 598·

1417 1668 1520 1698 Sicula.
1550 1668 1654 1698 Lucan.
1668 1669 1716 1699 lib.
1733 1680 1756 1699 r.
1773 1680 1835 1706 540.

1417 1706 1571 1735 Trinacria.
1600 1707 1674 1745 Virg.
1688 1717 1711 1745 3.
1727 1708 1790 1738 AEn.
1805 1717 1865 1744 579.

1416 1744 1545 1812 Tgphqis
1561 1744 1660 1781 JEtna,
1682 1746 1847 1786 aTyphoeo
1864 1747 1974 1784 gigante
1991 1744 2041 1776 sub
2058 1745 2141 1790 IEtna
2154 1742 2272 1782 sepulto.
2308 1741 2392 1773 Ovid.
2411 1742 2443 1773 in
2459 1740 2542 1782 Epist.
2559 1771 2562 1774 .

1456 1793 1580 1820 appius,
1606 1793 1648 1813 11.

1416 1821 1522 1852 AEstuat
1532 1821 1622 1851 AEtna.
1650 1821 1723 1858 Virg.
1739 1821 1769 1850 in
1782 1821 1881 1857 AEtna,
1903 1830 1948 1859 71.

1417 1859 1532 1888 Ardens.
1562 1858 1630 1888 Hor.
1645 1859 1680 1889 de
1691 1861 1755 1888 Arte
1766 1859 1841 1890 Poet.
1854 1863 1920 1895 465.

1415 1897 1600 1926 Excandescit
1611 1897 1700 1927 AEtna.
1723 1896 1795 1935 Virg.
1807 1899 1837 1927 in
1848 1898 1939 1929 ffitna.

1416 1935 1544 1965 Fervens.
1567 1936 1630 1965 Sen.
1645 1935 1758 1973 Thyest.
1771 1945 1795 1973 7.

1415 1973 1543 2003 Fumans.
1566 1973 1633 2002 Stat.
1649 1984 1690 2003 11.
1706 1973 1797 2004 Theb.
1809 1980 1834 2008 8.

1415 2011 1549 2048 Immugit
1558 2012 1640 2041 AEtna
1650 2012 1783 2041 cavernis.
1812 2012 1886 2049 Virg.
1903 2020 1926 2048 3.
1943 2011 2005 2041 AEn.
2020 2014 2084 2049 674.

1416 2049 1596 2079 Redundans.
1627 2049 1724 2079 Claud.
1739 2050 1774 2079 de
1784 2050 1845 2080 Diis
1855 2049 1992 2079 fratribus.

1416 2087 1540 2118 Undans.
1563 2088 1636 2125 Virg.
1653 2098 1676 2117 1.
1693 2088 1793 2126 Georg.
1804 2097 1867 2125 472.

1533 2143 1571 2146 -
1581 2127 1691 2163 quoties
1705 2126 1860 2164 Cyclopum
1876 2125 2008 2155 effervere
2022 2125 2053 2154 in
2067 2134 2146 2162 agros

1494 2164 1622 2194 Vidimus
1636 2165 1791 2194 undantem
1804 2165 1891 2202 ruptis
1904 2163 2064 2193 fornacibus
2078 2163 2206 2193 AEtnam:

1495 2202 1737 2240 Flammarumque
1751 2202 1848 2239 globos
1858 2225 1866 2238 ,
1886 2201 2090 2240 liquefactaque
2105 2200 2215 2230 volvere
2228 2199 2313 2230 saxa?

1415 2242 1583 2280 vaporifera.
1611 2241 1678 2270 Stat.
1691 2246 1715 2270 6.
1731 2241 1822 2270 Theb.
1837 2244 1901 2277 716.
2142 2253 2146 2257 ·

1376 2284 1410 2315 ,ΖΕ
1419 2291 1439 2309 Τ
1449 2291 1469 2309 N
1479 2291 1503 2309 AE
1512 2290 1530 2308 U
1539 2289 1550 2308 s
1561 2301 1568 2313 .,
1590 2279 1650 2315 Adj.
1673 2277 1856 2315 [Airuoei&·.]

1416 2318 1526 2386 CaiEipi
1545 2318 1645 2348 Bituiti
1661 2339 1670 2353 ,
1707 2318 1727 2347 i.
1747 2327 1771 2347 e.
1802 2316 1951 2353 crateres,
1992 2315 2037 2346 vel
2055 2315 2193 2345 Fornaces
2212 2315 2302 2347 IEtnae
2321 2313 2434 2344 moritis.
2475 2312 2538 2344 Sen.

1434 2358 1460 2387 O
1485 2363 1496 2385 t
1505 2366 1524 2385 ι.
1538 2366 1563 2391 9.

1415 2395 1553 2434 Cyclopes
1563 2393 1672 2423 AEtnaei.
1693 2393 1765 2431 Virg.
1776 2398 1802 2427 8.
1817 2391 1879 2424 ΖΕΗ.
1893 2403 1959 2429 440.

1413 2433 1489 2464 Deus
1499 2433 1638 2466 AEtnaeUS,
1661 2431 1808 2461 Vulcanus.
1839 2430 1930 2460 Valer.
1946 2429 2034 2460 Flacc.
2048 2439 2073 2460 2.
2091 2430 2191 2467 Argon.
2205 2439 2272 2466 420.

1413 2472 1519 2502 Fratres
1530 2493 1537 2505 ,
1560 2470 1704 2508 Cyclopes.
1736 2469 1807 2506 Virg.
1824 2478 1846 2505 3.
1864 2469 1926 2498 AEn.
1940 2472 2003 2506 678.

1413 2509 1540 2540 Fulmen.
1569 2509 1653 2538 Ovid.
1668 2517 1691 2544 3.
1708 2508 1743 2537 de
1754 2508 1816 2536 Arte
1827 2511 1886 2536 Ani.
1899 2517 1963 2542 490.
2004 2505 2173 2535 Fabulantur
2187 2506 2265 2535 enim
2281 2508 2373 2543 poetae
2384 2502 2539 2533 Vulcanum
2569 2504 2574 2508 “

1433 2550 1459 2578 ἃ
1471 2547 1608 2584 Cyclopas
1620 2546 1681 2581 Jovi
1693 2546 1799 2575 fulmen
1811 2546 1840 2574 in
1852 2545 1932 2574 ffitna
1943 2543 2085 2573 fabricare.
2560 2542 2561 2545 ’

1413 2585 1511 2656 Ιῗεε,
1533 2586 1550 2613 i.
1564 2594 1587 2614 e.
1609 2584 1681 2613 Tam
1692 2584 1802 2621 magni,
1825 2592 1942 2621 quantos
1953 2582 2038 2611 habet
2051 2582 2151 2618 AEtna‚
2170 2581 2262 2619 inquit
2276 2579 2395 2610 Servius.
2425 2578 2498 2617 Virg.
2511 2586 2536 2616 7.

1456 2625 1493 2652 ἠ.
1533 2627 1576 2656 86.
2028 2637 2032 2640 ·

1413 2632 1528 2696 Pastor,7
1542 2660 1736 2700 Polyphemus.
1767 2658 1850 2689 Ovid.
1864 2658 1894 2687 in
1907 2657 1971 2688 Ibin
1981 2662 2045 2696 269.
2068 2660 2094 2688 ἃ
2107 2667 2133 2688 2.
2152 2657 2188 2686 de
2198 2656 2288 2687 Ponto
2298 2679 2306 2692 ,
2328 2665 2354 2685 2.
2371 2664 2433 2691 115.

1414 2699 1528 2735 Tellus,
1549 2699 1651 2728 Sicilia.
1684 2698 1768 2728 Ovid.
1783 2703 1808 2731 8.
1826 2696 1893 2726 Met
1908 2700 1972 2726 260.

1413 2739 1536 2770 AEtnaeus
1555 2737 1702 2766 cantharus
1713 2758 1720 2771 ,
1751 2737 1786 2765 de
1804 2735 1915 2772 Magnis
1933 2736 1958 2765 ἐξ
1975 2734 2058 2763 soedis
2077 2733 2190 2771 usurpat
2206 2732 2399 2769 Aristophanes
2414 2732 2444 2760 in
2459 2739 2535 2769 pace.

1432 2777 1571 2806 ffitnaeum
1589 2782 1683 2804 autem
1702 2775 1791 2809 dixit,
1821 2773 1893 2810 quasi
1910 2773 2101 2810 praegrandem
2118 2781 2124 2800 ε
2163 2770 2208 2800 vel
2225 2772 2301 2807 quod
2322 2770 2354 2798 in
2371 2770 2453 2799 IEtna
2471 2768 2537 2798 varii

1433 2814 1606 2851 maximique
1623 2812 1742 2842 scarabei
1759 2812 1810 2840 sint
1824 2821 1830 2840 2
1865 2810 1909 2840 vel
1927 2810 2066 2840 iEtnaeum
2080 2810 2152 2839 dixit
2163 2831 2172 2845 ,
2201 2815 2335 2845 tanquam
2351 2808 2433 2837 instar
2450 2807 2538 2837 JEtnae

1432 2853 1536 2881 montis
1549 2852 1711 2880 maximum.
1752 2850 1833 2879 Porro
1846 2848 1987 2878 scarabeus
1999 2848 2095 2878 insecti
2113 2856 2200 2885 genus
2212 2869 2220 2882 ,
2250 2847 2326 2884 quod
2341 2856 2357 2876 e
2374 2847 2491 2876 stercore
2506 2850 2537 2874 ut

1433 2890 1568 2924 nascitur,
1589 2891 1628 2919 ita
1638 2888 1763 2927 pascitur.

1376 2929 1466 2959 AEm
1478 2938 1520 2957 EN
1532 2939 1544 2957 s
1556 2939 1563 2955 i
1574 2937 1601 2961 s,
1625 2928 1684 2963 Adj.
1707 2933 1753 2962 ut,
1776 2927 1844 2963 Ager
1856 2923 2000 2955 AEtnensis.
2028 2924 2087 2953 Cic.
2102 2933 2125 2958 3.
2142 2922 2217 2952 Verr.

1376 2967 1409 2997 ΗΞ
1418 2977 1438 2995 'r
1447 2976 1466 2995 N
1475 2977 1493 2995 A
1502 2988 1509 3001 ,
1531 2966 1631 2995 Sicilia*
1641 2966 1736 2994 civitas
1744 2987 1752 2998 ,
1773 2964 1827 2993 alio
1837 2964 1922 2992 verbo
1932 2963 2084 2992 Adranium
2094 2962 2168 2990 dicta
2177 2983 2184 2997 ,
2207 2969 2290 2999 quam
2300 2960 2402 2991 fluvius
2412 2960 2536 2997 ejusdem
2548 2965 2553 2977 '

1414 3005 1538 3034 nominis
1550 3003 1637 3033 alluit.
1678 3002 1784 3031 Author
1793 3001 1888 3039 Steph.

1413 3043 1495 3073 IEtna
1505 3065 1513 3077 ,
1541 3042 1689 3079 Oppidum
1701 3040 1763 3070 sane
1778 3039 1867 3074 exile,
1890 3046 2017 3068 montem
2033 3037 2229 3067 conscensuros
2243 3037 2346 3074 accipit
2357 3044 2439 3074 atque
2451 3043 2536 3067 trans-

1413 3081 1508 3110 mittit.
1546 3080 1599 3109 Hic
1611 3080 1687 3108 enim
1698 3079 1802 3116 primus
1815 3078 1918 3106 montis
1929 3076 2052 3106 ascensus
2067 3076 2188 3104 inchoat.
2225 3074 2322 3104 Strabo
2336 3074 2384 3104 lib.
2399 3080 2424 3104 6.

1413 3119 1511 3153 JEtna,
1532 3118 1603 3147 Urbs
1613 3117 1713 3146 Sicilire
1724 3139 1731 3150 ,
1754 3127 1813 3151 qua·
1825 3119 1851 3144 ἅ
1861 3115 1965 3144 Catina
1977 3115 2052 3143 dicta
2063 3115 2109 3143 est.
2134 3113 2233 3143 Strabo
2244 3113 2292 3142 lib.
2304 3123 2329 3142 2.
2368 3113 2459 3149 Hujus
2470 3121 2534 3143 cor.-

1432 3157 1552 3185 ditorem
1568 3156 1720 3185 Hieronem
1729 3153 1807 3183 suillc
1819 3153 1952 3182 Pindarus
1964 3153 2062 3189 inquit.

1374 3195 1408 3224 AE
1418 3204 1437 3223 T
1446 3205 1463 3223 o
1473 3206 1488 3223 L
1500 3206 1508 3222 1
1520 3204 1539 3222 A
1549 3216 1556 3228 ,
1581 3192 1740 3229 [Azwma]
1762 3192 1874 3220 Graecia:
1885 3192 1960 3227 regio
1972 3191 2000 3218 in
2014 3190 2095 3219 tertio
2108 3190 2164 3218 linu
2176 3190 2293 3226 Europae
2303 3210 2310 3221 ,
2331 3187 2415 3225 Epiro
2425 3210 2433 3224 ,
2457 3188 2534 3217 Acar·
2560 3209 2567 3213 <

1413 3233 1512 3267 nanim,
1529 3233 1555 3261 ἃ
1565 3231 1658 3260 Locris
1669 3230 1800 3263 finitima,
1816 3230 1888 3258 dicta
1900 3230 1933 3257 ab
1942 3228 2035 3258 AEtolo
2047 3228 2142 3257 Martis
2154 3228 2220 3256 filio.
2240 3227 2298 3256 Cic.
2310 3227 2338 3254 in
2350 3227 2437 3255 Pison.
2459 3226 2547 3256 AEtos

1411 3269 1477 3299 liam
1488 3292 1495 3305 ,
1516 3267 1576 3306 'quat
1588 3268 1709 3306 procula
1719 3267 1837 3296 barbaris
1848 3267 1986 3302 disjuncta
1996 3266 2141 3303 gentibus,
2161 3266 2190 3293 in
2202 3265 2259 3294 linu
2270 3265 2346 3302 pacis
2357 3264 2458 3301 polita,
2477 3269 2533 3293 me·-

1412 3308 1460 3336 dio
1472 3308 1528 3336 fere
1541 3307 1652 3336 Graeciae
1664 3306 1768 3343 gremio
1781 3305 1940 3333 continetur
1950 3327 1957 3339 ,
1979 3304 2120 3333 decedens
2133 3302 2257 3332 miseram
2268 3301 2420 3340 perdidisti.

1410 3345 1530 3379 AEtolia,
1549 3345 1623 3383 apud
1639 3344 1722 3373 Ovid.
1737 3353 1760 3379 3.
1778 3344 1868 3371 Amor.
1882 3353 1905 3376 ς.
1922 3352 1963 3379 37.

1491 3383 1551 3412 Nec
1565 3383 1633 3411 tanti
1646 3382 1771 3418 Calydon
1782 3403 1789 3416 ,
1812 3390 1863 3409 nec
1874 3387 1932 3409 tota
1945 3379 2044 3409 [finilia
2055 3379 2134 3408 tanti.

1429 3421 1536 3450 versum
1546 3420 1625 3449 illuni
1636 3420 1681 3457 qui
1692 3419 1791 3456 legitur
1802 3419 1875 3456 apud
1888 3418 1957 3447 Plin.
1973 3417 2019 3446 lib.
2035 3427 2077 3453 35.
2094 3427 2153 3455 cap.
2172 3426 2212 3445 10.

1451 3459 1563 3487 Marcus
1575 3457 1678 3488 Ludius
1691 3457 1781 3487 Elotas
1792 3455 1894 3485 ffitoliii
1906 3456 2041 3484 oriundus
2054 3465 2060 3484 :
2110 3455 2145 3483 sic
2161 3455 2199 3483 ait
2208 3476 2216 3489 ,
2244 3452 2337 3482 Elotas
2354 3462 2403 3490 per
2417 3451 2530 3490 synaloe-

1427 3495 1502 3539 phen
1515 3496 1616 3562 legiltur
1625 3519 1632 3531 ,
1649 3495 1713 3525 elisa
1721 3494 1801 3524 litera
1812 3504 1824 3523 s
1834 3496 1860 3523 ἃ
1872 3495 1906 3523 ad
1920 3494 2105 3522 imitationem
2117 3493 2276 3522 Graecorum
2285 3513 2293 3526 ,
2314 3490 2422 3520 IEtolize
2433 3487 2530 3528 penul·

1426 3541 1493 3562 tima
1516 3544 1570 3563 nor
1582 3542 1678 3563 ucitur.

1371 3544 1536 3600 Isi-01:110
1547 3582 1563 3600 υ
1575 3582 1586 3600 s
1596 3594 1604 3605 ,
1626 3572 1685 3607 Adj.
1708 3565 1891 3606 [Αὶηῃλμρές]
1916 3568 1973 3598 Liv.
1987 3580 2013 3604 4.
2030 3569 2134 3598 Decad.
2150 3567 2198 3596 lib.
2212 3575 2237 3603 7.
2278 3565 2431 3596 AEtolicum
2444 3563 2529 3602 magis

1409 3609 1443 3637 ad
1458 3609 1662 3647 Thermopylas
1678 3608 1782 3638 bellum
1793 3629 1800 3642 ,
1823 3616 1905 3644 quam
1916 3607 2023 3644 regium
2032 3606 2092 3636 fuit.

1407 3645 1526 3675 IE'rolica
1536 3648 1623 3676 vestis.
1646 3647 1731 3676 l'laut.
1744 3646 1818 3674 l’oen.

1369 3682 1457 3713 ,Εἰ-ὧ
1468 3696 1483 3712 L
1495 3695 1511 3712 u
1524 3692 1535 3710 s
1547 3707 1553 3718 ,
1575 3685 1629 3714 sive
1647 3686 1679 3715 IF.
1689 3695 1708 3712 T
1719 3694 1735 3712 o
1747 3694 1761 3711 ιΔ
1774 3693 1781 3710 ι
1794 3693 1811 3711 υ
1822 3692 1833 3710 s
1844 3704 1851 3717 ,
1874 3678 2051 3717 [Αἱπᾶλιῶι]
2074 3681 2132 3717 Adi.
2155 3686 2201 3716 ut,
2220 3679 2337 3709 ffitolius
2347 3678 2443 3714 heros,
2463 3675 2528 3707 Dio-

1406 3722 1502 3750 medes
1511 3721 1603 3759 Tydei
1614 3722 1723 3752 ffitoliae
1734 3721 1803 3756 regis
1814 3719 1894 3748 filius.
1923 3719 2007 3748 Ovid.
2024 3730 2064 3754 ¹4·
2082 3719 2151 3748 Met.
2165 3722 2228 3753 461.

1406 3759 1471 3795 Arpi
1485 3759 1576 3788 IEtoli.
1606 3760 1678 3796 Virg.
1696 3770 1736 3788 io.
1752 3758 1813 3788 iun.
1825 3763 1869 3789 28.
1910 3756 1963 3785 Ubi
1980 3757 2107 3787 Servius:
2137 3756 2179 3785 De
2197 3755 2298 3785 IEtolia
2314 3754 2466 3784 Diomedes
2484 3760 2527 3781 ve·

1424 3797 1466 3824 nit
1476 3819 1483 3831 ,
1505 3798 1551 3833 qui
1563 3798 1648 3834 Arpos
1660 3799 1687 3826 in
1700 3796 1798 3833 Apulia
1809 3794 1945 3824 condidit.

1367 3833 1400 3865 ΖΕ
1411 3842 1430 3861 Τ
1440 3838 1456 3861 ὃ
1467 3845 1481 3861 L
1492 3844 1508 3862 υ
1519 3844 1531 3862 s
1541 3856 1548 3868 ,
1571 3843 1601 3863 ut
1613 3835 1706 3864 scribit
1718 3834 1784 3863 Plio.
1799 3833 1859 3869 c’ap.
1874 3836 1915 3865 56.
1933 3831 1980 3860 lib.
1995 3841 2019 3868 7.
2060 3832 2158 3861 Martis
2169 3831 2222 3859 fuit
2233 3829 2314 3858 lilius.
2354 3828 2470 3858 Homeri
2482 3835 2528 3868 au?

1406 3877 1463 3900 tem
1473 3879 1629 3908 enarrator,
1657 3873 1692 3902 de
1702 3871 1796 3904 AEtolo
1808 3870 1843 3900 lic
1855 3870 1955 3902 tradit,
1975 3869 2084 3899 lhtolus
2102 3869 2174 3898 iilius
2190 3867 2375 3904 Endymionis
2386 3866 2453 3896 fuit:
2480 3871 2527 3929 (Ἧι

2453 3911 2490 3931 ca:
2511 3908 2526 3928 e

2490 1175 2546 1205 uod

2491 1212 2545 1259 nde
2570 1249 2576 1258 ,-

1833 1138 1879 1166 sui
1902 1139 1998 1167 umbra
2020 1139 2151 1168 molestus
2169 1139 2226 1173 est,
2259 1149 2341 1175 quain
2359 1138 2389 1166 in
2410 1137 2546 1168 Lemnum
2571 1144 2590 1173 f

2212 3377 2377 3408 Hermolaus
2394 3383 2487 3406 tamen
2502 3375 2532 3405 in
2584 3385 2587 3392 ·
