2604 4222
192 157 259 190 228
623 145 650 179 A
746 142 770 176 P
869 139 894 173 Ρ
1861 130 1890 162 A
1986 127 2009 162 P
2100 126 2123 161 P

1461 212 1501 240 les
1511 210 1683 247 incultasque
1698 210 1844 239 videmus:
1857 210 1943 247 ‘quod
1955 219 2015 246 pars
2032 218 2125 238 earum
2135 207 2250 245 appulsu
2261 207 2323 237 solis
2340 206 2475 240 exarserit,
2499 193 2557 245 pass
2581 207 2583 212 ¹

1463 249 1615 286 obriguerit
1637 249 1701 276 nive
1715 270 1723 282 ,
1747 249 1919 286 pruinaque,
1940 246 2094 284 longinquo
2110 246 2173 275 solis
2190 244 2318 274 abscessu.
2350 246 2410 280 Sic,
2429 245 2558 282 Appulsus

1462 287 1560 316 caloris
1581 288 1606 315 Sc
1621 286 1735 322 frigoris.
2581 286 2593 294 ''

1408 329 1604 358 Arraxoo,
1638 323 1665 351 di
1680 345 1687 355 ,
1718 323 1793 357 sum,

1445 362 1565 391 Verbum
1572 361 1654 390 adivi
1668 361 1774 397 generis
1785 370 1792 395 ⁴,
1816 359 1997 396 Suspendere.
2024 358 2091 388 Plin.
2105 359 2192 395 Atque
2204 367 2269 386 uvas
2280 358 2334 392 iam
2343 364 2461 386 maturas
2470 358 2505 386 ad
2514 358 2561 387 So-

1444 400 1500 428 lem
1513 400 1680 437 appendere.
1704 398 1781 426 Valla
1790 397 1836 426 lib.
1852 408 1875 432 5.
1899 396 2080 434 Appendere,
2102 396 2139 424 est
2151 403 2210 424 tum
2221 395 2394 433 Suspendere
2405 395 2416 430 (
2426 402 2456 424 ut
2465 401 2560 427 notum
2584 398 2585 410 ³

1446 438 1506 472 est)
1531 445 1561 466 ut
1581 436 1711 473 Appendi
1730 445 1811 464 uvas:
1834 441 1893 463 tum
1908 436 1943 463 ad
1959 434 2096 468 Lancem,
2117 433 2277 462 stateramve
2289 433 2452 469 ponderare.
2581 430 2582 433 ’

1444 475 1580 512 Appendo
1590 484 1686 502 aurum
1700 472 1742 502 vel
1754 473 1910 510 pecuniam.
1945 474 1959 507 Γ
1974 472 2103 497 mustela}
2116 493 2123 505 ,
2148 469 2216 505 ἰ’ςημι
2230 471 2244 505 ]
2266 470 2355 499 Cic.6.
2368 470 2440 499 Verr.
2453 473 2494 505 56.
2511 470 2561 501 Au-
2581 464 2586 491 1
2600 486 2604 502 i

1465 513 1568 541 rificem
1580 511 1653 544 irrisit
1663 512 1754 540 vocari
1766 512 1794 539 in
1804 511 1873 544 foro,
1885 510 1920 539 ad
1928 509 2020 538 sellam
2030 508 2166 538 Cordubae
2177 518 2183 537 ;
2201 509 2227 537 Sc
2235 509 2260 537 ei
2271 508 2363 546 palam
2373 508 2506 545 appendit
2515 518 2559 540 au.

1466 560 1536 580 rum.
1548 550 1625 578 Idem
1636 559 1660 577 2.
1674 548 1842 586 Pliilipp.97.
1855 548 1889 577 Ut
1897 548 1953 583 jam
1962 547 2228 584 appendantur,non
2237 553 2419 582 numerentur
2428 545 2559 582 pecuniaej.
2602 565 2604 577 2

1448 589 1636 617 Annumerare
1646 588 1671 616 Si
1683 586 1851 624 appendere.
1885 586 1944 614 Cic.
1956 595 2006 623 pro
2018 583 2099 613 Rosc.
2114 585 2202 612 Amer.
2215 593 2226 611 1
2235 593 2277 619 14.
2316 583 2383 612 Tibi
2394 584 2499 621 optima
2508 583 2561 615 fide
2582 592 2583 595 ’
2600 599 2604 602 -

1467 626 1512 654 sua
1522 626 1616 654 onmia
1628 624 1781 658 concessit,
1803 624 2013 657 annumeravit,
2034 621 2179 659 appendit.

1447 663 1612 700 Appendere
1626 670 1725 691 mutuo
1735 685 1743 697 ,
1765 672 1815 700 pro
1827 662 1895 690 Dare
1907 667 2014 689 mutim.
2037 659 2107 689 Plin.
2118 658 2167 687 lib.
2176 668 2202 694 9.
2215 668 2275 696 cap·
2285 668 2328 695 55.
2349 659 2404 688 Sex
2416 658 2503 689 millia
2515 669 2563 691 nu-
2580 677 2581 683 .

1466 711 1544 729 mero
1559 710 1743 729 muraenarum
1754 708 1852 728 mutuo
1864 698 2008 736 appendit.

1448 738 1616 777 Appendere
1624 742 1674 775 per
1683 738 1877 775 metaphoram
1888 735 2052 765 translatum
2061 734 2096 763 ad
2107 734 2280 771 incorporea.
2300 734 2359 764 Cic.
2375 734 2410 763 de
2424 733 2560 772 Opt.Gen.
2581 730 2583 734 Α
2601 755 2604 765 1

1469 777 1544 805 Orat.
1559 786 1600 810 14.
1622 778 1651 805 in
1666 776 1805 813 prooemio
1819 775 1976 803 orationum
1994 772 2130 803 AEschinis
2148 781 2180 801 ac
2192 772 2403 808 Demosthenis,
2425 782 2490 809 quas
2509 773 2563 810 ipse
2581 777 2584 794 ¹

1466 813 1611 843 transtulit.
1650 814 1717 843 Non
1728 813 1802 842 enim
1812 812 1894 842 verba
1904 822 1948 841 me
1957 819 2139 841 annumerare
2148 809 2246 840 1061011
2256 810 2351 848 putavi
2360 817 2498 848 oportere,
2519 811 2563 840 sed
2580 801 2584 846 i
2602 832 2604 835 .

1468 860 1600 889 tanquam
1620 851 1787 889 appendere.
1809 851 1849 880 Ex
1859 850 1953 884 Valla,
1974 849 2022 878 lib.
2041 859 2064 883 ς.
2582 851 2584 869 l

1411 892 1432 921 A
1441 900 1455 918 P
1465 901 1479 918 p
1488 900 1501 918 E
1513 899 1553 918 Ns
1564 899 1583 918 U
1593 899 1606 918 s
1615 912 1623 925 ‚
1643 890 1740 919 Panic,
1762 890 1778 925 [
1795 884 1978 924 πςιισηςἹηρᾶὖΘι
1993 887 2008 921 ]
2028 885 2187 923 Suspensus.
2210 885 2266 914 Cic.
2275 896 2297 921 5.
2309 884 2392 915 Tusc.
2406 889 2451 914 62-
2472 885 2505 915 In
2513 885 2566 917 hoc
2580 881 2585 928 l

1448 928 1544 956 medio
1561 934 1695 965 apparatu
1705 926 1858 964 fulgentem
1869 926 1992 963 gladium
2014 934 2029 953 e
2040 923 2164 953 lacunari
2178 923 2234 953 seta
2247 925 2349 960 equina
2359 922 2512 962 appensum
2523 924 2558 954 de
2580 934 2586 958 k
2599 942 2602 950 ,

1447 966 1520 994 mitti
1535 965 1618 1001 jussit.
1638 965 1684 994 alii
1702 965 1799 1002 legunt
1813 965 1923 1002 Aptuni.
2554 980 2567 989 .
2582 975 2585 989 ι

1449 1003 1608 1041 Appensum
1624 1013 1729 1032 aurum.
1751 1002 1809 1031 Liv.
1823 1013 1846 1037 ς.
1863 1008 1905 1039 38.
2582 994 2586 1037 ¹,

1412 1042 1430 1071 A
1439 1052 1454 1070 P
1463 1051 1476 1069 Ρ
1485 1052 1498 1069 E
1509 1051 1529 1069 N
1539 1051 1551 1070 s
1563 1052 1580 1070 u
1591 1051 1603 1070 s
1617 1063 1625 1076 ,
1646 1044 1687 1070 us.
1710 1050 1746 1069 m.
1768 1040 1849 1078 Apul.
1871 1041 1906 1069 de
1918 1038 2030 1069 Mundo
2040 1060 2049 1074 ‚
2065 1049 2093 1076 p,
2105 1046 2137 1074 23
2146 1048 2170 1074 ς.
2191 1037 2310 1068 AEtheris
2322 1036 2419 1067 mensu
2432 1036 2564 1075 appensu-v
2581 1053 2585 1075 ι,

1447 1089 1501 1116 que
1517 1079 1645 1108 distincta
1659 1078 1697 1108 est
1718 1085 1824 1107 natura.
2582 1070 2591 1106 s

1409 1118 1529 1147 Arvas
1540 1127 1620 1151 uix,
1641 1118 1693 1146 icis
1704 1138 1712 1151 ,
1743 1115 1776 1144 al.
1797 1116 1858 1144 icis.
1880 1115 1898 1144 f.
1921 1115 1936 1150 [
1951 1112 2079 1148 λ’πτφυὰς,
2106 1110 2226 1148 στῆσοθῆιη
2242 1113 2256 1148 ]
2276 1113 2389 1150 proprie
2410 1112 2565 1145 AEdificium
2581 1113 2604 1146 li*

1448 1156 1525 1192 quod
1545 1155 1623 1184 alteri
1642 1155 1801 1191 adjungitur
1812 1175 1820 1188 ,
1842 1156 1868 1183 ὁὶ
1886 1152 1971 1190 (111311ν
1982 1151 2171 1189 appenditur:
2194 1151 2353 1187 cujusmodi
2370 1150 2487 1180 formam
2504 1157 2565 1181 ante
2582 1159 2587 1182 1
2602 1160 2604 1182 ε

1447 1194 1550 1222 aedium
1560 1193 1713 1226 Tabernas,
1727 1199 1775 1221 aut
1786 1191 1919 1221 Officinas
1930 1190 2065 1219 videmus.
2088 1189 2190 1223 Festus,
2206 1189 2394 1227 Ampendices
2404 1188 2566 1220 dicebantur
2581 1181 2600 1218 1-

1448 1231 1482 1260 ab
1498 1232 1628 1268 antiquis,
1642 1231 1717 1268 quod
1727 1229 2006 1267 circumpenderent:
2029 1237 2094 1264 quas
2111 1237 2186 1256 nunc
2197 1227 2374 1265 Appendices
2384 1226 2565 1264 appellamus.
2581 1215 2600 1257 i.

1447 1269 1597 1306 Appendix
1611 1279 1660 1307 per
1679 1269 1872 1305 metaphoram
1887 1267 1988 1295 dicitur
1998 1288 2006 1299 ,
2028 1265 2116 1302 Quod
2134 1265 2181 1294 alii
2196 1266 2235 1294 est
2245 1265 2427 1301 adjunctum,
2448 1264 2520 1301 quali
2532 1274 2566 1296 ex
2582 1265 2588 1298 i

1466 1307 1521 1336 alio
1533 1308 1663 1344 pendeat.
1695 1307 1752 1335 Cic.
1766 1306 1795 1334 in
1808 1304 1935 1335 Hortens.
1967 1303 2045 1332 Vidit
2057 1303 2151 1338 enim,
2173 1302 2250 1340 quod
2270 1303 2423 1332 videndum
2432 1302 2501 1337 fuit,
2520 1312 2564 1341 ap-
2582 1303 2604 1337 ’11

1487 1346 1617 1374 endicem
1628 1345 1713 1374 animi
1725 1343 1779 1372 effe
1790 1353 1891 1381 corpus
1902 1352 1908 1372 :
1932 1341 2059 1378 nihilque
2071 1340 2125 1370 effe
2136 1341 2165 1370 in
2173 1350 2207 1369 eo
2217 1350 2359 1378 magnum.
2372 1340 2438 1370 Haec
2446 1340 2564 1372 Nonius.
2584 1342 2585 1346 ’
2601 1355 2604 1366 ;

1488 1383 1583 1412 udaeus
1596 1405 1604 1417 ‚
1625 1383 1774 1421 Appendix
1784 1381 1886 1411 dicitur
1897 1380 2028 1417 quicquid
2038 1380 2077 1408 ita
2085 1378 2194 1408 accedit
2203 1379 2252 1413 rei,
2275 1386 2306 1408 ut
2316 1388 2378 1416 pars
2391 1378 2450 1414 ejus
2464 1378 2503 1413 sit,
2519 1384 2566 1409 aut
2581 1348 2590 1414 i

1464 1422 1505 1450 rei
1520 1421 1640 1456 haereat,
1661 1428 1692 1450 ut
1704 1430 1754 1449 uva
1765 1420 1793 1448 in
1805 1420 1871 1449 vite.
1907 1418 1988 1447 Varro
1999 1418 2091 1455 primo
2101 1417 2137 1446 de
2148 1416 2181 1446 R.
2195 1416 2227 1446 R.
2238 1426 2299 1455 cap.
2312 1420 2354 1445 16.
2394 1416 2566 1453 Relinquitur
2581 1420 2604 1458 ξε

1464 1459 1549 1488 altera
1560 1469 1622 1497 pars
1631 1481 1638 1494 ,
1660 1468 1720 1496 quae
1733 1457 1933 1487 extrafundum
1941 1456 1996 1485 est:
2020 1456 2099 1491 cujus
2109 1455 2280 1493 appendices
2297 1454 2476 1484 vehementer
2485 1454 2566 1492 perti·
2587 1459 2604 1487 ἰ

1465 1505 1534 1526 nent
1545 1497 1580 1526 ad
1597 1497 1733 1527 culturam
1744 1518 1753 1531 ,
1774 1502 1888 1533 propter
1903 1494 2074 1524 affinitatem.
2581 1468 2590 1519 i

1445 1535 1611 1572 Appendix,
1633 1536 1739 1564 dietum
1750 1534 1781 1562 in
1797 1534 1856 1563 acie
1867 1532 1987 1562 militari.
2020 1531 2078 1561 Liv.
2090 1540 2134 1560 21.
2149 1541 2172 1566 5.
2210 1530 2243 1560 In
2255 1531 2316 1568 ripa
2330 1529 2373 1559 ele
2394 1530 2494 1560 hantos
2503 1536 2566 1560 ante
2596 1519 2604 1555 ἕ

1465 1573 1647 1610 quadraginta
1657 1571 1799 1610 disposuit.
1831 1571 2053 1609 Carpetanorum
2061 1577 2127 1599 curn
2137 1568 2345 1606 appendicibus
2354 1540 2492 1598 Oicadum
2502 1567 2570 1598 Vae.
2593 1572 2604 1599 A

1463 1621 1632 1648 ceorumque
1642 1618 1757 1640 centum
1770 1609 1857 1639 millia
1866 1609 1951 1638 fuere.
1972 1608 2151 1646 Appendices
2162 1606 2245 1639 dixit,
2253 1605 2327 1644 quasi
2337 1605 2443 1636 Milites
2455 1606 2564 1636 additos

1468 1649 1505 1678 ad
1520 1650 1619 1684 iustum
1634 1649 1752 1678 aliorum
1767 1657 1924 1677 numerum.
2584 1626 2604 1670 l

2578 1671 2604 1835 ἶ.

2580 1813 2582 1820 ’
2601 1815 2604 1835 i

241 227 398 265 Appellatio
408 228 473 256 item
486 224 698 258 effli’rovocatio
707 233 722 251 a
730 223 837 251 minore
844 219 938 255 judice
948 217 983 245 ad
992 217 1134 255 majorem.
1150 213 1216 242 Plin.
1231 210 1354 241 l.6.c.22.

259 261 319 295 N'cc
329 266 375 294 nili
389 264 508 302 plurium
521 263 655 292 ‚fei-‚tentia
665 269 820 298 quenquam
828 258 918 294 capite
928 255 1052 283 damnari
1065 263 1071 281 :
1094 254 1130 280 110
1142 259 1252 288 quoque
1263 249 1358 288 appel-

260 305 393 333 lationem
405 303 457 330 eise
474 303 507 330 ad
518 300 662 339 populum.
703 298 733 326 V.
755 298 784 325 in
796 295 854 333 ipso
871 293 954 322 verbo
965 291 1048 329 paulo
1062 290 1149 331 supr-i.

242 340 397 379 Appellatio
408 340 604 368 ‘saturini-imi.
627 336 684 365 Cic.
702 344 751 373 pro
766 333 863 369 Quint.
874 335 918 363 65.
960 329 1110 357 videturne
1125 324 1299 354 intercessisse
1310 334 1359 362 ap-

262 378 581 417 1101111111’[1111111111111111.
595 384 651 403 non
662 382 748 406 more,
761 371 806 400 sed
820 367 914 398 auxilii
924 365 1003 395 causa
1015 367 1028 393 Ἴ
1051 365 1116 401 Quo
1125 363 1188 392 loco
1198 362 1358 397 Turnebus,

261 415 440 454 Appellantur
451 414 567 443 Tribuni
576 412 680 448 <inquit
688 417 692 436 'i
701 419 777 438 more
788 410 812 437 ἃ
823 406 955 438 instituto,
968 406 994 432 οἰ
1005 401 1147 444 exemplp,
1166 410 1252 438 quum
1262 409 1361 429 eorum

262 453 417 483 intertell'io
429 451 588 490 postulatur,
609 448 695 485 siquid
709 444 961 482 iiiiqueaPraetore,
978 441 1054 482 verbi
1065 445 1158 482 gratia,
1174 438 1359 480 decernatur:

262 499 289 521 at
302 501 387 529 quum
399 490 494 519 auxilii
504 488 581 517 causa
590 485 763 524 appellantur
778 505 785 517 ,
807 482 835 510 id
846 490 910 509 vero
923 489 981 507 non
993 480 1024 507 iit
1031 487 1108 506 more
1121 487 1151 505 in
1165 478 1269 504 caulis:
1294 485 1360 512 quia

262 531 307 567 qui
319 530 347 558 id
359 529 431 562 facit,
444 528 479 556 de
489 526 566 555 causi
578 525 623 553 sua
633 521 761 559 cognosci
772 529 829 548 non
839 518 906 547 vult.
929 517 986 553 Qui
998 523 1090 545 autem
1101 514 1197 543 auxilii
1211 512 1290 553 caussi
1299 513 1362 542 'si-i-

569 561 700 593 litibus,is
709 559 734 587 se
744 567 823 594 aequo
832 555 940 592 judicio
949 561 1052 583 certare
1062 562 1119 581 non
1130 551 1205 590 posse
1214 551 1360 580 clamabat.

1823 321 1949 357 [devio-¹³
1980 317 2144 356 ποωεπὶω,
2174 317 2301 355 ἒξκετᾶω,
2333 317 2478 355 zemoze]
2505 321 2557 351 ere.
2598 355 2600 358 y

263 568 351 596 bunos
363 565 519 603 appellabat
530 565 556 592 in
838 596 840 599 ι
880 594 884 599 ⁶
1177 590 1181 594 ⁵

264 604 481 639 ObiicitVatinio
492 603 588 630 Cicero
601 598 675 635 quod
684 595 830 633 appellarit
844 593 1027 627 sribunos,ne
1037 590 1145 620 causam
1155 590 1268 618 diceret.
1283 588 1363 617 Asco-

261 644 323 671 nius
342 642 492 671 Antonium
505 638 573 667 dicit
588 634 737 673 appellail‘e
749 632 891 662 Tribunos
909 640 944 659 ne
954 629 1063 659 causam
1071 629 1193 662 diceret,
1210 626 1362 663 jurali'eque

262 681 325 709 ideo
335 679 360 707 se
372 680 482 712 eierare,
505 675 579 713 quod
591 682 668 709 aequo
679 673 738 707 jure
748 672 788 700 uti
800 679 857 698 non
867 668 963 706 poss'et.
1285 701 1290 706 .

244 718 409 748 Arimi-&tetur
417 717 476 749 ejus
484 712 641 751 appellatio.
656 710 689 738 Ul
699 720 717 738 1.
728 710 756 737 in
766 708 782 737 l.
793 709 820 737 Si
831 709 918 742 cujus.
933 706 965 735 D.
975 705 1010 734 de
1021 701 1359 742 appellationsecipiend.

245 755 416 792 Cognoscere
434 754 468 781 de
478 746 674 789 appellatione.
692 721 712 776 i.
727 747 798 786 unic.
818 746 850 774 D.
863 743 979 773 delibel.
991 742 1121 772 dimissor.
1249 778 1254 782 .

243 794 385 826 Denegare
398 790 530 820 auxilium
543 786 747 825 appellationis.
770 783 892 813 Scievola
902 783 931 811 in
942 782 959 810 l.
971 781 1020 810 ult.
1035 780 1067 809 D.
1079 780 1114 808 de
1124 777 1304 816 appellation.

243 831 358 867 Exsequi
370 828 606 866 appellationem,
628 825 646 853 i.
664 833 689 853 e.
707 822 841 859 Persequi.
863 819 985 850 Scaevola
1001 820 1031 847 in
1041 818 1059 847 l.
1071 818 1257 855 negotiorum.
1279 815 1312 844 D.
1327 813 1363 842 de

261 879 294 897 an
306 867 439 896 *ellation

243 879 386 943 Exqilicare
404 901 632 941 appellationem.
662 897 819 928 Scaevolain
831 896 848 925 l.
860 895 1046 933 negotiorum.
1065 893 1098 922 D.
1111 892 1146 920 de
1157 889 1288 928 appellat.

242 943 384 973 Evanescit
398 940 556 979 appellatio.
570 939 664 968 Macer
673 937 743 966 D.Si
753 935 875 974 penden.
886 933 1016 971 appellat.
1030 930 1205 974 Appelliitore
1217 928 1361 970 defuncto,

260 981 395 1018 siquidem
405 981 459 1009 sine
469 977 588 1011 haerede,
599 976 789 1011 cujuscunque
799 973 906 1010 generis
919 969 1068 1008 appellatio
1077 971 1169 1001 luerit,
1182 968 1329 995 evanescit.

241 1019 300 1049 Fiat
310 1018 343 1047 ab
355 1017 413 1056 ipso
426 1015 585 1055 appellatio.
610 1013 672 1051 Ulp.
689 1022 712 1041 1.
729 1012 749 1049 §.
762 1011 817 1040 Sed
828 1010 884 1039 etsi.
907 1009 940 1038 D.
955 1007 1067 1045 quando
1079 1005 1217 1047 appella-n.

242 1057 423 1094 Interponere
437 1053 664 1092 appellationem.
687 1049 809 1080 Scaevola
826 1050 854 1077 in
865 1048 882 1076 1.
895 1046 944 1076 ult.
966 1046 999 1074 D.
1016 1045 1051 1073 de
1061 1043 1241 1081 appellation.
1259 1042 1285 1070 ὃ(
1299 1040 1363 1079 Ulp.

262 1095 289 1123 in
303 1095 318 1123 l.
338 1094 432 1130 Quum
449 1102 482 1121 ex
494 1091 580 1121 causa.
602 1089 665 1119 eod.
681 1090 723 1117 tit.
1043 1120 1048 1125 .

242 1132 348 1162 Pendet
360 1130 526 1169 appellatio,
548 1127 725 1158 &pendente
737 1123 936 1162 appellatione.
953 1120 1122 1158 Papyriusin
1132 1117 1149 1147 1.
1170 1117 1361 1156 Imperatores.

262 1170 295 1199 D.
309 1170 344 1198 de
354 1168 533 1207 appellation.
799 1200 803 1204 Ι

241 1207 370 1245 Peragere
379 1206 605 1244 appellationem,
615 1203 632 1231 i.
644 1212 669 1231 e.
679 1201 814 1236 Persequi.
829 1198 923 1227 Macer
932 1197 965 1226 D.
978 1196 996 1224 si
1006 1192 1263 1233 penden.appellat.
1276 1191 1363 1228 Quod

261 1246 278 1274 si
288 1245 451 1283 appellatori
465 1244 550 1272 haeres
565 1240 703 1270 extiterit:
725 1237 867 1274 cogendus
878 1245 936 1264 non
948 1234 985 1263 est
993 1243 1123 1271 peragere
1134 1230 1361 1269 appellationem.

240 1283 366 1320 Persequi
384 1281 491 1312 causam
503 1278 707 1318 appellationis.
729 1275 826 1305 Paulus
837 1273 893 1302 inl.
907 1273 1014 1310 penult.
1036 1271 1070 1300 D.
1086 1271 1122 1299 de
1132 1268 1264 1307 appellat.

240 1321 357 1351 Probare
368 1321 464 1349 merita
475 1317 679 1356 appellationis.
691 1316 721 1343 in
730 1314 748 1342 l.
760 1312 876 1354 penult..
889 1311 968 1354 9·ss
980 1308 1160 1347 appellation.
1173 1345 1178 1350 ι
1242 1345 1247 1350 .

241 1359 420 1388 Pronuntiare
432 1358 466 1386 de
477 1355 674 1394 appellatione.
686 1352 795 1390 Ulpian.
806 1350 839 1379 D.
850 1348 1038 1378 nihilinnova.
1046 1345 1228 1384 appellation.
1240 1350 1360 1387 interpo.

240 1397 376 1434 Recipere
388 1395 606 1434 appellationem
619 1391 745 1426 alicujus.
767 1388 863 1430 Macer
876 1387 894 1416 1.
913 1397 940 1422 4.
962 1385 996 1414 D.
1009 1385 1044 1413 de
1053 1382 1184 1421 appellat.
1195 1392 1281 1426 reeip.

241 1435 369 1471 Reddere
381 1433 473 1463 causas
487 1430 690 1469 appellationis.
716 1425 837 1457 Scaevola
849 1424 905 1454 1111.
919 1423 968 1453 ult.
994 1423 1028 1452 D.
1039 1423 1074 1451 de
1082 1420 1264 1464 appellation.
1292 1458 1297 1463 .
1342 1457 1348 1463 ι

240 1473 402 1503 Reniittitur
410 1470 551 1501 neceliitas
561 1466 764 1506 appenwionis,
775 1474 859 1502 quum
871 1470 967 1492 contra
975 1460 1060 1490 sacras
1067 1459 1278 1488 constitutiones
1288 1457 1363 1494 judi-

260 1519 345 1540 catur.
372 1510 466 1539 Macer
478 1510 506 1537 in
518 1507 535 1536 l.
552 1517 574 1535 1.
594 1506 626 1535 D.
647 1514 708 1542 quae
717 1503 833 1532 sentent.
847 1501 903 1529 sine
916 1498 1047 1537 appellat.
1063 1497 1161 1540 resciri.

240 1547 401 1579 Utiauxilio
410 1545 614 1584 appellationis.
635 1543 730 1572 Macer
741 1540 795 1570 inl.
812 1539 898 1568 Servi.
920 1538 953 1567 D.
975 1537 1010 1566 de
1023 1535 1204 1577 app-ellation.

200 1591 223 1618 A
233 1598 248 1617 Ρ
259 1597 273 1615 P
283 1597 297 1615 iz
308 1597 349 1614 LL
359 1596 378 1614 A
389 1594 408 1614 T
418 1596 426 1613 i
436 1595 451 1614 v
462 1594 479 1612 u
490 1594 501 1612 s
513 1606 520 1617 ,
543 1593 557 1611 a
568 1604 576 1617 ,
599 1590 654 1610 um.
682 1573 915 1615 [wonaavasic]
937 1575 997 1611 Adj.
1019 1575 1056 1603 eit
1067 1574 1161 1602 histum
1173 1582 1188 1600 a
1198 1571 1362 1615 Grammati-

240 1625 298 1655 cis:
319 1629 350 1653 ut
367 1622 557 1660 quumdicunt
571 1618 775 1657 Appellativum
785 1624 898 1644 nomen.
919 1613 1047 1642 Priscian.
1065 1611 1084 1640 l.
1105 1621 1130 1639 2.
1153 1610 1361 1647 Appellativum

239 1671 344 1693 nornen
356 1659 514 1690 naturaliter
528 1666 680 1688 commune
696 1655 734 1684 est
746 1653 914 1686 multorum,
931 1661 1001 1688 quos
1012 1650 1109 1689 eadem
1121 1648 1281 1683 substantia,
1304 1647 1360 1676 sive

240 1699 366 1738 qualitas,
384 1698 427 1728 vel
438 1698 575 1734 quantitas
585 1693 719 1733 generalis
733 1692 777 1721 vel
786 1690 912 1730 specialis
929 1689 1028 1725 jungit.
1050 1686 1209 1721 Generali83
1231 1692 1262 1714 ut
1273 1708 1281 1721 ,
1297 1686 1361 1714 Arii-

239 1738 304 1772 nial,
318 1746 429 1775 corpus,
441 1736 533 1765 virtus.
554 1732 706 1777 Specialis;
729 1730 779 1765 Ut,
802 1730 896 1758 Homo
910 1749 918 1763 ‚
941 1726 1012 1765 lapis
1021 1748 1029 1762 ,
1051 1725 1257 1763 grammaticus,
1269 1723 1360 1759 albus,

201 1773 620 1846 Aslsgrssixlsgtinsi'ossswrsn.
643 1809 658 1844 [
673 1805 833 1834 ἐπτκεκληνὼς
849 1804 862 1840 ]
883 1803 942 1840 Qui
967 1800 1135 1840 appellavit:
1159 1801 1185 1830 h.
1205 1810 1229 1829 e.

239 1851 332 1889 aliquo
342 1850 437 1886 judice
446 1849 481 1878 ad
492 1848 576 1877 alium
588 1844 759 1884 provocavit.
782 1842 840 1872 Cic.
851 1845 877 1871 6.
891 1842 964 1870 Verr.
982 1851 1043 1876 145.
1077 1839 1202 1875 Quaestor
1212 1838 1361 1867 Praetorem

239 1877 1213 1957 13ξὲ0ἶῖἶὲωῇ1)ῐὲᾎῖἳῗῐὲεηῖἓὲΐᾶἳᾞἒέἧᾶῗέῗὲζῖῗέἒὲῐὲἷῖῗῗ
1224 1876 1262 1905 ‘²st
1271 1875 1361 1905 ’ΜΟ

200 1965 222 1995 Α
232 1975 247 1994 P
258 1975 271 1993 Ρ
281 1975 294 1993 a
302 1975 317 1993 1.
326 1975 343 1992 r.
353 1974 371 1992 A
380 1973 399 1992 T
410 1935 471 1992 o’ati
482 1973 499 1990 u
511 1972 522 1992 s
533 1984 540 1996 ,
560 1971 576 1990 a
585 1983 593 1996 ,
614 1970 671 1990 um.
693 1958 755 1993 Adj.
784 1956 870 1993 Quod
887 1955 923 1985 ad
933 1953 1151 1992 appellationem
1162 1952 1291 1991 pertinet.
1312 1958 1359 1987 ut,

238 2001 339 2032 Libelli
353 2000 536 2040 appellatorii.
559 1999 621 2036 Ulp.
642 1997 661 2026 l.
676 2007 699 2026 1.
712 1997 733 2033 §.
754 1994 803 2024 ult.
826 1995 860 2023 D.
872 1994 907 2022 de
918 1991 1049 2031 appellat.

239 2041 382 2077 Tempora
392 2037 581 2076 appellatorio.
613 2035 755 2072 Tempora
764 2032 811 2062 illa
823 2032 954 2061 dicuntur
964 2031 1036 2059 intra
1044 2038 1105 2066 quae
1114 2027 1265 2067 appellatio
1276 2027 1360 2057 inter-

258 2078 327 2116 poni
342 2077 439 2123 pvotest.
460 2075 478 2104 1.
496 2076 514 2122 si
524 2076 610 2120 cujus.
641 2073 676 2103 D.
692 2072 729 2117 de
737 2070 840 2109 appell.
851 2068 1006 2107 recipiend.
1029 2105 1034 2110 ¹
1086 2105 1090 2110 ⁸
1178 2104 1183 2110 ι
1248 2103 1253 2109 .

201 2117 223 2147 A
233 2127 248 2145 1>
257 2127 271 2145 P
283 2126 296 2145 a
306 2127 345 2182 tlt
356 2125 365 2144 1
375 2124 420 2181 sso
432 2133 439 2144 ,
453 2115 666 2180 Λὲἑῖηἴίιλὲἷμω
678 2111 695 2177 Ξ
715 2119 768 2176 gre.
792 2108 884 2138 Festus
896 2129 905 2143 ,
928 2103 1132 2144 Appellitavisse
1153 2104 1287 2141 (inquit)
1308 2112 1359 2142 pro

202 2153 386 2232 Axii’prssltadli,
405 2162 445 2219 {li
458 2160 586 2224 ,1111111111Ρ
587 2210 594 2222 .,
616 2158 751 2229 [ἶξὲμιῗζωζ
767 2181 924 2227 &deneg-algu
937 2203 945 2218 ,
964 2177 1062 2223 κει-πέμ.)
1074 2181 1090 2216 ]
1114 2180 1168 2224 ere.
1190 2178 1303 2216 Proprie
1320 2178 1362 2208 di-

240 2231 321 2264 citur,
339 2229 434 2265 Quum
445 2236 478 2256 ex
490 2226 588 2270 pelago
599 2226 726 2277 aut'iretp
737 2231 796 2260 quis
804 2222 839 2264 ad
848 2221 926 2265 littps
935 2218 1085 2286 accpliserit,
1103 2225 1141 2247 ait
1148 2218 1303 2284 θὲἓῗὶῑιὲεόῃ
1314 2216 1360 2284 is?

238 2266 302 2335 {¹355
306 2265 675 2342 2¹}fflg1311sgffigffigffg
684 2259 1318 2333 523535523235¹2¹¹333115Vffiffi¹tassia.
1330 2274 1362 2321 iri

239 2340 598 2380 Poggiuni.Cic.7.Verr.86.
610 2338 785 2374 Posteaquam
794 2334 909 2373 paulum
921 2334 1053 2371 provecta
1065 2331 1152 2361 classis
1160 2330 1361 2368 est,&Pachyn.

2596 1395 2604 1410 i.

1444 1687 1699 1730 Appendix,Spina.
1723 1686 1790 1715 Plin.
1805 1685 1872 1721 l.24.
1886 1693 1959 1721 c.13.
1982 1683 2068 1720 Spina
2077 1681 2115 1711 est
2124 1682 2268 1720 appendix
2277 1681 2427 1720 appellata,
2435 1682 2566 1718 qnoniam

1466 1725 1557 1754 bacca:
1568 1735 1691 1762 puniceo
1703 1723 1796 1754 colore
1809 1725 1838 1752 in
1848 1733 1880 1752 ea
1889 1722 2061 1761 appendices
2070 1727 2214 1749 vocantur.
2243 1719 2321 1749 Plura
2328 1720 2402 1757 apud
2411 1719 2542 1749 eundem.

1444 1763 1487 1792 De
1503 1764 1654 1800 quantitate
1662 1761 1824 1801 penultimae
1836 1762 1865 1790 in
1875 1761 1961 1798 obliq.
1981 1759 2062 1789 casib.
2084 1758 2116 1787 V.
2126 1757 2247 1787 Borrich.
2266 1758 2295 1786 in
2309 1757 2400 1795 Cogit.
2416 1767 2444 1795 p.
2458 1766 2520 1793 310.
2538 1758 2564 1788 &

1463 1800 1667 1868 Analecta-part.
1680 1811 1706 1830 2.
1723 1810 1751 1838 p.
1763 1809 1806 1837 30.
1815 1799 1869 1837 seq.
1892 1799 1938 1837 qui
1949 1796 2158 1836 producendam
2166 1795 2220 1825 effe
2234 1802 2331 1826 contra
2340 1795 2481 1833 vulgarem
2490 1794 2565 1826 usum

1465 1847 1569 1868 conten
1593 1846 1622 1868 it.

1407 1877 1429 1906 A
1438 1887 1452 1905 Ρ
1462 1887 1476 1905 1¹
1488 1887 1501 1905 Ε
1510 1886 1530 1905 Ν
1542 1887 1559 1905 o
1570 1886 1605 1906 rc
1614 1878 1632 1905 ῠ
1641 1887 1658 1905 r.
1668 1886 1698 1911 A,
1717 1885 1747 1905 ae.
1765 1875 1784 1904 f.
1806 1876 1821 1911 [
1836 1871 2000 1908 ποσὴκίῶυ
2015 1873 2030 1908 ]
2052 1872 2110 1902 Cic.
2120 1881 2172 1909 pro
2181 1871 2275 1901 Rabir.
2289 1871 2378 1901 Posth.
2391 1876 2416 1905 8.
2442 1870 2486 1900 Est
2493 1871 2565 1902 eniln
2581 1878 2604 1907 ’1-

1446 1915 1506 1944 haec
1514 1914 1601 1950 causa,
1617 1924 1672 1952 quo
1687 1924 1720 1943 ea
1730 1913 1849 1952 pecunia
1864 1911 2040 1950 pervenerit,
2062 1910 2136 1948 quasi
2147 1910 2274 1947 quaedam
2283 1909 2472 1949 appendIcula
2483 1908 2567 1940 eausa
2576 1910 2604 1939 15⁴

1445 1954 1594 1988 judicatae,
1616 1960 1698 1990 atque
1719 1954 1865 1981 damnatae.
2584 1943 2604 2002 i*

1407 1990 1557 2020 ΑΡΡΕΤΟ
1570 2013 1578 2025 ,
1599 1991 1658 2025 fvi,
1679 1991 1705 2019 δι
1725 1991 1760 2024 ii,
1783 1999 1832 2027 per
1845 1988 1918 2026 sync.
1939 1991 2012 2017 itum
2027 2009 2035 2022 ,
2057 1985 2215 2022 [iethmau
2243 1985 2363 2021 ἕφάμοα,
2384 1981 2490 2022 ὖξγίω]
2509 1985 2563 2015 e‘re.
2599 1991 2604 2014 1

1448 2028 1633 2058 Vehementer
1643 2027 1748 2065 aliquid
1758 2036 1875 2064 cupere,
1897 2026 2057 2055 desiderare.
2079 2024 2148 2053 Stat.
2164 2033 2186 2053 1.
2200 2022 2291 2053 Theb.
2306 2031 2369 2059 235.
2584 2018 2590 2042 1

1601 2082 1639 2088 —-
1659 2067 1685 2095 ἃ
1703 2066 1848 2094 immeritae
1868 2065 2004 2102 gremium
2022 2062 2153 2091 incestare
2174 2062 2297 2099 parentis

1445 2103 1555 2141 Cupide
1565 2112 1698 2142 appetere
1709 2113 1788 2140 agros
1798 2102 1913 2132 alienos.
1936 2102 1995 2130 Cic.
2011 2111 2062 2139 pro
2079 2100 2158 2129 Rosc.
2171 2102 2259 2128 Amet.
2273 2109 2317 2133 50.

1444 2141 1524 2171 Nihil
1535 2141 1582 2171 sibi
1592 2143 1698 2180 appetit
1728 2142 1847 2179 raecipue
1856 2140 2012 2178 Pompeius.
2035 2138 2093 2167 Cic.
2112 2148 2137 2167 2.
2155 2144 2243 2167 contr.
2260 2135 2333 2166 Rull.
2351 2138 2396 2166 60.
2584 2157 2589 2170 ,,

1445 2181 1584 2217 Appetere
1597 2180 1704 2218 &depo
1717 2188 1798 2211 cere:
1821 2179 1865 2207 cui
1875 2177 2010 2207 Recusare
2020 2176 2245 2210 contrariumest,
2260 2174 2304 2204 vel
2317 2174 2453 2203 Abnuere.
2475 2174 2561 2212 Cic.3.
2584 2193 2585 2205 i
2600 2196 2604 2204 .

1464 2218 1583 2255 Philipp.
1597 2227 1639 2254 33.
1673 2218 1705 2248 ld
1716 2227 1774 2246 non
1785 2216 1872 2245 modo
1883 2226 1940 2246 nori
1951 2214 2085 2249 recusem,
2102 2214 2147 2243 sed
2159 2219 2289 2250 appetam
2296 2213 2378 2251 etiam
2389 2219 2470 2249 atque
2480 2213 2564 2251 depo·
2583 2212 2604 2250 {iq

1464 2255 1546 2284 scam.
1569 2256 1633 2285 Sen.
1646 2256 1759 2293 Thyest.
1775 2266 1799 2291 5.
1822 2254 1882 2284 Nec
1895 2252 2172 2288 abnuendum,sidat
2182 2251 2332 2289 imperium
2342 2250 2434 2279 Deus:
2455 2260 2508 2280 nec
2518 2260 2565 2288 ap·
2582 2246 2604 2279 91

1445 2293 1787 2369 Αὲῗπῑὲῑγὲῗέῗὲῠεεϋηετε,
1808 2329 1852 2359 vel
1862 2328 2008 2365 Refiigere,
2021 2327 2164 2357 contraria.
2198 2326 2256 2356 Cic.
2268 2335 2291 2362 3.
2304 2325 2339 2355 de
2346 2325 2410 2355 Nat.
2422 2325 2504 2354 Deot.
2518 2334 2560 2362 33.
2600 2332 2604 2359 1

1252 1799 1308 1836 Qui
1325 1797 1360 1828 ab

2377 2060 2510 2098 Appetiit.

240 2391 308 2410 num
320 2380 417 2417 quinto
426 2379 472 2408 die
482 2378 603 2414 denique
612 2375 725 2414 appulsa
736 2374 782 2403 est.
804 2373 874 2402 lbid.
914 2370 1069 2409 Appellitur
1079 2370 1157 2398 navis
1168 2368 1320 2406 Syracusas.

240 2417 387 2456 Appellere
400 2426 501 2446 navem
515 2422 561 2444 aut
572 2414 683 2443 claffem
702 2413 738 2442 ad
756 2411 850 2440 locum
861 2409 991 2447 aliquem.
1033 2408 1093 2437 Cic.
1106 2416 1131 2444 3.
1151 2408 1186 2436 de
1198 2406 1261 2436 Nat.
1276 2407 1358 2437 Deor.

260 2457 318 2493 Qui
334 2465 419 2493 quum
431 2455 466 2483 ad
479 2451 698 2491 Peloponnesum
716 2449 826 2479 classem
843 2446 998 2486 appulisset.

240 2493 397 2532 Appellere,
409 2492 549 2521 interdum
563 2490 673 2519 videtur
687 2487 809 2518 absolute
821 2487 898 2524 poni.
919 2484 977 2514 Liv.
990 2489 1016 2518 8.
1038 2484 1076 2513 Eo
1087 2493 1161 2513 anno
1173 2484 1359 2513 Alexandrum

260 2532 336 2569 Epiri
349 2540 443 2568 regem
453 2530 481 2559 in
491 2529 597 2558 ltaliam
606 2526 686 2557 classe
694 2524 828 2564 appuliffe
838 2524 951 2553 constat.
974 2522 1094 2559 Quintil.
1114 2521 1132 2550 l.
1143 2531 1168 2558 7.
1189 2532 1212 2550 c.
1225 2532 1252 2557 4.
1282 2522 1360 2551 Patet

259 2570 319 2604 eius
328 2579 343 2598 a
354 2568 532 2597 transmarina
541 2565 772 2604 peregrinatione,
783 2572 869 2600 quum
878 2562 913 2590 ad
926 2560 1002 2589 littus
1012 2560 1088 2589 idem
1102 2559 1264 2597 appulisset:
1285 2559 1359 2589 ledo

259 2607 374 2636 nomine
387 2605 527 2641 suspendit
537 2605 571 2633 se.
600 2604 631 2633 ln
641 2603 731 2641 priore
741 2601 830 2639 potest
840 2599 979 2628 subaudiri
988 2598 1022 2627 Se
1033 2598 1201 2627 accusativus
1212 2607 1218 2627 :
1230 2598 1260 2626 in
1271 2598 1360 2635 poste-

261 2646 330 2674 riore
345 2654 410 2673 vero
420 2644 526 2673 Navem
537 2648 584 2671 aut
595 2642 638 2670 Se.
675 2640 730 2669 Sed
739 2645 880 2675 utcunque
891 2637 930 2665 est
940 2658 947 2670 ,
970 2635 1082 2665 honesta
1094 2636 1132 2664 est
1142 2635 1303 2671 hujusmodi
1319 2636 1360 2665 lo-

260 2683 367 2720 quutio.
405 2682 436 2711 V.
452 2681 567 2710 omnino
580 2679 704 2708 Perizon.
726 2677 761 2706 ad
770 2675 874 2706 Saneiii
884 2674 1004 2705 Minerv.
1018 2674 1034 2703 l.
1047 2685 1074 2709 4.
1088 2683 1112 2703 c.
1124 2684 1150 2708 4.
1160 2683 1187 2702 n.
1202 2682 1246 2710 73.

241 2722 260 2751 Α
285 2719 364 2759 pellit
380 2719 406 2748 se
418 2719 512 2748 homo.
542 2717 607 2747 Ter.
621 2716 690 2746 And.
704 2727 730 2751 4.
744 2718 770 2744 6.
786 2723 826 2743 η.
858 2713 940 2742 Haud
959 2712 1099 2751 auspicato
1115 2711 1170 2740 huc
1187 2721 1232 2741 me
1250 2711 1357 2750 appuli.

260 2731 351 2788 Verba
365 2757 429 2786 sunt
445 2756 575 2789 Critonis,
596 2755 643 2791 qrii
662 2754 727 2782 navi
748 2752 865 2781 Athenas
881 2756 1002 2780 venerat.

241 2795 389 2835 Appellere
401 2794 521 2832 aliquem
531 2793 614 2822 alicui
624 2791 696 2821 loco.
720 2790 790 2827 Virg.
807 2799 831 2826 3.
844 2788 906 2818 AEn.
920 2798 984 2824 715.

321 2834 395 2863 Hinc
409 2842 453 2861 me
463 2830 610 2869 digressum
622 2829 713 2859 vestris
722 2828 789 2857 deus
799 2826 908 2865 appulit
917 2826 980 2855 oris.
1062 2835 1114 2862 pro
1125 2824 1165 2854 Ad
1175 2824 1274 2854 vestras
1287 2835 1356 2855 oras.

239 2872 280 2902 Ad
292 2870 429 2909 scopulos,
439 2870 544 2899 dictum
553 2878 602 2906 per
613 2867 812 2904 metaphoram.
835 2864 892 2893 Cic.
905 2873 955 2901 pro
967 2863 997 2892 C.
1006 2861 1099 2892 Rabir.
1110 2872 1154 2897 ας.
1167 2862 1228 2892 Nec
1239 2869 1298 2892 tuas
1310 2873 1360 2891 un.

259 2920 341 2947 quam
355 2909 475 2938 rationes
491 2907 525 2936 ad
536 2916 583 2935 eos
595 2905 638 2934 sco
662 2905 722 2934 ulos
732 2902 880 2941 appulisses
891 2923 899 2936 ,
921 2901 956 2930 ad
974 2910 1042 2937 quos
1059 2901 1137 2930 Sexti
1146 2900 1215 2930 Titii
1229 2901 1359 2931 afflictam

259 2957 379 2982 navem,
399 2947 425 2976 St
441 2946 468 2974 in
485 2943 584 2982 quibus
596 2943 627 2972 C.
641 2915 759 2972 sjeciani
771 2940 944 2977 naufragium
959 2938 1131 2967 fortunarum
1149 2939 1264 2968 videres.

240 2986 280 3052 Ald
290 2982 499 3052 aliqpemfflCip.
518 2993 539 3011 i.
552 2982 587 3010 de
597 2981 693 3010 Divin.
704 2990 749 3016 44.
774 2978 850 3007 Visus
860 2977 938 3006 estin
946 2976 1048 3005 somnis
1058 2978 1149 3014 pastor
1164 2976 1198 3005 ad
1207 2986 1252 3005 me
1264 2975 1360 3014 appel-

271 3033 324 3052 ere.
358 3023 411 3051 uba
453 3022 460 3050 i
491 3022 529 3049 ire
550 3029 603 3049 em.

240 3060 399 3099 Appellere,
412 3030 565 3098 Applicarge,
576 3057 733 3086 admovere.
755 3052 820 3084 Caes.
828 3063 850 3082 1.
862 3051 930 3082 Bell.
941 3050 1070 3081 Civil.26.
1093 3050 1197 3080 Contra
1206 3052 1267 3080 haec
1280 3052 1360 3081 Pom-

259 3100 433 3165 1ἓέἓὶἓὲῗὸ
446 3089 1358 3165 ”itifflffssztzflssiffa3223&AE3555252322‘3k1fi“Stsre‘ffffiffiffi‘sss’

261 3175 362 3203 mentis
374 3196 381 3209 ,
402 3175 428 3203 ἃ
447 3172 525 3202 omni
547 3179 648 3209 genere
657 3169 776 3199 telorum
793 3165 946 3204 completas
958 3187 966 3198 ,
985 3165 1021 3193 ad
1034 3174 1117 3202 opera
1134 3165 1244 3195 Caesaris
1263 3165 1360 3203 appel.

260 3211 353 3240 lebat:
374 3218 405 3240 ut
414 3218 484 3240 rates
496 3214 703 3246 perrumperet,
723 3212 806 3242 atque
818 3214 902 3242 opera
912 3202 1081 3232 disturbaret.

242 3249 283 3278 Ad
294 3259 392 3286 aquam
404 3248 534 3277 animalia
544 3247 588 3283 ‚j.
601 3256 625 3275 e.
642 3245 741 3275 Potum
749 3252 838 3280 agere.
859 3242 942 3270 Varro
952 3250 978 3269 2.
994 3240 1029 3268 de
1042 3240 1069 3268 R.
1083 3239 1113 3268 R.
1136 3249 1196 3277 cap.
1212 3250 1235 3273 ς.
1258 3239 1359 3271 IEstate

260 3287 295 3315 ad
303 3296 424 3323 aquama
447 3285 610 3324 pellendum
620 3283 678 3317 bis,
699 3282 799 3319 hyeme
811 3279 902 3309 seinel.
924 3279 941 3307 i.
960 3288 983 3307 e.
1008 3277 1186 3315 Appeilendae
1202 3276 1272 3306 sunt.
1312 3279 1358 3307 Sic

261 3324 336 3352 enim
345 3324 401 3352 fere
440 3333 498 3352 arro
507 3323 639 3360 loquitur.
667 3320 710 3350 Est
718 3326 810 3348 autem
821 3317 891 3346 illud
902 3317 936 3346 de
951 3316 1040 3345 vaccis
1052 3316 1164 3344 dicium.

243 3360 386 3398 Appellere
394 3362 516 3390 animum
530 3361 565 3389 ad
575 3359 689 3397 aliquid.
709 3357 774 3387 Ter.
788 3355 858 3394 prol.
869 3354 938 3384 And.
954 3363 978 3382 1.
993 3353 1124 3382 Animum
1136 3352 1170 3380 ad
1180 3350 1357 3382 scribendum

261 3398 376 3463 appulp.
397 3398 424 3427 h.
440 3409 464 3427 e.
486 3397 627 3433 Adhibuit,
643 3395 779 3433 adjunxit,
791 3393 943 3432 applicuit:
956 3391 1032 3429 quod
1039 3390 1076 3419 est
1088 3392 1123 3420 Se
1135 3390 1169 3419 ad
1180 3389 1357 3421 scribendum

261 3442 345 3465 contu
360 3442 388 3464 it.

242 3473 282 3502 Ad
296 3482 409 3502 uxorem
418 3474 542 3502 animum
553 3471 671 3510 appulit.
693 3470 758 3500 Ter.
772 3468 841 3499 And.
856 3477 882 3497 2.
895 3470 920 3496 6.
936 3476 977 3502 ις.

242 3510 368 3539 Mentem
378 3511 412 3538 ad
427 3510 639 3548 philosophiam.
662 3510 720 3539 Cic.
732 3519 756 3538 2.
777 3508 811 3537 de
821 3506 898 3536 Orat.
913 3515 970 3541 154.
991 3502 1105 3533 Timide
1115 3509 1245 3540 tanquam
1259 3503 1294 3531 ad
1309 3503 1359 3533 ali.

280 3558 343 3577 uem
355 3547 480 3576 libidinis
493 3548 646 3585 scopulum,
656 3548 692 3576 lic
701 3554 776 3576 tuam
788 3552 912 3574 mentem
920 3543 954 3572 ad
964 3540 1168 3580 philosophiam
1181 3540 1316 3577 appulisti.

243 3586 261 3613 A
277 3586 366 3622 iquem
376 3585 412 3613 ad
421 3585 540 3621 aliquem
550 3585 714 3621 velaliquid.
742 3584 827 3613 Plaut.
838 3580 912 3611 Rud.
925 3592 951 3616 4.
965 3590 989 3616 3.
1003 3589 1064 3613 104.
1099 3578 1139 3606 Ad
1152 3578 1276 3613 ignotum
1288 3578 1357 3607 arbi-

261 3629 334 3651 trum
345 3631 388 3650 me
399 3622 525 3659 appellis.
564 3622 677 3651 Videtur
686 3622 797 3658 antique
811 3621 916 3649 dictum
927 3628 977 3656 pro
988 3617 1079 3654 Cogis,
1099 3616 1256 3652 compellis,
1269 3616 1356 3644 addu-

260 3660 308 3688 cis.
338 3659 526 3688 ldemAliii.2.
539 3668 561 3692 ³.
573 3669 617 3694 43-
639 3660 749 3696 Argenti
764 3659 861 3697 viginti
873 3657 956 3686 ininae
968 3678 976 3690 ‚
1001 3664 1046 3683 me
1063 3653 1098 3682 ad
1111 3660 1230 3682 mortem
1241 3653 1356 3691 appule-

260 3702 330 3725 runt.
356 3696 429 3733 quasi
440 3697 523 3731 dicat,
540 3696 610 3725 Pene
618 3697 652 3725 ad
663 3704 781 3726 mortem
791 3705 877 3732 usque
888 3704 932 3723 ine
943 3691 1148 3730 compulerunt.

204 3736 296 3765 Apro
307 3744 341 3761 i,s
352 3743 390 3762 us
402 3755 408 3767 ‚
429 3743 462 3767 a,
484 3743 537 3762 um.
560 3733 655 3762 Partic.
676 3735 690 3769 [
707 3734 882 3769 σιςοαιςμιιθὰς
899 3732 911 3768 ]
932 3738 981 3765 ut,
1003 3728 1128 3768 Appulsae
1138 3738 1223 3765 aquae.
1245 3727 1303 3757 Cic.
1325 3737 1350 3765 7.

240 3772 314 3800 Verr.
329 3780 371 3805 51.
396 3770 430 3799 Ut
440 3780 486 3799 eos
496 3771 541 3807 qui
551 3770 638 3799 eii'ent
649 3771 755 3807 appulsi
770 3770 886 3807 navigiis
900 3768 1053 3798 interficere
1063 3766 1179 3810 pollent.

202 3810 245 3838 ΛΡ
257 3818 296 3837 PU
307 3816 342 3835 es
354 3817 392 3836 US
404 3829 411 3841 5
445 3810 481 3836 [18-
506 3818 541 3836 m.
566 3809 747 3842 [wectepmm
762 3809 775 3842 ]
795 3810 833 3836 est
849 3807 974 3836 Accelsus
993 3807 1039 3843 qui
1058 3807 1087 3834 iit
1106 3804 1224 3841 navigio.
1252 3802 1310 3832 Liv.
1325 3813 1351 3840 7.

239 3845 305 3875 Bell.
317 3845 381 3887 Puri.
405 3844 440 3873 Ut
451 3845 589 3886 Attalum3
611 3854 693 3881 quem
704 3845 783 3873 clauc
796 3845 930 3874 Euboeam
943 3845 1093 3882 petiturum
1104 3842 1244 3876 audierat,
1258 3847 1353 3879 portu-

238 3884 288 3912 bus
301 3882 334 3910 ab
350 3882 597 3922 littorum-appullu
608 3890 719 3911 arceret.
741 3883 758 3910 i.
776 3892 799 3910 e.
836 3883 870 3911 Ut
884 3882 1044 3920 prohiberet
1061 3890 1125 3910 eum
1136 3902 1144 3914 ,
1166 3889 1201 3908 ne
1211 3880 1245 3908 ad
1255 3886 1350 3917 portus

237 3929 284 3950 aut
300 3920 392 3948 littora
409 3919 517 3947 clzilleni
529 3918 687 3955 appelleret.

236 3957 370 4024 Appulsiis
380 3956 460 3988 Solis,
471 3965 519 3992 per
529 3957 651 3992 metaph.
666 3965 715 3993 pro
725 3956 795 3985 Solis
805 3956 920 3989 accessu,
932 3956 977 3985 cui
987 3956 1140 3993 opponitur
1152 3954 1290 3984 Absceffus
1301 3953 1349 3983 So.

263 4006 293 4024 is.
317 3996 375 4023 Cic.
390 4005 410 4022 1.
432 3995 467 4021 de
479 3994 541 4022 Nat.
556 3993 637 4021 Deor.
654 4003 698 4029 ²4-
727 3996 899 4030 Atquererrae
908 3994 1041 4022 maximas
1050 3994 1176 4029 regiones
1186 3992 1350 4022 inhabitam<

1462 2370 1640 2407 Appetuntur
1656 2377 1750 2398 autem
1760 2378 1820 2406 quae
1831 2367 1984 2396 secundum
1995 2372 2121 2395 naturam
2135 2364 2207 2400 sunt,
2219 2364 2395 2394 declinantur
2406 2364 2560 2393 contraria:
2584 2390 2585 2393 ,
2600 2383 2604 2396 ,

1464 2409 1490 2436 ὁὶ
1501 2417 1586 2436 omne
1605 2407 1709 2436 animal
1719 2407 1828 2443 appetit
1842 2405 1967 2442 quaedam
1979 2426 1986 2439 ,
2006 2413 2022 2432 a
2032 2402 2198 2440 quibusdam
2209 2402 2318 2439 refugit.
2560 2413 2562 2417 ’
2597 2397 2602 2404 ’

1444 2445 1583 2483 Appetere
1593 2445 1685 2479 alicui,
1707 2446 1733 2474 &
1743 2443 1888 2474 Reservare
1898 2465 1906 2478 ,
1928 2441 2013 2472 veluti
2024 2441 2158 2479 opposita.
2181 2439 2239 2470 Cic.
2253 2443 2278 2469 6.
2295 2439 2368 2468 Verr.
2383 2448 2443 2468 121.
2470 2438 2502 2468 In
2511 2438 2562 2468 hac
2588 2447 2604 2467 ii

1464 2484 1616 2521 partitione
1637 2491 1749 2512 ornatus
1760 2504 1767 2516 ,
1791 2491 1848 2511 non
1859 2480 1921 2518 plus
1935 2480 2051 2509 viifioria
2064 2477 2192 2508 Marcelli
2200 2477 2307 2515 Populo
2321 2477 2450 2506 Romano
2459 2476 2563 2515 appeti-
2588 2475 2590 2487 '

1463 2522 1520 2557 vit,
1543 2531 1625 2557 quam
1637 2521 1794 2550 humanitas
1807 2518 1980 2557 Syracusanis
2001 2517 2153 2546 reservavit.
2177 2516 2333 2554 Appetivit,
2354 2515 2381 2545 h.
2398 2525 2424 2545 e.
2445 2513 2562 2552 Aequisi-
2583 2514 2604 2538 1

1462 2559 1510 2588 vit.
1549 2561 1564 2595 [
1576 2559 1665 2588 lnimo
1681 2559 1773 2596 potius
1784 2557 1929 2593 Acquirere
1941 2555 2064 2590 studuit,
2086 2554 2201 2592 cupivit.
2584 2558 2585 2569 ¹

1443 2597 1601 2626 Amicitiam
1616 2604 1757 2634 appeare.
1781 2595 1847 2625 Caes.
1862 2605 1884 2623 1.
1897 2594 1964 2624 Bell.
1977 2592 2049 2623 Gall.
2062 2603 2108 2628 40.
2584 2622 2585 2625 Ἴ

1442 2634 1529 2664 Bona.
1553 2635 1610 2664 Cic.
1623 2646 1648 2669 4·
1658 2634 1739 2664 Tusc.
1752 2644 1761 2662 1
1769 2643 1793 2668 ³·
1817 2633 2016 2670 Quoniamque
2026 2638 2057 2660 ut
2066 2630 2151 2666 bona,
2162 2634 2258 2659 natura
2267 2629 2425 2667 appetimus
2437 2637 2444 2658 :
2464 2627 2500 2658 fic
2510 2629 2535 2658 &
2545 2637 2561 2658 a
2582 2644 2584 2652 ι
2603 2632 2604 2635 ’

1462 2672 1541 2701 malis
1552 2695 1560 2707 ,
1582 2679 1680 2702 natura
1696 2671 1878 2701 declinamus.

1442 2710 1614 2740 Inimicitias.
1633 2710 1746 2748 Cic.pro
1758 2708 1854 2738 Milon.
1865 2717 1925 2737 101.
1936 2707 1994 2745 Ego
2004 2706 2166 2736 inimicitias
2176 2712 2325 2743 potentum
2334 2709 2420 2742 prote
2431 2702 2561 2742 appetivi.
2588 2706 2589 2742 ζ

1442 2748 1576 2778 Laudem.
1599 2748 1657 2778 Cic.
1670 2752 1695 2777 6.
1708 2748 1779 2777 Verr.
1811 2746 1878 2776 Non
1889 2745 2009 2775 alienam
2018 2744 2089 2774 mihi
2103 2743 2216 2773 laudem
2226 2749 2340 2781 appeto.
2360 2742 2415 2778 Sic,
2428 2744 2561 2780 Appetere
2582 2747 2585 2756 ·’
2602 2750 2604 2767 :

1461 2786 1592 2821 gloriam,
1614 2787 1690 2824 apud
1702 2785 1833 2815 eundem.
2588 2776 2589 2784 ¹

1442 2822 1574 2853 Mortem.
1598 2824 1655 2853 Cic.
1677 2824 1712 2852 de
1723 2824 1830 2852 Sene&
1843 2825 1886 2851 62.

1442 2862 1580 2899 Regnum.
1603 2862 1667 2891 Caes.
1686 2871 1710 2898 7.
1719 2860 1786 2890 Bell.
1797 2860 1866 2890 Gall.
1877 2868 1938 2896 cap.
1953 2869 1979 2894 4·
2013 2857 2049 2887 Et
2059 2867 2121 2886 eam
2131 2855 2168 2886 ob
2179 2856 2297 2890 causam,
2310 2855 2386 2893 quod
2394 2864 2507 2893 regnum
2516 2863 2561 2893 ap-
2583 2866 2586 2875 ⁶

1462 2900 1575 2937 petebat
1586 2922 1593 2934 ,
1615 2900 1649 2929 ab
1668 2899 1779 2928 civitate
1790 2904 1846 2927 erat
1858 2897 2029 2926 interfectus.
2052 2895 2101 2924 Cic
2111 2905 2161 2932 pro
2171 2894 2262 2923 Domo
2274 2894 2319 2923 sua
2334 2903 2395 2922 101.
2584 2896 2585 2924 1

1443 2937 1631 2975 Voluptatem.
1663 2938 1720 2967 Cic.
1738 2947 1760 2966 i.
1774 2937 1810 2966 de
1818 2935 1878 2965 Fin.
1894 2945 1936 2971 51.
1970 2934 2064 2963 Omne
2076 2933 2196 2968 animal,
2217 2932 2388 2969 simulatque
2398 2938 2495 2960 natum
2505 2929 2559 2965 est,
2584 2935 2586 2956 L

1462 2975 1634 3013 voluptatem
1654 2976 1770 3013 appetit.

1441 3014 1580 3051 Appetere
1591 3014 1634 3042 ad.
1657 3014 1713 3042 Cic.
1726 3023 1751 3041 2.
1772 3012 1806 3041 de
1816 3009 1909 3048 Legib.
1923 3018 1983 3045 152.
2021 3009 2078 3045 Qui
2089 3008 2120 3038 sit
2128 3007 2204 3046 quod
2214 3007 2304 3043 adjus
2315 3005 2502 3045 pontificium,
2523 3004 2560 3035 ci-
2582 3011 2586 3047 ᾗ

1460 3051 1516 3080 vile
1535 3052 1671 3089 appetatis
1683 3073 1690 3085 ,
1712 3060 1811 3088 quaero.
2587 3062 2604 3071 ..

1442 3089 1581 3127 Appetere
1594 3089 1640 3118 libi
1652 3088 1757 3126 aliquid
1769 3087 1814 3116 de.
1833 3086 1892 3115 Cic.
1904 3095 1928 3122 3.
1939 3085 1974 3114 de
1985 3084 2062 3114 Orat.
2077 3087 2137 3114 126.
2167 3083 2312 3121 Quantum
2328 3081 2368 3111 illi
2379 3081 2429 3119 ipsi
2440 3087 2559 3111 oratores
2582 3085 2586 3110 1

1462 3128 1497 3156 de
1517 3127 1726 3164 praeclarilsimis
1745 3125 1848 3154 artibus
1865 3123 2059 3161 appetiverint.

1441 3168 1579 3203 Appetere
1593 3165 1736 3202 quidpiam
1754 3164 1783 3192 in
1801 3161 1903 3198 aliqua.
1923 3159 2042 3190 Martial.
2058 3158 2106 3188 lib.
2130 3169 2151 3187 1.
2166 3168 2209 3188 11.

1523 3203 1638 3232 Adeone
1660 3201 1776 3240 pulchra
1795 3200 1858 3229 est?
1880 3200 1936 3227 imo
1956 3198 2059 3227 i'oedius
2079 3197 2117 3225 nil
2140 3196 2198 3226 est:

1523 3241 1602 3276 Quid
1616 3250 1681 3276 ergo
1703 3240 1729 3268 iri
1750 3238 1797 3268 illa
1816 3237 1973 3275 appetitur,
2003 3237 2028 3265 ἃ
2051 3234 2144 3272 placet
2158 3236 2171 3263 ἶ)
2191 3232 2275 3263 tuffit.

1442 3278 1580 3315 Appetere
1592 3300 1599 3311 ,
1620 3288 1670 3315 pro
1682 3276 1848 3307 Desiderare.
1873 3275 1942 3303 Hirt.
1956 3273 2066 3302 deBeil.
2083 3272 2158 3301 Alex.
2174 3282 2216 3307 39.
2252 3268 2351 3305 Neque
2360 3270 2386 3300 se
2396 3275 2457 3300 tuto
2465 3267 2558 3299 disces
2583 3278 2586 3294 i

1461 3316 1553 3345 surum
1565 3315 1755 3345 arbitraretur:
1777 3313 1795 3342 li
1809 3312 1989 3342 conditiones
2006 3320 2072 3347 quas
2083 3311 2216 3346 rejecerat
2226 3331 2234 3344 ,
2253 3307 2341 3338 rursus
2354 3315 2505 3346 appeteret.
2527 3337 2530 3340 Δ

1442 3354 1581 3390 Appetere
1592 3364 1641 3390 per
1653 3353 1802 3382 avaritiam.
1836 3350 1893 3380 Cic.
1905 3359 1955 3388 pro
1965 3349 2044 3378 Rosc.
2059 3348 2137 3377 Com.
2151 3358 2194 3384 55.
2222 3347 2257 3376 Et
2266 3346 2396 3376 Roscium
2413 3347 2556 3383 quicquam
2582 3367 2586 3381 ,

1462 3402 1510 3428 per
1526 3392 1667 3420 avaritiam
1680 3389 1820 3429 appetisse.
2583 3389 2585 3395 ⁴

1441 3428 1581 3466 Europam
1601 3436 1733 3467 appetere
1753 3432 1878 3456 conatur.
1900 3423 1929 3453 h.
1946 3434 1969 3453 e.
1993 3423 2136 3453 Pervenire
2151 3424 2180 3452 in
2191 3423 2340 3460 Europam.
2374 3420 2432 3450 Cic.
2453 3420 2502 3488 Ep.
2521 3418 2557 3448 ad

1461 3466 1535 3496 Brut.
1550 3477 1575 3495 2.
1600 3468 1712 3496 Adeone
1723 3465 1810 3503 copiis
1819 3462 1953 3494 abundat,
1967 3468 1996 3490 ut
2007 3462 2028 3490 is
2040 3462 2086 3498 qui
2099 3470 2133 3490 ex
2142 3461 2198 3490 Asia
2208 3461 2301 3498 fugere
2310 3459 2464 3494 dicebatur,
2497 3466 2544 3487 uro

1461 3514 1525 3541 pani
1537 3511 1667 3542 appetere
1675 3510 1792 3532 conetur
1806 3503 1819 3530 ἰ)
1840 3501 1881 3537 [i.
1900 3510 1923 3529 e.
1946 3499 2094 3534 Invadere‚
2116 3508 2263 3536 occupare,
2275 3497 2320 3526 vel
2337 3497 2429 3534 potiri.

1441 3542 1589 3579 Appetere,
1612 3542 1647 3570 ad
1658 3541 1768 3570 alterius
1781 3539 1934 3577 perniciem
1945 3538 2087 3566 interdurn
2097 3536 2222 3570 refertur,
2241 3535 2317 3573 quod
2325 3535 2446 3564 usitatius
2456 3532 2555 3562 dicitur

1460 3579 1564 3614 Petere,
1582 3580 1728 3612 invadere.
1748 3577 1878 3615 aggredi:
1903 3582 1943 3609 ut,
1962 3576 2100 3612 Appetere
2111 3575 2195 3603 vitain
2216 3573 2352 3602 hominis:
2374 3572 2392 3601 i.
2410 3581 2434 3600 e.
2457 3568 2554 3603 Conari

1460 3627 1524 3646 eum
1537 3617 1661 3655 perdere,
1675 3617 1720 3654 seu
1731 3615 1892 3645 interlicere.
1914 3613 1978 3642 Cass.
1991 3622 2015 3641 2.
2033 3612 2099 3641 Bell.
2116 3611 2197 3640 Civil.
2211 3620 2234 3640 c.
2251 3620 2295 3646 ις.
2318 3610 2470 3639 Humerum
2480 3615 2555 3645 aper·

1462 3661 1522 3684 tum
1534 3654 1626 3691 gladio
1637 3655 1752 3692 appetit.
1774 3652 1858 3689 Liv.7.
1871 3651 1904 3680 ab
1914 3650 1996 3685 Urbe,
2009 3650 2064 3679 Sed
2073 3650 2295 3686 quotiescunque
2306 3654 2444 3676 certarnen
2456 3645 2553 3675 initum
2584 3650 2585 3654 ’

1460 3693 1507 3726 est,
1521 3692 1613 3721 levans
1623 3692 1648 3721 se
1659 3693 1717 3727 alis,
1734 3701 1765 3720 os
1779 3691 1931 3725 oculosque
1943 3687 2036 3721 hostis,
2057 3688 2141 3716 rostro
2157 3688 2183 3716 Sc
2193 3685 2332 3723 unguibus
2341 3695 2375 3723 ap
2398 3685 2455 3713 etit.
2531 3718 2537 3725 ·

1439 3730 1578 3766 Appetere
1589 3730 1715 3759 dextram
1725 3728 1841 3763 osculis,
1863 3725 1997 3756 Osculari.
2022 3725 2088 3754 Plin.
2101 3724 2148 3753 lib.
2164 3734 2205 3753 11.
2223 3733 2338 3758 cap.·45.
2391 3722 2448 3751 nest
2459 3722 2484 3750 ἃς
2495 3719 2553 3749 aliis
2584 3734 2585 3738 =

1457 3768 1582 3810 parti—bris
1592 3769 1717 3803 quaedam
1729 3767 1826 3804 religio
1838 3787 1846 3800 ,
1867 3765 1934 3793 sicut
1945 3763 2041 3792 dextra
2055 3762 2154 3792 osculis
2166 3761 2276 3791 adversa
2286 3760 2425 3799 appetitur
2434 3781 2442 3795 ,
2462 3756 2553 3787 infide
2584 3768 2585 3799 j

1459 3812 1614 3841 porl'lgltlll'.
2584 3811 2585 3826 l

1437 3841 1575 3905 Appetere
1590 3842 1695 3879 aliquid
1715 3841 1841 3871 manibus
1857 3861 1865 3875 ‚
1889 3839 1928 3867 est
1947 3838 2047 3867 Conari
2066 3837 2172 3874 aliquid
2192 3835 2321 3865 manibus
2334 3832 2550 3873 apprehendere.
2584 3830 2596 3859 l*

1484 3901 1490 3907 .
1513 3889 1728 3909 APPE'i'i'rxo.

1436 3915 1588 3958 Mammam
1601 3917 1658 3945 Cic.
1671 3928 1695 3946 2.
1711 3915 1854 3946 detDivin.
1866 3919 1910 3948 85·
1934 3912 2137 3951 PuerJuppiter
2146 3910 2327 3947 cuinJunone
2337 3911 2366 3940 in
2377 3908 2481 3947 gremio
2490 3906 2553 3936 For·
2584 3931 2585 3934 ,

1455 3960 1529 3983 tunae
1546 3954 1662 3991 ludens,
1685 3963 1834 3985 mammam
1849 3958 2000 3989 appetens,
2022 3952 2072 3980 ἃς.
2106 3949 2152 3979 Sic
2475 3981 2507 4012 M
