2600 4177
414 104 442 140 A
538 104 571 140 U
668 105 699 141 R

25 184 143 217 Avari*
155 194 183 219 s,
207 184 265 218 Adi.
287 184 406 221 [χρυσές
417 207 426 220 ,
443 186 590 221 χρυσεῖῶι]
609 185 696 223 Quod
711 186 748 216 est
760 195 796 216 ex
812 197 888 218 auro.
909 192 958 224 ut,
980 189 1073 219 Aureae
1086 188 1181 220 litere.

60 221 127 252 Plin.
140 222 187 250 lib.
200 233 224 258 7.
236 232 296 258 cap.
312 231 355 257 32.
379 223 432 257 Et,
456 224 543 252 Aurea
557 224 641 254 bulla.
672 224 759 254 Plaut.
774 225 847 255 Rud.
861 237 888 262 4.
901 237 928 262 4.
947 235 1008 263 127.

59 259 133 290 ffitns
143 269 234 288 aurea.
257 260 341 289 Ovid.
361 269 385 289 1.
405 260 474 289 Met.
488 266 532 296 89.

61 295 145 327 Barba
155 306 244 326 aurea.
267 297 334 326 Pers.
348 307 373 326 2.
387 297 442 327 Sat.
464 304 507 332 58.

141 334 271 371 Prrecipui
287 334 367 364 sunto
378 357 386 370 ‚
413 335 498 372 sitque
516 335 571 365 illis
588 346 670 365 aurea
686 337 778 367 barba.
881 337 944 367 Hoc
963 338 1087 368 Persiano
1106 338 1182 366 velut

80 372 264 409 aenigmitate,
286 372 362 409 quod
382 372 522 410 plerisque
540 383 597 402 non
612 372 650 403 est
659 374 695 403 ita
709 375 842 410 obvlum,
863 374 1013 405 Turnebus
1039 376 1182 412 significari

79 410 336 448 putatsummorum
346 410 479 445 deorum,
500 417 532 439 ut
551 410 627 446 Jovis
641 421 673 440 ac
694 413 819 450 Neptuni
832 412 880 441 insi
903 414 947 442 nia
964 415 1181 442 &ornamentffi

79 448 176 485 utpari
187 447 294 476 honore
304 469 312 483 ‚
334 449 380 484 qui
392 458 455 477 vera
469 448 592 477 miserint
601 449 707 478 somnia
719 450 817 479 heroes
832 452 858 480 8<
890 451 993 479 eniidei
1009 451 1162 480 afficiantur
1175 472 1182 483 .

80 494 113 514 ac
122 484 263 523 supremus
273 485 390 523 Jupiter.
430 486 546 515 Sueton.
566 486 594 515 id
606 487 716 516 videtur
730 488 853 516 indicare
866 488 901 517 sic
915 488 1035 517 scribens
1055 490 1083 516 in
1098 488 1183 524 Calig.

79 532 139 560 cap.
157 532 199 557 52.
240 522 404 560 Plerumque
420 533 486 552 vero
506 524 677 561 (processit)
700 534 781 554 aurea
793 525 876 555 barba
887 526 994 555 fulmen
1011 534 1128 563 teneris,
1153 535 1185 555 ac

80 561 230 593 fuscinam,
251 566 298 590 aut
311 561 467 590 caduceum
480 583 488 597 ,
509 562 627 591 deorum
641 563 765 600 insignia.

61 598 197 628 Caesaries.
220 598 292 635 Virg.
307 604 332 632 8.
351 599 412 628 ffin.
430 603 493 634 659.

17 668 18 675 ἵ
62 636 161 672 Color,
182 637 245 665 Auri
257 635 380 665 colorem
392 637 523 666 referens.
544 637 614 666 Plin.
632 637 683 667 lib.
698 647 740 667 11.
757 647 819 676 cap.
835 648 878 675 15.

253 690 290 695 —
300 673 391 703 barbae
401 674 479 703 color
489 685 588 704 aureus
599 685 606 704 z
629 684 766 713 aureaque

99 711 139 741 Ex
151 710 275 741 humeris
285 712 393 740 medios
406 722 486 742 coma
497 712 685 742 descendebat
698 714 727 742 in
736 723 835 744 armos.
897 714 1031 744 Ovid.12.
1045 713 1112 744 Met.
1120 722 1130 748 3
1138 724 1183 749 9ς.

63 749 174 784 Conjux
182 759 271 779 aurea.
289 749 564 787 Virg.7.}En.189.de
577 751 665 781 Circe.
678 752 733 780 Sed
747 752 784 780 est
796 753 849 781 hoc
867 751 930 782 loco
940 753 1038 787 ironia,
1054 753 1082 781 in
1098 752 1187 782 diver<

79 786 189 823 sumque
201 794 305 825 partem
316 788 512 823 accipiendum
525 810 532 823 ‚
554 796 604 826 pro
614 789 701 827 Turpi
714 790 740 818 ἃ
753 790 905 820 inamabili.
949 791 977 820 V.
999 791 1074 820 Serv.
1088 791 1116 818 in
1128 790 1183 818 loc.

80 827 95 861 [
108 825 162 854 Nili
177 826 271 862 potius
282 825 452 863 Synaloephe
464 826 511 859 est,
528 827 616 856 Aurea
625 826 874 865 percussumvirga.
897 829 964 858 utin
979 827 1112 866 superiori
1122 827 1187 857 loco

80 863 187 892 Ovidii.
214 863 298 892 Sexto
307 862 368 892 casu
377 863 432 892 scil.
445 864 476 893 V.
491 863 598 901 Erythr.
610 865 671 895 Ind.
684 864 841 903 &interpp
855 866 889 895 ad
906 877 929 896 1.
946 867 1009 897 AEn.
1021 870 1085 902 698.

62 900 152 938 Copia
167 910 246 930 aurea
257 923 265 935 ,
286 901 370 931 Dives
389 903 414 931 Sc
428 901 583 932 abundans.
623 902 691 932 Hor.
704 912 727 932 1.
747 903 828 941 Epist.
842 913 883 934 12.
897 910 942 939 28.
977 904 1066 942 Copia
1087 904 1142 933 hoc
1157 903 1187 932 in

79 938 142 967 loco
155 938 286 976 significat
297 939 384 968 Deam
396 939 537 969 ubertatis.

17 1006 18 1015 ἵ
63 976 164 1006 Currus
180 978 255 1006 aurei
269 978 299 1006 in
310 977 424 1007 Horatio
444 977 540 1006 leviter
555 978 706 1008 audiuntur
720 1000 727 1013 ,
750 988 804 1008 nec
819 980 989 1010 attendimus
1006 979 1075 1010 tales
1091 979 1187 1009 trium-

80 1014 227 1053 phantium
243 1016 424 1053 Augustorum
435 1015 513 1045 fnisse
521 1025 624 1046 currus.
666 1016 712 1046 Sic
723 1024 816 1046 autem
828 1017 921 1048 scribit
932 1020 962 1047 in
975 1018 1065 1057 Epod.
1080 1029 1106 1054 9.
1120 1027 1166 1046 21.

141 1052 172 1082 10
191 1054 332 1091 triumphe
343 1076 350 1088 ,
375 1060 404 1083 tu
421 1055 535 1083 moraris
546 1063 643 1084 aureos

142 1090 244 1120 Currus
255 1114 262 1126 ,
284 1092 434 1121 &intac'tas
446 1091 541 1121 boves.
624 1092 687 1122 Hoc
696 1102 731 1121 ex
748 1092 909 1123 Philostrato
919 1094 949 1123 in
962 1094 1061 1124 Dionis
1078 1094 1133 1123 vita
1150 1093 1187 1123 sa·

82 1127 117 1157 tis
127 1135 259 1166 apparet,
278 1139 361 1166 quem
374 1130 446 1158 vide.
489 1129 539 1159 Etsi
552 1135 646 1159 autem
658 1137 733 1160 certa
741 1131 867 1168 quaedam
877 1132 965 1161 forma
972 1131 1188 1169 erattriumpha.

81 1166 115 1195 lis
126 1176 220 1196 currus
233 1189 240 1201 ,
263 1173 355 1196 tamen
365 1177 397 1196 ea
411 1167 574 1205 Imperatori
583 1169 706 1198 ornatior
721 1170 747 1199 ὅ(
757 1169 902 1207 pretiosior
913 1191 922 1205 ‚
943 1180 1026 1208 quam
1038 1170 1098 1200 aliis
1110 1170 1188 1200 duci*

80 1201 133 1233 bus
145 1204 298 1242 parabatur.
338 1205 496 1235 Turnebus.

61 1241 143 1272 Dicta
153 1252 233 1272 aurea
243 1265 251 1278 ,
272 1243 478 1281 Elegantiffima
490 1245 516 1273 Sc
526 1243 654 1274 niaximae
665 1244 801 1275 utilitatIs.
825 1246 933 1276 Lucret.
947 1245 996 1276 lib.
1009 1255 1033 1284 3.
1049 1256 1091 1277 12.

63 1278 157 1310 Funis.
182 1280 289 1311 Lucret.
306 1291 332 1311 2.
348 1292 358 1310 1
367 1292 428 1317 154.
762 1318 764 1321 .

141 1318 224 1348 Haud
244 1320 297 1353 (ut
310 1320 411 1357 opinor
422 1319 497 1348 enim
511 1320 523 1355 )
543 1320 670 1350 mortalia
680 1320 880 1360 secl-a‘superne

143 1357 229 1386 Aurea
240 1357 349 1387 demifit
359 1358 394 1387 de
403 1358 476 1387 coelo
485 1358 557 1387 funis
569 1359 598 1387 in
610 1369 681 1388 arva.
799 1361 854 1390 Sed
866 1361 920 1391 hoc
931 1360 966 1391 ab
980 1360 1105 1390 Homero
1114 1359 1185 1390 surii-

79 1400 160 1433 ptum
170 1395 208 1424 est
217 1417 225 1429 ‚
247 1395 276 1424 Il.
288 1399 308 1425 θ.
326 1401 368 1430 18.
390 1396 465 1434 apud
476 1405 558 1433 quem
569 1398 656 1426 Aurea
667 1402 764 1426 catena
775 1418 783 1433 7
806 1399 851 1428 vel
865 1399 939 1429 funis
960 1400 1014 1435 (ut
1026 1399 1188 1436 interpreta=

80 1440 125 1461 tur
141 1432 309 1469 Lucretius)
329 1434 364 1463 de
379 1434 453 1463 coelo
468 1433 607 1471 religatur.
648 1434 725 1464 Plato
749 1443 841 1466 autem
856 1437 887 1466 in
902 1437 1048 1467 Theaeteto
1067 1438 1186 1466 Aureum

80 1470 155 1507 apud
170 1471 322 1501 Homerum
333 1472 430 1501 funem
445 1471 640 1510 interpretatur
655 1473 749 1503 Solem
760 1474 831 1509 effe.
852 1481 884 1504 ut
897 1476 981 1505 etiam
1001 1475 1185 1504 eruditissimo

80 1509 139 1538 viro
151 1508 286 1539 Lambino
297 1509 398 1547 placet.
412 1511 563 1539 Annotavit
573 1511 766 1541 &Turnebus
779 1512 809 1541 V.
823 1512 902 1542 Fabri
912 1514 977 1543 Not.
987 1514 1017 1542 in
1028 1512 1185 1542 l.c.Lucret.

61 1546 144 1577 Gens.
168 1547 239 1583 Virg.
251 1559 278 1582 4.
303 1547 358 1577 Ecl.
371 1558 396 1582 9.
419 1549 437 1577 1.
452 1557 475 1577 e.
498 1548 623 1586 Optima.
665 1549 696 1579 V.
720 1549 817 1579 Mores
827 1573 835 1585 ,
856 1550 964 1581 Secula.

61 1584 161 1620 Horae,
184 1582 284 1615 Czitull.
307 1586 407 1616 Aureas
417 1592 500 1615 vocat
509 1587 552 1615 vel
565 1587 611 1617 Ob
625 1587 682 1617 diei
694 1587 847 1618 claritatem
857 1611 865 1622 .
887 1590 932 1619 vel
944 1589 1017 1627 Quia
1030 1588 1187 1627 pretiosiffia·

79 1632 124 1652 ma
136 1633 178 1652 res
188 1623 338 1662 fittempus
346 1646 354 1660 ,
377 1630 475 1661 utpote
485 1625 563 1661 cujus
573 1625 604 1655 iit
616 1626 921 1665 jadturairreparabilis.

60 1659 164 1698 Imago.
190 1661 276 1692 Ovid.
289 1672 333 1692 20.
351 1662 434 1700 Epist.
448 1671 512 1700 237.

61 1697 147 1729 Luna.
170 1699 255 1729 Ovid.
269 1710 311 1729 10.
324 1700 467 1736 Met.448.

61 1736 179 1768 Malum.
202 1737 274 1775 Virg.
287 1747 311 1773 3.
330 1738 390 1768 Ecl.
402 1747 447 1775 71.
620 1771 621 1774 Ἴ

141 1775 228 1805 Aurea
236 1775 308 1806 mala
316 1776 415 1805 decem
427 1775 485 1805 misi
498 1799 506 1811 ‚
527 1786 585 1807 cras
599 1777 686 1808 altera
696 1778 815 1808 mittam.
932 1777 964 1809 V.
985 1790 1007 1809 M
1016 1788 1035 1808 A
1046 1788 1063 1808 r.
1071 1789 1091 1809 u
1099 1785 1131 1809 11.

60 1812 244 1844 mediocritas
253 1824 345 1844 aurea.
355 1814 422 1844 Hor.
434 1824 460 1843 2.
480 1814 571 1844 carm.
585 1825 627 1846 10.
642 1827 666 1851 5.
678 1817 780 1846 dicitur
790 1839 798 1851 ,
816 1816 902 1854 Quod
910 1827 942 1847 ea
951 1817 1114 1847 hominibus
1124 1817 1188 1847 cha-

78 1851 190 1887 riffima,
202 1852 379 1890 optatissima,
390 1854 417 1882 Sc
427 1853 616 1889 pretiofiffima
626 1854 681 1884 esse
693 1854 804 1889 debeat,
815 1857 841 1884 &
853 1857 922 1884 tanti
934 1856 1093 1885 aestimanda
1102 1865 1190 1892 quan-

30 1912 39 1919 .
81 1890 104 1918 ti
115 1889 153 1918 est
162 1900 275 1926 aurum,
295 1897 327 1919 ut
340 1892 366 1920 ἃ
380 1899 475 1920 revera
484 1892 628 1921 nonnullis
638 1893 676 1921 est
687 1893 847 1930 expetenda
858 1893 989 1923 maxime.
1027 1893 1186 1929 Turnebus.

61 1926 158 1958 Mores
177 1929 272 1964 aurei,
292 1928 439 1966 Elegantes
455 1930 481 1958 &
496 1929 637 1960 amabiles.
677 1930 745 1961 Hor.
756 1942 784 1968 4.
806 1931 897 1961 Carm.
915 1941 943 1962 2.
955 1941 1000 1962 22.
1038 1932 1130 1961 Acron
1145 1931 1187 1960 in„

81 1971 248 2003 terpretatur
263 1967 354 1995 Bonos
367 1968 393 1996 &
404 1966 520 1997 sanctos.

61 2003 190 2034 Munera.
209 2004 304 2034 Tibul.
319 2003 368 2034 lib.
383 2014 407 2034 1.
419 2016 446 2040 4.
462 2009 506 2034 62.

61 2041 183 2072 Nomen.
225 2042 282 2072 Cic.
294 2052 346 2079 pro
356 2042 436 2072 Rosc.
449 2043 537 2072 Amer.
552 2047 613 2079 124.
637 2042 727 2073 Venio
738 2053 815 2074 nunc
827 2044 862 2074 ad
873 2044 944 2075 illud
957 2055 1062 2075 nomen
1071 2048 1187 2075 aureum

81 2079 268 2118 Chrysogoni,
288 2079 338 2110 sub
356 2090 411 2118 quo
428 2081 544 2110 nomine
561 2088 619 2110 tota
629 2081 745 2112 societas
759 2083 894 2113 statuitur.
935 2083 998 2113 Hoc
1015 2083 1099 2120 dicit,
1120 2084 1187 2121 quia

81 2116 170 2154 χςυσὲς
190 2118 302 2153 Graece,
327 2119 428 2147 Aurum
440 2118 572 2157 significat
583 2119 688 2150 Latine.

61 2155 127 2186 Nox
136 2166 218 2186 aurea
227 2157 348 2194 cingitur
363 2157 448 2186 astris.
488 2157 574 2187 Valet.
585 2168 609 2194 5.
629 2158 730 2196 Argon.
743 2162 806 2195 566.
834 2168 886 2197 pro
897 2179 907 2195 ,
927 2158 994 2189 Nox
1008 2159 1129 2198 cingitur
1139 2170 1190 2191 au-

81 2194 134 2223 reis
143 2194 224 2223 astris.

61 2231 154 2261 Partus
163 2241 270 2262 aureus.
292 2231 351 2262 Cic.
368 2232 469 2263 Odtav.

63 2269 214 2300 Potoriuin.
237 2268 307 2300 Plin.
325 2270 374 2301 lib.
388 2280 431 2306 33.
445 2281 507 2309 cap.
525 2281 568 2301 10.
582 2272 610 2301 &
622 2280 665 2302 12.

62 2307 165 2337 Ramus
174 2318 273 2338 aureus
284 2308 365 2338 olivae
377 2309 452 2347 apud
466 2309 537 2348 Virg.
547 2314 573 2340 6.
583 2309 646 2340 AEn.
660 2314 722 2347 187.

4 2373 6 2375 .
62 2346 170 2376 Secula.
191 2346 264 2384 Virg.
277 2351 303 2376 6.
316 2347 377 2377 AEn.
392 2355 456 2385 792.

141 2385 274 2421 Augustus
282 2384 370 2414 Caesar
379 2407 387 2420 ,
409 2385 507 2415 divum
515 2394 618 2423 genus,
639 2395 720 2417 aurea
733 2386 840 2417 condet
922 2384 1032 2419 Secula.

63 2420 143 2451 Sella.
165 2422 223 2452 Cic.
237 2432 262 2452 2.
283 2422 403 2461 Philipp.
418 2428 463 2456 86.

62 2459 118 2490 Sol.
140 2460 212 2498 Virg.
233 2471 255 2490 1.
278 2461 377 2498 Georg.
390 2471 454 2497 232.

62 2498 184 2534 sponda.
208 2498 277 2535 Virg.
292 2509 314 2528 1.
336 2500 399 2530 AEn.
411 2509 476 2537 702.

62 2537 151 2566 Sidus.
174 2536 240 2566 Hor.
254 2537 344 2575 Epod.
359 2548 400 2575 17.
418 2549 464 2573 41.

63 2574 164 2604 Venus.
188 2574 262 2613 Virg.
278 2585 320 2604 10.
332 2576 394 2606 AEn.
411 2579 453 2605 16.

62 2611 149 2643 Vestis
160 2622 241 2642 aurea
251 2636 259 2649 ,
279 2620 331 2651 pro
342 2614 428 2643 Barba
438 2621 527 2643 aurea.
552 2611 623 2650 Virg.
637 2619 663 2648 8.
676 2614 738 2644 AEn.
753 2623 817 2652 324.

145 2651 230 2680 Aurea
242 2651 364 2681 caesaries
375 2651 438 2681 ollis
448 2658 532 2688 atque
542 2661 624 2681 aurea
633 2652 721 2682 vestis.
807 2651 927 2682 Servius.

65 2688 178 2723 Aureus.
199 2690 219 2724 i,
241 2699 277 2719 m.
301 2690 508 2724 substantIvuin,
521 2691 547 2719 ἃ
555 2689 716 2719 subauditur
727 2690 875 2720 Nummus.
898 2689 983 2726 Plin.3
992 2695 1064 2726 5.1o.
1087 2689 1188 2721 Imma<

82 2736 118 2755 ne
129 2726 229 2756 tabulae
240 2726 362 2764 pretium
375 2750 383 2763 ,
405 2728 514 2765 accepit
526 2737 624 2756 aureos
633 2728 759 2758 mensura
771 2750 779 2762 ,
802 2738 859 2757 non
869 2737 995 2757 numero.
1024 2728 1127 2759 Verum
1140 2729 1187 2759 hic

82 2763 159 2794 locus
169 2765 254 2794 hodie
263 2764 299 2795 sic
308 2766 409 2804 legitur
420 2789 428 2801 ,
449 2765 649 2803 manipretium
660 2767 720 2802 ejus
738 2766 839 2796 tabulae
848 2766 878 2795 in
888 2775 1005 2795 nummo
1016 2777 1099 2797 aureo
1109 2777 1188 2796 men-

83 2802 141 2832 sura
163 2805 290 2841 accepit,
323 2814 380 2833 non
407 2813 533 2833 nunierO.
573 2803 658 2833 Hard.
687 2810 796 2834 tantum
816 2805 938 2842 priorem
963 2813 1063 2834 vocem
1084 2805 1184 2835 omisit.

83 2840 126 2870 De
134 2841 222 2870 Aureo
234 2852 350 2871 nummo
358 2841 423 2871 vide
439 2842 508 2871 aad.
522 2841 568 2871 lib.
583 2850 606 2878 3.
623 2842 658 2871 de
669 2840 728 2872 Asse
740 2865 747 2875 ,
769 2843 798 2871 in
808 2842 867 2880 ipso
878 2843 1027 2880 principio.
1051 2843 1186 2879 Alcimus,

82 2880 187 2908 Aureus
201 2889 332 2910 nummus
343 2880 478 2909 sestertios
490 2880 548 2909 aeris
567 2886 682 2909 centum
696 2880 819 2915 valebat,
841 2880 917 2917 quod
936 2881 964 2908 in
978 2880 1187 2918 Dispunffitioni-

84 2916 135 2946 bus
144 2919 293 2953 annotavi,
315 2918 371 2947 hoc
383 2918 421 2947 est
435 2918 564 2947 denarios
582 2924 727 2955 argenteos
748 2928 830 2947 xxv.
868 2918 923 2948 Sed
944 2918 1048 2948 deinde
1068 2920 1186 2949 minoris

84 2955 269 2985 :estimationis
279 2966 376 2986 aureus
388 2956 447 2986 fiesi
461 2957 565 2994 coepst,
587 2957 613 2985 St
633 2957 662 2985 in
674 2956 808 2986 Caesarum
824 2956 1068 2987 constitutionibus
1080 2957 1185 2987 solidus

84 2993 232 3030 appellari:
255 3003 374 3031 quorum
391 3004 434 3023 Lx
444 3003 462 3023 x
472 3005 481 3022 1
492 3004 501 3022 1
522 2993 688 3023 aurilibram
701 2994 864 3024 conficiunt.
886 2993 945 3023 Cic.
960 3003 1001 3023 12.
1014 2994 1183 3033 Philipp.20.

64 3030 167 3061 Aureus
181 3031 324 3061 Romanus
335 3054 343 3067 ‚
363 3032 444 3069 qui&
454 3031 566 3061 Solidus
581 3031 744 3067 dicebatur,
767 3038 876 3070 quantae
892 3032 1081 3062 aestimationis
1102 3032 1184 3069 esset,

82 3078 117 3098 ex
127 3070 337 3107 comparatione
350 3070 471 3099 duorum
484 3069 613 3099 locorum
632 3070 761 3100 Suetonii
777 3072 803 3100 8(
823 3070 914 3100 Taciti
936 3070 1067 3107 cognosci
1084 3071 1183 3109 petest.

83 3106 154 3136 Nam
167 3108 202 3136 de
216 3108 330 3137 Othone
343 3107 437 3137 scribit
446 3108 560 3138 Sueton.
572 3117 633 3146 cap.
647 3119 674 3143 4.
696 3108 816 3145 Quoties
832 3117 913 3137 coena
930 3110 1069 3145 acciperet
1083 3109 1186 3146 princi-

74 3152 148 3182 ·pem
159 3167 166 3179 ,
188 3155 286 3175 aureos
294 3145 444 3175 excubanti
456 3145 564 3175 cohorti
575 3146 678 3177 viritim
689 3147 780 3176 dabat.
799 3146 888 3176 Tacit.
903 3155 926 3174 1.
939 3146 1007 3175 Hist.
1021 3156 1065 3181 24.
1079 3147 1186 3176 Cohor-

82 3182 105 3211 ti
113 3183 243 3212 excubias
254 3184 346 3221 agenti
362 3184 466 3213 viritim
486 3191 622 3213 centenos
636 3193 767 3214 nummos
782 3184 934 3213 dividebat.
975 3186 1080 3214 Aureus
1100 3185 1185 3223 igitur

83 3220 225 3251 Romanus
235 3228 350 3251 centum
366 3221 493 3251 sestertiis
502 3222 624 3251 nummis
632 3228 742 3252 taxatur
751 3245 759 3258 ‚
780 3222 826 3252 seu
837 3221 962 3252 Denariis
977 3231 1023 3258 25.

8 3266 9 3271 ¹
31 3257 78 3290 Au
87 3268 103 3287 R
111 3268 126 3287 s
136 3261 153 3288 ὅ
162 3270 178 3287 r.
188 3269 206 3288 u
215 3269 227 3288 s
237 3281 245 3293 ,
267 3255 452 3295 [χευπεῶὶές]
477 3257 536 3295 Adj.
559 3260 658 3289 dimin.

66 3296 214 3326 Aureolum
226 3297 330 3326 collum
340 3319 348 3332 ,
370 3297 455 3334 Quod
465 3307 553 3336 prope
563 3298 687 3327 colorem
697 3297 755 3327 auri
765 3296 856 3327 refert.
893 3297 977 3326 Varro
989 3307 1012 3334 3.
1025 3299 1060 3328 de
1068 3297 1102 3328 R.
1114 3298 1146 3329 R.
1156 3309 1182 3335 9.

66 3334 102 3364 de
113 3334 189 3372 gallis
199 3335 358 3372 gallinaceis
373 3335 506 3373 loquens,
528 3335 625 3365 Rostro
642 3335 738 3370 brevi,
759 3342 841 3364 acuto
853 3357 861 3370 ,
882 3335 972 3366 oculis
989 3337 1060 3366 ravis
1080 3343 1127 3367 aut
1143 3339 1186 3367 ni-

66 3373 118 3410 gris
128 3395 136 3406 .
156 3372 235 3410 palea
244 3372 325 3402 rubra
334 3396 342 3409 ,
363 3373 544 3403 subalbicanti
555 3396 564 3410 ,
585 3372 659 3404 collo
669 3374 744 3404 vario
754 3381 802 3404 aut
811 3372 935 3403 aureolo.

65 3410 197 3440 Aureolus
205 3410 327 3441 libellus.
349 3411 407 3441 Cic.
419 3423 446 3448 4.
463 3412 545 3442 Acad.
561 3421 623 3449 135.

64 3447 179 3478 Malum.
200 3448 302 3478 Catull.
312 3458 338 3479 2.
353 3459 395 3478 12.

66 3485 256 3516 oratiuncula.
277 3486 335 3516 Cic.
352 3496 376 3523 3.
398 3487 434 3516 de
442 3487 506 3517 Nat.
520 3485 603 3517 Deor.
615 3496 662 3525 43.

65 3522 152 3554 Pedes
164 3524 276 3554 aureoli.
300 3524 400 3555 Catuli.
420 3536 463 3560 59.
477 3529 538 3562 167.
954 3558 957 3559 .

66 3562 209 3597 Aureolus,
222 3573 258 3591 m.
274 3562 354 3592 subst.
371 3564 469 3592 dimin.
481 3563 515 3592 ab
527 3564 623 3592 Aureo.
635 3573 687 3601 pro
695 3563 821 3593 Nunimo
834 3561 1182 3602 aureo.Martial.lib.5.20.

146 3600 203 3636 Qui
211 3600 441 3638 crepetaureolos
453 3623 461 3635 ,
481 3601 593 3630 forsitan
606 3611 679 3631 unus
688 3602 749 3631 erit.

31 3636 103 3667 AuR
113 3647 159 3668 AT
168 3649 178 3667 1
186 3650 202 3667 1.
213 3650 221 3666 i
230 3648 242 3667 s
252 3661 260 3672 ,
282 3648 306 3668 e.
331 3639 458 3668 Auratilis
466 3638 644 3675 pulvisculus.
665 3639 752 3669 Solin.
765 3648 827 3677 cap.
841 3647 883 3674 25.
896 3643 966 3668 extr.

31 3675 80 3705 Au
90 3685 197 3705 Rasco
208 3698 215 3710 ,
237 3678 293 3705 ere.
320 3676 405 3706 Varro
419 3681 444 3705 6.
462 3677 497 3706 de
510 3676 537 3706 L.
551 3677 580 3706 L.
595 3689 618 3713 5.
642 3678 744 3707 Aurora
760 3678 861 3706 dicitur
880 3684 944 3706 ante
959 3674 1023 3707 solis
1042 3681 1136 3708 ortum
1148 3678 1184 3709 ab

69 3722 102 3742 eo
113 3736 121 3748 ,
147 3714 222 3750 quod
231 3713 266 3743 ab
277 3714 343 3751 igne
354 3714 418 3744 solis
432 3721 492 3744 tum
504 3725 586 3744 aureo
602 3717 650 3745 aer
662 3715 787 3745 aurescit.

63 3761 122 3781 11111
133 3754 175 3781 co
186 3762 225 3780 LO
234 3763 249 3780 R
260 3774 268 3787 ,
289 3753 353 3782 oris.
377 3753 437 3788 Adj.
457 3752 572 3788 Juvenc.
587 3753 616 3782 in
627 3753 707 3783 Matt.
721 3763 746 3782 v.
761 3762 822 3789 ³57.

158 3790 301 3819 Scinditur
314 3791 452 3820 auricolor
463 3791 528 3820 coeli
537 3791 726 3829 septemplicis
740 3791 842 3820 ffithra.
918 3827 924 3834 .

33 3824 147 3856 Aunic
156 3829 173 3856 ὅ
182 3837 202 3856 M
212 3838 230 3856 A
239 3837 280 3857 Ns
293 3850 302 3863 ‚
322 3829 403 3857 antis.
424 3828 523 3858 Auson.
537 3829 617 3866 ldyll.
632 3830 658 3859 6.
676 3838 718 3859 11.
750 3829 855 3858 Crocus
866 3837 1050 3859 auricomans.

33 3865 81 3900 Au
87 3874 105 3893 R
115 3875 124 3893 1
133 3867 174 3894 co
186 3875 232 3894 mu
241 3875 252 3894 s
265 3887 272 3900 ,
293 3866 353 3901 Adj.
376 3863 574 3902 [χςυπιιέμης]
595 3869 713 3897 Auream
723 3876 835 3897 comam
849 3865 963 3895 habens.
984 3866 1097 3897 Perott.-

69 3902 184 3931 Batavus
195 3904 361 3933 auricomus.
382 3903 430 3934 Sil.
445 3913 469 3941 3.
483 3908 548 3938 608·

68 3939 117 3970 Sol
119 3940 291 4008 &uricorlnus
310 3941 399 3972 Valer.
408 3953 436 3979 4.
449 3943 549 3980 Argon.
560 3951 606 3979 92.
627 3942 704 3973 conf.
728 3941 801 3980 Virg.
813 3943 839 3971 6.
851 3939 913 3971 AEn.
930 3950 993 3977 141.

149 3988 203 4008 oi..
239 3999 246 4008 .

1650 110 1679 146 A
1774 110 1804 146 U
1899 114 1919 148 S

1233 187 1372 255 Argichrgz
1381 190 1518 258 RT'usgdaii
1541 190 1752 229 [xevnoeo‘g&>e]
1773 193 1860 230 Quod
1879 194 1932 224 fert
1951 205 2056 227 aurum.
2088 204 2120 228 ut
2132 220 2141 234 ‚
2172 200 2295 232 Aurifera
2310 203 2399 233 arbor.

1272 265 1368 293 Amnis
1379 266 1477 294 aurifer
1488 266 1590 302 Tagus.
1614 265 1715 296 Catuli.
1732 277 1775 304 30.
1790 278 1836 298 20.

1272 302 1356 337 Aqua.
1380 303 1464 331 Ovid.
1483 304 1511 332 in
1524 303 1584 332 lbin
1597 326 1604 338 ‚
1627 313 1688 338 300.

1272 339 1368 368 Arenis
1376 341 1500 369 auriferis
1508 341 1593 378 pallet
1603 341 1704 379 Tagus.
1727 342 1774 372 Sil.
1787 343 1835 373 lib.
1850 348 1893 374 16.

1272 377 1343 405 Arva
1356 377 1528 407 Phoenicum.
1550 379 1598 408 Sil.
1613 376 1661 408 lib.
1683 383 1723 409 16.

1273 413 1346 442 Fons
1357 415 1469 444 Pactoli.
1491 416 1587 445 Claud.
1600 417 1681 446 Cous.
1691 416 1751 447 Stil.
1765 428 1791 448 2.
1804 421 1850 448 61.

1273 450 1389 480 Nemus.
1421 452 1487 482 Plin.
1501 453 1549 482 lib.
1561 464 1585 489 5.
1598 464 1659 493 cap.
1675 466 1696 484 1.

1273 487 1367 517 Terra.
1388 490 1509 519 Martini.
1524 491 1570 520 lib.
1585 503 1626 522 10.
1639 498 1682 529 78.
1706 493 1739 522 Et
1755 493 1862 523 Sil.lib.
1874 503 1900 523 2.

1235 524 1403 568 AuRerx
1415 549 1422 560 ,
1443 529 1503 557 icis.
1526 538 1563 557 m.
1586 531 1773 567 [xcvo-c25'&]
1805 532 1891 562 Faber
1910 532 2040 562 aurarius.
2083 532 2167 563 Plaut.
2187 534 2266 566 Men.
2285 547 2312 572 4.
2330 545 2354 574 3.
2370 543 2396 573 8.

1273 562 1339 591 Tibi
1351 565 1482 606 equidem
1494 565 1568 594 illam
1581 589 1588 601 ‚
1610 568 1643 596 ad
1657 568 1839 605 phrygionem
1856 576 1886 599 ut
1902 570 1984 599 ferres
2004 571 2087 607 paulo
2099 572 2183 610 prius.
2225 574 2259 603 Et
2275 574 2398 612 spinter,

1273 601 1346 643 utad
1355 602 1496 631 aurificem
1511 604 1595 632 serres
1608 626 1615 638 ,
1638 612 1667 634 ut
1680 606 1878 636 fieretnnvum.
1920 608 1988 637 Plin.
2006 609 2053 637 lib.
2065 615 2108 638 26.
2120 620 2180 648 cap.
2200 621 2241 641 11.
2265 612 2401 643 Velntau-

1272 640 1382 667 rincum
1392 646 1449 668 arte
1462 641 1575 682 alternis
1586 642 1658 671 inter
1669 643 1735 672 folia
1751 645 1961 675 candicantibus
1974 649 2134 684 margaritis.
2155 648 2215 678 Cic.
2228 654 2253 678 6.
2268 650 2339 680 Verr.
2355 655 2398 687 5⁶·

1273 675 1371 712 Quum
1382 676 1466 705 vellet
1478 678 1522 706 libi
1532 679 1666 708 annulum
1677 681 1766 710 facere
1777 704 1785 715 ,
1808 683 2033 719 aurificemjussit
2044 687 2136 715 vocari
2152 687 2180 715 in
2201 687 2262 716 soro
2273 710 2282 723 ,
2305 689 2341 718 ad
2352 689 2401 719 sel-

1272 712 1328 742 lam
1341 713 1477 743 Corduba:
1488 737 1495 750 ,
1518 717 1544 744 ὁὶ
1558 717 1584 744 ei
1596 717 1687 753 palam
1702 720 1839 756 appendit
1849 729 1956 750 aurum.

1234 750 1256 779 A
1268 761 1283 779 u
1295 761 1309 779 R
1320 762 1329 779 1
1340 762 1353 779 r
1363 762 1372 779 1
1383 755 1420 780 ci
1430 762 1449 780 N
1460 762 1480 780 A
1490 774 1498 787 ‚
1520 762 1550 781 ae.
1572 753 1590 782 f.
1615 755 1796 793 [χςυπχοεῖεν]
1819 758 1942 788 Auriiicis
1957 759 2078 789 taberna.
2099 760 2181 790 Closs.

1234 789 1256 816 A
1267 798 1309 816 UR
1320 799 1328 816 1
1338 799 1350 817 F
1360 799 1377 818 o
1387 799 1405 817 n
1414 793 1456 832 111
1466 799 1483 818 A
1495 812 1507 833 ‚·
1524 800 1553 819 ae.
1567 790 1585 819 f.
1602 791 1691 821 Locus
1704 793 1778 822 unde
1788 794 2034 826 effodituraurum.
2052 798 2400 838 Plin.lib.33.cap-4.Extat

1240 852 1244 856 .
1272 824 1317 854 lex
1324 826 1448 856 censoria
1459 826 1653 858 Idimulorum
1662 831 1835 860 aurifodinae.
1855 833 1885 860 V.
1899 835 2119 871 Argentifodina‚
2131 837 2159 865 in
2175 847 2194 866 A
2206 848 2222 866 R
2231 848 2249 866 G
2260 848 2273 867 11
2282 848 2302 867 Ν
2312 849 2331 868 T
2341 850 2358 868 u
2368 852 2399 870 M.

1234 863 1256 893 A
1269 865 1426 931 ‘systus'
1450 866 1515 931 siffis.
1538 875 1561 895 c.
1582 866 1640 903 Qui
1660 867 1772 897 furatur.
1783 879 1888 899 aurum.
1930 871 2017 902 Plaut.
2032 873 2108 904 Poen.
2124 886 2148 910 5.
2167 886 2190 911 5.
2206 886 2249 912 55.
2281 877 2316 906 Et
2331 878 2401 908 mihi

1281 911 1319 931 iic
1329 911 1386 931 auri
1402 911 1457 932 ure
1482 926 1488 931 .

1233 934 1256 968 A
1266 948 1285 967 u
1294 949 1310 967 R
1320 941 1333 968 ἴ
1342 949 1361 968 c,
1369 950 1383 969 ε
1392 950 1408 968 R
1418 963 1425 975 ‚
1452 940 1514 975 Adi.
1535 946 1567 970 ut
1575 962 1583 975 ,
1606 941 1720 979 Auriger
1729 947 1829 972 taurus.
1850 943 1909 975 Cic.
1923 952 1950 975 2.
1962 947 1998 977 de
2007 947 2101 978 Divin.
2118 953 2162 987 63.

1241 1004 1246 1013 2
1273 977 1363 1006 Arbor
1376 979 1507 1015 aurigera.
1533 978 1619 1008 Valer.
1635 984 1661 1013 8.
1675 983 1774 1017 Argon.
1791 989 1851 1011 110.

1234 1014 1258 1044 A
1268 1024 1287 1043 U
1297 1025 1313 1043 R
1322 1017 1357 1044 11„
1367 1026 1381 1045 a
1391 1026 1409 1045 G
1418 1027 1437 1045 U
1448 1026 1459 1046 s
1474 1038 1482 1051 ‚
1504 1018 1723 1053 [xgvnzdy&·]
1745 1018 1801 1054 Qui
1817 1029 1913 1049 aurum
1929 1020 2005 1059 legit.
2027 1023 2045 1052 i.
2058 1033 2082 1053 e.
2104 1023 2228 1056 Furatur.

1233 1053 1256 1082 A
1266 1062 1285 1081 u
1295 1063 1310 1081 R
1322 1064 1331 1081 1
1341 1063 1356 1082 1>
1365 1065 1374 1082 1
1383 1064 1401 1082 G
1411 1065 1431 1083 M
1441 1064 1455 1083 R
1466 1063 1487 1083 N
1496 1063 1516 1082 T
1527 1065 1545 1083 u
1556 1065 1576 1083 Μ
1588 1076 1596 1089 ,
1615 1055 1632 1084 1.
1655 1065 1684 1085 n.
1708 1057 1773 1085 Auri
1787 1057 1881 1086 colore
1895 1059 2079 1096 pigmentum.
2114 1062 2182 1093 Plin.
2196 1074 2239 1101 33.
2251 1076 2278 1101 4.
2297 1065 2402 1097 Aurum

1272 1090 1393 1121 faciendi
1405 1092 1443 1121 est
1456 1092 1540 1121 etiam
1553 1102 1609 1121 una
1623 1094 1693 1122 ratio
1705 1103 1740 1123 ex
1750 1095 1966 1132 auripigmento.
1989 1099 2064 1128 conf.
2082 1099 2184 1130 Vitruv.
2205 1110 2230 1139 7.
2244 1112 2270 1140 7.
2291 1105 2317 1133 ἃ
2337 1105 2399 1134 Isid.

1240 1155 1243 1160 ,
1275 1136 1317 1164 19.
1327 1129 1503 1166 17.[Videtur
1513 1130 1568 1159 hoc
1579 1131 1746 1161 vocabulum
1755 1132 1840 1161 divise
1852 1135 1953 1163 rectius
1962 1138 2201 1172 pronuntiariAuri
2213 1141 2398 1178 pigmentum.

1233 1165 1256 1196 A
1265 1176 1284 1195 u
1294 1177 1309 1195 R
1319 1177 1336 1196 o
1345 1187 1354 1202 ,
1376 1170 1429 1197 are.
1453 1169 1468 1204 [
1476 1166 1595 1203 χςυσίω]
1620 1168 1676 1198 Vet.
1693 1169 1776 1199 Gloss.
1791 1180 1806 1199 a
1819 1180 1874 1207 quo
1886 1171 1997 1206 Inauro.
2009 1175 2035 1203 &
2044 1174 2153 1204 Deauro
2165 1179 2402 1216 composita.Ter-

1273 1204 1333 1234 tull.
1346 1206 1381 1235 de
1394 1205 1457 1235 Cor.
1468 1205 1529 1235 Mil.
1541 1215 1600 1244 cap.
1617 1216 1658 1236 12.
1673 1207 1747 1237 Hinc
1755 1216 1867 1237 auratur
1877 1208 2019 1240 lamnulis.
2035 1212 2075 1241 Al.
2084 1213 2130 1242 hic
2139 1213 2235 1252 legunt
2247 1217 2404 1248 inauratur.

1233 1242 1256 1272 A
1266 1252 1284 1271 υ
1294 1253 1310 1271 R
1318 1253 1336 1272 0
1345 1253 1362 1272 c
1370 1255 1386 1272 r.
1395 1254 1414 1273 A
1424 1253 1441 1273 v
1451 1247 1469 1272 A
1478 1253 1498 1272 T
1507 1253 1527 1272 υ
1535 1253 1547 1273 s
1559 1265 1567 1279 ,
1589 1244 1650 1280 Adj.
1673 1244 1807 1283 Vopiscus
1819 1246 1848 1275 in
1860 1246 1952 1277 Tacit.
1969 1258 2030 1286 cap.
2049 1260 2060 1278 1
2068 1260 2091 1280 1.
2125 1252 2310 1284 Auroclavatis
2326 1257 2403 1286 vesti-

1273 1280 1324 1311 bus
1337 1282 1494 1311 interdixit.
1536 1281 1643 1318 [Divise
1653 1284 1754 1313 rectius
1764 1283 1902 1321 scribitur,
1924 1286 1997 1315 Auro
2008 1287 2130 1318 clavatis
2147 1289 2287 1321 Haesehol.
2297 1294 2403 1329 vet.Ju-

1240 1348 1244 1352 ,
1272 1319 1403 1349 venal.ad
1415 1320 1778 1355 Sat.6.v.482.Auroclaviae.
1802 1321 1850 1351 ubi
1862 1322 1892 1352 V.
1903 1322 2049 1354 Schurtzfl.
2071 1328 2097 1355 ‹S'c
2112 1326 2130 1356 s.
2142 1326 2159 1356 l.
2182 1337 2200 1357 c
2210 1340 2226 1357 1.
2236 1339 2256 1359 A
2265 1340 2282 1359 v
2293 1340 2313 1359 A
2322 1340 2342 1359 T
2351 1341 2368 1360 u
2379 1342 2402 1361 s.

1234 1355 1256 1386 A
1265 1365 1284 1385 U
1293 1367 1309 1386 R
1319 1367 1336 1387 0
1347 1367 1360 1387 s
1370 1367 1389 1387 u
1399 1368 1411 1387 s
1421 1380 1428 1394 ‚
1452 1358 1512 1394 Adj.
1535 1358 1638 1388 Pallad.
1654 1369 1677 1389 1.
1690 1370 1714 1395 5.
1739 1360 1830 1390 Aurosi
1844 1360 1969 1398 pulveris
1981 1362 2105 1400 lapidosa
2117 1367 2228 1396 macies.

1234 1395 1395 1424 Annaeo
1411 1418 1419 1432 ,
1439 1395 1646 1426 AuRuorNo
1661 1419 1668 1433 ‚
1695 1399 1991 1435 AURuoiuosus‚
2022 1400 2053 1430 V.
2076 1407 2229 1434 AuRiGo.

1234 1433 1256 1462 A
1267 1443 1286 1461 11
1295 1444 1311 1461 R
1323 1444 1341 1462 u
1350 1443 1371 1462 N
1381 1444 1399 1463 e
1409 1443 1427 1463 A
1442 1456 1450 1469 ‚
1473 1443 1503 1463 ae.
1528 1434 1599 1464 Latii
1609 1435 1706 1465 civitas
1717 1435 1770 1464 fuit
1781 1458 1790 1472 ,
1807 1435 1842 1465 ab
1854 1436 1959 1466 Ausone
1969 1437 2067 1475 Ulyffis
2077 1440 2104 1469 &
2116 1440 2251 1480 Calypsus
2267 1443 2326 1474 filio
2338 1454 2405 1474 con-

1273 1471 1331 1500 dita
1344 1481 1350 1500 :
1374 1482 1389 1501 a
1400 1482 1454 1509 qua
1464 1473 1566 1502 Arunci
1577 1472 1647 1502 disti
1656 1473 1770 1503 fuerunt
1779 1496 1787 1509 ,
1807 1474 1980 1504 vetustissimi
1994 1475 2065 1506 Latii
2076 1478 2173 1516 populi
2184 1502 2192 1515 ,
2214 1490 2333 1518 quorum
2346 1493 2405 1515 me.

1271 1510 1355 1539 minit
1365 1509 1433 1539 Plin.
1445 1510 1494 1539 lib.
1508 1519 1532 1547 3.
1547 1520 1578 1540 ca
1601 1534 1607 1540 .
1622 1521 1645 1540 1.
1659 1512 1686 1541 &
1698 1522 1722 1548 5.
1764 1512 1796 1541 V.
1818 1522 1862 1541 AR
1873 1523 1890 1541 u
1900 1522 1976 1543 Ner.
1999 1514 2072 1552 Virg.
2086 1525 2129 1546 12.
2141 1516 2204 1548 AEn.
2217 1529 2264 1555 94.

1241 1576 1243 1579 ,
1328 1548 1434 1577 Actoris
1445 1549 1565 1578 Aurunci
1584 1548 1702 1586 polium.
1753 1549 1840 1587 Quod
1849 1549 1975 1587 Juvenal.
1985 1552 2040 1582 Sat.
2050 1563 2077 1583 2.
2086 1563 2111 1583 v.
2127 1564 2189 1585 100.
2200 1558 2324 1595 arripuit.

1233 1586 1463 1622 Arauricus,
1484 1586 1532 1616 seu
1551 1588 1725 1617 Averruncus
1735 1588 1820 1618 Deus.
1861 1588 1892 1618 V.
1915 1599 2110 1622 ARUNGUS.

1670 1665 1698 1700 A
1796 1664 1830 1701 U
1928 1666 1949 1701 S

1235 1731 1257 1765 A
1265 1745 1284 1764 υ
1294 1744 1306 1764 s
1317 1743 1337 1763 A
1348 1757 1356 1770 ‚
1378 1735 1496 1772 [A'u'ou]
1518 1736 1621 1766 Civitas
1632 1737 1671 1767 est
1684 1736 1823 1775 Hispanias
1835 1738 1994 1769 Ptolemaeo.

1235 1773 1306 1802 Aus
1318 1776 1529 1809 εΑκιΡὲῡΛ,
1552 1786 1582 1804 ae.
1604 1775 1623 1805 f.
1645 1785 1695 1813 pro
1715 1775 1876 1806 Verniiculo
1894 1777 2003 1815 piloso,
2024 1778 2072 1815 qui
2091 1779 2161 1810 solet
2180 1781 2234 1812 effe
2255 1783 2285 1813 in
2306 1783 2406 1816 fronde

1274 1820 1340 1840 cum
1355 1811 1450 1842 multis
1462 1813 1581 1850 pedibus
1595 1835 1603 1849 ‚
1624 1814 1756 1843 dixerunt
1766 1823 1872 1844 veteres
1882 1837 1890 1850 ‚
1912 1816 1979 1845 teste
1991 1816 2067 1847 Varr.
2079 1817 2127 1848 lib.
2142 1823 2167 1849 6.
2180 1821 2215 1850 de
2225 1821 2254 1851 L.
2268 1821 2297 1851 L.
2313 1832 2337 1859 3.

1235 1849 1258 1879 A
1267 1858 1307 1878 us
1316 1858 1333 1878 c
1342 1860 1351 1877 1
1363 1871 1372 1884 ‚
1395 1848 1529 1886 [Ailana]
1550 1851 1648 1890 Populi
1662 1851 1725 1881 sunt
1737 1854 1888 1889 Aquitaniae
1897 1853 1927 1882 in
1937 1853 2025 1884 Gallia
2040 1855 2109 1886 Plin.
2122 1855 2199 1895 lib.4.
2211 1869 2272 1898 cap.
2288 1870 2331 1896 19.
2345 1861 2405 1891 vul-

1275 1896 1310 1924 go
1322 1890 1393 1914 Atax.
1434 1888 1694 1928 Archiepiscopatus
1706 1891 1734 1919 in
1744 1890 1887 1921 Vasconia.

1234 1924 1306 1954 Aus
1316 1934 1408 1954 cuno
1418 1935 1434 1954 'R
1444 1947 1453 1961 3
1474 1927 1513 1955 a‘ri
1524 1949 1532 1961 ,
1554 1928 1746 1964 [νωιπιφιλὲἶν]
1767 1929 1900 1958 dicebant
1917 1931 2025 1967 antiqui
2044 1941 2096 1970 pro
2109 1931 2250 1971 Osculari,
2272 1936 2349 1973 quod
2367 1937 2405 1967 est

1273 1962 1314 1992 Os
1324 1972 1389 1992 cuni
1401 1973 1449 1994 ore
1458 1964 1612 1995 conserere.
1634 1965 1735 1996 Festus.
1758 1966 1840 1996 Conf.
1855 1967 1942 1997 Plaut.
1955 1968 2045 1999 merc.
2057 1978 2082 2006 3.
2096 1979 2119 2005 3.
2136 1981 2174 2001 ro.
2199 1974 2224 2003 &
2239 1985 2265 2010 4.
2285 1986 2310 2009 4·
2325 1985 2349 2009 ς.

1236 1999 1258 2031 Α
1268 2011 1286 2030 u
1294 2010 1307 2030 s
1316 2011 1334 2044 c
1343 2011 1362 2030 u
1373 2012 1389 2029 L
1400 2011 1419 2030 T
1427 2012 1444 2031 o
1453 2023 1462 2038 ,
1483 2004 1499 2039 [
1513 2003 1668 2040 οὶκροοίομσιι]
1689 2007 1745 2034 are.
1775 2005 1879 2034 Audire
1889 2028 1897 2041 ‚
1919 2006 1991 2043 quasi
2013 2009 2084 2037 Aure
2103 2009 2251 2042 occultare.
2293 2012 2404 2043 Veteres

1275 2048 1352 2068 enim
1363 2044 1419 2068 tam
1431 2041 1532 2076 Audes,
1548 2043 1574 2072 Sc
1584 2041 1666 2071 Auses
1677 2052 1759 2080 quam
1779 2044 1863 2073 Aures
1871 2043 2012 2074 dicebant.
2028 2046 2184 2076 Auscultam
2191 2050 2318 2088 usigitur.
2335 2051 2406 2088 Quae

1273 2077 1303 2106 in
1313 2077 1424 2107 auribus
1435 2078 1582 2116 defigimus
1593 2081 1619 2109 &
1629 2081 1779 2110 condimus
1792 2104 1800 2115 ,
1822 2082 1838 2110 i.
1853 2091 1877 2111 e.
1902 2081 1972 2118 Quae
1983 2089 2089 2114 attente
2105 2085 2244 2117 audimus.
2277 2088 2370 2125 Quare
2379 2091 2406 2120 &

1273 2115 1338 2153 plus
1349 2116 1388 2144 est
1399 2126 1482 2153 quarn
1491 2117 1601 2147 Audire.
1625 2118 1694 2148 Cato
1704 2119 1780 2156 apud
1790 2118 1860 2150 Gell.
1874 2129 1898 2149 1.
1913 2130 1956 2156 15.
1977 2120 2073 2160 Itaque
2088 2123 2191 2154 auditis
2205 2146 2214 2162 ‚
2235 2135 2294 2155 non
2302 2126 2354 2157 aus
2353 2127 2408 2157 :ul-

1274 2154 1349 2187 tatis‚
1363 2160 1496 2191 tanquam
1509 2155 1765 2194 Pharmacopolam.

1272 2191 1404 2227 Ausculto
1413 2214 1421 2227 ,
1442 2200 1526 2230 atque
1535 2194 1661 2223 animum
1671 2195 1787 2224 advorto
1795 2195 1902 2225 sedulo.
1934 2195 2022 2227 Plaut.
2037 2197 2125 2229 Stich.
2139 2209 2166 2237 4.
2185 2210 2210 2230 r.
2222 2209 2269 2237 40.

1274 2229 1435 2260 Auscultare
1447 2231 1481 2260 ab
1491 2231 1570 2260 ostio.
1592 2231 1678 2262 Plaut.
1693 2232 1783 2262 Merc.
1794 2243 1820 2263 2.
1831 2243 1857 2269 4.
1868 2244 1894 2269 9.

1274 2267 1435 2298 Auscultare
1445 2269 1480 2298 ad
1492 2269 1573 2299 sores.
1595 2266 1681 2300 Plaut.
1693 2271 1809 2301 Trucul.
1825 2283 1847 2301 1.
1860 2281 1886 2301 2.
1903 2282 1945 2310 pr.

1272 2306 1469 2336 Auscultemus
1480 2307 1547 2337 hinc
1557 2308 1624 2344 quid
1632 2315 1703 2345 agat.
1725 2308 1811 2339 Plaut.
1824 2309 1904 2339 Cure.
1917 2320 1943 2340 2.
1957 2319 1983 2341 2.
1999 2320 2045 2348 29.

1274 2343 1405 2374 Ausculta
1412 2346 1519 2382 paucis.
1539 2346 1603 2375 Ter.
1618 2346 1696 2376 Adel.
1712 2358 1735 2383 5.
1749 2356 1773 2383 3.
1786 2356 1831 2377 20.

1273 2381 1449 2418 jamdudum
1458 2383 1592 2413 ausculto.
1615 2384 1683 2414 Hor.
1694 2393 1719 2415 2.
1733 2385 1820 2415 Serm.
1833 2395 1859 2423 7.
1872 2395 1895 2415 1.

1273 2420 1435 2450 Auscultate
1445 2421 1576 2459 aliquem.
1617 2422 1702 2452 Plaut.
1715 2423 1810 2453 Pseud.
1825 2432 1848 2453 1.
1863 2434 1886 2460 5.
1899 2429 1945 2460 38.
1969 2423 2014 2454 Te
2030 2421 2192 2457 auscultabo
2203 2426 2313 2460 lubens.
2333 2428 2399 2461 Ter.

1294 2458 1396 2488 Heaut.
1406 2470 1432 2495 4.
1448 2470 1472 2495 5.
1483 2467 1528 2495 23.
1551 2459 1680 2490 Ausculta
1691 2461 1893 2500 quodsuperest
1903 2461 2029 2493 fallaciae.

1273 2495 1413 2535 Populum
1425 2497 1586 2528 auscultare.
1608 2498 1709 2529 Catuli.
1723 2503 1820 2535 65.39.

1273 2535 1436 2565 Auscultate
1447 2557 1455 2572 ,
1476 2536 1614 2573 [πέ9εαῖζ,
1634 2537 1776 2574 wainni]
1797 2547 1861 2567 cum
1873 2537 1968 2568 dativo
1978 2561 1986 2572 ,
2007 2549 2058 2577 pro
2067 2540 2191 2571 Obedire
2202 2543 2324 2580 ponitur.
2341 2543 2406 2574 Var-

1293 2582 1325 2602 ro
1343 2584 1367 2608 5.
1384 2574 1420 2603 de
1430 2573 1460 2603 L.
1473 2573 1502 2603 L.
1519 2580 1546 2608 8.
1580 2574 1619 2603 Ab
1636 2575 1779 2605 audiendo
1795 2577 1879 2606 etiam
1894 2576 2047 2607 auscultare
2066 2578 2257 2616 declinamus,
2280 2582 2355 2618 quod
2376 2583 2405 2612 hi

1292 2610 1446 2642 auscultare
1462 2612 1615 2646 dicuntur.
1637 2614 1685 2650 qui
1704 2614 1806 2643 auditis
1822 2621 1928 2652 parent.
1968 2615 2031 2645 Ter.
2043 2616 2113 2646 And.
2131 2626 2154 2646 1.
2166 2626 2191 2654 3.
2204 2629 2232 2654 4.
2264 2619 2326 2648 Nec
2337 2620 2405 2657 quid

1292 2659 1373 2687 agam
1391 2656 1498 2679 certum
1511 2650 1566 2684 est.
1588 2650 1801 2689 Pamphilumne
1812 2652 1937 2685 adiutem
1949 2675 1958 2689 ,
1980 2663 2015 2683 an
2029 2654 2182 2684 auscultem
2199 2656 2267 2686 seni.
2308 2656 2344 2686 Ea
2361 2668 2401 2687 ra-

1292 2689 1371 2717 tione
1384 2698 1438 2725 qua
1454 2689 1481 2718 81
1494 2687 1597 2718 Audire
1609 2689 1711 2719 dicitur
1727 2699 1793 2719 cum
1805 2691 1898 2720 dativo
1912 2713 1919 2726 ,
1941 2701 1992 2729 pro
2011 2692 2146 2722 Obedire.
2189 2694 2247 2724 Cic.
2260 2705 2312 2733 pro
2322 2695 2401 2726 Rosc.

1292 2728 1382 2755 Amer.
1401 2736 1461 2762 104.
1484 2725 1558 2756 Mihi
1569 2726 1707 2763 ausculta,
1728 2728 1839 2758 viderie
1851 2728 1991 2759 tibidesis.

1272 2763 1430 2794 Auscultare
1441 2765 1533 2794 minus
1543 2764 1582 2794 est
1592 2787 1599 2799 ,
1621 2775 1704 2802 quam
1715 2766 1826 2796 Audire.
1846 2766 1983 2797 Pacuvius
1994 2767 2070 2806 apud
2081 2767 2140 2799 Cic.
2156 2779 2180 2799 1.
2193 2769 2228 2800 de
2234 2770 2328 2800 Divin.
2339 2780 2400 2808 132.

1352 2802 1425 2832 Nam
1437 2803 1491 2832 istis
1503 2803 1549 2839 qui
1558 2803 1682 2840 linguam
1693 2805 1788 2834 avium
1801 2804 1964 2842 intelligunt
1975 2828 1983 2841 ,

1352 2839 1472 2877 Plusque
1484 2850 1518 2869 ex
1529 2840 1722 2877 alienojecore
1733 2842 1842 2880 sapiunt
1857 2865 1864 2877 ,
1887 2852 1971 2880 quam
1983 2853 2018 2873 ex
2031 2843 2080 2874 suo
2090 2866 2099 2880 ,

1353 2877 1444 2916 Magis
1452 2879 1627 2909 audiendum
1638 2902 1646 2914 ‚
1668 2890 1751 2917 quam
1763 2879 1976 2911 auscultandum
1984 2882 2092 2912 censeo,
2162 2882 2275 2918 [Immo
2289 2883 2352 2914 Plus
2362 2883 2401 2915 est

1291 2916 1401 2954 potius,
1423 2923 1454 2946 ut
1462 2917 1550 2945 modo
1559 2926 1593 2946 ex
1605 2917 1696 2947 Gellio
1707 2919 1821 2954 docuit,
1841 2920 1905 2956 quia
1917 2921 1944 2950 &
1959 2919 2083 2949 Obedire
2095 2920 2216 2950 denotat.
2243 2922 2274 2951 V.
2285 2923 2311 2952 8<
2322 2923 2397 2953 Non.

1272 2954 1450 2988 Auscultare,
1475 2964 1526 2991 pro
1535 2954 1653 2990 Videre.
1676 2955 1808 2992 speetare.
1831 2957 1922 2987 Afran.
1939 2957 2084 2995 Priviguo,

1354 2992 1436 3021 Videt
1445 2991 1527 3022 ludos
1536 3015 1544 3028 ,
1566 2992 1634 3023 hinc
1643 2994 1793 3023 auscultavi
1805 2995 1914 3033 procul.
1997 2996 2024 3025 Si
2036 2995 2105 3024 fides
2113 2996 2219 3031 Nonio,

1272 3029 1475 3060 Auscultabitur
1486 3053 1494 3066 ‚
1515 3031 1623 3069 imperf.
1645 3031 1733 3062 Plaut.
1746 3032 1834 3063 Mero.
1846 3042 1869 3071 3.
1885 3043 1908 3070 3.
1928 3042 1990 3070 127.
2013 3033 2149 3063 Excusato
2160 3044 2205 3063 me
2215 3033 2309 3064 fecisse
2319 3034 2398 3066 sedus

1292 3068 1320 3097 lo
1330 3069 1365 3097 ad
1375 3076 1486 3106 portum
1496 3079 1531 3098 ne
1542 3069 1594 3098 ires
1605 3091 1614 3104 ,
1635 3069 1700 3100 dico
1712 3071 1768 3106 jam
1780 3071 1839 3101 tibi.
1861 3081 1886 3100 c.
1909 3071 2114 3101 auscultabimr.

1234 3107 1304 3137 Aus
1315 3115 1485 3135 cu1.TAT1
1496 3117 1530 3142 o,
1552 3108 1623 3137 onis.
1646 3107 1665 3137 f.
1689 3109 1843 3144 [riudam]
1864 3110 1986 3138 Auditio-
2158 3141 2162 3143 ,

1271 3144 1459 3180 Auscultatio,
1482 3145 1628 3175 Obeditio.
1659 3145 1744 3175 Plaut.
1756 3147 1829 3176 Rud.
1839 3156 1865 3176 2.
1879 3151 1905 3177 6.
1917 3153 1959 3181 18.
1982 3146 2060 3184 Quid
2072 3146 2141 3177 mihi
2152 3145 2264 3178 scelesto
2272 3149 2326 3179 tibi
2338 3156 2399 3181 erat

1292 3182 1477 3212 auscultatio?
1498 3183 1600 3221 quidve
1615 3184 1683 3213 hinc
1697 3184 1806 3214 abitio?

1235 3221 1543 3256 AuscuLTATus,
1564 3224 1605 3251 us.
1627 3232 1665 3251 1n.
1685 3222 1773 3252 idern.
1795 3221 1958 3260 Apul.Met.
1970 3225 1996 3250 6.

1233 3259 1255 3289 A
1265 3269 1284 3288 υ
1293 3268 1305 3288 s
1315 3268 1333 3288 c
1341 3269 1360 3287 u
1368 3270 1385 3287 L
1393 3268 1413 3287 T
1423 3269 1442 3288 A
1450 3268 1469 3288 T
1479 3268 1496 3288 0
1506 3270 1522 3288 R
1534 3282 1542 3293 ‚
1563 3260 1627 3289 oris.
1649 3269 1685 3289 m.
1709 3260 1874 3296 [ἀκροατὴς]
1904 3259 1961 3289 Cic.
1973 3260 2003 3288 in
2014 3258 2106 3290 Partit.
2122 3270 2165 3290 10.
2205 3261 2279 3291 Nam
2289 3268 2337 3293 aut
2347 3273 2396 3294 au⁴

1271 3296 1402 3326 scultator
1411 3297 1450 3326 est
1463 3298 1510 3334 qui
1521 3298 1614 3334 audit,
1636 3304 1684 3327 aut
1693 3298 1768 3327 disce
1789 3304 1869 3327 tator.

1234 3335 1256 3365 A
1266 3345 1285 3364 u
1295 3345 1306 3364 s
1316 3345 1330 3364 E
1340 3346 1356 3364 1.
1365 3346 1374 3364 1
1384 3346 1394 3364 1
1403 3357 1411 3369 ,
1432 3335 1599 3365 dicebantur
1610 3337 1657 3373 qui
1673 3345 1748 3365 nunc
1784 3335 1871 3365 urelii.
1911 3331 2013 3364 Festus.

1234 3373 1255 3403 A
1265 3383 1283 3402 u
1292 3383 1304 3402 s
1313 3383 1350 3402 ER
1362 3395 1370 3408 ‚
1392 3372 1437 3402 vel
1455 3374 1476 3403 A
1487 3384 1504 3402 u
1514 3383 1526 3403 s
1536 3384 1578 3402 UR
1587 3396 1595 3409 ,
1617 3372 1733 3410 [Αῧπρ]
1755 3373 1868 3403 Fluvius
1881 3371 1965 3402 Italiae
1983 3382 2071 3410 prope
2086 3373 2189 3404 Lucam
2199 3396 2208 3411 ,
2231 3376 2310 3411 cujus
2327 3376 2395 3407 olim

1271 3421 1335 3457 pgrs
1342 3411 1416 3441 rivus
1425 3411 1473 3441 ille
1481 3434 1489 3447 ‚
1500 3413 1547 3449 qui
1556 3412 1635 3449 juxta
1648 3411 1718 3441 Pisas
1729 3420 1805 3441 nunc
1817 3410 1917 3439 labitur
1926 3432 1933 3446 ‚
1950 3411 2012 3440 fuir.
2032 3412 2160 3442 Straboni
2171 3421 2300 3452 corrupte
2310 3415 2395 3452 IEsar,

1233 3457 1544 3524 Agffi‘vcfflthrggm]
1565 3487 1687 3516 Verbum
1697 3486 1880 3529 defectivum.
1902 3495 1953 3523 pro
1972 3485 2112 3530 Auserim,
2134 3493 2165 3532 ut
2187 3488 2315 3519 observat
2332 3490 2397 3520 lios-

1272 3525 1326 3555 sius
1336 3525 1371 3555 de
1380 3525 1456 3555 Anal.
1470 3535 1493 3561 3.
1505 3535 1551 3560 41.
1573 3525 1725 3554 indicativo
1734 3523 1777 3552 vel
1789 3529 1914 3561 optativo
1927 3523 2012 3553 futuri
2022 3530 2156 3563 temporis
2165 3548 2173 3562 ‚
2193 3527 2280 3557 Ausim
2291 3549 2298 3563 ,
2316 3529 2395 3565 ausis,

1272 3563 1356 3598 311111,
1379 3565 1405 3593 Sc
1419 3564 1458 3601 pl.
1472 3563 1569 3593 aufint.
1592 3562 1704 3592 Caeteris
1726 3568 1808 3590 caret.
1830 3562 1847 3590 i.
1862 3571 1885 3590 e.
1909 3561 2025 3604 Audebo
2037 3583 2046 3598 3
2067 3562 2111 3592 vel
2132 3564 2244 3595 Utinam
2263 3567 2391 3598 audeam.

1273 3601 1331 3631 Liv.
1344 3602 1373 3631 in
1383 3601 1502 3631 Prooem.
1524 3601 1586 3630 Nec
1601 3601 1619 3629 si
1636 3600 1735 3633 sciam,
1757 3599 1849 3628 dicere
1865 3607 1958 3628 auum.
1984 3600 2055 3638 Virg.
2067 3611 2094 3630 2.
2116 3602 2214 3639 Georg.
2228 3609 2291 3639 289.

1354 3639 1444 3669 Ausim
1452 3638 1495 3668 vel
1504 3640 1581 3668 tenui
1592 3639 1676 3667 vitem
1687 3638 1863 3666 committere
1873 3636 1948 3666 sulco
1960 3659 1968 3673 ,
2051 3638 2069 3668 i.
2092 3649 2116 3669 e.
2145 3641 2230 3671 Ausus
2246 3641 2306 3672 sum
2317 3663 2326 3678 ,
2350 3642 2397 3673 vel

1273 3677 1408 3713 Audebo,
1428 3677 1496 3706 teste
1506 3677 1608 3706 Servio.
1650 3675 1741 3704 Festus
1751 3696 1759 3709 ‚
1780 3675 1855 3704 Ausis
1864 3696 1873 3710 ‚
1894 3675 1913 3705 1.
1933 3685 1957 3705 e.
1982 3676 2098 3707 Audeas.

1275 3715 1545 3745 Aufimconfirmare.
1568 3712 1677 3743 Lucret.
1692 3712 1740 3741 lib.
1754 3722 1778 3741 2.
1796 3718 1856 3749 178.

1237 3752 1285 3784 Au
1293 3763 1305 3782 s
1313 3763 1330 3782 o
1340 3763 1360 3782 N
1370 3764 1379 3781 1
1391 3763 1410 3781 A
1420 3775 1427 3787 ,
1450 3751 1599 3788 [Admr‘ca]
1620 3750 1658 3780 Ea
1671 3751 1805 3779 duntaxat
1816 3760 1877 3788 pars
1887 3750 1974 3781 Italiae
1984 3751 2057 3781 dieta
2067 3753 2217 3790 estprimo,
2234 3754 2263 3783 in
2273 3764 2327 3792 qua
2334 3754 2397 3785 sunt

1275 3791 1359 3820 urbes
1372 3791 1561 3819 Beneventum
1572 3811 1580 3822 ,
1602 3790 1627 3818 &
1639 3788 1727 3817 Cales.
1751 3788 1785 3817 ab
1798 3788 1905 3818 Ausone
1919 3788 2016 3827 Ulyffis
2027 3791 2053 3819 Ge
2062 3790 2224 3828 Calypsonis
2236 3792 2294 3821 filio
2303 3794 2398 3830 postea

1276 3835 1336 3858 tota
1346 3828 1440 3862 ltalia,
1463 3837 1523 3864 quae
1536 3826 1681 3864 Apennino
1690 3825 1801 3861 finitur,
1823 3826 1942 3857 Ausonia
1953 3827 2074 3857 vocitata
2092 3829 2130 3858 est
2148 3830 2182 3859 ab
2199 3830 2300 3860 eodem
2315 3830 2397 3861 duce.

1277 3867 1348 3897 Inde
1362 3866 1445 3894 etiarn
1459 3864 1568 3893 Ausonii
1580 3864 1639 3893 Itali
1651 3864 1719 3894 dicti
1729 3863 1799 3893 sunt.
1842 3865 1942 3895 Festus.

2330 130 2396 165 313

1279 3904 1455 3941 Armipotens
1466 3901 1592 3931 Ausonia.
1618 3902 1684 3931 Stat.
1698 3911 1722 3939 3.
1741 3902 1815 3939 Sylv.
1827 3912 1852 3931 2.
1865 3913 1909 3933 20.

1241 3942 1387 3973 Ausum
1399 3949 1455 3976 us,
1477 3940 1538 3976 Adj.
1558 3939 1728 3976 [Amne]
1748 3940 1815 4008 leir
1826 3951 1862 3970 ex
1880 3941 1999 3971 Ausonia
2017 3940 2064 3970 est.
2096 3947 2146 3977 ut,
2168 3942 2243 3974 Gens
2267 3942 2402 4010 1111111Ἧὲῗέ
