2604 4222
103 131 175 165 594
576 107 609 143 θ’
703 103 738 140 0
836 96 876 135 Μ

157 198 247 230 missio
259 197 487 228 committeretur.
524 190 583 221 Cic.
596 199 623 225 4.
638 186 711 216 Verr.
726 188 769 221 36.
792 182 935 213 Faciemus
945 182 976 206 ut
988 172 1138 212 palaestritae
1150 170 1254 207 negent

159 237 376 270 exitesiamento
397 232 450 263 esse
468 229 580 268 positas:
609 230 705 265 petant
722 221 930 252 haereditatem,
952 213 1029 252 quod
1047 220 1108 241 eam
1125 208 1254 248 palaestrae

161 273 323 305 commisisse
338 273 441 301 dicant.
464 267 578 298 subaudi
593 287 599 296 .
623 264 755 293 Statuam.
977 289 982 294 ¹
1104 286 1110 291 ·
1139 285 1145 291 ·
1216 282 1222 288 ι

142 313 307 348 committi,
329 306 518 347 [madmena]
540 302 631 341 pasliv.
650 306 689 333 ut,
708 294 889 328 macionibus
900 291 998 321 strielis
1008 291 1156 323 committi.
1169 282 1256 314 Ovid.

165 362 188 387 3.
208 351 349 385 Fauni.
384 350 401 375 i.
414 355 437 374 e.
460 343 573 378 objici,
593 337 707 376 exponi.

142 389 258 420 Infirmo
273 386 379 423 judicio
394 381 540 413 committi.
581 377 639 406 Cic.
658 385 679 404 i.
699 375 750 403 Ati.

164 427 216 457 bus
227 425 328 455 habere
336 424 417 453 litem
431 443 439 455 ,
463 421 488 450 ἃ
499 418 545 456 qui
555 414 635 445 facile
645 411 784 448 corrumpi
795 406 904 446 possint.
1086 438 1092 443 ι

105 462 129 495 C
139 475 156 494 o
167 476 187 495 M
202 475 240 493 Mi
251 473 282 493 ss
292 472 330 491 us
342 483 350 496 ,
374 459 468 490 Partic.
491 451 661 491 [πτςώθέις]
683 449 741 479 Cic.
751 457 803 486 pro
815 446 894 476 Font.
909 452 952 480 30.
983 441 1070 476 Atque
1085 443 1123 466 ita
1143 441 1174 465 ut
1185 442 1262 464 com-

144 502 241 533 missus
253 500 357 530 sitfidei
367 520 374 533 ,
396 493 538 534 permissus
552 488 688 529 potestati.

146 540 223 572 Bella
236 536 377 568 commissa
386 534 477 564 alicui.
500 531 556 560 Cic.
570 537 618 567 pro
629 526 735 559 Domo,
750 527 793 555 ¹8·
969 552 971 554 Ι

144 578 265 609 Devotio
278 575 374 613 capitis
387 571 511 602 convicta
523 570 548 598 ὅ(
563 563 712 596 commissa.
753 559 812 589 Cic.
823 567 875 596 pro
885 555 980 597 Domo
990 575 999 588 ,
1019 562 1080 587 ης.
1109 549 1192 579 Hanc
1211 554 1263 588 ego

166 615 349 645 devotionem
361 609 459 647 capitis
471 607 526 636 mei
536 628 543 640 ‚
564 612 649 641 quum
657 610 702 630 ero
713 600 742 628 in
751 597 828 627 sedes
838 604 912 625 meas
923 592 1061 622 restitutus
1074 611 1082 625 ‚
1103 594 1164 617 tum
1185 585 1264 614 deni-

167 663 221 691 que
230 651 385 682 convictam
395 646 448 676 esse
461 647 486 675 Sc
501 639 671 673 commissam
685 636 800 676 putabo.

146 691 256 722 Laetitia
268 685 418 718 commissa.
443 684 563 720 Propert.
581 678 628 708 lib.
643 687 666 706 r.
683 686 724 704 10.
740 683 782 704 i2.

228 727 284 758 Sed
295 725 426 762 quoniam
437 731 493 750 non
508 729 536 748 es
547 717 648 747 veritus
659 712 830 743 concredere
839 707 919 737 nobis
930 728 938 740 ‚
1177 736 1183 742 ι

839 747 856 776 i.
867 755 891 775 e.
914 743 1030 774 mecum
1040 739 1265 770 communlcatae.

769 379 811 407 13.
841 369 859 398 i.
874 377 899 397 e.
921 366 1022 396 Coram
1034 361 1151 392 infirmis
1161 357 1260 396 judici-

266 763 367 799 Accipe
381 757 527 790 commissae
538 763 652 784 munera
665 751 775 781 laetiriae.

147 803 220 835 Ludi
230 799 378 832 commissi.
402 797 472 834 Virg.
487 807 509 828 ς.
531 793 591 824 AEn.
612 800 671 826 113.
688 827 694 832 .

244 840 275 870 Et
284 839 350 868 tuba
361 834 519 866 commissos
529 830 622 860 medio
634 832 709 857 canit
720 831 820 862 aggere
833 821 927 851 ludos.

148 878 260 910 Piacula
270 874 418 906 commiffa.
440 872 512 907 Virg.
528 873 553 898 6.
567 868 627 898 [En.
642 870 704 900 569-

244 914 353 944 Distulit
367 913 394 941 in
406 911 491 940 seram
503 904 646 937 commissa
657 899 766 941 piacula
776 903 908 939 mortem.
1074 928 1079 934 .
1173 925 1179 932 ·

149 954 243 990 Pugna
257 962 313 981 non
324 949 460 980 mediocri
470 944 620 976 certamine
631 950 685 971 nec
694 947 776 978 parva
786 936 966 965 dimicatione
977 926 1129 960 commissa.
1148 925 1205 956 Cic.
1217 931 1267 962 pro

170 992 279 1022 Muren.
331 995 344 1017 .“

149 1030 205 1060 Res
217 999 492 1058 interlgcommiffae.
514 1017 632 1056 Quintil.
649 1015 698 1045 lib.
714 1024 740 1051 7.
753 1021 813 1049 cap.
833 1020 856 1039 1.
939 1045 944 1051 ⁸
961 1044 967 1050 .
1114 1040 1120 1046 .
1230 1036 1234 1042 ¹

151 1067 190 1097 Ut
201 1066 286 1096 tutela
298 1087 305 1100 ,
326 1064 360 1093 sic
371 1059 525 1099 procuratio
540 1054 727 1094 Reipublicae,
748 1051 782 1079 ad
799 1056 894 1077 eorum
906 1043 1056 1074 utilitatem
1075 1050 1122 1078 qui
1134 1034 1270 1068 commissi

171 1105 234 1134 sunt
246 1126 253 1137 ,
275 1112 332 1132 non
345 1102 378 1131 ad
390 1108 496 1129 eorum.
517 1094 617 1132 quibus
630 1087 772 1121 commissa
782 1087 830 1121 est,
850 1083 970 1123 gerenda
980 1082 1026 1111 est.
1050 1079 1110 1110 Cic.
1124 1088 1148 1108 1.
1159 1074 1267 1110 Off.85.

153 1141 336 1173 commissus,
359 1138 435 1168 Fidei
449 1134 574 1165 traditus.
597 1129 697 1160 Catuli.
710 1137 754 1162 99.
771 1135 793 1154 1.
933 1159 939 1164 ¹

246 1179 274 1209 Si
285 1178 433 1213 quicquam
443 1174 529 1203 tacito
541 1167 715 1200 commissum
726 1163 763 1207 est
775 1162 832 1206 sido
842 1160 876 1189 ab
886 1167 977 1188 amico
988 1177 997 1192 ,

285 1216 370 1251 Cujus
383 1214 413 1242 sit
422 1212 532 1249 penitus
544 1214 609 1237 nota
621 1205 688 1234 fides
697 1210 792 1232 animi.

155 1253 322 1286 commissus
330 1275 338 1288 ,
360 1250 534 1287 Conjunetus
544 1247 569 1276 ἃ
580 1245 795 1305 ευεςιῃεητῑξῖὶυξ.

666 1287 740 1315 —pi
766 1285 807 1305 rix

247 1327 420 1365 Delphinum
432 1323 531 1354 caudas
541 1326 619 1350 utero
628 1314 770 1358 commissa
787 1313 927 1350 luporum.

155 1368 278 1400 Dextera
287 1363 430 1396 commissa
442 1363 553 1391 dextroe.
576 1356 658 1387 Ovidi
669 1365 693 1383 2.
710 1351 790 1388 Epist.
803 1359 847 1387 31.

156 1407 249 1438 Nocte
259 1401 420 1436 commissa,
442 1400 565 1429 Gemina.
587 1390 752 1424 Sen.OEth.
770 1397 811 1424 ¹3-
995 1419 1002 1426 .
1096 1417 1103 1423 ⁴
1139 1415 1145 1422 ι
1193 1414 1199 1420 .

157 1443 306 1481 Dispositio
321 1439 437 1478 digestas
455 1446 497 1467 res
514 1443 597 1472 atque
609 1433 680 1461 inter
692 1429 718 1459 se
726 1423 882 1458 commissas
892 1422 1024 1453 devincit.
1047 1414 1168 1455 Quintil.
1181 1412 1230 1443 lib.
1243 1420 1270 1450 7.

178 1492 210 1511 ca
233 1503 237 1508 .
253 1491 274 1509 ι.

158 1492 271 1549 Βοὶξετε
281 1512 434 1546 commissas
448 1511 520 1540 acies
531 1532 539 1546 ‚
559 1508 695 1538 Dirimere
708 1502 823 1534 bellum.
845 1499 968 1536 Propert.
981 1505 1006 1531 4.
1017 1505 1042 1531 4
1057 1503 1099 1536 59:

160 1555 346 1587 CommHsus,
367 1549 544 1581 Consiscatus.
585 1545 682 1576 Paulus
692 1544 721 1571 in
734 1541 753 1570 l.
777 1540 887 1569 Cotem.
911 1536 944 1565 D.
966 1534 1001 1563 de
1022 1531 1163 1570 publicari.
1186 1528 1276 1570 &ye-

179 1596 244 1631 erig.
266 1592 404 1622 Dominus
412 1588 490 1618 navis
502 1585 625 1615 stillicite
635 1579 741 1618 aliquid
751 1579 780 1607 in
790 1585 859 1606 nave
868 1573 914 1605 vel
925 1572 983 1611 ipse
995 1594 1003 1607 ,
1024 1569 1069 1600 vel
1087 1569 1211 1598 vectores
1223 1574 1275 1608 im-

178 1631 338 1670 posuerint:
365 1627 567 1662 navisquoque
594 1620 657 1651 fisco
681 1617 846 1648 vindicatur.
886 1611 974 1649 Quod
994 1609 1011 1638 si
1031 1606 1141 1650 absente
1157 1606 1275 1633 domino

180 1670 211 1700 id
230 1679 245 1699 a
262 1667 388 1701 magistro
405 1663 449 1694 vel
466 1661 649 1700 gubernatore
661 1679 668 1692 ‚
693 1664 740 1685 aut
759 1657 869 1693 proreta
884 1672 892 1686 ,
913 1655 1030 1678 nautave
1055 1644 1147 1687 aliquo
1171 1642 1276 1671 fastum

181 1709 226 1738 sit:
248 1705 297 1744 ipsi
310 1702 425 1742 quidem
444 1700 534 1738 capite
554 1698 706 1737 puniuntur
725 1689 875 1723 commissis
892 1687 1050 1720 mercibus,
1081 1690 1159 1712 navrs
1181 1685 1275 1709 autem

181 1745 299 1775 domino
311 1741 465 1771 restituitur.

164 1780 314 1814 Commissa
330 1778 472 1808 haereditas
492 1774 566 1813 apud
577 1768 787 1809 jurisconsultos
801 1766 838 1797 Ea
855 1764 972 1796 dicitur,
994 1761 1023 1790 in
1039 1768 1092 1796 qua
1107 1757 1138 1787 id
1151 1752 1280 1786 commis.

182 1821 242 1851 sum
262 1819 299 1848 est
313 1815 492 1855 quamobrem
511 1812 588 1842 alteri
608 1809 749 1839 debeatur.
790 1804 890 1837 Velut,
910 1800 999 1838 Jussus
1021 1798 1105 1827 haeres
1125 1796 1214 1824 fuerat
1228 1793 1278 1822 sta-

184 1864 244 1889 tuas
266 1858 293 1886 in
308 1855 368 1884 foro
386 1861 509 1892 ponere:
531 1849 578 1878 nisi
587 1852 703 1886 poneret
714 1867 722 1881 ,
742 1843 842 1873 Veneri
854 1840 976 1877 Erycinae
987 1836 1118 1866 multatus
1132 1833 1185 1862 est:
1207 1840 1281 1860 mor-

183 1903 232 1927 tuo
248 1895 375 1924 testatore
395 1900 451 1920 non
470 1887 578 1927 posuit,
599 1882 740 1915 commissa
755 1880 842 1911 multa
858 1878 977 1911 dicitur,
999 1876 1024 1905 ἃ
1036 1871 1190 1905 haereditas,
1212 1878 1279 1905 quo-

185 1935 262 1964 niam
284 1933 313 1961 id
338 1927 513 1960 commissum
534 1925 571 1955 est
595 1921 775 1961 quamobrem
799 1919 824 1947 ei
839 1917 987 1947 auferatur.
1029 1912 1122 1945 Cic.3.
1145 1908 1217 1937 Verr.
1231 1916 1277 1941 27.

187 1966 406 2001 Calumniatores
427 1975 462 1996 ex
480 1965 538 1993 sinu
564 1962 612 1992 suo
637 1958 779 1998 apposuit,
807 1956 856 1993 qui
877 1953 954 1984 illam
971 1950 1161 1981 haereditatem
1179 1943 1279 1976 Veneri

186 2009 311 2047 Erycinae
321 2003 492 2035 commissam
501 2000 555 2031 esse
563 2001 697 2030 dicerent.

170 2044 318 2077 Commissa
334 2042 475 2079 obligatio.
515 2038 616 2075 Julian.
640 2037 669 2065 in
691 2034 711 2064 l.
733 2043 756 2062 ι.
780 2032 800 2070 §.
819 2029 870 2060 ult.
891 2028 926 2058 D.
944 2027 979 2056 de
996 2023 1085 2062 stipul.
1106 2022 1205 2067 servor.
1227 2017 1283 2063 Sed

187 2085 217 2114 in
237 2082 356 2113 secunda
379 2078 547 2117 obligatione
566 2075 670 2106 Maevio
694 2068 855 2104 commissa,
889 2066 982 2096 Titius
1005 2068 1173 2099 exceptione
1194 2058 1284 2088 debiti

189 2119 401 2151 submovebitur.

92 2192 97 2193 .
137 2161 465 2192 COMMiTa-izunus‚
483 2151 580 2182 Partic.

133 2233 136 2237 ,
176 2197 286 2230 omnia,
307 2195 362 2223 sine
369 2193 415 2230 spe
424 2199 555 2221 conamur
565 2187 629 2218 ulla.

139 2236 214 2266 eoi«
225 2245 245 2263 M
255 2242 304 2262 iss
315 2242 331 2261 υ
343 2242 373 2265 M,
393 2231 410 2259 i.
432 2239 460 2258 n.
482 2223 680 2264 [πλημμίλέω]
699 2219 850 2251 Delictum.
872 2217 930 2248 Cic.
941 2224 992 2254 pro
1000 2212 1086 2246 Sulla.
1104 2221 1148 2249 7²-
1168 2209 1284 2245 Ecquod

176 2273 258 2308 hujus
267 2271 369 2300 fastum
379 2289 387 2303 ‚
408 2272 456 2296 aut
463 2262 652 2296 commissum,
673 2269 730 2289 non
750 2259 840 2286 dicam
852 2255 983 2285 audacius
996 2274 1004 2286 ‚
1026 2251 1072 2280 sed
1088 2247 1161 2287 quod
1171 2270 1179 2280 .
1193 2249 1243 2277 διε.

174 2311 288 2340 Sacrum
298 2304 473 2337 commissum
484 2325 492 2338 ‚
513 2301 586 2340 quod
596 2308 687 2337 neque
698 2295 803 2335 expiari
816 2294 930 2333 poterit,
951 2289 1038 2328 impie
1051 2285 1226 2319 commissum
1235 2285 1282 2315 est.

195 2348 253 2377 Cic.
266 2356 291 2375 2.
309 2345 343 2373 de
357 2342 448 2380 Legib.
459 2350 503 2370 22.

175 2385 277 2422 Turpe.
303 2383 367 2412 Hor.
382 2389 405 2417 3.
425 2379 516 2408 Carni.
526 2385 570 2412 27.
585 2384 627 2411 39.

173 2422 324 2454 Enuntiare
340 2415 480 2449 commissa
492 2438 499 2452 ‚
520 2413 637 2445 Alterius

195 2461 252 2490 Cic.
265 2469 290 2488 2.
303 2456 384 2487 Tusc.
397 2466 423 2484 2.

174 2493 423 2530 Fatericomrnissa.
443 2491 509 2521 Stat.
525 2499 548 2525 ς.
569 2487 634 2518 Silv.
648 2497 673 2523 5.
708 2487 762 2516 i.e.
784 2482 909 2513 Facinus.

176 2536 272 2567 Luere.
298 2533 370 2569 Virg.
387 2541 408 2560 i.
424 2530 485 2560 AEn.
503 2530 563 2562 136.

257 2572 315 2601 Post
325 2569 393 2599 mihi
403 2577 460 2596 non
471 2564 549 2595 simili
561 2571 644 2602 poena
654 2558 796 2590 commissa
808 2557 899 2588 luetis.
981 2554 999 2583 i.
1011 2563 1035 2582 e.
1058 2550 1227 2582 Persolvetis.
1255 2549 1290 2579 Et

197 2611 244 2641 hic
255 2609 344 2638 sermo
365 2606 416 2643 (ait
426 2603 549 2638 Servius)
568 2611 583 2630 a
594 2599 713 2638 pecunia
725 2596 883 2627 descendit:
904 2593 1080 2630 antiquorum
1098 2591 1174 2619 enim
1190 2596 1290 2618 omnes

196 2657 287 2685 poenae
297 2668 306 2682 ‚
326 2642 491 2684 pecuniariae
502 2640 621 2669 fuerunt.

178 2687 296 2753 Ngeare.
333 2681 431 2712 Claud.
451 2689 477 2709 2.
504 2678 534 2707 in
551 2687 591 2714 pr.
612 2672 693 2705 Cons.
714 2671 773 2703 Stil.
787 2674 830 2708 56.
861 2670 888 2700 h.
899 2678 924 2699 e.
945 2667 1016 2697 Rem
1036 2665 1135 2696 nostra
1151 2663 1218 2694 fidei
1230 2668 1292 2693 'crc-

219 2730 293 2752 itam.

179 2762 296 2791 Plorare.
316 2757 383 2788 Hor.
398 2764 422 2792 3.
436 2754 526 2784 Carni.
539 2760 584 2788 ²7·
598 2758 642 2786 39.

180 2799 299 2829 Prodere
311 2793 462 2826 commissa.
472 2791 552 2821 flor.
567 2793 590 2818 ι’.
604 2788 689 2818 Serm.
703 2794 727 2823 3.
741 2794 785 2821 95.
808 2782 919 2813 Secreta
929 2779 1059 2810 revelare.

182 2836 289 2866 Punite.
311 2833 358 2863 Sil.
372 2832 420 2861 lib.
436 2838 477 2866 13.
493 2831 557 2864 3⁶8·

182 2874 298 2903 Tacere.
321 2871 386 2900 Hor.
402 2880 424 2898 ι.
437 2868 523 2898 Serm.
536 2876 561 2899 4.
574 2869 620 2900 34.

182 2912 289 2949 Tcgere
300 2931 308 2941 ,
330 2909 346 2937 i.
363 2917 387 2936 e.
409 2906 514 2936 Tacere
524 2902 572 2932 sibi
584 2899 695 2930 credita.
716 2897 786 2927 Hor.
807 2896 835 2925 in
847 2895 906 2924 Arte
919 2894 994 2924 Poet.
1006 2897 1051 2928 84.

183 2946 332 2979 Commissa
343 2946 472 2974 dicuntur
483 2963 491 2977 ,
513 2940 604 2977 inquit
615 2937 744 2967 Asconius
756 2957 764 2970 ,
785 2934 854 2969 Quae
864 2938 960 2962 contra
974 2931 1147 2959 voluntatem
1156 2925 1292 2956 testatoris

200 2986 281 3020 facia,
291 2991 338 3014 aut
349 2992 404 3012 non
416 2982 486 3010 faeta
496 2978 530 3008 ab
540 2976 658 3009 haerede,
668 2973 755 3003 multa
765 2971 854 3008 aliqua
864 2978 1003 3008 poenaque
1014 2968 1182 3006 plectuntur.
1196 2966 1226 2994 in
1237 2963 1296 2993 Cic.

206 3035 230 3059 4.
242 3023 314 3052 Verr.
327 3031 371 3053 ας.
393 3020 420 3049 Si
431 3014 606 3048 commissum
616 3012 683 3050 quid
695 3009 769 3040 esset.

185 3062 218 3093 ln
232 3058 405 3091 commissum
425 3056 539 3087 cadere,
560 3052 592 3082 In
609 3044 871 3081 commissi-causam
887 3043 1018 3073 incidere.
1060 3041 1188 3070 Martian.
1214 3039 1233 3068 l.
1256 3039 1298 3068 in-

207 3099 324 3129 terduni.
355 3096 388 3125 D.
409 3094 443 3124 de
463 3090 619 3130 publicanis
642 3089 668 3118 &
687 3084 812 3121 vectigal.
845 3082 986 3112 Interdum
1004 3088 1056 3108 nec
1073 3077 1236 3107 vendendus
1259 3077 1298 3106 est

208 3136 296 3166 servus
308 3156 316 3171 ,
338 3134 384 3171 qui
402 3134 431 3162 in
449 3128 624 3161 commissum
647 3124 795 3155 ceciderit:
827 3120 875 3150 sed
895 3129 944 3158 pro
960 3128 994 3146 eo
1011 3116 1151 3146 aestimatio
1170 3126 1185 3144 a
1209 3115 1298 3143 domi-

209 3184 246 3203 no
268 3172 357 3202 danda
379 3171 424 3200 est.
466 3168 529 3198 Divi
547 3166 622 3195 enim
640 3162 759 3193 Severus·
773 3163 797 3190 &
812 3158 965 3188 Antoninus
978 3154 1188 3192 rescripserunt:
1212 3162 1298 3189 quum

209 3212 232 3241 is
246 3211 334 3240 servus
351 3209 396 3245 qui
416 3207 507 3236 actum
524 3202 631 3233 domini
653 3198 756 3238 gessisse
773 3198 912 3226 diceretur
923 3217 931 3229 ,
951 3193 980 3222 in
996 3191 1167 3221 commissum
1185 3189 1299 3219 cecidis-

209 3248 264 3284 set,
284 3248 378 3277 venire
393 3253 449 3274 non
459 3240 598 3276 debuisse,
619 3238 665 3268 sed
673 3247 723 3276 pro
739 3245 773 3266 eo
790 3235 841 3264 viri
859 3233 925 3262 boni
945 3231 1073 3260 arbitratu
1092 3228 1299 3257 aestiniationem

211 3284 357 3323 oportuisse
368 3283 435 3312 dari.
476 3280 564 3311 lidem
580 3278 662 3308 etiam
680 3275 780 3305 eadem
798 3269 912 3310 epistola
926 3267 1125 3305 rescripserunt⁴
1148 3266 1164 3294 si
1177 3266 1237 3302 quis
1249 3266 1299 3293 im-

211 3322 343 3361 professus
360 3320 451 3350 servus
466 3318 566 3351 fuerit,
587 3317 613 3345 &
633 3313 765 3352 probetur
788 3311 816 3339 in
832 3306 1006 3338 commissum
1032 3303 1159 3334 cecidisse
1176 3325 1183 3336 ,
1204 3305 1228 3331 ἃ
1253 3309 1300 3331 :uit

817 1235 891 1273 Virg.
904 1213 1002 1270 ziffin.
1011 1234 1076 1267 428.

1040 1303 1159 1336 ServIus.

621 2148 679 2178 Cic.
694 2156 736 2178 ιο.
753 2146 805 2176 Att.
818 2153 844 2175 2.
865 2139 994 2173 Fortunae
1005 2138 1067 2168 sunt
1080 2130 1285 2167 committenda

655 2410 755 2441 secreta
770 2407 918 2437 nobiscum
932 2401 1139 2434 communicata
1156 2397 1286 2429 revelare.

215 3471 390 3505 scripserunt:
413 3467 558 3505 mancipiis
577 3462 725 3494 commissis
737 3484 745 3497 ,
773 3470 816 3490 res
841 3457 992 3498 peculiares
1010 3464 1067 3484 non
1084 3453 1138 3483 esse
1156 3454 1183 3481 in
1203 3453 1301 3481 eadem

217 3507 310 3537 causa:
333 3508 380 3536 nisi
399 3506 451 3535 hoc
466 3528 473 3539 ,
494 3504 567 3541 quod
588 3502 700 3540 proprio
718 3499 832 3528 nomine
852 3498 881 3526 in
905 3494 1012 3524 causam
1033 3490 1169 3522 commissi
1190 3491 1300 3519 incidit.

218 3546 334 3581 Quoties
350 3545 407 3580 quis
425 3543 563 3579 mancipia
582 3542 688 3569 invecta
706 3535 839 3574 professus
859 3543 915 3563 non
934 3532 1034 3565 fuerit,
1058 3530 1110 3558 live
1125 3528 1250 3562 venalia,
1272 3528 1303 3555 si-

218 3592 251 3611 ve
268 3581 382 3624 usu—iilia:
413 3590 496 3618 pruna
524 3576 658 3608 commissi
683 3577 728 3604 est.
770 3573 838 3603 lbid.
870 3570 945 3601 Servi
964 3570 1010 3606 qui
1036 3569 1064 3596 in
1085 3567 1150 3600 suga
1168 3565 1249 3600 sunt,
1272 3567 1302 3594 in

219 3619 390 3648 commissum
409 3627 464 3646 non
487 3617 607 3649 cadunt,
642 3623 726 3650 quum
753 3611 807 3640 sine
829 3609 971 3639 voluntate
994 3605 1100 3634 domini
1121 3604 1189 3633 siries
1206 3603 1303 3640 egressi

220 3656 288 3685 sunt.
329 3655 409 3696 Paulo
431 3655 504 3689 poll:
528 3653 587 3681 Divi
606 3660 714 3689 quoque
731 3649 824 3678 fratres
846 3645 1054 3683 rescripserunt:
1089 3651 1172 3679 quum
1191 3642 1304 3677 quidam

220 3702 277 3723 non
295 3703 342 3729 per
364 3693 503 3725 srandem,
530 3690 575 3719 scd
593 3699 641 3726 per
655 3696 774 3716 errorem
796 3687 824 3714 in
842 3685 948 3714 causam
967 3680 1104 3711 commissi
1127 3678 1303 3713 incidissent,

221 3738 251 3760 ut
264 3729 349 3766 duplo
368 3728 488 3770 vectigali
509 3727 632 3756 contenti
650 3725 789 3763 publicani
809 3723 897 3751 servos
916 3721 1096 3750 restituerent.
1135 3718 1161 3746 si
1173 3717 1233 3753 quis
1244 3726 1306 3753 pro-

220 3767 299 3797 fessus
317 3767 388 3802 apud
408 3765 584 3830 publicanum
603 3764 699 3795 fuerit,
721 3772 778 3790 non
797 3768 890 3789 taimen
903 3756 1017 3793 vectigal
1029 3756 1153 3788 solverit,
1174 3755 1228 3782 hoc
1239 3763 1307 3782 con-

221 3806 338 3834 cedente
350 3803 404 3839 pub
420 3811 513 3833 icario,
535 3809 564 3829 ut
576 3801 660 3829 solent
671 3800 777 3828 faeere:
798 3799 854 3826 divi
865 3798 982 3826 Severus
999 3799 1024 3823 dc
1044 3794 1198 3822 Antoninus
1213 3790 1307 3820 rescri-

219 3843 348 3884 pserunt,
373 3850 414 3868 res
434 3841 466 3881 ³⁸.
478 3837 648 3867 commissum
666 3847 720 3864 non
743 3836 846 3864 cadere.
908 3834 1004 3869 Quum
1028 3833 1101 3859 enim
1133 3829 1308 3865 (inquiunt)

219 3879 398 3918 proleslinnes
415 3885 561 3904 recitantur
574 3896 581 3908 ,
601 3873 774 3902 commissum
796 3870 896 3900 cessat:
918 3879 1003 3907 quum
1025 3869 1126 3906 poterit
1144 3866 1261 3895 satisfieri
1279 3865 1310 3894 fi.

221 3918 267 3947 sco
279 3925 314 3945 ex
330 3915 410 3945 bonis
428 3914 638 3951 publicanorum
650 3932 658 3945 ,
677 3910 721 3940 vel
736 3909 932 3945 fidejussorum.
969 3906 1118 3943 Mancipiis
1136 3903 1286 3934 commissis
1299 3924 1310 3940 ,

1782 78 1811 113 C
1908 79 1942 113 Ο
2041 77 2083 114 Μ

1371 164 1389 194 i.
1402 173 1426 193 e.
1448 159 1629 206 Cpnfiscatis,
1650 158 1696 188 seu
1710 158 1774 188 fisco
1784 157 1945 192 vindicatis,
1967 156 2131 195 Confisquez,
2151 158 2277 194 oreacqm’s
2292 163 2324 183 au
2336 155 2424 193 fisque.
2443 156 2477 187 In

1372 199 1546 243 commissum
1565 207 1647 233 igitur
1663 198 1762 242 cadere
1780 222 1783 224 .
1805 197 1848 227 vel
1863 199 1892 225 in
1908 196 2043 226 commissi
2060 196 2167 226 causam
2188 196 2266 230 <hoc
2287 195 2326 224 est
2339 186 2479 223 c‘onditiu.

1374 240 1462 281 nem)
1484 236 1627 277 incidere:
1651 235 1818 267 confiscari.
1842 235 1887 264 seu
1908 234 1971 263 fisco
1984 235 2140 267 vindicari,
2163 233 2229 268 Essre
2250 232 2370 268 canffqu‘
2389 241 2419 257 ou
2438 242 2481 258 ac-

1372 287 1428 314 quir
1444 286 1476 318 asc
1492 277 1587 316 sisque,
1610 272 1675 307 Eflre
1692 273 1771 299 tombe'
1787 283 1815 300 en
1836 275 1941 301 commis.
1967 273 2002 300 s‘c
2020 273 2096 300 enim
2119 272 2271 308 loquuntur
2293 270 2424 298 nostrates
2434 269 2481 298 ad-

1376 321 1467 344 vocati
1485 314 1510 341 ὁὶ
1526 309 1717 345 iurisconsulti.
1752 309 1779 339 V.
1805 310 1931 339 Burman.
1945 309 2008 339 Disl'.
2026 311 2060 338 de
2074 309 2177 344 Vectig.
2193 318 2252 345 cap.
2268 318 2293 339 ς.

1359 350 1510 394 Commisso
1526 348 1721 389 remaliquam
1738 349 1889 377 vindicare.
1930 347 2030 377 Paulus
2053 348 2082 375 in
2107 347 2124 377 1.
2146 347 2256 375 Cotem.
2277 345 2311 374 D.
2338 343 2374 373 de
2391 342 2482 380 publi·
2522 333 2529 368 s
2558 344 2560 346 ’

1378 399 1454 419 canis
1479 389 1503 416 ἃ
1527 385 1650 421 vectigal.
1677 384 1741 414 Eam
1762 395 1822 415 rem
1841 395 1899 421 quae
1915 384 2058 414 commisso
2074 383 2245 414 vindicanda
2261 383 2298 412 est
2313 404 2321 418 ,
2351 381 2484 411 dominus
2502 406 2506 407 .
2522 376 2538 411 's'
2562 408 2563 412 ,

1378 436 1469 456 emere
1489 434 1544 453 00¹³
1563 422 1725 459 prohibetur
1737 445 1745 459 2
1767 423 1811 453 vel
1828 433 1878 461 per
1898 423 1944 458 se,
1963 423 2008 452 vel
2025 432 2073 460 per
2094 422 2176 458 suos,
2195 420 2240 451 vel
2258 430 2307 459 per
2325 418 2405 454 alim,
2423 418 2484 456 qui.

1379 465 1429 493 bus
1447 464 1501 492 hoc
1520 460 1699 490 mandaverit.

1362 500 1505 546 Commissi
1526 508 1638 542 poenam
1658 497 1806 527 remittere.
1845 497 1989 542 Papinian.
2016 498 2046 526 in
2064 498 2082 527 l.
2109 496 2302 534 Imperatores.
2325 493 2359 523 D.
2384 493 2420 523 de
2433 480 2485 531 pu·
2504 521 2510 526 ,
2530 472 2538 511 ‚ss
2552 486 2553 490 ¹

1382 540 1497 569 blicanis
1517 539 1543 567 ἅ
1558 536 1686 573 vectigal.
1710 536 1834 572 itemque
1852 535 2066 572 rescripserunt,
2087 533 2197 573 pupillo
2215 534 2354 563 remittere
2377 531 2404 561 se
2425 539 2487 570 poe-
2520 520 2535 571 ζ..
2554 559 2555 566 ,

1381 587 1446 607 nam
1461 574 1599 605 commissi
1609 596 1616 608 ,
1637 573 1655 602 si
1665 574 1737 603 intra
1748 574 1822 602 diem
1833 573 2001 603 tricesimum
2015 573 2132 610 vectigal
2149 571 2291 601 intulisset.

1325 616 1347 646 C
1357 626 1373 645 0
1383 627 1402 645 M
1412 626 1432 644 M
1443 626 1452 643 i
1462 624 1473 643 s
1482 623 1540 642 sio
1553 635 1561 646 ‚
1583 612 1652 641 onis.
1673 611 1692 641 f.
1714 610 1872 648 [συμςολιὶ]
1894 611 1931 640 Ea
1943 610 2075 648 significat
2084 633 2091 646 ,
2113 619 2173 648 quae
2187 609 2302 639 verbum
2317 617 2334 639 a
2345 617 2401 646 quo
2413 605 2486 636 deri·
2504 597 2535 637 ,Γ
2560 619 2561 644 i

1361 660 1440 683 vatur
1448 674 1455 686 ,
1475 651 1587 689 patitur.

1363 689 1544 723 Commiffio,
1567 686 1709 717 Exhibitio
1727 692 1785 716 erat
1804 686 1938 716 binorum
1957 691 2104 724 poetarum
2122 684 2167 714 vel
2187 690 2328 713 oratorum
2353 682 2388 712 ad
2411 682 2489 719 inge-
2514 681 2543 713 »ὦ

1382 730 1423 758 nii
1445 726 1667 771 ostentationem.
1708 724 1765 754 Has
1781 724 1990 753 commissiones
2004 746 2012 758 ,
2039 723 2163 753 scenicas
2178 722 2284 752 scilicet
2306 722 2332 751 &
2360 720 2488 758 poeticas

1384 769 1410 797 ἅ
1432 773 1517 794 etiam
1532 764 1651 792 ludicras
1663 785 1671 796 ,
1694 763 1823 792 Piaetores
1838 763 1913 792 ludis
1927 761 2104 799 praesidentes
2123 760 2271 790 faciebant.
2294 759 2366 788 Suet.
2379 759 2407 786 in
2420 759 2490 793 Aug.

1385 814 1445 841 cap.
1458 810 1503 838 89.
1524 801 1666 839 Componi
1683 807 1777 829 tamen
1791 800 1897 836 aliquid
1919 801 1955 830 de
1973 799 2000 829 se
2013 821 2021 834 ,
2053 798 2102 827 nisi
2118 800 2143 828 &
2159 798 2247 833 serio,
2280 797 2306 827 &
2326 806 2342 825 a
2362 795 2491 834 praestan·
2516 799 2537 817 v2*

1381 842 1488 871 tillimis
1500 862 1509 876 ,
1529 838 1744 882 offendebatur:
1779 838 2005 875 admonebatque
2025 837 2170 873 Praetores,
2203 846 2240 866 ne
2258 841 2421 873 paterentur
2438 839 2490 861 no-

1381 889 1447 927 =nien
1461 879 1536 922 suurn
1550 875 1788 906 commissionibus
1800 876 1965 906 obsolefieri.

1364 915 1526 947 Lommiffio
1545 915 1712 959 Craecorum.
1751 914 1810 944 Cic.
1825 919 1867 943 16.
1895 916 1946 943 Att.
1960 923 1985 948 ς.
2021 912 2153 943 Rumoris
2176 910 2270 942 nescio
2290 909 2358 948 quid
2377 909 2488 940 afflave-

1384 962 1424 984 rat
1434 977 1441 989 ,
1463 953 1657 998 commissione
1668 952 1827 982 Graecorum
1838 952 2023 988 frequentiam
2034 961 2091 980 non
2104 950 2194 981 fuisse.

1366 991 1528 1023 Commissio
1542 991 1692 1035 ludorum,
1705 992 1756 1034 Sic.
1798 990 1856 1020 Cic.
1874 1000 1916 1024 ις.
1932 992 1986 1019 Att.
2001 993 2045 1019 26.
2069 989 2206 1026 Equidem
2226 986 2290 1017 illos
2312 984 2444 1015 celebrari
2462 985 2491 1014 δε

1384 1031 1439 1061 esse
1450 1040 1531 1067 quam
1543 1029 1706 1072 gratissimos
1715 1028 1876 1072 mirabiliter
1886 1028 1971 1065 cupio
1982 1049 1990 1062 ,
2012 1028 2098 1064 idque
2106 1027 2143 1056 ita
2154 1027 2279 1056 futurum
2288 1023 2344 1053 esse
2354 1022 2469 1053 confido
2479 1030 2490 1051 τ
2505 1036 2507 1038 ·

1385 1071 1410 1113 ὃς
1425 1078 1519 1113 tecum
1531 1077 1597 1111 ago,
1621 1074 1652 1110 ut
1665 1076 1722 1110 jain
1736 1066 1770 1095 ab
1781 1066 1838 1104 ipsa
1852 1065 2045 1096 commissione
2062 1065 2098 1094 ad
2109 1074 2154 1094 me
2166 1087 2173 1100 ‚
2195 1062 2432 1100 quemadmodum
2445 1069 2491 1089 ac-

1383 1113 1524 1152 cipiantur
1532 1106 1561 1134 hi
1574 1104 1635 1148 ludi
1647 1127 1654 1136 ‚
1672 1105 1778 1148 ¹deinde
1788 1104 1906 1134 omnino
1920 1103 2093 1141 reliquorum
2107 1102 2167 1132 dies
2181 1101 2300 1140 singulos
2317 1099 2495 1138 prosequare.

1385 1156 1401 1174 i.
1417 1155 1441 1174 e.
1467 1145 1506 1173 Ab
1518 1143 1576 1181 ipso
1588 1151 1729 1180 principio
1740 1141 1880 1172 ludorum.

1330 1184 1352 1213 C
1362 1193 1378 1212 o
1389 1193 1408 1212 M
1419 1194 1439 1212 M
1450 1195 1458 1210 1
1468 1192 1479 1212 s
1490 1192 1501 1211 s
1510 1192 1526 1211 o
1535 1192 1550 1210 R
1561 1203 1568 1217 ,
1589 1181 1654 1210 oris.
1677 1190 1714 1209 m·
1732 1177 2004 1216 [wchamfl-tdx&]
2026 1177 2111 1209 Gloss.
2122 1177 2169 1208 Gr.
2184 1177 2242 1207 Lat.

1947 1214 1953 1226 x
2259 1214 2266 1221 .

1328 1222 1351 1252 C
1360 1232 1377 1250 o
1388 1232 1408 1250 M
1420 1230 1480 1249 Mis
1491 1230 1502 1248 s
1511 1230 1527 1248 o
1537 1229 1569 1247 ιιι
1580 1229 1597 1248 υ
1608 1228 1620 1248 s
1629 1241 1636 1253 ‚
1659 1218 1716 1252 Adi.
1739 1218 1990 1254 [πλημμεληπυε]
2014 1224 2045 1247 ut
2055 1239 2062 1252 ‚
2085 1217 2142 1246 Lex
2162 1213 2358 1245 commissoria.
2380 1211 2445 1242 Hoc
2455 1211 2494 1241 est

1367 1259 1497 1302 exceptio
1519 1257 1627 1302 adjecsa
1643 1257 1764 1286 actioni:
1786 1263 1883 1285 contra
1902 1265 1984 1292 quam
1999 1255 2016 1284 si
2031 1255 2098 1292 quid
2113 1251 2290 1284 commissum
2303 1251 2406 1286 fuerit,
2427 1259 2495 1279 con-
2522 1244 2542 1280 l?

1367 1304 1462 1326 ventio
1476 1295 1649 1325 rescinditur.
1690 1293 1788 1324 Paulus
1814 1294 1843 1324 in
1857 1293 1874 1323 1.
1893 1293 1993 1331 ffimyl.
2014 1293 2049 1323 D.
2074 1293 2110 1322 de
2131 1290 2287 1321 minoribus
2303 1298 2374 1319 xxv
2395 1287 2494 1326 annis,
2517 1295 2524 1322 2

2562 838 2564 848 i

2538 861 2542 882 ἱ
2560 867 2564 890 4ι

2524 837 2540 857 f..

2522 874 2531 905 i

2520 910 2541 1015 ξ

2518 1018 2543 1039 ·=;··.

2540 1080 2543 1089 ,
2562 1079 2563 1083 ,

2539 1127 2549 1134 ..

2519 1087 2546 1175 s,
2568 1150 2570 1166 i

2520 1178 2530 1211 l
2564 1193 2565 1198 i

2520 1188 2521 1193 ¹
2529 1192 2540 1207 :v

2515 1206 2544 1242 lja?
2564 1207 2573 1232 ,³

2531 1246 2534 1251 ¹
2543 1246 2547 1255 i

1367 1334 1503 1372 AEmylius
1530 1333 1679 1370 Largianus
1706 1332 1740 1361 ab
1769 1332 1874 1362 Ovinio
1890 1332 2010 1361 fundum
2026 1330 2210 1360 Puteolanum
2229 1328 2291 1366 lege
2308 1325 2495 1357 commissoriis
2521 1330 2526 1336 '
2543 1330 2545 1332 ’
2570 1349 2571 1356 i

1367 1378 1490 1416 emera-t,
1512 1371 1584 1415 data
1591 1377 1669 1407 parte
1682 1370 1828 1415 pec-uniaeff
1850 1370 1888 1399 ita
1902 1378 1933 1399 ut
1952 1369 1970 1398 si
1990 1369 2062 1398 intra
2082 1369 2153 1398 duos
2173 1365 2280 1396 menses
2296 1366 2331 1395 ab
2350 1364 2511 1402 emptione.

1367 1411 1465 1455 reliqui
1487 1416 1568 1454 pretii
1584 1414 1693 1446 partem
1712 1408 1856 1452 dimidiam
1876 1417 1935 1437 non
1957 1406 2097 1442 solvisset,
2119 1406 2262 1443 inemptus
2278 1403 2359 1433 esset:
2390 1404 2458 1431 item
2475 1400 2496 1432 fi

1368 1448 1622 1523 pgssrizsseassffiursluoxsl
1635 1446 1743 1522 ητὸῐῐὲΐεῗ
1749 1446 1893 1520 ²{e131quum
1905 1446 2028 1484 pretium
2041 1454 2100 1474 non
2111 1442 2299 1478 numerasset,
2321 1440 2443 1470 similiter
2455 1438 2496 1469 es-

1368 1524 1441 1561 Lege
1453 1522 1638 1553 cominisl'oria
1648 1522 1766 1552 fundum
1777 1506 1873 1552 venire
1883 1520 1950 1558 quid
1962 1520 2010 1556 fit,
2032 1525 2147 1559 apparet
2158 1528 2193 1549 ex
2203 1518 2293 1549 verbis
2307 1516 2370 1554 Ulp.
2386 1517 2415 1546 in
2429 1515 2448 1545 l.
2463 1515 2494 1546 Si

1385 1562 1506 1607 fundum
1525 1562 1556 1605 D.
1572 1561 1607 1590 de
1620 1559 1906 1598 Legecommsssoria,
1926 1560 1956 1588 Si
1976 1560 2101 1594 fundus,
2124 1558 2230 1595 inquit,
2257 1556 2319 1593 lege
2339 1553 2498 1585 commisso-
2522 1575 2537 1581 ,.
2564 1542 2565 1545 ¹

1389 1610 1428 1629 ria
1443 1606 1579 1633 venierit,
1610 1598 1666 1628 hoc
1683 1599 1739 1635 est,
1770 1605 1801 1627 ut
1814 1598 1866 1628 nisi
1883 1599 1957 1628 intra
1975 1604 2084 1627 certum
2107 1595 2184 1626 diem
2199 1595 2322 1634 pretium
2345 1593 2376 1622 sit
2399 1591 2496 1622 exolu-
2528 1579 2536 1610 (Ἴ

1390 1645 1452 1668 tum
1463 1660 1470 1673 ,
1492 1639 1634 1675 inemptus
1646 1636 1739 1671 fieret,
1753 1637 1804 1666 ἃς.

1332 1676 1354 1707 C
1362 1687 1378 1706 o
1388 1688 1407 1705 M
1418 1687 1437 1705 M
1449 1686 1476 1705 is
1484 1685 1496 1705 s
1505 1680 1523 1704 ῡ
1533 1685 1549 1704 a
1561 1685 1580 1704 A
1591 1697 1600 1709 ‚
1609 1714 1613 1719 ⁵
1621 1685 1651 1704 ae-
1674 1675 1806 1710 [συνκΦὸ,
1825 1670 1973 1711 ν’μφωστς]
1992 1672 2128 1709 Ιιιηξὶιπει
2143 1670 2301 1700 tabularum
2311 1691 2320 1704 ,
2341 1670 2368 1699 δι
2377 1668 2494 1698 aliorum
2532 1667 2538 1670 ”
2566 1681 2567 1698 1

1583 1713 1641 1743 Cic.
1654 1713 1688 1741 de
1699 1711 1822 1742 Univers.
1835 1722 1880 1741 21.
1903 1711 2052 1740 Deindein
2062 1710 2159 1740 orbem
2170 1709 2249 1739 torsit
2260 1731 2268 1744 ,
2290 1713 2322 1737 ut
2338 1709 2364 1737 &
2376 1705 2440 1746 ipsae
2456 1705 2495 1736 se«.
2529 1731 2531 1734 .
2566 1706 2567 1730 ἶ

1371 1714 1539 1747 huiusmodi.

1373 1762 1438 1782 curri
1449 1775 1457 1787 ‚
1479 1753 1589 1795 &finer
1599 1751 1625 1780 se
1637 1760 1671 1780 ex
1684 1749 1858 1780 commissura
1868 1759 1927 1786 quae
1941 1759 1956 1778 e
1966 1749 2079 1786 regione
2088 1747 2171 1783 esset,
2190 1749 2382 1785 jungerentur.

1372 1790 1639 1834 Molles-digitorum
1650 1788 1843 1818 commissurae.
1865 1788 1923 1818 Cic.
1937 1796 1963 1817 2.
1982 1787 2017 1817 de
2031 1787 2094 1816 Nat.
2107 1786 2190 1817 Deor.
2207 1795 2270 1822 150.

1375 1828 1559 1872 Commissura
1570 1828 1726 1856 verborum.
1750 1826 1869 1863 Quintil.
1884 1825 1931 1855 lib.
1945 1835 1970 1861 9.
1986 1835 2047 1862 cap.
2061 1835 2088 1860 4.

1372 1864 1561 1896 Commissurae
1575 1866 1693 1894 hiantes.

1393 1981 1498 2016 juncti,
1520 1986 1602 2017 atque
1613 1981 1650 2024 ita
1662 1979 1852 2023 cohaerentes,
1873 1988 1909 2009 ne
1919 1976 2096 2008 commissura
2107 1976 2257 2015 pelluceat.
2279 1973 2398 2012 Quintil.
2411 1973 2460 2004 lib.
2470 1981 2499 2010 7.

1397 2028 1458 2056 cap.
1477 2028 1519 2048 10.
1543 2019 1583 2047 De
1595 2017 1784 2055 dispositione.

1340 2054 1448 2085 CoMM
1460 2066 1532 2085 issu
1544 2060 1651 2085 RKIAS
1663 2077 1671 2091 ,
1693 2065 1717 2084 e.
1742 2054 1836 2092 Veget.
1857 2052 2014 2083 deReVet.
2025 2061 2052 2083 2.
2068 2061 2111 2089 η.

1339 2093 1362 2123 C
1372 2104 1388 2122 o
1400 2104 1419 2122 M
1429 2105 1448 2122 M
1458 2105 1467 2123 i
1476 2103 1510 2137 ss
1519 2103 1538 2123 A
1550 2104 1565 2122 R
1574 2105 1583 2122 i
1593 2103 1610 2122 u
1619 2104 1631 2123 s
1641 2116 1649 2127 ,
1670 2093 1686 2122 i.
1708 2103 1746 2122 m.
1768 2093 1829 2132 Voxv
1842 2093 1918 2130 apud
1938 2091 2032 2127 JCtos.
2049 2096 2080 2120 ut
2101 2086 2399 2121 Fideicommissarius,
2419 2085 2438 2115 l.
2451 2094 2496 2120 29.

1378 2132 1399 2169 §.
1417 2142 1442 2175 .²'
1466 2132 1524 2169 Dig.
1539 2142 1590 2169 pro
1605 2130 1757 2175 Qpaesitore
1769 2130 1922 2175 velJudice
1939 2129 2068 2166 delegato
2090 2127 2296 2166 generatimque
2316 2135 2351 2155 eo
2362 2147 2370 2159 ‚
2391 2124 2436 2154 cui
2453 2123 2502 2153 ali-

1378 2170 1444 2207 quid
1457 2170 1607 2207 gerendum
1619 2192 1626 2204 ,
1647 2169 1691 2198 vel
1704 2169 1918 2204 diiudicandum
1935 2166 2130 2197 committitur.
2167 2165 2222 2195 Sed
2240 2165 2296 2194 hoc
2313 2163 2430 2194 verbum
2448 2162 2500 2191 im-

1379 2209 1478 2244 probat
1489 2207 1592 2237 Vossius
1604 2208 1640 2236 de
1652 2208 1725 2237 vitiis
1741 2207 1804 2236 L.L.
1819 2216 1843 2243 3.
1857 2210 1884 2236 6.
2206 2214 2214 2222 ·

1342 2245 1603 2280 COMMOBiLis,
1632 2245 1662 2275 V.
1687 2254 1902 2274 COMMOVEo.

1340 2283 1544 2319 COMMODE,
1566 2284 1849 2318 CoMMomr-As‚
1870 2281 2122 2316 CoMMooiTo,
2143 2279 2342 2309 CoMMon0.
2364 2275 2397 2307 V.
2419 2284 2502 2306 COM-
2525 2284 2552 2299 ’-

1378 2331 1522 2351 MODUM.

1340 2359 1502 2389 COMMoo
1515 2369 1561 2388 uM
1574 2381 1582 2393 ,
1603 2360 1621 2388 i.
1644 2369 1672 2389 n.
1695 2359 1841 2395 [ὦφέλειω,
1861 2355 2031 2393 &taxeis-nmo]
2052 2355 2083 2385 fit
2096 2365 2112 2385 a
2130 2353 2236 2389 Modo;
2259 2354 2284 2383 ἃ
2303 2351 2503 2390 significaturi.

1376 2397 1505 2432 litatem,
1528 2398 1554 2427 &
1571 2397 1804 2427 emolumentum.
1847 2395 1905 2425 Cic.
1918 2406 1944 2431 4.
1966 2394 2041 2424 Verr.
2074 2394 2173 2423 Utrum
2192 2392 2243 2421 tibi
2265 2391 2449 2421 commodum
2466 2389 2504 2419 est

1377 2435 1457 2471 elige.

1378 2473 1550 2502 valetudinis
1561 2473 1763 2507 commodum,
1785 2471 1830 2501 cui
1843 2470 1996 2510 opponitur
2009 2468 2227 2499 Incommodum
2247 2466 2347 2497 morbi.
2370 2465 2429 2496 Cic.
2452 2473 2504 2504 pro
2527 2471 2529 2473 '
2566 2465 2569 2486 s

1399 2511 1510 2540 Muren.
1528 2521 1571 2545 47.

1380 2549 1448 2577 Vitae
1459 2548 1615 2578 commoda.
1641 2547 1750 2577 Lucret.
1766 2556 1792 2583 3.
1804 2556 1831 2577 2.

1378 2587 1421 2617 De
1431 2586 1627 2615 communibus
1640 2585 1807 2615 commodis.
1848 2584 1938 2614 Tacit.
1961 2593 1985 2618 ι.
2009 2583 2079 2613 Anii.
2092 2591 2135 2617 14.

1402 2663 1563 2692 commoda.

1382 2700 1496 2731 Publica
1507 2699 1666 2730 commoda.
1689 2699 1758 2729 Hor.
1770 2709 1796 2728 2.
1810 2698 1894 2736 Epist.
1909 2706 1934 2727 2.
1947 2707 1972 2733 3.

1499 2774 1505 2779 ·
1702 2738 1775 2766 —in
1786 2736 1897 2774 publica
1912 2734 2062 2765 commoda
2073 2742 2189 2772 peccem
2199 2754 2208 2769 ‚

1424 2814 1429 2819 ι
1477 2774 1506 2822 ξι
1520 2773 1605 2812 longo
1620 2774 1744 2818 sermone
1757 2784 1848 2804 morer
1859 2781 1906 2803 tua
1917 2782 2043 2811 tempora
2054 2794 2062 2807 ‚
2084 2772 2179 2802 Caesar.
2521 2793 2526 2798 .

1383 2812 1458 2844 Utile
1475 2815 1507 2856 ὁ(-
1521 2813 1677 2856 commodis
1696 2813 1765 2842 ineis
1785 2820 1891 2849 aptum.
1933 2812 1991 2840 Cic.
2004 2819 2028 2846 3.
2044 2808 2116 2840 Fam.
2135 2820 2177 2839 10.
2208 2808 2286 2845 Quid
2301 2807 2373 2840 mihi
2393 2802 2513 2837 tandem*

1396 2850 1581 2899 Neratutilius,
1604 2851 1669 2887 quid
1682 2851 1839 2879 commodis
1852 2850 1922 2879 meis
1933 2849 2046 2887 aptius?
2069 2857 2170 2885 quam,
2192 2848 2245 2877 &22.
2521 2842 2528 2851 ”

1386 2892 1492 2927 bapere
1504 2889 1685 2917 commodum
1695 2889 1729 2917 de
1742 2898 1770 2917 re
1784 2888 1883 2924 aliqua.
1918 2887 1948 2917 V.
1972 2895 2095 2916 cario.

1387 2928 1493 2964 Capere
1503 2926 1572 2955 nihil
1584 2927 1738 2956 commodi.
1760 2926 1850 2955 Catul.
1866 2935 1908 2961 59.
1923 2929 1968 2962 63.

1389 2966 1487 2994 Carere
1497 2965 1663 2993 commodis.
1703 2964 1733 2993 V.
1756 2974 1773 2993 c
1783 2974 1801 2992 A
1815 2974 1830 2992 R
1842 2973 1856 2992 n
1866 2973 1891 2992 0.

1388 3002 1554 3040 Comparare
1567 3001 1610 3045 sua
1622 3002 1770 3031 commoda
1781 3011 1815 3031 ex
1827 2999 2015 3030 incommodis
2027 2998 2147 3028 alterius.
2168 2995 2234 3027 Ter.
2251 2995 2322 3026 And.
2333 3005 2360 3032 4.
2377 3003 2402 3025 ι.
2414 3005 2443 3032 ,1Ψ

1483 3040 1518 3069 Ut
1530 3040 1608 3083 malis
1621 3040 1755 3073 gaudeat:
1777 3046 1860 3076 atque
1872 3049 1907 3068 ex
1918 3037 2104 3067 incommodis

1485 3078 1600 3121 Alterius
1612 3077 1657 3106 sua
1669 3084 1812 3115 comparet
1826 3083 1856 3106 ut
1867 3076 2037 3106 commoda?

1393 3114 1530 3152 Consequi
1541 3116 1731 3144 commodum.
1774 3115 1805 3145 V.
1829 3124 1846 3143 c
1855 3124 1871 3143 o
1882 3124 1901 3143 N
1910 3124 1921 3143 s
1932 3124 1945 3142 iz
1955 3123 2000 3150 qu
2008 3123 2026 3142 o
2035 3122 2061 3142 it.

1392 3153 1540 3182 Consulere
1549 3153 1714 3182 commodis.
1737 3152 1796 3182 Cic.
1814 3163 1834 3181 ι.
1849 3152 1884 3189 Q.
1895 3152 1956 3181 frat.
1973 3162 1994 3180 i.

1391 3191 1509 3221 Demere
1519 3191 1669 3234 commoda
1682 3191 1772 3229 aliqua
1783 3190 1885 3226 alicui,
1906 3190 1924 3219 i.
1937 3199 1960 3218 e.
1985 3188 2092 3218 Privare
2101 3185 2222 3223 aliquem
2234 3183 2393 3215 commodis
2403 3169 2533 3220 quibus<

1411 3230 1484 3258 dam.
1509 3230 1591 3272 Qvid.
1608 3239 1628 3257 i.
1646 3231 1736 3257 linior.
1751 3238 1776 3258 2.
1788 3234 1830 3262 38.
2498 3214 2511 3235 i'

1485 3267 1534 3296 His
1545 3274 1573 3295 tn
1586 3266 1719 3294 militibus
1731 3266 1839 3303 superas
1852 3263 2034 3300 hominesque
2045 3261 2165 3298 deosque
2176 3282 2186 3296 ‚

1522 3305 1586 3333 Haec
1596 3305 1644 3333 tibi
1658 3304 1778 3333 sidenias
1794 3302 1942 3332 commoda
1952 3324 1960 3336 ,
1980 3302 2071 3330 nudus
2082 3300 2143 3328 eris.

1392 3341 1543 3379 Expedlare
1561 3341 1742 3370 commodum
1760 3340 1886 3375 alicujus.
1928 3340 1986 3369 Cic.
2002 3349 2040 3368 12.
2058 3341 2110 3366 Art.
2125 3346 2169 3374 27.
2193 3334 2285 3363 Homo
2305 3341 2445 3368 nequam,
2481 3328 2511 3360 ¹13

1411 3387 1490 3446 tetigt-ier?
1503 3380 1684 3408 commodum
1698 3389 1756 3409 non
1771 3378 1940 3416 expecsarit,
1961 3386 2048 3414 quum
2066 3377 2101 3404 ob
2119 3383 2181 3405 eam
2198 3382 2282 3402 unam
2300 3369 2409 3401 causam
2420 3369 2457 3398 nii
2482 3376 2512 3398 us

1393 3455 1496 3521 Fgrurgt
1529 3454 1617 3484 multa
1659 3454 1726 3483 anni
1760 3454 1906 3483 venientes
1941 3450 2093 3482 commoda
2126 3449 2229 3478 secum.
2282 3445 2381 3476 Horat.
2403 3445 2432 3474 in
2451 3443 2513 3473 Arte

1434 3503 1467 3521 oe
1483 3515 1488 3521 .
1507 3501 1566 3529 ¹75-

1394 3531 1506 3574 Habent
1516 3539 1604 3567 parvae
1613 3528 1762 3559 commoda
1772 3537 1870 3565 magna
1881 3537 1974 3557 morae.
1998 3525 2083 3556 Ovid.
2097 3534 2122 3560 3.
2144 3522 2209 3553 Fast.
2219 3531 2280 3557 39³.

1394 3567 1533 3605 lnipetlire
1542 3568 1732 3611 commodum.
1773 3567 1831 3596 Cic.
1854 3566 1890 3596 Ut
1900 3575 1935 3594 ne
1948 3565 2065 3594 minima
2073 3562 2187 3600 quidem
2194 3570 2222 3590 re
2233 3559 2288 3590 ulla
2297 3558 2372 3589 Bruti
2390 3563 2512 3587 commo·

1416 3606 1482 3634 duni
1494 3605 1581 3634 ullum
1596 3605 1789 3642 impediamus.
2477 3617 2481 3620 >

1396 3643 1525 3673 inhibere
1537 3643 1687 3672 commoda
1699 3641 1823 3676 alicujus.
1846 3640 1932 3670 Ovid.
1947 3648 1970 3674 3.
1983 3640 2074 3668 Amor.
2090 3646 2132 3666 ro.
2143 3647 2170 3672 4.

1397 3681 1528 3711 lnservire
1539 3680 1592 3709 suis
1608 3680 1774 3709 commodis.
1805 3679 1836 3707 V.
1860 3689 1869 3707 x
1881 3687 1900 3706 Ν
1910 3687 1922 3706 s
1932 3687 1944 3706 R
1953 3687 1970 3706 R
1981 3686 1997 3705 v
2009 3685 2053 3705 10.

1398 3718 1574 3762 Labefaclare
1583 3725 1665 3754 atque
1678 3726 1840 3754 oppugnare
1850 3714 2000 3745 commoda
2008 3713 2133 3748 alicujus.
2173 3709 2205 3740 V.
2226 3721 2243 3739 r.
2254 3719 2274 3738 Α
2284 3718 2300 3738 1³
2309 3717 2322 3737 Β
2332 3717 2354 3738 s.

1399 3755 1504 3798 Limare
1516 3756 1665 3785 commoda
1684 3754 1816 3790 alicujus,
1837 3755 1854 3782 i.
1868 3763 1892 3783 e.
1915 3751 2067 3782 Detrahere
2083 3747 2242 3779 commodis
2259 3746 2393 3782 alicuius,

1417 3794 1519 3836 videre.
1545 3794 1609 3822 Ηοῐ.
1627 3803 1648 3821 i.
1670 3792 1751 3831 Epist.
1767 3803 1808 3826 ¹⁴·
1822 3801 1866 3827 37.

1402 3830 1497 3861 Metiri
1511 3831 1674 3860 commodis.
1710 3830 1740 3859 V.
1764 3837 1917 3858 METtOR.

1400 3868 1552 3911 Natus'suis
1565 3867 1731 3897 commodis.
1775 3867 1803 3896 V.
1826 3876 1845 3895 N
1856 3876 1874 3894 A
1884 3875 1922 3895 sc
1931 3873 1981 3893 or..

1401 3906 1469 3937 Non
1478 3905 1545 3935 licet
1554 3905 1593 3935 sui
1602 3905 1745 3936 commodi
1757 3903 1837 3935 causa
1847 3912 1951 3933 nocere
1964 3899 2051 3931 alteri.
2074 3898 2134 3930 Cic.
2146 3906 2171 3935 3.
2182 3895 2240 3927 Off.
2253 3903 2299 3933 23.

2412 3747 2459 3773 aut
2469 3739 2513 3772 In·

2398 3927 2514 3960 Officere

1423 1905 1428 1910 ,
1488 1905 1493 1910 ¹
1691 1903 1697 1909 ι
1735 1864 1853 1902 Quintil.
1870 1863 1920 1893 lib.
1934 1872 1975 1893 ¹2.
1989 1873 2050 1900 cap.
2063 1873 2089 1898 9.
2112 1861 2179 1892 Non
2194 1861 2333 1896 cohaeret,
2354 1868 2408 1889 nec
2423 1867 2499 1889 com-
2530 1857 2535 1859 ”

1391 1904 1508 1934 missuris
1522 1904 1627 1948 modo,
1648 1909 1679 1933 ul:
1690 1913 1719 1931 iri
1729 1912 1815 1940 opere
1827 1902 1899 1932 male
1909 1902 2007 1938 jund'to
2018 1899 2161 1930 hiantibus
2173 1922 2181 1935 ,
2193 1899 2249 1929 <sed
2259 1921 2267 1934 ‚
2284 1901 2335 1929 διε.
2364 1897 2428 1927 Non
2441 1906 2502 1926 mo·
2543 1911 2547 1916 ⁴

1393 1943 1431 1971 do
1448 1949 1479 1971 ut
1497 1942 1549 1971 sint
1568 1942 1668 1970 ordine
1686 1940 1816 1970 collocati
1832 1940 1923 1971 sensus
1935 1961 1944 1975 ,
1971 1939 2172 1968 elaborandum
2186 1937 2224 1967 est
2236 1960 2244 1973 ‚
2265 1936 2313 1966 sed
2337 1942 2368 1965 ut
2386 1936 2458 1964 inter
2471 1933 2501 1964 se
2529 1963 2531 1966 .

1526 2625 1530 2630 Ι
1673 2624 1678 2630 ,
2160 2582 2255 2620 Quem
2273 2579 2383 2610 missum
2401 2579 2434 2608 ad
2457 2586 2505 2608 vos
2528 2566 2534 2576 ζ
2567 2569 2569 2598 ἶ

1401 2625 1567 2654 Germanico
1586 2631 1711 2653 exercitu
1733 2623 1768 2652 de
1789 2622 1988 2653 communibus
1998 2621 2165 2651 commodis.
2200 2620 2220 2651 i.
2235 2629 2260 2650 e.
2282 2618 2328 2649 Ob
2345 2616 2523 2650 eommunis?
2567 2605 2570 2613 ’

2513 1367 2526 1384 ,ί
2548 1364 2550 1366 ’

2514 1382 2542 1422 2³2

2521 1429 2550 1462 ιζ»)
2569 1427 2572 1439 ¹

2516 1505 2531 1527 ,λ
2565 1504 2567 1508 '
