2604 4222
141 176 207 218 396
595 161 623 194 C
721 159 747 190 A
852 153 880 186 L

188 252 239 280 ΘίᾹ1
252 248 375 283 mistum
391 242 474 274 ’ἑὲ-*κεν
754 276 755 279 ¹

191 291 241 321 Alii
253 289 373 318 scribunt
386 285 543 315 Calantica.
566 290 613 317 per
626 289 641 306 u
655 285 685 306 ut
697 276 837 314 Ulpianus.
851 271 867 298 l.
985 305 989 309 Ι
1080 296 1082 299 .
1100 303 1103 306 .
1148 302 1152 306 ⁴
1178 300 1193 309 Γ
1235 300 1240 305 ⁴
1286 300 1289 303 Ι

189 329 311 358 mundo:
333 325 378 353 alii
392 322 521 352 Galatica.
546 319 595 347 Adi
609 316 696 343 Vinet.
710 313 744 341 ad
757 312 855 340 Aulon.
868 307 884 335 l.
898 316 921 334 C.
946 315 991 347 qui
1003 313 1036 345 es}
1049 311 1168 346 antiquis
1181 300 1305 343 ubriSdi-

192 366 279 396 versa
289 360 485 400 lcc'lprotulit:
508 359 532 386 Se
545 354 614 383 Vols.
630 353 794 388 Etyni.p.oi.
809 347 820 381 [
834 347 851 374 A
864 341 1120 373 Calatiticavrdetur
1135 338 1240 368 Callica
1250 346 1304 365 vox

193 408 280 431 Calore
291 402 383 440 petita.
420 398 465 426 Sic
477 397 501 425 ἃ
515 393 621 423 Nonius
635 387 752 419 Merceri
764 383 886 424 exhibet.

158 442 179 472 C
189 453 206 471 A
218 453 233 469 L
245 452 262 469 A
274 450 292 467 κ
306 450 321 467 u
333 449 344 467 s
383 437 399 465 i.
418 444 454 463 ni.
478 427 707 465 vanosopliista
718 423 812 453 liiduft,
834 429 879 456 qui
894 427 957 446 cum
971 415 1125 445 Alexandro
1140 414 1239 456 'lla-‘35¹9
1251 410 1306 453 col.

196 465 326 509 loouiitus
353 460 481 508 'eumque
495 464 620 504 lbqiiutus
631 487 638 498 ,
661 463 713 492 sese
734 461 827 489 vivum
844 456 997 485 constructa
1010 463 1076 491 pyra
1087 452 1213 496 comburi
1227 451 1305 484 iuliit.

195 509 285 548 Huius
295 498 509 550 disputationem
520 504 593 542 apud
606 499 793 532 Alexandrum
804 519 811 529 .
833 498 857 524 di:
868 494 1010 535 inreritum
1018 490 1118 535 ‘inultis
1128 487 1306 527 persequutus

197 555 234 583 est
244 550 396 582 Sriziliolib.
414 558 454 581 ις.
478 545 507 573 V.
531 547 553 572 θ’(
565 541 622 569 Cic.
635 549 661 568 2.
672 537 753 567 Tusc.
769 544 812 569 52.
827 535 852 562 St
871 542 893 561 i.
912 531 948 560 de
962 530 1054 559 Divin.
1068 538 1114 565 47.

161 593 340 622 CALAPis,
372 587 401 615 V.
423 588 591 621 COLAr’i's.
1007 605 1013 611 ι
1058 604 1063 609 .

161 631 210 659 CA
220 641 234 657 ι.
244 632 259 657 A
269 638 284 656 r.
294 638 301 655 i
311 637 338 660 s,
359 622 489 654 Sardiniae
500 616 653 655 oppidum,
672 618 702 641 ut
711 611 839 640 scrioitur
854 606 1034 644 aPomponio
1045 603 1092 633 lib.
1103 611 1128 632 2.
1140 611 1202 639 cap.
1216 609 1241 637 7.
1262 609 1309 629 cu.

196 669 239 704 jus
247 666 329 694 etiam
342 659 469 691 meminit
479 655 576 685 Claud.
589 655 617 681 in
626 650 693 693 Bell.
705 649 779 678 Cild.
795 657 856 681 520.
943 682 948 688 ¹

277 701 347 731 Urbs
359 698 472 730 Libyam
484 700 579 722 contra
589 713 596 724 ,
616 689 704 726 Tyrio
716 686 830 715 fundata
842 689 949 721 potenti
958 703 966 716 .,

275 730 449 768 Tenditurin
460 733 573 767 longum
589 726 692 757 Calaris
703 747 710 759 ,
732 730 900 757 tenuemque
917 730 966 757 per
977 717 1065 747 undas
1249 752 1252 756 Ι
1287 751 1291 756 ¹

278 778 367 805 (invia
379 768 651 802 dirnittitfraclurum
665 763 777 792 flamina
792 759 913 801 collem..
986 756 1070 798 Nune
1087 752 1170 796 vulgo
1180 751 1290 786 Caglrart
1300 771 1309 785 ‚

199 817 267 845 item
283 815 370 840 Cal-rr}
383 809 492 839 dicitur.
524 804 627 833 Caralis
645 808 759 830 vocatur
771 810 783 827 a
796 797 883 827 Strab.
896 795 945 838 lib.
957 803 982 830 3.
995 796 1020 823 ἃ
1032 793 1101 822 Plin.
1113 791 1160 819 lib.
1170 800 1195 818 2.
1208 799 1268 825 cap.
1283 797 1309 824 7.

200 856 224 883 dt
237 860 262 885 8.
303 848 411 880 cai-Aes
421 846 457 883 pl.
470 852 587 873 numero
598 847 679 870 vocat
690 838 795 868 Hirtius
807 834 874 865 Bell.
886 834 938 862 Arr.
952 837 1061 869 czip.98.
1083 827 1236 873 Quomodo
1246 836 1311 869 con-

199 892 298 919 stanter
312 888 400 916 Livius
412 884 461 913 lib.
471 891 514 916 23.
528 890 590 916 cap.
602 889 646 910 eo.
660 876 713 913 seq.
751 874 868 903 Perinde
879 873 918 900 est
935 877 1028 899 utrum
1042 867 1144 896 Calaris
1157 876 1192 909 an
1210 863 1312 893 Caralis

198 935 328 956 vocetur.
349 924 442 959 judice
454 919 536 949 Hard.
551 917 584 946 ad
599 916 667 945 Plin.
708 912 802 942 Plures
821 917 946 940 veterum
966 916 1060 936 tamen
1078 905 1258 942 posteriorem
1275 902 1313 930 se—

199 972 319 1002 quuntur
329 961 518 998 scriptionem.
554 993 560 998 1
688 989 694 995 ·
833 985 839 991 .
864 985 869 991 .
964 983 970 988 .
1046 981 1051 986 ι
1203 977 1208 984 Ι
1295 976 1300 982 ’

162 1004 183 1033 C
194 1014 212 1032 A
223 1014 239 1031 L
249 1013 267 1031 A
277 1012 291 1029 iz
301 1010 340 1029 121-
350 1010 367 1028 A
376 1009 432 1031 Ni,
454 994 584 1025 Sardiniae
597 989 706 1029 populi,
727 987 762 1016 ad
772 985 917 1015 meruliem
930 982 989 1017 liti,
1004 980 1106 1025 quibus
1122 977 1223 1025 Calaris
1234 986 1314 1026 cippi..

198 1041 266 1070 duni
277 1046 380 1068 nomen
391 1033 465 1065 fecit.
505 1029 653 1061 Caralitani
664 1027 794 1056 dicuntur
805 1033 821 1052 a
837 1022 904 1052 Plin.
919 1021 972 1050 loc.
986 1025 1033 1049 cit.
1051 1020 1076 1047 ἃ
1091 1028 1106 1046 a
1120 1018 1185 1046 (.aet.
1202 1025 1224 1044 1.
1242 1014 1310 1044 bell.

196 1077 274 1108 Civil.
289 1086 332 1113 30.

479 268 484 274 .
505 243 608 272 Virtam
617 241 643 269 h.
656 239 674 268 l.
691 239 835 267 interni-es.
857 231 920 260 alitis
931 227 1138 258 lledinvicn'urn
1152 224 1299 254 convertit.

767 266 770 273 ’
881 279 925 302 25.
941 269 960 303 ξ.
979 277 1018 294 io.
1046 267 1103 293 llic.
1118 265 1152 290 ‹122›
1166 267 1234 290 :iuro
1245 271 1301 295 arg.

200 1193 301 1220 litanus
312 1198 385 1227 ager.
406 1185 483 1224 apud
495 1182 616 1212 eundem
632 1178 679 1222 lib.
693 1187 738 1220 27.
752 1185 811 1219 cap.
829 1178 854 1202 6.
879 1211 884 1216 Π
1103 1206 1108 1211 1
1185 1204 1192 1210 ι
1292 1203 1298 1209 ⁸

162 1229 185 1259 C
194 1240 212 1259 A
225 1240 239 1257 L
252 1240 269 1257 A
280 1238 291 1257 s
302 1239 310 1255 i
320 1238 335 1255 R
345 1239 352 1254 i
362 1237 376 1255 it
385 1235 397 1254 s
409 1247 417 1257 ,
438 1220 572 1258 AEgyi‘tiis
593 1225 726 1256 praecipui
740 1213 842 1243 milites
857 1208 1022 1239 dicebantur
1032 1229 1040 1241 ,
1062 1205 1164 1249 quibus
1185 1204 1215 1233 id
1229 1208 1313 1247 moris

201 1273 259 1296 erat
299 1261 442 1294 utanullo
452 1261 568 1289 doctore
578 1278 585 1289 .
608 1255 652 1284 sed
665 1265 679 1283 a
694 1258 771 1290 patre
785 1250 874 1279 {olum
888 1247 994 1276 militiae
1007 1251 1151 1288 praeceptis
1171 1242 1314 1285 erudiren-

200 1311 252 1334 tur.
269 1288 342 1333 'Haec
351 1300 425 1330 Alex.
438 1298 472 1327 ab
486 1297 558 1325 Alex.
570 1294 617 1323 lib.
633 1303 654 1321 i.
673 1300 731 1327 cap.
743 1299 788 1318 20.
813 1288 861 1316 His
871 1291 976 1318 autem.
991 1290 1021 1312 ut
1031 1283 1106 1311 idem
1118 1279 1271 1324 auster-lib.
1285 1284 1311 1308 6.

201 1350 316 1380 cap.22.
331 1339 433 1372 tradit,
455 1341 552 1373 praeter
572 1330 673 1369 praedia
694 1324 797 1357 dabant
817 1325 896 1362 panis
908 1322 973 1367 tosti
992 1321 1118 1358 pondera
1134 1319 1264 1352 delinita,
1286 1318 1313 1346 Sc

201 1380 290 1410 carnis
300 1376 411 1407 bubulae
422 1375 511 1403 minas
528 1369 656 1407 lingulis:
676 1366 809 1396 vinivero
820 1362 949 1391 sextarios
961 1364 1119 1402 quaternos.
1176 1393 1192 1400 ..
1237 1393 1243 1399 ι

164 1417 215 1447 CA
226 1429 242 1445 L
252 1427 268 1446 A
278 1426 328 1445 ssi
340 1424 352 1444 s
362 1436 370 1447 ,
390 1411 508 1443 Tunicae
525 1416 610 1445 genus
622 1428 629 1440 ,
650 1403 726 1442 quod
741 1401 827 1431 Graeci
847 1401 974 1433 καλάστξιν
994 1397 1101 1439 dicunt.
1141 1393 1194 1437 Alii
1215 1393 1315 1422 dicunt

200 1455 315 1485 Nodum
326 1451 380 1482 effe
389 1450 491 1480 tunicae
501 1444 642 1475 muliebris
653 1465 661 1477 ,
683 1450 737 1479 quo
750 1447 877 1468 connexa
888 1437 961 1466 circa
978 1442 1114 1476 cervicem
1133 1438 1227 1474 tunica
1243 1430 1315 1460 suni-

200 1493 328 1523 mittitur.
355 1489 422 1520 Haec
438 1486 539 1516 Festus.
577 1482 701 1511 Perottus
720 1475 867 1507 Clialallim
884 1472 1022 1516 appellat:
1043 1471 1166 1506 dieitque
1183 1470 1286 1515 dietam
1300 1476 1316 1497 a

201 1530 342 1563 Laxitate,
363 1529 389 1556 δι
408 1535 423 1554 a
436 1522 536 1553 Graecis
552 1519 645 1550 vocari
654 1515 785 1553 χάλασοω.
827 1512 923 1542 Pollux
935 1511 982 1554 lib.
995 1519 1020 1546 7.
1037 1518 1096 1546 cap.
1111 1512 1152 1536 ιο.
1175 1514 1315 1551 uxpoemgn

203 1569 273 1598 dicit
282 1566 335 1596 ess'e
348 1566 442 1595 Genus
455 1561 534 1590 vestis
546 1557 680 1595 AEgyptiae
690 1556 715 1584 ἃς
729 1552 883 1582 fimbriatae.
926 1548 978 1578 Alii
998 1547 1094 1584 legunt
1107 1544 1241 1575 Calasiris.
1281 1543 1313 1573 V.

201 1604 290 1636 Pitisc.
303 1604 368 1633 Lex.
384 1603 410 1631 Sc
422 1600 579 1630 Comment.
593 1604 622 1624 in
635 1593 739 1623 Polluc.
969 1623 975 1630 ·
1179 1621 1185 1627 ·
1280 1618 1285 1626 ι
1307 1613 1310 1616 Ι

163 1645 384 1676 CALAsTta‚
404 1638 448 1668 tri.
469 1646 506 1665 m.
526 1633 601 1672 apud
615 1632 720 1661 Vitruv.
743 1633 770 1662 8.
787 1637 813 1662 4.
838 1627 865 1656 &
882 1621 1003 1661 Rhodig.
1018 1632 1060 1651 10.
1074 1631 1116 1657 ςς.
1139 1630 1186 1658 qui
1205 1620 1241 1649 fic
1259 1618 1316 1649 dici

201 1681 262 1711 vult
273 1681 372 1710 Pueros
381 1684 489 1706 canorae
504 1673 589 1701 vocis.
630 1667 681 1699 Alii
701 1666 781 1697 aliter
796 1665 900 1702 legunt.
937 1662 969 1691 V.
990 1661 1061 1690 infra
1081 1669 1158 1732 cA[*rI
1164 1670 1179 1687 L
1188 1667 1255 1731 ads}
1266 1668 1278 1686 Ε
1288 1668 1314 1723 Rs,

1161 1706 1200 1725 ne
1223 1719 1229 1725 .
1255 1705 1290 1724 un
1307 1716 1314 1725 .

200 1717 347 1750 Philander
357 1715 424 1753 legit
433 1711 564 1745 camiros,
585 1708 812 1744 &interpretatur
823 1704 924 1732 Servos
934 1709 969 1729 ex
979 1698 1086 1728 catasta.
1290 1734 1295 1739 ·

204 1768 214 1786 i
223 1767 284 1792 522.
324 1755 445 1790 [deoque
454 1750 561 1787 semper
572 1744 771 1776 transmarinos
789 1740 903 1770 catastos
924 1747 1016 1767 emere
1035 1735 1170 1781 formosos
1181 1736 1232 1764 ἃς.
1268 1733 1315 1763 Sic

203 1796 229 1825 ἃ
239 1793 337 1831 reliqui
350 1792 432 1821 codd.
446 1797 515 1826 quos
531 1785 598 1815 vidi.
627 1782 762 1813 Calaltros
775 1778 841 1816 legit
852 1775 1016 1807 Hermolaus
1025 1774 1060 1803 ad
1071 1773 1139 1803 Plin.
1154 1783 1178 1808 ς.
1188 1784 1214 1808 4.
1225 1778 1294 1801 extr.

165 1832 188 1864 C
197 1844 216 1862 A
227 1844 243 1862 L
252 1842 270 1861 A
279 1842 291 1861 s
302 1839 365 1859 Tic
375 1839 391 1858 u
400 1838 412 1857 s
423 1850 431 1862 ,
453 1836 486 1860 a,
507 1833 564 1854 um.
586 1822 647 1857 Adi.
668 1820 723 1849 Th.
736 1817 813 1847 Prisc.
826 1816 861 1845 de
880 1815 967 1844 Diaeta
981 1822 1042 1850 cap.
1056 1821 1082 1847 9.
1103 1811 1200 1853 Odtav.
1218 1810 1313 1839 Horat.

205 1881 228 1900 1.
239 1876 264 1907 7.
279 1871 305 1899 δι
318 1878 360 1903 ις.
382 1863 505 1902 [Vitiose
516 1868 585 1900 puto
596 1882 605 1895 ,
625 1868 676 1897 pro
686 1855 853 1897 Chalasticus
862 1875 869 1887 ,
893 1851 1032 1883 Χοιλοιε-υώς
1043 1872 1051 1885 ,
1072 1860 1099 1887 q.
1111 1849 1142 1877 V.
1155 1850 1172 1878 ί.
1186 1849 1204 1878 l.
1221 1849 1316 1891 Quan-

202 1916 284 1946 quam
296 1907 391 1936 au‘zfftor
400 1912 457 1932 non
467 1901 505 1930 est
514 1900 548 1929 ad
556 1906 662 1928 manus.
684 1895 783 1931 Neque
794 1901 870 1922 enim
882 1890 939 1919 duo
949 1889 1010 1918 sunt
1020 1911 1028 1924 ,
1050 1887 1096 1917 sed
1110 1896 1181 1917 unus
1192 1888 1218 1917 δι
1227 1887 1311 1915 idem.

166 1948 348 1979 CALATA‚
381 1942 411 1971 V.
434 1948 564 1982 CALo.l
1075 1964 1080 1970 η
1216 1961 1250 1968 ..

164 1986 212 2016 CA
221 1995 238 2012 L
248 1988 264 2012 A
273 1992 292 2011 ‘r
302 1992 322 2010 n
332 1992 349 2010 u
361 1990 388 2015 s,
409 1980 426 2008 i.
451 1987 488 2006 m.
512 1971 687 2012 [ψλοιθῶυ]
715 1969 807 1999 Festus
817 1990 825 2003 ,
846 1964 1082 2008 calathos-Graeci
1092 1985 1100 1997 ,
1124 1971 1175 2006 nos
1195 1961 1315 1990 dicimur,

198 2020 344 2059 Quasillos.
365 2018 450 2054 Juxta
465 2011 683 2051 Porphyrionem
693 2030 701 2043 ‚
721 2008 773 2036 Vas
785 2005 955 2035 vimineum,
978 2012 1007 2031 ln
1021 2012 1076 2038 quo
1089 2000 1218 2030 mulieres
1231 1999 1316 2037 pensa

197 2060 242 2090 vel
255 2064 370 2088 tramam
380 2053 534 2085 revolvunt.
554 2048 710 2115 Utpbantur
721 2047 747 2076 &
756 2045 792 2075 ad
798 2044 880 2073 flores
889 2040 1070 2078 colligendos.
1096 2039 1196 2076 Virga.
1206 2036 1313 2073 Ecl.45.

392 2108 430 2114 -
440 2091 491 2121 tibi
502 2089 558 2118 lilia
572 2098 589 2125 p
603 2086 663 2116 eriis

292 2133 363 2163 Ecce
372 2131 464 2160 ferunt
471 2126 609 2165 Nymphae
619 2122 741 2153 calathis.

201 2171 331 2203 Calathus
342 2170 483 2199 Minervae.
506 2164 592 2194 Ovid.
603 2173 629 2197 4.
642 2161 708 2191 Fast.
721 2167 753 2195 4³
762 2169 785 2200 5:
812 2195 818 2202 .

295 2209 360 2238 Haec
371 2206 471 2244 implet
483 2202 605 2232 calathos
616 2200 694 2228 lento
706 2197 741 2226 de
753 2204 857 2226 Vimine
865 2202 962 2223 nexos.

199 2247 303 2279 Raliles
311 2244 422 2275 calathi.
443 2241 563 2273 Ovid.9.
580 2237 662 2276 Epist.
675 2239 719 2273 76.
745 2235 762 2263 i.
776 2243 800 2262 e.
823 2232 921 2276 Ponti,
943 2228 1015 2267 quasi
1036 2228 1102 2264 rasi,
1122 2225 1224 2265 quibus
1239 2225 1317 2264 puel..

220 2287 253 2316 1ae
263 2287 289 2315 ὃ(
301 2287 442 2321 unguenta
450 2281 476 2309 Sc
486 2279 560 2307 lanas
572 2275 737 2305 recondunt.
776 2271 888 2307 [Atqui
899 2267 1059 2306 unguenta?

203 2323 323 2353 Calatliis
335 2321 433 2349 referre
444 2317 552 2356 poradta
562 2314 670 2343 vellera.
691 2311 790 2346 Juven.
800 2319 826 2338 2.
837 2308 891 2337 Sat.
905 2317 948 2343 54.
979 2343 985 2349 .

284 2360 336 2388 Vos
347 2358 438 2387 lanam
449 2354 554 2384 trahitis
563 2374 571 2388 ,
592 2349 759 2386 calathisque
773 2347 882 2385 perat‘ta
894 2344 1002 2374 refertis

282 2396 388 2426 Vellera
399 2418 407 2430 ,
426 2396 478 2424 dcc.
1018 2417 1025 2425 .
1252 2414 1258 2421 ³

201 2436 332 2467 Calathus
342 2456 349 2468 ,
370 2433 422 2462 Vas
433 2438 534 2460 aereum
548 2428 576 2457 in
585 2436 639 2464 quo
648 2426 690 2455 lac
700 2423 760 2458 vel,
780 2428 877 2452 recens
884 2418 977 2449 caseus
988 2440 997 2453 ,
1017 2428 1047 2446 in
1063 2415 1132 2446 urbe
1148 2415 1314 2445 distrahitur.

219 2475 292 2510 Virg.
307 2482 331 2509 3.
344 2472 442 2507 Georg.
453 2478 516 2504 400·
531 2504 535 2509 ¹
778 2496 802 2503 .—
889 2495 895 2501 ι
953 2493 960 2502 θ

280 2510 366 2547 Quod
376 2508 500 2545 surgente
509 2504 554 2534 die
566 2501 684 2532 mulsere
695 2521 702 2535 ‚
724 2499 852 2534 horilque
867 2495 975 2524 diurnis
984 2515 992 2528 ,

280 2549 371 2578 Nocte
383 2550 525 2584 premunt:
548 2540 624 2578 quod
633 2541 698 2575 jam,
709 2536 830 2566 tenebris
841 2535 867 2563 δι
878 2533 934 2562 sole
943 2534 1062 2561 cadente
1075 2552 1082 2566 ‚
1265 2565 1271 2571 .

281 2585 436 2617 Sublucem
445 2588 595 2618 exportans
606 2576 722 2607 calathis
734 2574 791 2603 adit
810 2571 914 2610 oppida
930 2570 1029 2613 pastor.
1062 2606 1068 2612 ἢ
1111 2566 1179 2596 Haec
1197 2566 1315 2609 Servius.

221 2626 275 2662 [At
290 2631 339 2653 cur
348 2631 449 2652 aereum
461 2621 535 2648 dicat
552 2625 610 2646 non
629 2614 752 2650 assequor
763 2634 771 2646 ,
790 2611 945 2639 vimineum
963 2616 1040 2637 enim
1061 2605 1129 2635 istuc
1149 2604 1216 2634 vafis
1230 2612 1318 2641 genus

218 2663 296 2694 fuilse
308 2660 433 2690 dubitare
448 2667 498 2686 nos
508 2664 565 2685 non
577 2654 640 2682 sinit
652 2650 834 2692 Nemesianus
842 2647 898 2677 Ecl.
912 2655 938 2676 v.
951 2655 995 2682 33.

292 2698 353 2737 Ipse
365 2707 416 2735 ego
431 2705 483 2725 nec
494 2692 572 2723 molli
582 2692 684 2733 iunco2
706 2695 873 2731 necyimine
884 2684 961 2713 lento

292 2737 396 2767 Perfeci
410 2733 532 2764 calathos
545 2728 666 2766 cogendi
676 2727 753 2756 lastis
763 2735 792 2754 in
805 2723 875 2767 usus.

201 2775 348 2809 Calathus,
369 2773 447 2802 Calix
461 2771 496 2801 ad
508 2768 668 2798 sacrificium
678 2772 767 2802 aptus.
789 2761 863 2799 Virg.
878 2771 902 2795 ς.
917 2758 1028 2796 Ecl·71.
1062 2790 1063 2793 Ἴ
1138 2792 1142 2794 ,

282 2813 350 2842 Vina
358 2820 462 2840 novum
472 2807 587 2837 fundam
595 2803 709 2834 calathis
720 2800 818 2831 Arvisia
828 2800 931 2828 neetar.
945 2835 951 2841 .
1014 2795 1048 2825 Et
1058 2794 1180 2832 Propert.
1191 2797 1316 2826 aaran.

220 2852 264 2888 [A
276 2851 362 2880 forma
374 2842 632 2878 scilicetCalathiid
651 2845 756 2870 nomen
775 2840 802 2868 δι
817 2835 927 2875 poculis
943 2833 1113 2871 impofitum.
1156 2830 1236 2868 Apud
1257 2829 1319 2858 Pro-

218 2890 339 2928 pertium
350 2893 443 2916 tamen
454 2884 591 2914 vimineos
601 2879 732 2910 Calathos
746 2875 865 2912 intelligi
905 2879 981 2903 utem
990 2893 1009 2915 ‚'
1019 2877 1050 2900 ut
1065 2879 1079 2898 a
1104 2867 1279 2912 tid-eundem
1290 2876 1316 2910 3.

224 2937 266 2957 11.
282 2935 324 2962 30.
346 2925 420 2954 Nam
430 2922 504 2960 quod
515 2920 587 2958 lapsa
598 2919 633 2948 de
646 2915 761 2949 corollisv
775 2913 853 2957 folia,
884 2884 990 2942 isatare
1001 2919 1032 2938 m
1049 2917 1080 2938 ca
1093 2906 1164 2936 athis
1181 2906 1267 2941 dicit,
1289 2904 1319 2934 id

220 2965 310 3003 potest
323 2962 407 2992 etiam
419 2962 455 2990 de
468 2967 573 2989 temere
583 2956 676 2994 sparsis
687 2951 817 2989 intelligi.
1022 2985 1029 2993 ,
1150 2982 1156 2988 .

201 3002 348 3033 Calatliurn
366 2999 532 3030 Hermolaus
551 2994 709 3025 Turbinem
735 2992 842 3020 rectum
862 2991 962 3017 vocat:
984 2989 1203 3027 cui-opponitur
1220 2978 1318 3024 Meta,

220 3042 238 3070 i.
252 3051 275 3070 e.
298 3038 395 3070 Turbo
406 3035 535 3067 inversus.
576 3033 644 3062 Plin.
654 3031 702 3060 lib.
715 3038 759 3058 21.
770 3037 832 3065 cap.
846 3037 870 3061 ς.
893 3023 1005 3067 Candor
1016 3031 1075 3057 ejus
1087 3029 1224 3063 eximius,
1245 3018 1319 3047 foliis

220 3079 285 3108 foris
296 3076 392 3107 striatis
400 3097 408 3111 ,
429 3076 456 3105 ἃ
465 3074 498 3103 ab
508 3071 636 3110 angustiis
645 3069 674 3098 in
682 3066 861 3097 latitudinem
872 3061 1005 3101 paulatim
1017 3059 1070 3089 sese
1084 3057 1242 3089 laxantibus
1252 3077 1260 3092 ,
1282 3056 1320 3085 es-

222 3116 239 3145 fi
260 3117 285 3145 ie
294 3112 404 3144 calathi.

165 3154 187 3185 C
198 3127 296 3183 ALgAT
306 3162 326 3182 Η
337 3162 366 3181 is
375 3161 392 3181 c
401 3161 420 3180 υ
431 3160 443 3179 s
455 3171 462 3184 ,
484 3148 581 3178 dimin.
603 3140 818 3185 [κκλσιὲἱσν-ῷι]
839 3136 939 3169 catull.
955 3139 1000 3172 65.
1014 3143 1076 3171 319.

258 3192 327 3221 Ante
337 3189 422 3228 pedes
433 3194 524 3217 autem
535 3183 680 3215 candentis
690 3179 785 3210 mollia
795 3178 864 3207 lanae

255 3227 362 3258 Vellera
376 3227 471 3262 virgati
482 3223 656 3253 custodibant
671 3215 822 3249 calatliisci.
903 3211 949 3256 Ιν.
972 3210 1079 3252 Petron.
1091 3218 1152 3252 cap.
1164 3217 1210 3242 4¹·

168 3266 191 3297 C
202 3275 218 3295 A
228 3277 245 3294 L
254 3275 298 3294 AT
308 3272 327 3294 ii
337 3267 367 3293 ιλ·
378 3274 397 3292 N
409 3273 427 3292 A
439 3286 447 3296 ,
466 3273 496 3291 ae.
518 3262 538 3291 f.
563 3258 649 3289 Violae
660 3265 747 3295 genus
756 3277 763 3290 ‚
780 3264 795 3283 a
809 3250 911 3282 calathi
921 3249 1015 3287 figura.
1030 3247 1098 3296 Plin.
1108 3246 1156 3275 lib.
1169 3254 1215 3274 21.
1227 3246 1318 3282 caph„

206 3301 361 3339 Aliilegunt
370 3300 525 3331 Calthiana.
562 3298 593 3327 V.
617 3294 752 3326 Harduin.
764 3294 793 3321 in
805 3291 858 3335 loc.

455 3339 457 3341 ’
472 3334 646 3369 Randanum]
667 3331 756 3362 Insula
767 3329 805 3360 est
819 3333 891 3357 inter
907 3321 1106 3354 Chersonesum
1122 3321 1149 3350 ἃ
1162 3319 1321 3348 Samothra-

168 3340 458 3373 CALA'rHUSA,[
976 3363 981 3368 ι
1292 3358 1296 3362 ¹

205 3387 258 3407 cen
268 3376 371 3406 deserta
381 3398 389 3410 ,
410 3376 520 3405 dicente
535 3373 602 3403 Plin.
620 3372 668 3401 lib.
680 3381 704 3405 4.
722 3378 783 3406 cap.
798 3376 839 3395 11.
878 3362 997 3393 Desertis
1008 3368 1118 3402 quoque
1129 3356 1281 3386 reddantur
1292 3366 1320 3384 iri

1042 3396 1163 3426 Desticos
1177 3416 1185 3428 ,
1207 3393 1320 3427 Larvos,

206 3414 261 3444 hoc
272 3415 328 3442 sinu
340 3436 348 3449 ,
368 3422 481 3450 quarum
493 3411 577 3441 modo
591 3408 707 3439 inveniri
722 3409 875 3444 potuerunt
885 3401 1001 3430 nomina
1010 3421 1018 3433 ,
1036 3435 1044 3444 Ἰ

207 3452 323 3488 Cyssiros
332 3472 340 3485 ‚
361 3450 489 3479 Carbrusa
498 3471 505 3484 ,
527 3446 671 3478 Calathusa
681 3467 688 3480 ,
700 3447 752 3474 &c
780 3443 938 3479 Stephanus
947 3446 1011 3480 vero
1023 3432 1197 3474 Calathusam
1207 3454 1215 3466 ‚
1237 3441 1321 3469 quani

207 3491 233 3519 ἅ
244 3488 375 3517 Calatlien
391 3493 471 3516 vocat
483 3508 490 3521 ,
512 3486 659 3524 Oppidum
671 3482 724 3512 effe
733 3482 771 3511 ait
782 3503 790 3515 ,
811 3478 846 3509 ad
864 3476 991 3519 Herculis
999 3472 1143 3516 columnas
1153 3472 1241 3498 litum.

170 3527 193 3557 C
204 3538 222 3556 A
233 3538 247 3554 L
257 3530 272 3554 A
283 3536 318 3554 rri
330 3535 347 3553 A
357 3545 365 3558 ,
385 3535 413 3553 ae.
437 3525 455 3554 f.
481 3520 638 3559 [mnemia]
658 3520 806 3558 Oppidum
818 3517 985 3557 Campaniae.
1024 3511 1081 3540 Liv.
1094 3519 1118 3544 9.
1131 3517 1158 3539 2.
1190 3507 1231 3536 Ad
1243 3506 1321 3536 Cala.

208 3566 275 3593 tiam
283 3561 406 3592 consules
417 3562 554 3590 Romanos
565 3560 702 3595 castraque
713 3557 767 3586 else
778 3554 917 3585 audiebat.
938 3550 987 3581 Sil.
999 3555 1025 3583 8.
1044 3558 1105 3584 544.

360 3608 456 3627 —nec
467 3599 553 3636 parvis
565 3597 656 3627 aberat
668 3594 771 3625 Calatia
782 3592 874 3622 muris.
971 3587 1132 3623 [Corrupte
1146 3582 1220 3627 apud
1229 3581 1319 3611 Strab.

205 3638 253 3668 llb-
269 3648 293 3672 ς·
308 3635 466 3667 numanam,
479 3635 631 3665 Callateria.
652 3633 714 3662 Nec
725 3633 797 3662 rcere
806 3641 849 3669 ap.
862 3627 932 3658 Plin.
945 3625 964 3656 1.
979 3634 1003 3662 3.
1019 3634 1072 3659 ας.
1097 3620 1208 3650 Calatiae
1216 3618 1255 3658 pl.
1271 3628 1321 3648 nu-

207 3684 294 3705 mero.

170 3714 193 3745 C
205 3724 246 3742 Ar.
259 3715 353 3740 ΑτῑΝ
364 3720 402 3738 us
414 3731 421 3743 ,
441 3719 456 3737 a
467 3731 474 3743 ,
496 3718 551 3738 uni.
573 3707 675 3745 gentile
701 3708 728 3736 δι
750 3703 935 3743 possessivum.
949 3738 954 3744 ¹
976 3698 1035 3728 Liv.
1055 3697 1103 3742 lib.
1124 3705 1169 3725 22.
1193 3704 1255 3738 cap.
1269 3693 1318 3723 ult.

205 3749 337 3780 Defecere
346 3748 380 3775 ad
395 3747 493 3775 Pmnos
505 3747 530 3774 hi
541 3746 657 3783 populi,
675 3743 817 3776 Attellani,
838 3740 973 3773 Calatini,
988 3738 1041 3767 &a
1076 3734 1182 3765 eodem
1195 3733 1243 3761 lib.
1257 3741 1320 3769 cap.

209 3797 251 3823 13.
272 3786 318 3815 l'er
330 3784 475 3814 Allifanum
489 3805 496 3817 ,
516 3783 727 3817 Calatinumque
739 3802 747 3815 ,
769 3782 795 3809 ἃ.
806 3779 940 3808 Calenum
952 3783 1056 3810 agrum.

205 3822 470 3858 Fuit&Cognomen
485 3821 573 3857 gentis
585 3819 679 3848 Atiliae.
722 3819 750 3846 A.
770 3817 864 3846 Atilius
881 3813 1022 3844 Calatinus
1031 3833 1039 3845 ,
1054 3809 1089 3840 ab
1101 3814 1192 3853 aratro
1203 3806 1318 3851 adlsumc-

225 3870 285 3891 mos
297 3861 415 3888 honores
426 3866 538 3886 vocatus
550 3878 557 3890 ,
579 3857 614 3885 de
629 3865 683 3892 quo
696 3854 753 3883 Cic.
766 3855 801 3883 de
811 3854 920 3883 Seneet.
936 3854 981 3880 61.
994 3851 1020 3879 ὁὶ
1034 3858 1059 3878 2.
1078 3849 1114 3876 de
1126 3848 1185 3877 hin.
1201 3854 1261 3889 [¹7-

169 3901 191 3931 C
202 3909 244 3929 AL
255 3909 272 3927 A
284 3906 302 3925 *i-
313 3907 320 3924 i
330 3906 357 3931 s,
378 3894 423 3924 vel
439 3894 462 3922 l(
473 3905 490 3922 A
501 3905 516 3921 L
526 3903 596 3922 LAT
607 3904 615 3921 1
626 3902 637 3921 s
648 3914 656 3926 ,
678 3892 800 3927 [κάλοιης
810 3912 817 3925 ,
839 3887 995 3921 ›inamati-15]
1016 3886 1143 3915 Tliraciae
1164 3884 1262 3913 civitas
1282 3881 1321 3910 est

206 3935 280 3974 apud
295 3933 361 3963 Plin.
374 3932 422 3961 lib.
438 3943 463 3966 4.
482 3941 544 3967 cap.
557 3940 597 3958 ιι.
619 3939 678 3966 quae
690 3935 769 3957 antea
782 3927 918 3956 Acervetis
928 3924 1086 3953 vocabatur.
1287 3957 1292 3962 ¹

204 3976 244 4005 hx
255 3974 306 4002 huc
318 3971 427 4000 civitate
440 3975 514 3997 ortus
524 3968 576 3999 fuit
584 3967 649 3996 lster
661 3973 742 4003 poeta
752 3987 759 3998 ,
782 3966 829 4000 qui
845 3965 880 3993 de
897 3963 1004 3992 ratione
1015 3959 1166 3990 scribendae
1176 3956 1319 3995 tragoediae

223 4019 294 4049 opus
303 4009 408 4046 insigne
417 4005 584 4042 conscripsit.
624 4004 726 4032 Auiftor
741 4001 864 4031 Hermol.
879 4001 915 4030 ad
928 4000 997 4030 Prin.
1012 4009 1039 4035 4.
1053 4008 1095 4027 ii.

839 2117 922 2148 Conf.
937 2125 1004 2146 mox
1016 2125 1052 2146 ex
1061 2115 1185 2153 Propert.

1806 138 1834 171 C
1932 138 1958 170 A
2057 137 2083 170 L

1357 220 1557 250 CALATov,
1588 216 1619 245 V.
1645 226 1751 245 eALo.

1358 259 1379 286 C
1391 268 1406 284 A
1419 267 1433 283 ι,
1447 265 1462 282 ,i
1476 266 1491 282 u
1506 265 1520 282 r.
1533 258 1547 281 ἓ.
1561 265 1575 282 A
1589 276 1596 287 .
1620 254 1672 283 sive
1688 255 1708 283 C
1721 267 1737 283 A
1747 266 1761 282 L
1774 265 1790 283 A
1801 265 1819 284 υ
1830 257 1863 284 ni
1875 266 1889 283 A
1902 277 1909 285 .
1932 255 2118 289 ῗκωαυωι]
2139 254 2176 282 est
2187 252 2276 282 Insula
2288 252 2368 280 maris
2380 251 2509 281 mediter·
2560 263 2562 273 >

1395 294 1486 326 ranei,
1508 295 1537 320 in
1550 293 1606 320 sinu
1620 293 1744 327 Argolico
1760 315 1767 326 ,
1789 301 1885 321 contra
1905 292 2097 322 'si-rweniuni.
2142 292 2209 319 l'liri.
2226 291 2310 323 liba.
2333 301 2393 325 caii.
2409 300 2448 319 12.
2472 291 2508 320 [ie

1397 341 1449 368 qua
1467 330 1551 358 insula
1563 330 1710 367 proverbio
1725 330 1891 359 datuslocus
1902 353 1908 364 ,
1932 340 1980 367 pro
2001 329 2068 358 Delo
2078 328 2219 358 Calauria:
2241 330 2268 357 iri
2286 328 2371 355 mutui
2386 326 2508 357 beneficii

1397 370 1553 411 memoria.-
1582 368 1674 396 Fertui·
1687 369 1760 396 enim
1774 370 1802 396 in
1816 366 1916 396 fabulis
1929 391 1935 399 ,
1959 368 2121 404 Neptunum
2135 376 2199 395 cum
2220 366 2325 394 Latona
2337 365 2511 401 permutatio-

1398 406 1584 448 nenihl‘ecille,
1607 405 1705 434 &data
1722 404 1809 439 Delo,
1829 405 1983 434 Calauriam
1993 403 2132 433 habitasse.
2175 404 2206 432 V.
2228 402 2345 432 Strab.l.
2358 407 2383 435 8.
2413 402 2508 432 Erasmi

1399 444 1548 472 (lliiliadas.
1573 444 1710 480 Praecipue
1723 443 1810 472 exilio
1833 444 1858 472 Sc
1879 443 1955 472 letho
1967 442 2161 472 Demosthenis
2177 441 2230 470 fuit
2254 439 2408 469 nobilitata.
2430 440 2510 469 Ovid.

1400 491 1425 517 7.
1442 482 1511 510 Met.
1527 485 1589 513 384.

1480 518 1547 547 lnde
1559 517 1697 546 Calaureae
1712 517 1840 547 Latoidos
1851 517 1947 555 aspicit
1959 526 2030 545 arva.

1363 556 1385 585 C
1398 566 1415 584 A
1425 567 1441 584 L
1451 565 1469 584 A
1480 565 1497 584 u
1507 559 1570 584 nii*
1582 566 1589 583 i
1599 565 1611 583 s
1624 577 1631 589 ,
1653 555 1714 585 idis.
1737 556 1936 591 [καλοωώπς]
1958 555 2061 591 Spuma
2069 555 2186 591 argenti.
2207 551 2299 582 Diosc.
2315 563 2339 586 ς.
2355 555 2416 587 ιςό.

1364 595 1386 622 C
1397 604 1414 622 A
1426 605 1441 621 L
1452 604 1465 622 a
1476 604 1489 621 iz
1500 604 1508 621 1
1519 615 1527 626 ,
1549 594 1660 621 autfftore
1674 593 1750 622 Festo
1760 593 1807 622 lib.
1821 602 1845 628 3.
1867 593 2032 622 dicebantur
2045 593 2120 629 apud
2139 599 2246 622 veteres
2265 590 2398 625 Armillae,
2420 589 2513 627 quibus
2560 617 2561 628 2
2590 605 2595 626 ·,

1402 632 1603 698 ἓίιίὲηρὴῑὶηῑῧς
1615 631 1772 697 qtelbantur,
1793 632 1820 660 &a
1831 630 1934 660 milites
1944 630 1980 659 ob
1991 631 2124 659 virtutem
2137 629 2322 659 donabantur.
2345 627 2386 657 Al.
2398 626 2515 659 scribunt

1428 680 1441 697 a
1476 679 1499 697 ei
1543 691 1548 696 .
1598 691 1604 696 .
1635 691 1639 696 .
1666 691 1671 697 .

1365 706 1466 735 CALc
1479 678 1616 740 ANqRUS,
1639 707 1806 735 CALCAR.
1847 698 1880 735 ln
1903 714 2023 739 cALx,
2045 704 2206 742 parspedis.

1365 745 1609 807 CA1.pARius,
1631 744 1934 778 CALcATouruM,
1964 742 2189 772 CALCATus.
2229 741 2261 771 V.
2292 749 2408 776 CALx,
2438 739 2516 779 Lapis

1403 790 1506 810 cornus.

1365 819 1387 848 C
1397 830 1415 848 A
1424 831 1440 847 L
1449 829 1466 848 c
1475 829 1488 847 r.
1499 841 1506 853 ,
1526 818 1601 855 apud
1613 817 1776 848 Strabonem
1787 818 1946 856 Campaniae
1962 818 2067 847 civitas.
2105 817 2151 847 Sic
2163 818 2239 846 enim
2259 815 2351 845 scribit
2362 815 2411 845 lib.
2423 825 2446 850 ς.
2473 815 2519 847 Ul.

1403 864 1442 886 tra
1452 858 1507 892 jam
1521 857 1623 890 dictas,
1645 856 1706 885 sunt
1719 856 1762 885 hae
1774 867 1884 893 quoque
1896 856 2054 894 Campaniae
2063 855 2190 885 civitates
2199 877 2207 890 ,
2224 863 2339 892 quarum
2349 854 2517 886 mentionem

1403 895 1527 932 superius
1539 894 1656 923 fecimus
1666 916 1675 929 ,
1695 894 1776 924 Calce
1787 896 1813 924 ἃ
1824 895 1952 924 Teanum
1963 916 1970 929 ,
1991 894 2157 923 Sidicinum.
2202 892 2259 922 Sed
2273 901 2324 930 pro
2342 892 2425 920 Κάλκη
2438 889 2517 920 male
2561 928 2563 939 μ

1404 932 1580 962 scribendum
1591 932 1712 961 videtur.
1753 932 1784 961 V.
1807 941 1825 961 c
1833 942 1849 961 A
1860 944 1878 961 L
1887 942 1900 961 a
1910 941 1930 961 s.

1367 969 1634 1004 CALcizAaiuM‚
1654 969 1900 1005 CALanmnN,
1924 969 2261 1002 CALanuunruit,
2282 966 2518 998 CALanTus.
2560 961 2563 981 ³

1406 1008 1437 1037 In
1459 1018 1476 1036 c
1486 1018 1505 1036 A
1513 1018 1529 1035 L
1538 1017 1556 1036 x
1565 1029 1573 1041 ,
1595 1017 1645 1045 pro
1656 1007 1805 1037 Posteriore
1816 1014 1894 1046 parte
1908 1007 1998 1045 pedis.

1368 1045 1644 1079 CALcssnoNiA,
1677 1045 1709 1074 ln
1731 1054 1976 1075 cuALcizuou.

1369 1083 1391 1112 C
1401 1094 1420 1112 A
1430 1095 1445 1112 L
1454 1093 1470 1112 e
1480 1093 1493 1112 a
1504 1091 1523 1112 Ν
1535 1093 1552 1111 o
1561 1093 1569 1111 1
1579 1092 1597 1111 x
1607 1105 1615 1116 ,
1639 1082 1714 1112 Festo
1724 1105 1732 1117 ,
1752 1082 1800 1112 lib.
1815 1093 1839 1119 3.
1861 1083 1983 1113 Conc'iae
1993 1091 2079 1118 genus
2088 1080 2136 1111 est.

1406 1121 1480 1159 peri,
1502 1130 1556 1150 nee
1565 1120 1658 1158 legisse
1674 1130 1717 1150 me
1729 1120 1841 1158 usquam
1854 1122 1883 1150 id
1893 1119 2023 1150 vocabuli
2034 1119 2174 1149 recordor.

1366 1159 1391 1188 C
1403 1168 1610 1225 ALcizo‚das‚
1631 1158 1872 1196 CALCEOLUS‚
1893 1159 1914 1188 C
1928 1167 2082 1188 ALcuus.
2121 1156 2154 1187 ln
2174 1165 2293 1191 CALx,
2313 1154 2520 1193 proPosteriore

1409 1205 1486 1234 parte
1520 1207 1535 1225 e
1558 1206 1588 1225 is.

1368 1234 1391 1264 C
1401 1246 1418 1263 A
1429 1246 1444 1262 L
1453 1244 1470 1263 c
1481 1208 1531 1269 als),
1553 1233 1687 1271 Ampullae
1698 1233 1847 1271 plumbeae.
1866 1233 1968 1264 Festus.

1406 1273 1553 1301 stindtione
1563 1294 1571 1307 ‚
1592 1274 1618 1302 ἃ
1639 1272 1675 1301 de
1694 1272 1749 1301 Bali
1761 1271 1891 1309 ampuilae
1907 1270 2042 1307 intelligi,
2062 1270 2156 1299 calicis
2173 1269 2268 1307 figura.

1368 1310 1392 1340 C
1402 1320 1421 1338 A
1432 1319 1473 1339 Le
1484 1320 1503 1338 ri
1515 1315 1555 1339 As
1565 1332 1573 1344 ,
1594 1310 1675 1338 antis.
1697 1310 1837 1345 [κάλχακ]
1858 1310 1912 1339 fuit
1926 1309 2069 1339 Thestoris
2085 1308 2201 1344 Trojani
2219 1306 2309 1339 filius.
2331 1315 2417 1343 augur
2439 1305 2522 1336 maxi.

2177 1077 2305 1117 [Locum
2316 1078 2393 1109 hunc
2408 1088 2465 1109 non
2478 1089 2518 1111 re-

1407 1357 1468 1377 mus
1480 1370 1489 1383 ,
1517 1348 1563 1383 qui
1579 1357 1664 1385 quum
1684 1346 1766 1376 initio
1781 1347 1848 1377 belli
1864 1358 1879 1376 a
1893 1347 2022 1381 Troianis
2041 1346 2077 1375 ad
2094 1345 2255 1383 Apollinem
2280 1343 2446 1381 Delphicum
2460 1352 2522 1374 cum
2566 1346 2567 1374 ζ

1406 1385 1569 1415 muneribus
1581 1387 1745 1419 mitteretur,
1757 1387 1782 1415 &
1793 1385 1951 1423 responsum
1963 1384 2095 1417 haberet,
2116 1390 2148 1413 ut
2157 1382 2271 1412 dimiffis
2280 1380 2410 1417 Troianis
2418 1402 2426 1417 ‚
2454 1381 2522 1411 Grae-

1407 1433 1505 1453 corum
1521 1423 1679 1460 sequeretur
1696 1422 1878 1458 felicitatem,
1898 1424 1932 1452 ab
1951 1422 2006 1452 illis
2021 1421 2168 1460 gratiffime
2185 1426 2320 1458 exceptus
2340 1419 2387 1449 est.
2427 1419 2522 1449 Auctor

1407 1462 1513 1492 Pseudo
1533 1461 1618 1491 Dares
1630 1461 1760 1498 Phrygius
1772 1470 1834 1498 cap.
1849 1471 1892 1497 ις.

1410 1499 1561 1529 Calchanta
1573 1521 1581 1533 ,
1603 1499 1748 1528 accusatiV.
1768 1499 1843 1536 Virg.
1855 1508 1881 1529 2.
1898 1498 1961 1528 AEn.
1975 1506 2036 1527 ¹22.

1488 1537 1542 1567 Hic
1553 1537 1664 1566 Ithacus
1674 1543 1766 1566 vatem
1778 1546 1880 1575 magno
1891 1534 2042 1566 Calchanta
2049 1534 2171 1565 tumultu

1488 1575 1625 1604 Protrahit
1638 1575 1666 1604 in
1678 1575 1795 1604 medios.
1889 1574 1920 1604 V.
1942 1574 1991 1604 Sil.
2008 1582 2050 1609 13.
2068 1579 2111 1609 38.

1408 1612 1554 1657 Calchanti
1565 1610 1670 1651 templa
1679 1613 1804 1642 extructa
1812 1611 1891 1642 fuisse
1901 1612 1984 1641 docet
1999 1611 2095 1641 Strabo
2106 1610 2153 1639 lib.
2166 1612 2192 1639 6.
2218 1609 2250 1640 ln
2262 1619 2326 1647 agro
2338 1608 2465 1644 Daunio,
2485 1608 2523 1638 lm

1427 1657 1489 1694 quit
1499 1672 1507 1686 ,
1528 1652 1600 1680 circa
1611 1650 1760 1686 tumulum,
1773 1660 1855 1687 quem
1868 1651 1957 1680 Drion
1967 1650 2124 1682 nominant,
2140 1648 2204 1677 fana
2216 1646 2400 1677 monstrantur
2413 1660 2419 1676 :
2442 1656 2524 1676 unum

1428 1689 1542 1726 quidem
1559 1689 1717 1718 Calchantis
1738 1689 1768 1717 in
1780 1688 1887 1718 summo
1901 1688 2004 1718 vertice
2016 1709 2024 1723 ,
2045 1689 2072 1717 ἂ
2084 1686 2130 1716 cui
2149 1692 2277 1724 petentes
2292 1684 2404 1714 oracula
2419 1685 2523 1722 nigrum

1429 1727 1577 1795 imniglcant
1587 1727 1700 1757 arietem
1708 1748 1716 1762 ,
1739 1727 1764 1756 δι
1778 1726 1857 1756 strata
1871 1727 1901 1756 in
1921 1725 1997 1764 pelle
2014 1725 2074 1761 ejus
2096 1724 2249 1754 dormiunt.
2290 1723 2414 1753 Alterum
2424 1721 2526 1752 Podali-

1429 1775 1462 1793 rii
1472 1786 1481 1800 ,
1532 1775 1556 1795 c.

1370 1801 1395 1832 C
1407 1812 1426 1831 A
1436 1812 1477 1832 Lc
1487 1813 1496 1831 1
1507 1813 1527 1831 A
1536 1813 1595 1832 aru
1605 1813 1626 1832 M
1636 1824 1645 1838 ,
1670 1801 1702 1831 V.
1725 1811 1742 1830 c
1753 1811 1772 1831 A
1781 1811 1825 1831 Lx
1836 1823 1844 1837 ,
1866 1810 1917 1838 pro
1929 1800 2079 1831 Posteriore
2091 1805 2167 1838 parte
2177 1798 2266 1837 pedis.

1372 1840 1394 1869 C
1407 1849 1644 1876 ALctFRAGA‚
1664 1849 1694 1869 ae.

1409 1878 1549 1945 :irgalculis
1560 1877 1719 1916 frangendis
1729 1878 1766 1907 ita
1777 1878 1867 1907 dicta:
1890 1877 1926 1907 de
1940 1886 1995 1915 qua
2013 1872 2046 1905 V·
2068 1875 2137 1905 Plin.
2148 1875 2196 1905 lib.
2208 1885 2253 1912 ²7-
2277 1884 2339 1913 cap.
2352 1884 2380 1911 9.
2399 1875 2425 1904 ἃ
2436 1873 2523 1904 Rueu.

1424 1927 1431 1945 l
1454 1940 1460 1946 .
1471 1926 1497 1946 2.
1511 1926 1543 1946 ca
1567 1939 1573 1946 .
1589 1926 1649 1952 ¹29·

1375 1927 1597 1989 CALchizpo,
1622 1954 1758 1983 CALco.
1797 1951 1831 1983 In
1851 1962 1970 1987 cALx,
1991 1950 2234 1989 propartepedis.
2478 1945 2479 1948 ¹

1375 1993 1397 2022 C
1406 2003 1423 2021 A
1434 2003 1450 2020 L
1459 2002 1476 2021 c
1484 1995 1500 2021 ῠ
1510 2003 1526 2020 L
1536 2003 1554 2021 u
1563 2002 1575 2021 s
1587 2014 1595 2028 ,
1617 1993 1635 2021 i.
1648 2002 1685 2021 m.
1708 1990 1814 2028 [ψηφὶς
1823 2009 1830 2018 ,
1845 1991 1967 2026 vncos]
1989 1989 2069 2027 Lapis
2080 1989 2169 2018 brevis
2180 1997 2257 2018 terrae
2268 1986 2415 2018 admistus:
2436 1986 2470 2017 fic
2489 1984 2526 2017 di-

1412 2032 1473 2060 etus
1484 2031 1560 2066 quod
1570 2030 1626 2060 sine
1635 2030 1759 2059 molestia
1770 2029 1810 2059 sui
1821 2028 1953 2058 brevitate
1966 2028 2095 2058 calcetur.
2120 2027 2193 2064 Virg.
2206 2035 2231 2056 2.
2250 2024 2349 2062 Georg.
2368 2030 2430 2058 180·

1491 2067 1599 2098 Tenuis
1614 2068 1662 2097 ubi
1674 2068 1768 2106 argilla
1779 2089 1787 2101 ‚
1809 2069 1834 2096 &
1845 2067 1967 2096 dumolis
1978 2065 2100 2095 calculus
2112 2066 2192 2094 arvis.
2275 2063 2395 2093 Servius.

1431 2106 1490 2136 Cic.
1506 2116 1530 2136 r.
1544 2106 1579 2135 de
1589 2106 1666 2136 Orat.
1676 2110 1740 2135 261.

1430 2145 1460 2173 in
1470 2154 1500 2173 os
1514 2144 1629 2173 calculis
1640 2166 1648 2179 ‚
1669 2144 1852 2173 summavoce
1863 2142 1954 2172 versus
1965 2141 2070 2171 multos
2081 2151 2139 2171 uno
2151 2140 2249 2178 spiritu
2267 2141 2447 2177 pronuntiare
2463 2148 2525 2168 cori·

1432 2181 1579 2212 suescebat.
1610 2182 1651 2211 De
1663 2181 1858 2211 Demosthene.

1411 2219 1542 2249 Calculus
1552 2242 1560 2256 ,
1579 2219 1701 2257 Lapillus
1712 2220 1742 2248 iri
1757 2227 1873 2256 corpore
1884 2240 1893 2254 ,
1912 2227 1947 2247 ex
1957 2226 2013 2254 quo
2024 2216 2163 2246 maximus
2171 2215 2310 2245 cruciatus
2320 2213 2448 2252 gignitur.
2460 2213 2525 2244 Plin.

1432 2258 1480 2287 lib.
1497 2269 1504 2287 i
1516 2268 1537 2287 1.
1555 2268 1615 2295 cap.
1634 2267 1675 2295 37.
1698 2258 1753 2287 Sed
1762 2257 1907 2286 hominum
1918 2254 2080 2293 quibusdam
2092 2255 2152 2283 diro
2162 2254 2286 2283 cruciatu
2296 2251 2412 2282 subinde
2421 2251 2528 2282 nascen-

1432 2293 1474 2325 tes
1495 2295 1614 2332 caleuli,
1644 2298 1670 2326 δι
1698 2295 1815 2325 setarum
1843 2293 2048 2332 capillamenta.
2088 2292 2131 2322 De
2147 2291 2190 2321 his
2207 2291 2319 2329 plenius
2340 2288 2409 2320 Cels.
2433 2289 2479 2319 lib.
2499 2294 2524 2326 7.
2564 2304 2567 2310 ·

1435 2343 1495 2371 cap.
1508 2338 1552 2363 26.

1413 2371 1506 2409 Asperi
1520 2373 1546 2401 ἃ
1553 2371 1661 2409 Spinoli
1670 2370 1779 2400 calculi.
1801 2370 1880 2400 Idem
1893 2369 1911 2398 l.
1924 2379 1947 2398 c.
1961 2369 2031 2399 Sunt
2040 2367 2116 2398 enim
2126 2366 2239 2405 quidam
2248 2375 2306 2395 non
2315 2364 2404 2404 asperi
2414 2371 2528 2395 tantum-

1432 2410 1518 2438 modo
1528 2431 1536 2444 ,
1556 2410 1603 2439 sed
1617 2409 1716 2447 spinosi
1729 2418 1839 2446 quoque
1851 2407 1950 2437 calculi
1961 2430 1970 2444 ,
1984 2408 2038 2436 διο.

1413 2447 1541 2477 Eximere
1552 2447 1688 2477 Calculos.
1712 2444 1781 2475 Cels.
1797 2446 1823 2475 d.
1837 2445 1856 2475 l.
2402 2468 2403 2473 .

1413 2486 1519 2552 Ειῇίοεὲῑ
1530 2485 1660 2515 calculos.
1686 2485 1760 2514 Suet.
1774 2485 1840 2522 Aug.
1853 2492 1913 2521 cap.
1924 2488 1970 2517 80.
1992 2480 2112 2512 Calculis
2126 2480 2242 2510 demum
2253 2489 2302 2519 per
2310 2479 2418 2510 urinam
2427 2477 2526 2515 ejectis,

1444 2534 1493 2553 eva
1514 2531 1581 2553 atur.

1414 2559 1531 2596 Calculi,
1549 2571 1617 2599 quos
1627 2560 1760 2590 Latrones
1770 2559 1814 2589 seu
1825 2558 1997 2589 latrunculos
2007 2556 2183 2596 appellarunt
2193 2561 2300 2586 veteres
2311 2565 2318 2585 ε
2339 2555 2460 2590 juniores
2469 2554 2527 2584 Sca.

1432 2600 1517 2629 chum
1531 2606 1633 2628 vocant
1643 2621 1650 2634 ‚
1681 2598 1742 2628 sunt
1758 2597 1884 2628 Orbiculi
1898 2619 1906 2633 ‚
1936 2596 2036 2634 quibus
2060 2595 2165 2624 luditur
2184 2595 2215 2624 in
2231 2594 2318 2623 alveo.
2347 2593 2465 2623 Martial.
2479 2592 2525 2622 lib.

1434 2647 1478 2674 ¹4·
1494 2646 1561 2704 1ΗΊεειῑ
1571 2674 1639 2703 mihi
1650 2673 1755 2703 bisseno
1770 2678 1930 2702 numeratur
1943 2668 2039 2701 tessera
2050 2670 2155 2707 punsfto
2166 2691 2176 2706 ,

1531 2712 1659 2741 Calculus
1670 2711 1714 2740 hic
1722 2712 1834 2749 gemino
1845 2710 1962 2739 discolor
1973 2708 2047 2738 hoste
2058 2708 2138 2746 perit.
2179 2706 2213 2736 V.
2232 2705 2303 2737 Gell.
2316 2705 2366 2736 lib.
2380 2712 2422 2742 14.
2434 2714 2493 2743 cap.
2502 2713 2526 2735 xi
2564 2732 2565 2735 ,

1414 2749 1545 2780 Calculus
1557 2751 1635 2779 ducit
1650 2759 1720 2787 opus
1731 2750 1835 2779 nobile.
1857 2744 2001 2778 Petronius
2012 2756 2072 2783 cap.
2088 2750 2132 2779 80·
2233 2760 2236 2763 ·

1493 2788 1604 2818 Nomen
1622 2787 1752 2817 amicitiae
1771 2787 1790 2816 {i
1806 2793 1941 2824 quatenus
1963 2785 2080 2821 expedit
2099 2784 2202 2817 liaeret,

1531 2825 1660 2855 Calculus
1673 2827 1701 2854 in
1713 2824 1807 2854 tabula
1825 2823 1921 2853 nobile
1937 2823 2016 2852 ducit
2034 2831 2114 2859 opus.
2196 2818 2295 2849 Sensus
2314 2818 2352 2848 est
2365 2840 2373 2854 ,
2396 2818 2424 2848 Si
2439 2816 2527 2847 amici-

1432 2865 1500 2894 tiam
1511 2864 1629 2893 utilitate
1641 2864 1733 2900 potius
1744 2862 1844 2897 metiri,
1858 2871 1940 2898 quam
1953 2860 2094 2890 honestate
2104 2857 2242 2891 volumus.
2253 2857 2398 2886 hominum
2428 2855 2526 2885 rofeero

1432 2903 1488 2931 vita
1499 2902 1591 2931 similis
1601 2902 1652 2929 erit
1662 2901 1728 2929 ludo
1739 2900 1926 2930 calculorum:
1948 2908 2012 2927 nam
2022 2899 2050 2926 in
2060 2896 2128 2926 ludo
2145 2895 2245 2925 tabulae
2264 2895 2300 2923 sic
2315 2894 2391 2923 divili
2417 2900 2466 2922 unt
2478 2891 2528 2922 cal>-

1432 2940 1488 2969 culi
1497 2940 1525 2969 iri
1537 2940 1604 2969 duas
1614 2939 1748 2968 factiones
1758 2960 1765 2972 ,
1787 2944 1817 2967 ut
1828 2938 1900 2966 inter
1911 2936 1937 2966 se
1953 2936 2066 2973 quidam
2082 2934 2158 2964 velut
2168 2932 2251 2962 amici
2262 2932 2312 2961 sint
2326 2954 2334 2967 ,
2357 2931 2469 2969 quidam
2481 2930 2528 2960 hoz

1433 2978 1506 3013 stes·,
1528 2978 1604 3007 unde
1615 2976 1735 3006 Martial.
1748 2976 1797 3004 lib.
1815 2985 1856 3010 14.
1869 2985 1914 3004 20.

1506 3016 1656 3045 Gemmeus
1667 3015 1714 3043 iste
1726 3014 1776 3043 tibi
1787 3011 1865 3042 miles
1878 3014 1902 3042 &
1913 3011 1996 3040 hostis
2007 3010 2069 3039 erit.
2164 3008 2308 3045 Quatenus
2316 3013 2408 3036 autem
2415 3005 2480 3035 utile
2490 3004 2526 3034 est

1432 3053 1520 3089 ludo,
1542 3054 1618 3082 istam
1629 3051 1728 3082 calculi
1741 3052 1890 3081 amicitiam
1900 3049 2007 3079 servant
2017 3046 2144 3077 foederati
2160 3047 2230 3075 inter
2240 3045 2275 3074 se.
2315 3045 2400 3081 Igitur
2419 3043 2437 3072 si
2456 3052 2528 3072 emo-

1433 3091 1566 3121 lumentis
1577 3091 1727 3120 amicitiam
1740 3089 1926 3127 ponderamus
1940 3109 1948 3120 .
1970 3093 2101 3124 putemus
2111 3089 2240 3113 exercere
2252 3082 2373 3112 calculos
2384 3082 2412 3111 in
2422 3080 2526 3114 tabula,

1434 3131 1460 3159 &
1471 3139 1518 3158 eos
1529 3128 1625 3157 nobile
1636 3137 1707 3165 opus
1720 3127 1831 3156 tuendae
1849 3125 1977 3154 amicitiae
1992 3124 2103 3153 ducere.
2124 3122 2247 3151 Turneb.
2288 3120 2342 3150 Sed
2355 3120 2432 3149 aliter
2443 3119 2527 3149 Petro·

1434 3168 1512 3197 nium
1525 3176 1666 3204 exponere
1677 3165 1801 3194 laborant
1811 3163 1933 3200 juniores
1948 3163 2120 3198 interpretes.
2146 3169 2170 3196 q.
2188 3158 2219 3188 V.

1414 3205 1501 3235 Alveo
1523 3213 1633 3242 quoque
1655 3205 1681 3232 ἃ
1700 3201 1813 3231 calculis
1825 3200 1930 3231 vacasse
1943 3199 2083 3229 interdum
2100 3198 2210 3226 dicitur.
2242 3194 2332 3225 Valet.
2352 3193 2428 3224 Max.
2446 3192 2491 3222 lib.
2500 3197 2524 3225 Β.

1435 3252 1495 3280 cap.
1511 3248 1535 3276 8.
1553 3252 1578 3271 2.
1593 3242 1628 3270 de
1640 3239 1771 3270 Scaevola.

1416 3277 1541 3315 Calculi,
1562 3280 1646 3308 etiam
1661 3287 1710 3316 pro
1725 3276 1889 3307 Rationibus
1902 3273 2093 3311 accipiuntur:
2115 3272 2191 3310 quod
2209 3271 2310 3309 lapillis
2327 3269 2433 3306 antiqui
2450 3267 2525 3297 ratio-

1434 3327 1499 3346 nem
1510 3317 1661 3346 subducere
1673 3315 1800 3344 solerent.
1841 3314 1887 3343 Sic
1898 3313 1926 3341 in
1941 3311 2066 3341 Zenonis
2077 3310 2291 3343 constitutione,
2312 3308 2330 3337 l.
2348 3308 2436 3337 unica.
2458 3305 2486 3334 C.
2498 3303 2526 3334 ut

1434 3365 1510 3383 omn.
1523 3355 1609 3390 judic.
1633 3353 1835 3390 quumjudlces
1847 3350 1963 3380 multam
1978 3349 2066 3378 librar.
2089 3348 2147 3377 auri
2164 3347 2283 3385 publicis
2302 3345 2414 3375 calculis
2432 3344 2526 3372 inferre

1434 3393 1582 3428 jubentur.
1607 3392 1735 3421 Rationes
1752 3389 1876 3427 publicas
1895 3387 2092 3422 intelligimus,
2113 3387 2140 3415 ἃ
2158 3394 2243 3422 quum
2260 3385 2295 3413 (le
2317 3384 2411 3413 Errore
2430 3377 2524 3411 calculi

1435 3431 1571 3459 tractatur.
1595 3430 1623 3458 A.
1650 3429 1810 3464 Augustinus
1821 3426 1869 3455 lib.
1883 3424 1975 3461 singul.
1988 3425 2022 3453 ad
2034 3423 2231 3453 Alotiestinuni.

1417 3467 1564 3497 Calculum
1576 3467 1708 3496 reducere
1720 3488 1727 3499 .
1749 3465 1787 3494 est
1799 3465 1948 3494 lmmutare
1959 3462 2062 3491 fartum
2073 3483 2081 3495 ,
2103 3461 2181 3493 cuius
2194 3467 2221 3489 te
2240 3459 2392 3497 poeniteat,
2413 3462 2459 3485 aut
2474 3463 2526 3484 ver-

1436 3513 1494 3535 tere
1506 3505 1650 3535 consilium
1666 3505 1704 3533 rei
1722 3513 1778 3532 non
1794 3502 1854 3531 satis
1867 3499 2015 3529 commode
2035 3499 2172 3527 institutae.
2213 3497 2322 3526 Nonius
2342 3497 2408 3524 citat
2423 3494 2526 3523 Cicero-

1436 3544 1538 3572 nemin
1553 3541 1677 3571 Hortens.
1706 3541 1798 3577 ltaque=
1815 3540 1864 3568 tibi
1875 3538 2001 3567 concedo
2011 3559 2018 3570 ,
2041 3536 2116 3574 quod
2130 3536 2158 3564 in
2167 3534 2318 3564 duodecim
2332 3533 2388 3562 seru
2413 3533 2434 3561 is
2446 3531 2524 3564 olim,

1436 3589 1466 3610 ut
1480 3581 1618 3610 calculum
1629 3579 1743 3608 reducas
1758 3600 1766 3613 ,
1788 3577 1842 3606 site
1854 3575 1971 3605 alicuius
1985 3574 2042 3603 dati
2057 3573 2201 3611 poeniteat.
2224 3572 2323 3602 Erasin.
2345 3571 2373 3599 in
2385 3543 2455 3598 Cliil.
2507 3603 2513 3610 ι

1417 3617 1457 3648 Ad
1469 3618 1589 3647 calculos
1601 3627 1699 3646 vocare
1711 3615 1870 3645 amicitiam.
1917 3612 1974 3641 Cic.
1987 3612 2022 3641 de
2034 3611 2141 3641 Amicit.
2156 3616 2198 3646 58.
2232 3610 2292 3639 Hoc
2307 3608 2420 3645 quidem
2436 3605 2471 3636 est
2487 3613 2526 3633 m-

1435 3657 1488 3685 mis
1498 3656 1597 3692 exigue
1611 3657 1636 3684 &
1647 3654 1757 3683 exiliter
1766 3653 1800 3683 ad
1809 3650 1930 3681 calculos
1940 3659 2038 3679 vocare
2047 3648 2197 3678 amicitiam
2206 3668 2214 3683 ‚
2235 3655 2266 3676 ut
2283 3656 2331 3685 par
2351 3646 2381 3675 sit
2399 3644 2465 3674 ratio
2485 3651 2526 3672 ac*

1436 3700 1582 3731 ceptorum
1593 3694 1618 3723 δε
1629 3693 1765 3721 datorum.
1799 3690 1830 3719 V.
1852 3690 1935 3718 etiam
1948 3687 2023 3716 voco
2039 3687 2067 3716 in
2088 3697 2105 3716 v
2115 3696 2132 3715 0
2144 3695 2171 3715 x.

1418 3730 1567 3768 imponere
1577 3730 1724 3759 calculum.
1766 3728 1797 3757 V.
1820 3738 1829 3755 1
1841 3737 1859 3755 Μ
1869 3736 1907 3754 ι>ο
1917 3734 1935 3754 N
1946 3735 1972 3753 o.

1418 3769 1522 3797 Ponere
1541 3767 1688 3797 calculum.
1729 3764 1865 3796 Columel.
1884 3763 1930 3791 lib.
1945 3771 1969 3795 ι.
1986 3771 2046 3799 cap.
2060 3770 2085 3796 3.
2120 3759 2246 3797 Diligens
2265 3758 2458 3790 ratiocinator,
2477 3753 2525 3783 cal-

1437 3805 1502 3834 culo
1514 3806 1602 3843 polito
1615 3827 1623 3840 ‚
1643 3806 1720 3834 videt
1730 3804 1759 3833 id
1769 3810 1855 3841 gemis
1871 3798 2075 3838 agricolationis
2090 3799 2211 3828 maxime
2229 3797 2268 3825 rei
2286 3795 2412 3826 familiari
2427 3792 2526 3823 condu·

1439 3850 1510 3871 cese.

2009 1231 2124 1269 [Posset
2139 1231 2249 1261 Calices
2270 1230 2345 1268 legi,
2365 1228 2467 1261 sublata
2481 1222 2529 1260 die'

1717 1833 1875 1875 [ἔμπιτξον]
1895 1838 1988 1868 Herba
1995 1838 2033 1868 est
2043 1838 2072 1866 in
2082 1837 2226 1867 maritimis
2238 1836 2320 1874 petris
2330 1835 2387 1865 fere
2400 1833 2521 1871 nascens,
2565 1831 2567 1838 ⁴

1762 2105 1839 2142 Quin
1850 2105 1933 2134 etiam
1945 2126 1954 2140 ,
1975 2109 2006 2133 ut
2017 2103 2159 2133 memoriae
2170 2101 2312 2140 proditum
2327 2101 2375 2137 est,
2396 2100 2526 2136 conjectis
2563 2098 2566 2129 Ῑ

1419 3880 1524 3909 Ponere
1535 3878 1673 3908 calculum
1687 3888 1751 3908 cum
1764 3876 1889 3915 imperiO.
1912 3874 1978 3903 Plin.
1994 3875 2022 3902 in
2034 3873 2247 3911 Paneg.cap.20.
2272 3869 2404 3901 Affuescat
2415 3868 2527 3905 Impera·
2566 3867 2567 3902 l

1437 3920 1481 3946 tor
1492 3927 1555 3946 cum
1565 3917 1683 3953 imperio
1695 3915 1833 3945 calculum
1846 3921 1967 3952 ponere:
1989 3911 2023 3940 lic
2037 3920 2118 3940 exeat
2130 3933 2138 3945 ‚
2161 3911 2196 3938 lic
2212 3908 2327 3943 redeat,
2348 3912 2476 3944 tanquam
2491 3913 2527 3931 ra-

1438 3955 1544 3985 tionem
1558 3955 1718 3984 redditurus
1733 3975 1741 3989 ,
1763 3954 1789 3983 &
1800 3953 1874 3981 dicat
1885 3949 1952 3987 quid
1961 3949 2141 3986 absumpserit
2151 3949 2203 3978 &c
2428 3979 2529 4010 Ponet·
