2604 4222
143 110 315 180 750‘
571 127 849 165 cYL

182 221 212 244 ut
221 236 228 248 ,
248 213 308 243 vult
321 212 462 242 Salmasius
473 211 506 241 ad
517 211 590 241 Flor.
604 218 627 246 3.
641 218 666 244 7.
679 218 705 243 4.
727 207 841 249 Urbium
854 209 970 233 matrem
980 200 1145 239 Cydoniam.
1185 199 1288 229 Plutar-

181 253 250 280 chus
261 251 353 284 etiam,
374 250 425 279 Dio
437 248 538 279 Cassius
549 250 573 277 δι
587 246 682 276 Strabo
695 244 839 286 Cydonian
847 240 997 278 appellant.
1141 274 1146 279 ι

181 289 225 318 Est
237 290 261 317 ἀ
274 287 372 324 Cydon
385 308 393 322 ,
415 287 470 315 Viri
484 285 625 324 proprium
637 281 709 319 apud
722 280 790 316 Virg.
801 279 910 321 ¹01AE¹¹·
921 285 984 319 μς.
1022 274 1052 304 V.
1073 275 1207 304 Servium.

183 326 278 354 Fuit&
289 325 387 362 Cydon
398 324 465 354 alter
475 344 483 358 ,
504 320 652 350 Statuarius
663 339 671 352 ‚
693 317 727 345 de
738 326 792 353 quo
804 316 906 344 Plimus
916 314 963 344 lib.
981 322 1023 349 34.
1036 321 1097 349 cap.
1107 317 1133 346 8.

147 362 169 392 C
179 364 198 392 {⁷
207 372 223 390 1>
235 366 251 391 6
262 371 279 390 N
290 371 339 394 ns.
359 371 416 391 um.
437 370 474 389 m.
495 357 610 394 Populi,
630 354 705 392 apud
715 353 815 395 Lucan.
829 361 853 388 7.
865 360 928 386 ²²9-

147 399 169 430 C
181 409 196 428 r
209 409 225 427 o
235 402 252 427 ὂ
263 408 282 427 Ν
291 402 306 428 ἒ
318 409 335 428 υ
345 407 356 427 s
366 420 374 432 ‚
396 408 426 431 a,
446 405 502 424 um.
523 387 707 429 [κυᾶὶὶναῶι]
727 391 787 425 AdJ.
810 390 888 418 Idem
897 397 929 418 ac
940 386 1085 418 Cretenfis.
1108 392 1157 420 ut,
1177 383 1290 414 Arundo

184 435 325 473 Cydonea.
347 434 393 464 Sil.
410 443 449 461 ιο.
463 434 527 461 261.
741 465 746 470 ,

276 473 347 501 Ecce
357 493 365 505 ,
386 469 516 506 Cydonea
528 464 784 496 violatusarundme
793 463 926 501 plantam.

185 510 294 544 Sagittae
305 508 450 544 Cydoneae.
471 506 535 534 Stat.
548 512 573 539 7.
586 502 676 532 Theb.
694 512 719 531 v.
734 509 795 544 {39-
853 537 858 542 ⁵
916 536 921 542 .

148 547 343 577 ΟΥυοΝιυε
356 565 364 579 ,
386 553 417 577 a,
438 552 494 571 um.
517 534 685 577 [Kan&]
707 538 788 567 Aliud
808 537 868 580 AdJ.
890 536 963 573 Virg.
978 545 1019 565 1ο.
1032 534 1089 564 Ecl.
1105 544 1148 570 59.

337 597 374 645 -l-
383 580 451 608 libet
461 579 558 608 Partho
570 584 698 613 torquere
713 576 839 613 Cydonia
854 583 941 603 cornu

271 618 288 647 S
310 617 352 646 icu
366 626 389 646 a.

182 656 256 686 Mala
273 627 399 690 Clydonia
411 674 419 687 ‚
440 652 506 682 alias
530 651 664 681 Cotonea.
685 649 754 679 Plin.
767 659 809 685 ις.
825 658 867 678 11.
883 658 924 685 pr.
954 647 1029 677 conf.
1052 643 1188 675 Columel.
1204 654 1228 680 ς.
1244 652 1287 673 10.

203 691 327 721 Absolute
337 691 419 720 Ovid.
432 699 456 726 3.
469 690 504 718 de
517 690 578 717 Arte
589 690 647 717 Am.
660 696 723 723 705.
1161 719 1167 725 ῃ
1211 720 1217 725 1

145 732 167 760 C
175 740 192 759 Y
202 738 246 757 uo
255 737 274 757 N
284 737 298 756 a
310 737 328 756 u
337 738 357 756 M
368 749 376 762 ,
397 728 414 756 i.
436 736 463 755 n.
485 726 561 755 Potio
570 734 603 754 ex
614 726 705 763 pomis
715 724 850 753 cotoneis.
863 722 971 760 Ulpian.
984 722 1001 751 l.
1013 731 1038 756 9.
1052 718 1287 749 ff.detr1t.v1n.ol.

144 769 166 798 C
175 777 192 797 γ
202 776 218 794 1)
229 775 246 794 o
256 769 341 793 Niriz
350 774 361 793 s
372 785 380 798 ,
401 774 431 793 ae.
454 772 489 792 m.
513 757 658 799 [κνᾶὶινίπις
677 762 770 796 aare]
791 761 891 789 Vinum
905 770 940 789 ex
957 758 1034 788 malis
1045 757 1173 795 cydoniis
1186 756 1232 786 seu
1243 765 1289 785 co-

180 803 269 832 toneis
280 802 398 836 factum,
420 801 456 829 de
469 810 524 837 quo
536 800 690 829 Dioscorid.
700 799 746 828 lib.
763 809 786 833 ς.
800 808 861 835 cap.
873 807 918 827 20.

179 840 323 877 Cydonitae
335 848 402 868 uvae.
424 837 562 866 Columel.
586 837 634 866 lib.
648 846 672 873 3.
696 846 756 874 cap.
769 845 795 865 2.
1132 869 1136 874 -

177 877 338 914 Cydoniten
352 875 475 913 appellat
494 874 594 904 Pallad.
608 884 649 903 11.
667 884 712 903 20.
735 873 835 902 Cibum
847 882 882 902 ex
892 871 1019 910 cydoniis
1029 870 1152 899 decoetis
1167 869 1192 898 ἃ
1206 866 1288 896 melle

197 913 364 943 confestum.
405 916 570 939 Cotoneatum
579 911 662 949 vulgo
674 912 782 941 dicitur.
1141 943 1147 948 .
1280 940 1286 946 ,

142 952 286 982 (ῖγοοΝι
297 960 314 979 A
325 971 334 985 ,
355 959 386 978 ae.
408 950 427 979 f.
448 949 537 978 Insula
547 949 610 978 Aslae
621 955 686 978 ante
695 948 803 978 Lesbon
815 969 823 982 ‚
844 948 873 975 in
884 957 936 984 qua
951 946 1015 975 fons
1035 944 1072 974 est
1096 942 1219 978 calidus,
1241 950 1288 978 qui

178 998 240 1018 vere
252 995 358 1018 tantum
369 986 439 1018 fluit.
460 986 527 1017 Plin.
540 986 589 1017 lib.
599 996 625 1017 2.
635 996 696 1024 cap.
710 995 771 1023 103.
793 985 825 1015 V.
846 986 872 1014 ἃ
884 984 932 1014 lib.
948 993 972 1017 ς,
984 992 1044 1020 cap.
1058 991 1101 1018 31.

574 1098 603 1132 C
697 1098 731 1132 Y
823 1098 856 1132 G

136 1208 306 1246 cycnus,
326 1210 369 1240 vel
381 1212 473 1248 potius
492 1209 664 1245 Crestus,
684 1209 702 1240 i.
720 1220 757 1239 m.
778 1210 793 1246 [
808 1209 926 1245 κώινῶυ]
954 1208 1052 1238 Latine
1074 1206 1144 1237 Olor
1165 1206 1284 1240 dicitur;

171 1249 235 1278 Avis
245 1249 283 1278 est
291 1249 410 1278 candida
419 1269 427 1282 ‚
447 1247 539 1277 ansere
549 1248 652 1283 major,
673 1254 795 1285 argutam
805 1257 903 1277 vocem
913 1247 1018 1276 habens
1030 1269 1037 1277 .
1058 1255 1116 1281 quae
1129 1254 1214 1280 quum
1228 1253 1287 1272 mo-

170 1287 256 1322 ritur,
277 1286 460 1315 suavissimum
478 1292 589 1314 cantum
610 1285 736 1315 emittere
755 1286 866 1314 dicitur.
905 1284 959 1313 Sed
976 1285 1004 1313 id
1026 1283 1122 1313 falsum
1142 1281 1286 1312 arbitratur

170 1323 240 1353 Plin.
259 1334 300 1353 10.
313 1333 357 1359 23·
379 1323 468 1352 Poetis
479 1331 572 1352 tamen
583 1322 687 1360 placuit
698 1323 798 1353 fabula.
820 1321 937 1352 Martial.
950 1322 997 1351 lib.
1012 1331 1054 1357 13.
1067 1330 1112 1357 77.

263 1361 395 1390 Cantator
404 1369 509 1397 cygnus
520 1360 623 1389 funeris
633 1360 689 1394 ipse
699 1360 746 1390 sui.
842 1360 900 1389 Cic.
913 1369 937 1388 1.
947 1359 1028 1389 Tusc.
1041 1368 1084 1394 73.
1108 1357 1201 1393 Itaque
1209 1364 1286 1385 com·

171 1405 324 1432 memorat,
345 1405 375 1428 ut
386 1399 486 1435 cygni,
508 1398 554 1434 qui
568 1407 625 1426 non
635 1398 690 1427 sine
705 1398 783 1428 causa
796 1397 918 1436 Apollini
935 1397 1019 1426 dicati
1040 1395 1118 1428 sunt,
1139 1394 1186 1423 sed
1209 1393 1285 1431 quod

169 1436 204 1466 ab
216 1446 249 1465 eo
264 1436 466 1466 divinationem
477 1435 578 1464 habere
593 1435 738 1465 videantur
750 1458 757 1471 ,
778 1446 831 1473 qua
851 1435 1032 1474 providentes
1054 1433 1120 1471 quid
1147 1433 1177 1461 in
1195 1436 1285 1460 morte

170 1473 238 1502 boni
250 1474 280 1503 Iit
289 1496 298 1509 ‚
319 1483 384 1503 cum
393 1482 476 1502 cantu
485 1474 510 1503 ἃ
521 1472 664 1510 voluptate
672 1474 833 1504 moriantur.

170 1511 256 1541 Rauci
267 1512 358 1548 cygni.
382 1511 453 1548 Virg.
467 1520 508 1539 11.
527 1510 587 1540 AEn.
603 1516 668 1544 ⁴28-

251 1548 325 1578 Dant
333 1549 452 1577 sonitum
462 1548 537 1577 rauci
551 1557 599 1584 per
609 1548 701 1585 stagna
709 1548 836 1585 loquacia
846 1546 936 1586 cygni.

172 1587 284 1624 Cygnus
294 1596 388 1615 amans
398 1586 521 1615 flumina.
544 1585 629 1615 Ovid.
640 1595 666 1615 2.
679 1586 747 1615 Met.
760 1595 821 1622 539.

171 1624 287 1654 Dulcius
297 1633 395 1654 vocem
409 1633 521 1652 movere
530 1624 665 1652 moriente
676 1633 780 1661 cygno.·
796 1623 860 1652 Sen.
874 1621 987 1660 Hippoi.
999 1628 1024 1651 2.

170 1662 301 1700 Cygnus,
322 1671 370 1699 per
379 1661 589 1690 translationem
606 1671 656 1698 pro
667 1661 766 1696 Poeta,
788 1661 863 1698 quod
884 1661 975 1690 olores
996 1660 1025 1688 in
1049 1658 1182 1696 Apollinis
1200 1655 1287 1688 tutela

189 1700 241 1728 sint
252 1721 260 1734 ,
282 1701 308 1729 &
321 1700 355 1728 de
371 1699 445 1728 illius
458 1708 565 1728 canorae
579 1699 637 1729 avis
646 1698 769 1729 modulis
780 1704 870 1736 poetae
886 1698 969 1736 cygni
983 1698 1075 1727 vocari
1089 1696 1230 1725 interdum
1245 1695 1287 1725 so-

188 1737 271 1768 leant.
295 1736 364 1766 Hor.
376 1747 402 1772 4.
417 1736 507 1766 Carm.
521 1745 546 1765 2.
560 1745 606 1771 25.

261 1774 351 1804 Multa
370 1774 508 1804 Dircaeum
525 1773 598 1804 levat
615 1783 680 1804 aura
701 1782 831 1813 cygnum.

188 1811 221 1841 V.
237 1814 262 1842 &
275 1812 344 1850 Virg.
359 1822 386 1848 9.
403 1811 459 1841 Ecl.
473 1821 518 1846 29.

129 1856 180 1887 ΟΥ
190 1853 311 1879 ausus
322 1871 331 1885 ,
351 1859 367 1879 a
379 1871 387 1884 ‚
409 1859 464 1878 um.
485 1849 547 1885 Adj.
569 1849 734 1885 [xdzm&·]
755 1854 803 1884 ut,
825 1847 936 1886 cygnea
945 1854 1018 1882 vox,
1038 1846 1083 1876 vel
1093 1846 1202 1881 eanti03
1224 1846 1287 1875 Pro-

166 1888 293 1918 verbium
304 1908 313 1923 ,
334 1887 410 1924 quod
422 1887 593 1916 convenitin
608 1896 656 1918 eos
671 1887 718 1923 qui
729 1886 856 1924 supremo
874 1885 937 1914 vitae
951 1891 1078 1923 tempore
1096 1885 1217 1913 facunde
1235 1881 1287 1912 dis-

167 1926 276 1960 serunt,
297 1931 346 1954 aut
357 1932 480 1954 extrema
489 1923 598 1954 senec'ta
607 1924 842 1961 suaviloquentius
852 1923 982 1952 scribunt.
1022 1923 1053 1952 Id
1065 1922 1139 1958 quod
1149 1922 1205 1951 fere
1215 1921 1285 1951 solet

167 1964 295 1994 accidere
305 1962 482 2000 scriptoribus
491 1983 500 1997 ,
521 1968 552 1991 ut
563 1963 700 2000 postrema
710 1971 824 1999 quaeque
835 1961 950 1990 minime
961 1960 1012 1989 sint
1023 1959 1132 1994 acerba,
1153 1959 1284 1988 maxime-

168 2011 221 2039 que
231 2000 336 2030 mellita
347 2022 355 2035 ,
376 1999 508 2030 videlicet
519 2009 568 2038 per
584 2007 692 2030 aetatem
704 1998 903 2028 maturescente
915 1998 1084 2035 eloquentia.
1127 1997 1192 2026 Haec
1211 1995 1286 2026 Eras-

167 2049 238 2069 mus.
280 2037 337 2067 Cic.
352 2046 376 2072 3.
391 2037 426 2067 de
436 2037 512 2067 Orat.
525 2041 551 2067 6.
582 2037 631 2068 Illa
643 2045 774 2075 tanquam
789 2045 896 2074 cygnea
917 2035 971 2065 fuit
985 2036 1074 2066 divini
1089 2035 1209 2064 hominis
1228 2038 1284 2064 vox

168 2076 310 2111 scotatio,
329 2085 430 2112 quam,
452 2077 503 2104 διο.

130 2115 343 2182 ΟγρᾱΝῗιυε,
363 2122 395 2149 a,
416 2122 473 2143 um.
494 2112 557 2149 Adj.
577 2118 625 2150 ut,
647 2112 769 2151 Cygneia
786 2112 905 2153 Tempe.
928 2112 1013 2142 Ovid.
1027 2119 1054 2148 7.
1070 2110 1214 2148 Met.371.
1235 2108 1285 2139 ubi

167 2162 195 2182 vi
218 2161 233 2182 e
259 2157 368 2189 ntetpp.

913 1773 932 1802 i.
946 1782 970 1802 e.
994 1772 1107 1802 Poetam
1126 1771 1284 1801 Pindarum.

565 2235 849 2287 ort.

128 2335 255 2366 enm
267 2341 376 2369 Anus,
396 2332 428 2364 V.
447 2341 701 2363 cYLLsaoaus.

131 2374 153 2403 C
162 2384 180 2403 Y
189 2385 205 2402 L
213 2383 228 2401 n
238 2384 247 2401 1
258 2383 277 2401 A
287 2382 307 2401 N
316 2383 325 2401 1
353 2372 466 2401 Montes
475 2393 484 2406 ,
514 2368 661 2407 [κυλζιοινοὲ
680 2369 743 2406 lien]
770 2369 884 2406 Majoris
907 2363 1029 2407 Phrygia:
1047 2368 1133 2399 colles
1148 2368 1211 2399 sunt
1219 2390 1229 2405 ‚
1250 2375 1286 2399 ex

168 2410 268 2449 quibus
277 2410 315 2439 Ca
335 2410 386 2439 ster
395 2409 494 2438 fluvius
506 2408 629 2446 profluit.
652 2408 753 2437 Auctor
765 2407 833 2437 Plin.
844 2407 891 2436 lib.
907 2418 930 2443 5.
942 2417 1002 2443 cap.
1014 2412 1058 2440 ²8-

130 2450 153 2479 C
161 2459 181 2478 Y
190 2460 205 2477 L
213 2458 227 2477 s
237 2457 257 2477 N
266 2458 284 2477 o
294 2469 302 2482 ,
345 2447 393 2477 ilia
404 2446 519 2476 Atlantis
531 2468 540 2482 ,
560 2452 648 2475 mater
658 2445 758 2483 Nyetei
772 2466 780 2481 ,
802 2452 833 2474 ut
849 2444 942 2475 scribit
955 2445 1098 2479 Bocatius,
1120 2444 1166 2474 lib.
1182 2453 1224 2474 10.

130 2488 390 2516 CYL1BAN'ruM
403 2507 412 2519 ‚
433 2484 463 2513 V.
486 2493 747 2513 CART1BULUM.

130 2525 152 2555 C
164 2534 182 2553 r
191 2535 206 2552 L
216 2534 225 2552 1
236 2533 253 2551 c
262 2533 278 2551 a
288 2534 308 2551 A
316 2533 335 2553 Ν
345 2533 354 2550 1
365 2544 373 2556 ,
394 2521 493 2560 Populi
511 2522 624 2559 quidam
642 2530 731 2558 prope
750 2519 915 2550 Heracleam
925 2519 1082 2550 habitantes
1092 2541 1100 2554 ,
1122 2518 1156 2548 ab
1167 2518 1287 2549 Hercule

165 2562 201 2591 fic
211 2561 310 2590 vocati.
352 2559 452 2589 Perott.

125 2601 150 2630 C
159 2609 202 2628 γι
212 2609 220 2626 1
231 2607 251 2627 Ν
260 2608 278 2627 D
288 2607 305 2627 a
314 2607 332 2626 υ
343 2607 355 2627 s
365 2620 372 2627 .
395 2597 413 2626 i.
435 2606 473 2626 m.
495 2593 674 2633 [κύλιιῷθ]
697 2596 735 2625 est
746 2595 854 2632 Corpus
874 2604 889 2624 a
906 2594 1028 2631 subjecta
1041 2595 1094 2624 bafi
1110 2594 1236 2624 circulari
1251 2594 1287 2623 ad

166 2636 301 2674 aequalem
321 2635 347 2665 δι
360 2634 519 2672 parallelam
537 2632 678 2670 aequaliter
696 2634 837 2662 eree‘tum:
860 2632 946 2669 qualis
964 2632 1003 2662 est
1023 2633 1154 2662 columna
1176 2632 1288 2669 lapidea

164 2673 282 2742 botatilis
292 2694 300 2708 ,
329 2680 384 2710 qua
406 2673 446 2702 rei
468 2672 575 2701 rusticae
600 2670 746 2708 scriptores
772 2679 862 2700 aream
891 2671 990 2707 aequari
1017 2670 1125 2706 jubent.
1161 2669 1236 2707 Virga
1259 2679 1283 2699 1.

191 2722 238 2742 eor
259 2734 265 2740 .
286 2720 297 2740 1
322 2716 349 2744 8.
1166 2729 1170 2731 -

240 2719 387 2778 §hericum
400 2746 499 2785 primis
509 2746 617 2783 ingenti
634 2746 767 2782 aequanda
778 2744 919 2783 cylindro.
1003 2744 1075 2774 Cum
1094 2745 1190 2782 primis
1202 2766 1210 2780 ,
1231 2745 1249 2773 i.
1261 2754 1285 2774 e.

164 2787 195 2818 In
207 2786 319 2825 primis:
340 2784 474 2823 Cylindro
484 2806 492 2819 ,
514 2784 532 2813 i.
544 2793 568 2813 e.
591 2783 694 2821 Lapide
704 2783 783 2812 tereti
794 2805 802 2818 ‚
823 2784 851 2811 in
862 2783 979 2812 modum
995 2782 1142 2812 columnae.
1164 2783 1283 2812 Servius.

164 2825 234 2855 Cato
248 2846 255 2859 ,
277 2833 339 2862 cap.
355 2832 416 2859 129.
438 2823 533 2851 Aream
543 2820 592 2851 ubi
600 2821 771 2850 frumentum
783 2826 903 2856 teratur,
929 2820 964 2849 sic
978 2820 1078 2849 facies:
1100 2820 1285 2849 Confodiatur

163 2864 272 2892 minute
283 2868 353 2890 terra
365 2882 373 2896 ,
395 2862 421 2890 &
431 2866 541 2889 amurca
551 2858 843 2896 benessconspergatun
867 2865 898 2887 ut
909 2858 1051 2887 combibat
1082 2857 1220 2887 lurimum.
1236 2857 1284 2886 ubi

162 2901 235 2930 bene
245 2899 418 2930 comminuta
429 2904 500 2927 terra
513 2897 596 2927 fuerit
606 2918 615 2932 ,
636 2897 811 2926 &amurcam
823 2896 1006 2930 combiberit,
1028 2904 1059 2933 cy
1074 2895 1154 2924 indro
1172 2901 1220 2924 aut
1237 2904 1284 2932 pa-

161 2937 253 2968 vicula
265 2942 417 2972 coaequato.
457 2934 664 2965 Avolubilitate
674 2943 778 2963 nomen
795 2934 920 2971 accepit,
942 2933 1031 2970 inquit
1048 2933 1177 2969 Servius3
1199 2939 1283 2959 κυλυ-

161 2974 205 3002 δεῖν
223 2976 299 3005 enim
312 2975 349 3003 est
361 2973 446 3003 volvi.

162 3013 329 3051 Cylindrus,
351 3012 445 3041 Omne
454 3009 531 3048 quod
542 3013 632 3038 rotatu
640 3008 722 3039 facile
739 3007 786 3038 est.
822 3007 879 3038 Cic.
897 3008 932 3038 de
946 3008 1014 3037 Fato
1025 3018 1070 3043 4¹·
1095 3007 1150 3037 Sed
1170 3008 1283 3037 reverti-

179 3051 268 3081 turad
279 3049 449 3088 cylindrum,
470 3049 496 3078 δι
505 3047 539 3076 ad
550 3047 688 3076 turbinem
698 3046 776 3076 suum
787 3068 794 3080 ,
815 3055 875 3083 quae
885 3047 989 3075 moveri
1000 3046 1124 3083 incipere
1133 3067 1140 3079 ,
1163 3046 1211 3074 nisi
1221 3045 1284 3083 pul-

181 3088 207 3118 sa
217 3110 225 3123 ,
248 3097 305 3118 non
319 3087 438 3125 poss'unt.
475 3085 508 3115 Id
516 3090 609 3114 autem
626 3094 710 3121 quum
720 3084 823 3114 accidit
831 3083 927 3122 suapte
936 3090 1042 3119 natura,
1063 3083 1137 3120 quod
1149 3082 1280 3122 superest,

181 3128 207 3156 ἃ
222 3126 379 3165 cylindrum
389 3124 480 3158 volvi,
501 3124 527 3153 &
542 3122 639 3152 versari
650 3121 790 3152 turbinem
803 3126 889 3159 putat.

161 3164 288 3201 Cylindri
306 3185 314 3198 ,
352 3160 451 3200 Lapilli
477 3160 540 3190 sunt
565 3166 666 3190 teretes
689 3161 714 3190 Sc
744 3159 859 3196 oblongi
873 3181 882 3195 ‚
915 3157 997 3188 instar
1023 3159 1083 3195 ejus
1122 3158 1259 3188 columnae
1270 3180 1280 3194 ,

181 3212 235 3238 qua
257 3202 360 3231 utimur
387 3198 528 3237 aequandis
550 3197 628 3227 areis.
665 3197 734 3227 Plin.
755 3197 803 3227 lib.
817 3206 860 3233 37.
885 3207 946 3234 cap.
965 3208 989 3231 ς.
1031 3197 1077 3226 ubi
1093 3196 1128 3225 de
1152 3196 1280 3233 beryllis,

181 3240 245 3270 Indi
257 3240 325 3268 mire
336 3238 458 3276 gaudent
468 3235 645 3273 longitudine
655 3244 761 3265 eorum.
803 3234 835 3265 Et
845 3244 911 3264 mox
922 3234 1030 3267 subdit,
1051 3234 1173 3270 Ideoque
1194 3234 1281 3272 cylin-

182 3278 247 3306 dros
258 3287 293 3306 ex
309 3277 341 3306 iis
351 3276 441 3305 facere
452 3274 559 3303 malunt
570 3283 652 3309 quam
662 3282 784 3309 gemmas
796 3282 802 3302 :
825 3273 956 3310 quoniam
968 3273 1005 3301 est
1018 3271 1122 3301 summa
1139 3281 1282 3300 commen-

182 3315 257 3343 datio
269 3315 296 3343 in
310 3313 495 3351 longitudine.
535 3311 645 3347 Quibus
658 3311 735 3340 Plinii
748 3310 838 3340 verbis
849 3309 1003 3347 intelligere
1015 3309 1053 3338 est
1065 3331 1072 3344 ‚
1095 3309 1243 3346 Cylindros
1254 3310 1280 3338 δι

182 3352 321 3381 Elenchos
333 3352 361 3380 in
375 3350 544 3380 eodifferre:
567 3349 643 3385 quod
660 3348 773 3378 Elenchi
793 3348 843 3377 sint
859 3349 986 3385 fastigatae
1006 3346 1206 3384 longitudinis:
1229 3347 1282 3383 Cy-

181 3390 265 3419 lindri
280 3399 344 3418 vero
358 3387 529 3426 proceritatis
539 3386 706 3423 aequabiliter
715 3386 883 3415 orbiculatae.
925 3385 1010 3421 Quqd
1023 3385 1039 3413 si
1052 3394 1147 3414 verum
1160 3384 1206 3417 est,
1230 3390 1281 3412 no-

180 3428 231 3457 ster
241 3427 404 3493 SipontinSus
417 3424 464 3455 ista
475 3434 533 3454 non
545 3424 607 3454 satis
620 3423 771 3462 percepisse
784 3424 902 3453 videtur.
942 3422 1138 3460 cylindrorum
1151 3422 1281 3452 meminit

180 3467 206 3495 &
232 3474 313 3494 uven.
325 3474 351 3494 2.
387 3470 420 3493 at.
434 3467 479 3492 61.

215 3465 228 3501 J
239 3502 283 3532 Tu
295 3502 369 3532 nube
379 3508 462 3539 atque
471 3506 550 3530 tace:
573 3500 679 3529 donant
692 3508 790 3529 arcana
801 3498 953 3536 cylindros.
1035 3496 1154 3534 Bayfius.

125 3541 328 3570 CYLiNnaA
340 3541 441 3574 citus,
463 3548 497 3574 a,
518 3547 574 3567 um.
598 3538 657 3573 Adj.
680 3533 890 3573 [κυλινδγοειδὶὶσ]
912 3535 997 3572 Quod
1016 3535 1119 3565 factum
1139 3534 1177 3564 est
1194 3534 1230 3564 ad
1248 3533 1279 3563 st-

161 3577 349 3607 militudinem
361 3576 489 3614 cylindri.
529 3575 597 3604 Plin.
611 3574 703 3604 scribit
713 3574 761 3603 lib.
774 3580 816 3608 18-
833 3584 893 3612 cap.
911 3583 953 3604 12.
976 3572 1093 3610 Siliquas
1104 3572 1162 3610 piso
1172 3593 1181 3609 ,
1201 3567 1278 3610 quod

161 3624 246 3652 genus
256 3615 405 3650 leguminis
415 3614 468 3647 est,
488 3613 674 3651 cylindraceas
686 3611 747 3641 effe.

123 3652 147 3682 C
153 3662 173 3680 Υ
182 3663 198 3681 L
208 3663 217 3680 1
226 3662 254 3686 x,
266 3651 365 3688 [κύλιξ]
378 3651 510 3681 Poculum
520 3651 565 3680 Gr.
577 3651 624 3686 qui
636 3650 715 3679 Calix
729 3649 825 3679 Latine
836 3649 940 3679 dicitur
950 3648 1036 3684 ,unde
1050 3648 1146 3675 κύλικες
1163 3646 1250 3674 ὑάλινοι
1261 3656 1276 3676 a

160 3689 262 3719 Graecis
275 3690 405 3719 dicuntur
416 3689 524 3718 Calices
535 3689 623 3717 vitrei.

122 3727 195 3757 cn
205 3729 247 3756 ιλ
257 3736 272 3754 a
283 3737 300 3755 u
311 3737 323 3756 s
333 3749 341 3761 ,
362 3728 378 3756 i.
403 3736 439 3757 m.
462 3725 638 3761 [Kv'map&⁴]
658 3724 777 3754 Pollucis
791 3734 878 3761 equus
891 3723 1005 3762 Virgilio
1018 3732 1043 3760 3.
1063 3722 1162 3760 Georg.
1175 3726 1220 3757 89.

236 3763 314 3794 Talis
327 3764 455 3801 Amyclaei
468 3764 590 3792 domitus
599 3763 718 3792 Pollucis
731 3762 845 3791 habenis

237 3801 371 3838 Cyllarus,
383 3804 407 3830 ὁὶ
419 3810 535 3838 quorum
545 3801 618 3829 Graii
629 3801 781 3829 meminere
795 3806 892 3836 poetae.
948 3798 1028 3835 Atqui
1040 3797 1133 3827 Castor
1141 3806 1275 3834 equorum

156 3839 280 3868 domitor
293 3838 358 3867 fuit:
384 3838 429 3867 sed
441 3839 550 3867 fratrem
563 3848 612 3875 pro
626 3838 708 3867 fratre
725 3837 832 3875 posuit,
855 3836 966 3874 poetica
988 3835 1108 3865 licentia.
1132 3842 1161 3864 ut
1170 3856 1178 3869 ,
1200 3835 1276 3871 Quas

155 3876 197 3906 illi
209 3875 358 3905 Philomela
370 3875 472 3913 dapes;
495 3885 545 3912 pro
557 3877 605 3905 Pro
626 3885 669 3905 ne.
710 3874 797 3909 ltem,
821 3874 959 3903 [revocato
974 3873 1132 3910 asanguine
1151 3872 1274 3909 Teucri;

154 3924 205 3951 pro
217 3913 355 3944 Dardano.
377 3913 494 3943 Servius.
515 3914 588 3944 conf.
625 3912 706 3943 laud.
718 3924 744 3949 4.
759 3911 840 3943 Cons.
854 3912 959 3945 Honor.
971 3920 1033 3948 557.
1055 3912 1082 3941 ἃ
1095 3910 1134 3940 ibi
1146 3909 1238 3940 Barth.

1827 111 1855 143 C
1953 107 1986 141 Y
2083 107 2123 141 M

1336 196 1383 225 Cr
1395 205 1408 222 t
1420 202 1530 223 Lasos
1542 201 1579 220 us
1592 212 1599 225 ,
1621 191 1639 219 i.
1662 200 1698 218 m.
1721 188 1844 219 Stheneli
1870 188 1942 217 filius
1956 210 1964 222 ,
1996 188 2041 224 qui
2060 187 2171 224 vigente
2190 185 2265 215 bello
2283 185 2407 222 Trojano
2426 191 2491 214 cum

1374 232 1476 269 ffigiale
1490 228 1632 259 Diomedis
1644 237 1729 257 uxore
1743 226 1972 256 consuetudinem
1985 224 2091 253 habuit.
2131 223 2279 262 Cylabarus
2288 223 2388 252 dicitur
2397 223 2492 253 Servio

1340 268 1636 337 CinLIrjififfi-‘lzeff‘fi
1670 299 1820 337 [Κυλλήνη]
1849 300 1972 328 Arcadiae
1991 308 2072 328 mons
2092 299 2145 328 est:
2169 298 2243 335 quod
2263 298 2434 327 Mercurium
2452 296 2492 325 ibi

1379 352 1474 373 natum
1488 342 1669 373 arbitrantur,
1691 338 1810 373 insignis.
1850 337 2020 374 Pomponius
2034 336 2082 365 lib.
2095 346 2120 365 2.
2135 345 2157 370 3.
2193 335 2326 372 Cyllene,
2347 343 2427 363 mons
2446 334 2493 363 As-

1378 382 1464 410 cadiae
1478 402 1486 413 ,
1507 379 1553 408 ubi
1566 378 1637 406 Maia
1656 375 1823 404 Mercurium
1837 374 1874 402 est
1888 375 1979 403 enixa.
2000 374 2108 403 Servius
2118 374 2145 402 in
2158 372 2227 402 illud
2242 378 2267 407 8.
2280 372 2341 403 AEn.
2354 381 2416 408 139.

1470 417 1554 445 Vobis
1565 414 1719 444 Mercurius
1733 419 1809 448 pater
1821 411 1858 439 est
1868 433 1875 445 ,
1897 421 1979 448 quem
1994 411 2112 440 candida
2127 411 2202 441 Maia

1470 453 1598 485 Cyllenes
1608 450 1700 487 gelido
1710 456 1878 486 conceptum
1889 450 1991 478 vertice
2004 449 2084 477 fudit.

1378 486 1512 530 Cyllene‘,
1545 489 1631 518 insula
1654 487 1788 519 Arcadiae,
1811 487 1839 513 in
1860 496 1913 522 qua
1944 485 2157 515 laudatissimam
2179 485 2324 515 herbarum
2348 484 2493 519 Homero,

1397 539 1477 566 quam
1488 528 1579 556 vocari
1596 537 1611 555 a
1623 525 1675 554 diis
1686 531 1764 590 putfflt
1774 523 1868 560 moly,
1889 523 1961 552 nasci
1980 523 2099 558 dicunt,
2119 519 2207 552 effodi
2226 528 2319 552 autem
2338 521 2494 552 difficulter.

1392 567 1465 596 -Plin.
1478 566 1525 595 lib.
1543 575 1587 599 2ς.
1601 573 1631 592 ca
1656 574 1698 596 -4-
1766 562 1811 590 inc

1340 604 1364 635 C
1374 615 1392 633 γ
1402 616 1416 632 1.
1425 615 1440 632 ι.
1450 614 1462 632 a
1471 613 1490 632 N
1501 614 1509 631 1
1522 612 1557 631 us
1570 623 1578 634 ,
1599 610 1614 629 a
1624 573 1710 633 ‚pum
1734 599 1794 634 Adj.
1817 597 1958 635 Cyllenius
1972 597 2127 627 Mercurius
2137 596 2228 626 dietus
2240 618 2249 632 ‚
2270 598 2384 627 auctore
2395 595 2494 631 Festo,

1377 642 1453 679 quod
1468 649 1579 669 omnem
1593 647 1648 666 rem
1662 637 1716 665 sine
1725 636 1853 664 manibus
1864 634 1952 664 sermo
1964 635 2102 669 conficiat,
2125 635 2224 671 quibus
2233 635 2356 671 partibus
2367 634 2493 671 corporis

1377 681 1422 715 qui
1436 684 1529 707 carent
1539 677 1614 702 numo}
1626 680 1758 703 vocantur
1770 695 1778 707 ,
1799 673 1919 708 ideoque
1943 673 2107 709 quadratum
2122 672 2200 701 illum
2216 671 2334 709 fingunt.
2374 671 2425 701 Alii
2445 679 2499 700 vo·

1377 716 1438 745 lunt
1452 716 1487 745 lic
1506 713 1674 752 appellatum
1688 733 1694 742 .
1717 711 1792 747 quod
1812 711 1841 739 in
1869 709 1995 747 Cyllenia
2012 710 2056 739 via
2083 710 2113 738 sit
2134 710 2272 739 nutritus:
2303 709 2351 738 alii
2370 709 2445 746 quod
2462 709 2494 741 ia

1374 761 1471 782 monte
1492 751 1610 782 Arcadiae
1638 748 1770 786 Cyllene:
1803 748 1850 777 alii
1873 748 1948 784 quod
1966 757 1981 777 a
2006 747 2122 786 Cyllene
2145 747 2177 776 sit
2201 746 2326 785 nympha
2349 747 2492 777 educatus.

1375 791 1478 820 Lucan.
1494 800 1516 820 1.
1529 793 1563 818 66
1585 810 1592 818 .

1569 798 1579 824 ς
1608 841 1644 846 -
1655 830 1787 860 motuque
1799 823 1873 853 celer
1884 822 2025 860 Cyllenius
2036 822 2129 852 haeret.

1377 866 1450 902 Ignis
1465 863 1624 902 Cyllenius,
1645 863 1663 890 i.
1677 871 1700 890 e.
1722 862 1854 890 Mercurii
1870 861 1951 891 fidus.
1974 860 2047 898 Virg.
2062 871 2085 890 1.
2102 860 2203 898 Georg.
2216 868 2280 898 337.

1376 903 1468 932 Proles
1484 901 1618 939 Cyllenia.
1640 899 1719 929 Idem
1729 910 1753 934 4,
1766 899 1826 929 AEn.
1841 904 1905 933 258.

1339 941 1386 971 Cr
1397 952 1412 969 L
1423 952 1437 969 L
1448 950 1461 968 a
1471 943 1514 968 ΝΞ
1526 948 1580 972 us.
1603 948 1617 967 a
1631 959 1639 971 ,
1661 947 1717 966 um.
1741 937 1822 966 Aliud
1835 937 1894 972 Adj.
1916 943 1963 971 ut,
1986 935 2066 965 Fides
2078 935 2221 973 Cyllenea.
2244 935 2263 965 i.
2274 943 2300 966 e.
2321 934 2403 973 Lyra,
2415 935 2494 972 cujus

1376 980 1470 1008 auctor
1481 978 1565 1006 fertur
1578 975 1752 1009 Mercurius,
1771 974 1839 1003 Hor.
1857 974 1946 1012 Epod.
1959 982 2001 1009 13.
2016 982 2059 1009 13.

1337 1016 1459 1047 CrLLf:
1473 1023 1549 1049 Nrs,
1569 1013 1633 1042 idis.
1654 1012 1673 1041 f.
1696 1012 1847 1047 [tomus]
1868 1012 1886 1041 i.
1908 1021 1932 1040 e.
1955 1011 2139 1041 Mercurialis.
2159 1010 2208 1041 Sil.
2224 1013 2266 1041 16.
2284 1020 2347 1048 ςοο.

1608 1066 1645 1070 ——
1656 1050 1750 1079 credas
1760 1049 1906 1086 Cyllenida
1921 1049 2045 1086 plantam

1464 1089 1595 1120 AEthereo
1611 1088 1690 1117 nexis
1710 1087 1789 1117 cursu
1808 1086 1936 1117 talaribus
1960 1087 2008 1117 ire.

1336 1167 1358 1197 C
1369 1127 1608 1201 gilidofonliiiitrni
1615 1129 1730 1192 7videtur
1741 1163 1818 1192 idem
1832 1162 1980 1201 significare
1992 1161 2067 1199 quod
2084 1160 2211 1196 Mutilus,
2221 1161 2330 1195 debilis,
2345 1162 2457 1197 [xmae]
2466 1163 2494 1192 ἀ

1374 1204 1418 1234 cui
1432 1202 1513 1232 ‘crassa
1527 1202 1587 1232 sunt
1596 1201 1734 1238 genitalia.
1762 1200 1818 1229 Cic.
1832 1201 1860 1229 in
1872 1200 1977 1230 Sallust.
1991 1205 2034 1233 18.
2058 1199 2200 1236 Quicquid
2216 1200 2425 1236 impudicorum
2436 1199 2494 1238 cyl-

1372 1242 1487 1275 lonum,
1508 1239 1720 1278 parricidarum,
1742 1238 1958 1276 sacrilegorum.
1980 1237 2140 1269 debitorum
2152 1237 2226 1274 fuit,
2250 1238 2304 1270 dcc.
2333 1236 2386 1268 Alii
2395 1236 2493 1276 legunt

1373 1279 1521 1317 Cylonum.
1559 1277 1589 1308 V.
1611 1286 1647 1306 cr
1657 1285 1708 1306 Lo.

2091 1086 2110 1116 i.
2126 1095 2143 1116 e
2172 1085 2258 1116 Pedes
2275 1086 2417 1117 Mercurii.
2458 1084 2492 1118 V.

1754 1423 1783 1459 C
1878 1421 1910 1457 Y
2003 1422 2043 1458 M

1337 1539 1444 1571 cam
1458 1560 1466 1574 ‚
1488 1548 1518 1568 ιτ.
1538 1537 1557 1567 f.
1580 1537 1606 1567 δι
1626 1535 1749 1572 CYMA,
1769 1536 1829 1566 atis.
1850 1545 1879 1565 n.
1911 1536 2032 1571 [κῦκφ]
2060 1535 2130 1566 Plin.
2152 1536 2219 1574 quid
2241 1535 2291 1571 fit,
2313 1533 2435 1565 declarat
2450 1535 2495 1566 his

1375 1576 1485 1611 verbis,
1506 1575 1555 1604 lib.
1571 1584 1613 1608 19.
1631 1584 1690 1612 cap.
1709 1581 1735 1608 8.
1757 1574 1873 1604 Braffica
1886 1581 1946 1602 toto
1962 1583 2037 1603 anno
2049 1573 2145 1603 seritur
2157 1596 2165 1610 ,
2187 1574 2318 1611 quoniam
2339 1576 2364 1604 ἃ
2383 1579 2443 1603 toto
2455 1573 2496 1603 se-

1374 1623 1459 1644 catur.
1503 1612 1647 1642 Utiliffime
1659 1619 1752 1642 tamen
1764 1613 1798 1641 ab
1816 1612 1985 1648 aequinoctio
2000 1612 2144 1641 autumni:
2166 1612 2383 1648 transferturque
2404 1620 2491 1649 quum

1374 1653 1498 1688 quinque
1505 1651 1635 1679 foliorum
1646 1651 1692 1679 est.
1734 1650 1833 1687 Cymas
1845 1659 1860 1679 a
1872 1650 1959 1686 prima
1969 1649 2090 1679 sectione
2101 1650 2207 1687 praestat
2217 1650 2346 1687 proximo
2356 1659 2428 1679 vere.
2446 1649 2494 1679 hic

1373 1690 1534 1726 estquidam
1552 1688 1671 1726 ipsorum
1684 1687 1805 1716 caulium
1824 1686 1985 1721 delicatior,
2007 1688 2185 1725 teneriorque
2206 1687 2358 1717 cauliculus
2373 1709 2382 1722 ‚
2403 1687 2495 1724 Apicii

1373 1727 1506 1761 luxuriae,
1528 1727 1615 1764 &per
1627 1735 1691 1754 eum
1705 1725 1791 1755 Druso
1811 1724 1908 1754 Caesari
1921 1725 2072 1760 fastiditus,
2093 1735 2152 1754 non
2172 1724 2229 1754 fine
2250 1725 2428 1762 castigatione
2443 1725 2493 1754 Ti.

1375 1765 1443 1794 berii
1455 1764 1548 1802 patris.
1590 1763 1649 1792 Post
1657 1773 1766 1800 cymam
1775 1773 1810 1792 ex
1820 1763 1919 1792 eadem
1928 1762 2040 1792 brassica
2051 1764 2219 1801 contingunt
2229 1763 2311 1792 aestivi
2320 1785 2328 1798 ,
2349 1768 2494 1793 autumna·

1374 1802 1467 1839 lesque
1490 1800 1639 1835 cauliculi,
1660 1811 1727 1830 mox
1746 1801 1875 1836 hiberni,
1896 1801 2053 1837 iterumque
2071 1810 2158 1838 cymae
2173 1822 2181 1836 ,
2202 1800 2282 1831 nullo
2298 1810 2375 1838 aeque
2391 1809 2494 1838 genere

1374 1841 1516 1870 multifera
1528 1861 1536 1874 ,
1557 1840 1648 1868 donec
1656 1837 1700 1868 sua
1711 1838 1852 1868 fertilitate
1863 1837 2116 1868 consumatur.Cael.
2128 1838 2300 1876 Rhodig.lib.
2316 1846 2356 1875 17.
2373 1848 2433 1876 cap.
2447 1844 2492 1875 ²7·

1374 1878 1479 1916 Cymae,
1487 1877 1587 1914 inquit,
1595 1876 1640 1905 seu
1650 1882 1758 1913 cymata
1767 1882 1933 1914 praeteneros
1943 1876 2063 1906 dicimus
2074 1876 2103 1905 in
2115 1876 2229 1906 braffica
2240 1877 2379 1914 praecipue
2389 1875 2495 1906 colicu.

1373 1916 1433 1950 los,
1454 1915 1522 1945 Vere
1535 1920 1686 1952 appetente
1704 1914 1960 1952 progerminantes,
1981 1914 2058 1943 velut
2073 1916 2188 1948 κυήματα
2207 1914 2292 1953 plane
2311 1914 2362 1944 fint
2374 1936 2383 1949 ,
2410 1914 2440 1943 id
2454 1914 2494 1944 est

1374 1954 1456 1983 fetus.
1495 1953 1588 1990 Cymae
1599 1974 1606 1986 ,
1627 1952 1717 1989 inquit
1728 1951 1854 1981 Ruellius
1867 1973 1875 1985 ,
1895 1951 1958 1980 sunt
1967 1952 2083 1988 quidam
2095 1951 2242 1990 scaporum
2262 1952 2439 1982 delicatiores
2452 1958 2495 1982 te-

1374 1990 1548 2028 nerioresque
1561 1989 1672 2019 coliculi
1684 2012 1692 2025 ,
1714 1999 1783 2026 quos
1802 1999 1818 2019 a
1835 1990 1925 2028 prima
1948 1988 2070 2019 sectione
2086 1990 2221 2027 praestant.
2260 1990 2388 2028 Namque
2405 1999 2493 2028 quum

1375 2038 1491 2058 vernum
1503 2035 1614 2065 tempus
1625 2028 1751 2065 appetit,
1775 2028 1865 2065 primo
1877 2036 1989 2064 quoque
1997 2027 2128 2057 foliorum
2141 2028 2277 2064 pullulatu
2288 2050 2295 2063 ‚
2316 2027 2437 2066 praeclusi
2446 2028 2494 2057 ad-

1374 2067 1430 2096 huc
1442 2067 1542 2095 florum
1553 2065 1710 2102 calycibus,
1730 2065 1865 2101 quosdam
1873 2065 1945 2101 quali
1955 2066 2079 2095 turiones
2098 2066 2158 2094 olus
2170 2066 2371 2101 subministrat,
2392 2066 2421 2094 in
2433 2066 2495 2103 qui-

1375 2104 1427 2134 bus
1439 2105 1514 2133 floris
1525 2104 1647 2141 primum
1659 2125 1666 2137 ,
1689 2112 1755 2132 mox
1768 2102 1882 2132 seminis
1902 2103 1975 2132 fetus
1988 2103 2166 2133 concluditur
2181 2125 2189 2137 ,
2211 2104 2298 2133 Graeci
2318 2103 2399 2138 κύημα
2418 2104 2493 2141 quasi

1374 2149 1486 2180 partum
1498 2142 1611 2176 dicunt,
1633 2141 1716 2170 dueta
1731 2141 1911 2177 translatione
1925 2150 1940 2169 a
1954 2148 2078 2170 ventrem
2088 2141 2240 2171 ferentibus
2251 2141 2361 2171 feminis
2375 2141 2410 2171 ad
2422 2141 2494 2171 bras-

1374 2181 1455 2209 ficam
1466 2201 1474 2214 ,
1496 2189 1555 2216 quae
1567 2179 1682 2207 ineunte
1698 2178 1767 2207 Vere
1778 2186 1890 2216 turgens
1901 2177 1983 2207 succo
1994 2201 2002 2215 ,
2026 2180 2052 2209 ἃ
2061 2188 2125 2208 cum
2136 2178 2287 2217 plurimum
2295 2179 2404 2217 cymosa
2414 2179 2494 2209 sobo-

1374 2218 1402 2247 le
1411 2217 1521 2255 gravida
1532 2238 1540 2251 ‚
1562 2215 1695 2245 coliculos
1708 2217 1836 2245 enitatur.
1878 2215 1938 2245 Nec
1951 2226 1995 2245 me
2012 2216 2082 2253 fugit
2101 2224 2227 2246 recentes
2243 2217 2416 2254 quorundam
2435 2217 2494 2246 ole.

1374 2263 1436 2285 rum
1449 2254 1633 2292 germinatus,
1653 2253 1809 2283 turionesve
1821 2276 1828 2287 ,
1847 2253 1924 2283 velut
1941 2256 2175 2289 armoraciorum,
2196 2255 2313 2293 finapis,
2334 2264 2492 2292 naporum,

1375 2294 1452 2330 rapi,
1474 2292 1574 2329 Cymas
1586 2291 1701 2321 classicis
1715 2291 2024 2329 auetoribusappellari.
2064 2293 2151 2330 Cyma
2161 2302 2289 2329 quoque,
2310 2292 2376 2321 licet
2396 2290 2495 2321 mulie-

1376 2330 1418 2360 bri
1430 2331 1494 2360 sexu
1503 2330 1672 2366 frequentius
1681 2329 1765 2358 soleat
1776 2329 1912 2367 usurpari,
1933 2339 2135 2367 nonnunquam
2150 2339 2252 2366 genere
2265 2337 2365 2360 neutro
2386 2329 2495 2360 Graeco-

1376 2378 1438 2400 rum
1448 2368 1602 2397 imitatione
1612 2367 1727 2404 legitur,
1750 2373 1781 2396 ut
1792 2367 1866 2404 apud
1876 2366 2059 2397 Columellam
2074 2378 2115 2397 10.
2131 2377 2192 2402 129.

1456 2405 1539 2436 Tunc
1547 2415 1656 2441 quoque
1666 2404 1818 2434 conseritur
1829 2426 1837 2439 ,
1858 2411 1919 2433 toto
1931 2415 1991 2441 quae
2002 2405 2121 2442 plurima
2130 2412 2209 2435 terrae

1457 2442 1534 2472 Orbe
1547 2443 1638 2472 virens
1647 2464 1655 2476 ‚
1681 2443 1781 2479 pariter
1791 2442 1867 2480 plebi
1880 2464 1889 2476 ,
1916 2443 2030 2479 regique
2043 2442 2162 2481 superbo
2173 2464 2181 2477 ‚

1455 2480 1613 2517 Frigoribus
1622 2480 1730 2515 caules,
1751 2482 1777 2510 ἅ
1796 2481 1851 2509 veri
1863 2487 1972 2517 cymata
1983 2481 2077 2510 mittit.
2170 2481 2217 2510 Sic
2231 2480 2261 2509 in
2276 2480 2331 2510 fico
2343 2480 2443 2511 Cradas
2454 2481 2496 2511 di-

1376 2525 1494 2553 xerunt,
1517 2519 1580 2548 &in
1593 2518 1653 2547 olea
1665 2517 1805 2547 Thalliam
1818 2518 1939 2547 summos
1952 2528 2092 2548 ramorum
2102 2518 2239 2548 coliculos
2251 2519 2416 2555 teneriores,
2439 2528 2495 2550 nee

1379 2569 1394 2587 a
1407 2556 1479 2586 foliis
1495 2556 1541 2585 sua
1551 2555 1669 2585 mollitie
1684 2565 1854 2594 magnopere
1863 2555 1993 2585 diversos.
2026 2556 2092 2585 Haec
2101 2556 2236 2586 Ruellius.

1342 2596 1364 2626 C
1373 2606 1393 2625 γ
1403 2606 1424 2623 Μ
1434 2605 1450 2623 A
1460 2596 1497 2623 *ri
1509 2605 1541 2622 L1
1550 2603 1562 2622 s
1571 2615 1580 2627 ,
1600 2603 1624 2622 e.
1647 2593 1707 2628 Adj.
1731 2591 1911 2629 [κνμαπηὲς]
1934 2593 2019 2622 Vestis
2031 2594 2169 2631 cymatilis
2182 2594 2284 2623 dicitur
2295 2615 2303 2629 ,
2325 2603 2384 2631 quae
2410 2603 2495 2624 caeru.

1377 2634 1414 2662 lei
1426 2632 1527 2662 coloris
1537 2631 1582 2660 est.
1606 2631 1665 2660 Nec
1677 2641 1721 2660 me
1734 2631 1801 2660 latet
1819 2631 1930 2668 (inquit
1938 2631 2058 2669 Bayfius)
2077 2631 2209 2668 quosdam
2217 2641 2266 2669 per
2276 2631 2437 2670 cymatilem
2448 2641 2494 2661 ve-

1377 2672 1445 2701 stem
1465 2670 1540 2706 apud
1556 2669 1680 2697 Plautum
1709 2668 1863 2706 intelligere
1882 2668 2063 2699 undulatam:
2084 2670 2114 2698 id
2130 2669 2168 2699 est
2185 2670 2288 2697 camelae
2299 2691 2307 2705 ‚
2327 2670 2403 2707 quod
2418 2670 2493 2700 haud

1378 2710 1434 2738 scio
1446 2716 1480 2736 an
1491 2706 1638 2742 ridiculum
1649 2707 1687 2735 sit.
1730 2706 1761 2735 V.
1784 2716 1801 2735 c
1813 2717 1829 2735 u
1839 2717 1859 2735 M
1869 2715 1888 2735 A
1898 2715 1917 2734 T
1926 2717 1935 2735 1
1946 2717 1961 2735 L
1971 2717 1979 2735 1
1988 2716 2010 2736 s.

1379 2744 1523 2784 Cymatilis
1534 2744 1610 2774 color
1621 2766 1629 2779 ,
1650 2743 1812 2773 describitur
1821 2743 1854 2772 ab
1871 2743 1976 2773 Ovidio
1989 2744 2024 2773 de
2034 2745 2096 2773 Arte
2110 2752 2134 2779 3.
2148 2748 2207 2780 177.

1452 2782 1506 2812 Hic
1524 2782 1612 2811 undas
1630 2782 1752 2811 imitatus
1766 2804 1774 2815 ,
1797 2782 1880 2811 habet
1888 2791 2000 2819 quoque
2010 2792 2114 2811 nomen
2130 2781 2164 2811 ab
2181 2781 2272 2812 undis.

1339 2821 1386 2851 Cr
1397 2825 1443 2850 Μό
1453 2831 1464 2850 s
1475 2830 1511 2849 us
1523 2842 1531 2853 ,
1553 2830 1584 2854 a,
1606 2829 1662 2849 um.
1686 2820 1744 2853 Adj.
1768 2816 1961 2855 [κυμκτιέᾶδις]
1986 2819 2123 2849 Columel.
2136 2819 2184 2850 lib.
2200 2827 2319 2856 10.137.

1469 2858 1538 2894 Quae
1553 2857 1614 2887 duri
1626 2856 1866 2895 praebentcymosa
1880 2857 1960 2894 stirpe
1973 2857 2083 2887 Sabelli.

1339 2896 1388 2926 Cr
1397 2907 1416 2925 M
1431 2906 1449 2924 A
1459 2905 1478 2924 T
1489 2907 1497 2923 1
1508 2905 1526 2924 u
1536 2906 1556 2924 M
1565 2917 1572 2929 ,
1594 2896 1612 2924 i.
1634 2905 1662 2923 n.
1685 2895 1844 2930 [κυμάτων]
1865 2894 1976 2924 Undula
1986 2917 1994 2931 ,
2020 2895 2073 2924 sive
2084 2902 2199 2933 parvum
2214 2893 2371 2924 membrum
2381 2900 2494 2926 ornatus

1374 2933 1596 3000 cptgsasadditum
1616 2933 1645 2962 in
1667 2932 1858 2962 architeetura.
1899 2932 2043 2969 Vitruv.3.
2057 2942 2081 2969 3.
2111 2932 2268 2968 projectum
2286 2933 2418 2970 cymatii,
2439 2935 2491 2963 &c-

1374 2981 1388 3000 a
1403 2982 1409 3000 ι
1432 2982 1440 3000 1
1464 2981 1483 3000 :e
1507 2980 1531 3000 e.
1955 2984 1961 2989 ·

1338 3009 1439 3039 Cvna
1451 2981 1541 3044 Afae.
1563 3007 1582 3037 f.
1604 3007 1687 3037 Parva
1701 3007 1837 3037 navicula.
1860 3006 1989 3043 [κύμζη]
2011 3006 2068 3036 Cic.
2081 3015 2106 3042 3.
2124 3006 2182 3036 Off.
2199 3012 2241 3043 58.
2275 3007 2399 3045 Opipare
2411 3017 2426 3037 a
2445 3007 2462 3037 P
2474 3017 2493 3033 '-

1374 3047 1434 3075 thio
1457 3053 1581 3083 paratum
1601 3046 1778 3074 convivium:
1800 3045 1962 3082 cymbarum
1985 3050 2048 3074 ante
2064 3044 2191 3075 hortulos
2204 3044 2376 3081 multitud03
2398 3055 2448 3084 pro
2464 3018 2491 3076 i‘e

1372 3084 1485 3122 quisque
1495 3083 1569 3121 quod
1582 3089 1710 3121 ceperat,
1731 3083 1871 3112 afferebat.
1897 3083 1966 3119 Virg.
1983 3087 2009 3111 6.
2021 3082 2082 3112 AEn.
2094 3091 2159 3119 413.

1566 3137 1603 3141 —
1612 3121 1718 3158 gemuit
1725 3121 1771 3150 sub
1786 3121 1911 3158 pondere
1924 3119 2030 3158 cymba.

1372 3159 1500 3196 Magister
1510 3158 1626 3196 cymbae.
1650 3159 1666 3187 i.
1680 3168 1704 3187 e.
1728 3158 1852 3188 Piscator.
1874 3158 1975 3194 Juven.
1987 3169 2013 3194 4.
2025 3157 2083 3188 San·
2095 3167 2141 3194 45.

1372 3197 1496 3226 Adonea.
1521 3197 1603 3225 Ovid.
1619 3207 1639 3225 1.
1657 3196 1726 3225 Met.
1741 3205 1804 3232 ²93-

1373 3234 1499 3264 Transire
1511 3234 1614 3263 vadum
1623 3234 1730 3271 cymba.
1752 3234 1853 3269 Juven.
1862 3241 1888 3262 2.
1902 3232 1957 3263 Sat.
1970 3242 2000 3268 ις
2009 3242 2031 3262 1.

1374 3272 1475 3308 Mergit
1486 3273 1605 3309 cymbas.
1646 3271 1675 3300 In
1697 3282 1718 3300 M
1729 3281 1742 3300 a
1752 3281 1766 3299 R
1777 3281 1793 3300 c
1803 3281 1828 3300 o.

1336 3310 1535 3343 CYMRI'JLA,
1557 3317 1587 3338 re
1610 3309 1628 3337 f.
1664 3308 1807 3344 [κυμςίον]
1839 3308 1935 3337 dimin.
1975 3306 2042 3336 Plin.
2057 3311 2082 3341 8.
2106 3305 2188 3345 Epist.
2200 3317 2246 3338 20.
2267 3307 2346 3346 Saepe
2365 3307 2488 3337 minores

1373 3347 1523 3383 majoribus
1534 3369 1540 3381 ,
1562 3346 1784 3384 velutcymbulae
1795 3346 1926 3375 onerariis
1938 3366 1946 3379 ‚
1969 3344 2168 3375 adhaerescunt.
2386 3373 2389 3376 .

1336 3384 1357 3415 C
1368 3395 1386 3414 Y
1396 3396 1415 3413 M
1426 3395 1440 3413 a
1450 3388 1466 3414 A
1477 3395 1492 3413 L
1501 3394 1518 3413 u
1528 3395 1547 3412 M
1559 3406 1567 3419 ,
1588 3385 1605 3413 i.
1629 3394 1655 3413 n.
1679 3383 1826 3420 [κύμξοιλον
1840 3384 1854 3418 ]
1875 3383 2088 3412 instrumentum
2100 3383 2233 3413 musicum
2243 3391 2358 3417 aeneum,
2373 3382 2450 3419 quod
2459 3382 2488 3411 in

1372 3422 1454 3452 sacris
1466 3422 1562 3452 Matris
1574 3422 1657 3451 deum
1678 3431 1741 3451 cum
1758 3421 1897 3459 tympanis
1907 3420 2097 3449 adhibebatur.
2138 3420 2196 3450 Cic.
2206 3422 2235 3450 in
2245 3420 2332 3449 Pison.
2342 3428 2386 3448 20.
2410 3419 2490 3456 Quos

1372 3470 1461 3497 neque
1479 3459 1590 3489 hercule
1601 3469 1670 3495 ego,
1692 3467 1782 3495 neque
1801 3458 1978 3495 supercilium
1996 3465 2092 3491 tuum.
2115 3468 2205 3495 neque
2219 3457 2332 3493 collegae
2353 3458 2391 3486 tui
2413 3467 2490 3495 cym-

1372 3498 1433 3527 bala
1443 3507 1475 3527 ac
1490 3497 1592 3527 crotala
1602 3497 1667 3533 fugi.
1691 3497 1719 3525 V.
1743 3495 1825 3525 Gons.
1838 3496 1874 3524 de
1883 3495 1957 3524 Salas
1968 3496 2005 3524 ad
2018 3495 2124 3524 Petron.
2139 3505 2198 3532 cap.
2212 3501 2255 3525 22.
2270 3505 2295 3532 p.
2310 3504 2352 3529 72.
2368 3494 2402 3532 sq.

1372 3535 1536 3572 Cymbalum
1549 3535 1645 3564 mundi
1657 3534 1745 3563 dictus
1756 3534 1808 3562 fuit
1818 3543 1832 3562 a
1843 3533 1958 3563 Tiberio
1971 3532 2074 3562 Caesare
2094 3533 2183 3571 Apion
2202 3533 2414 3562 Grammaticus.
2454 3531 2486 3561 V.

1391 3573 1457 3602 Plin.
1470 3574 1498 3601 in
1509 3572 1612 3611 praefat.
1626 3572 1723 3601 Histor.
1743 3571 1805 3600 Nat.
1828 3572 1853 3600 ἃ
1866 3571 1986 3600 Chiliad.
2002 3570 2110 3599 Erasmi.

1332 3611 1382 3641 Cr
1392 3622 1412 3640 M
1422 3620 1436 3639 a
1447 3621 1465 3640 A
1474 3621 1506 3639 Li
1515 3621 1527 3640 s
1536 3620 1547 3639 s
1556 3620 1573 3639 o
1588 3632 1596 3644 ‚
1617 3608 1813 3645 [νινμςοιλίζω]
1833 3612 1886 3638 are.
1913 3607 2046 3646 Cymbala
2064 3612 2184 3645 quatere.
2227 3605 2330 3636 Caffius
2348 3607 2467 3636 Hemina
2478 3628 2488 3642 ,

1369 3649 1417 3691 lib.
1435 3659 1460 3683 4.
1492 3648 1595 3677 Mulier
1613 3646 1740 3676 cantabat
1759 3646 1833 3675 tibiis
1859 3646 1997 3683 Phrygiis,
2029 3647 2055 3676 ἃ
2072 3645 2154 3675 altera
2174 3644 2388 3681 cymbalissabat.
2429 3644 2489 3674 No-

1372 3695 1434 3715 nius
1448 3695 1473 3715 2.
1488 3690 1519 3714 16
1542 3708 1547 3714 .

1331 3723 1410 3752 Cyn
1421 3733 1463 3752 ΒΑ
1474 3734 1489 3751 L
1500 3734 1508 3751 1
1519 3695 1605 3757 ξτΛ,
1626 3731 1655 3751 ae.
1682 3719 1884 3757 [κυμςαλιςῆκ]
1904 3721 1960 3758 Qui
1972 3720 2060 3760 pulsat
2070 3718 2205 3756 cymbala.
2247 3719 2379 3756 Apuleius
2391 3719 2426 3748 de
2434 3719 2490 3748 deo

1367 3761 1504 3793 Socratis,
1521 3770 1547 3797 p.
1564 3770 1608 3794 49.
1633 3759 1701 3788 Elm.
1725 3758 1763 3787 Al.
1775 3763 1838 3793 ⁶85-
1860 3758 1976 3788 Barbara
1989 3765 2080 3788 autem
2098 3756 2210 3794 strepitu
2228 3756 2447 3794 cymbalistarum
2462 3757 2490 3787 81

1367 3798 1594 3836 tympanistarum
1607 3798 1631 3826 Sc
1643 3796 1845 3826 choraularum.

1333 3836 1382 3865 CY
1393 3848 1411 3864 M
1423 3847 1436 3863 u
1447 3846 1464 3864 A
1476 3847 1491 3864 L
1504 3845 1534 3864 is
1544 3845 1563 3863 'r
1572 3845 1586 3863 a
1596 3845 1603 3862 1
1615 3845 1632 3862 A
1645 3856 1652 3868 ,
1675 3844 1705 3862 fe.
1728 3834 1743 3862 f.
1766 3833 1977 3869 [nun-faac'rpia]
1999 3833 2106 3862 Petron.
2119 3841 2180 3870 cap.
2193 3841 2237 3862 22.
2260 3831 2368 3861 Intrans
2379 3831 2492 3868 cymba-

1370 3873 1452 3902 listria
1467 3895 1474 3907 ,
1496 3876 1522 3903 δι
1533 3881 1704 3908 concrepans
1716 3881 1767 3900 zera
1785 3893 1792 3905 ,
1813 3881 1911 3900 omnes
1923 3870 2060 3899 excitavit.

1332 3911 1354 3941 C
1365 3920 1411 3940 vn
1421 3922 1435 3940 a
1446 3914 1462 3940 A
1472 3922 1486 3940 L
1496 3921 1505 3940 1
1516 3920 1532 3940 c
1544 3920 1560 3939 u
1570 3920 1592 3946 s,
1606 3911 1667 3944 Adj.
1681 3917 1720 3943 ut,
1737 3910 1824 3939 Voces
1834 3909 2010 3946 Cymbalicae‚
2022 3906 2139 3937 Venant.
2151 3905 2290 3937 Fortunat.
2303 3915 2329 3935 2.
2342 3906 2431 3973 Carrg.
2446 3916 2488 3936 10.

2429 3953 2446 3973 r
2456 3954 2488 3974 ,u-
